3934 6414
349 419 449 476 847

1235 416 1301 475 ν.
1342 416 1680 479 GUIBERTI
1716 416 2012 476 ABBATIS
2047 418 2104 476 S.
2149 417 2388 479 MARL‘E
2429 419 2521 479 DE
2565 418 2964 477 NOVIGENTO

3743 419 3846 474 848

348 554 515 611 ritate
543 552 905 625 deprimeret,
938 548 1081 609 alias
1111 558 1302 609 tamen
1356 551 1630 609 omnibus
1674 551 1858 608 modis
1906 565 2042 622 pro-
2079 557 2127 610 A
2156 552 2285 619 scis,
2353 558 2643 622 quantum
2701 551 2773 607 ab
2804 550 2913 606 hac
2943 564 3069 607 mea
3116 549 3481 623 postmodum
3539 550 3847 606 intentione

350 643 612 714 patulum
666 642 926 710 faciebat,
981 642 1135 712 quod
1188 655 1278 697 me
1312 654 1455 710 pene
1496 655 1610 696 non
1640 640 1751 696 alia
1779 654 1957 711 quam
1987 654 2048 696 se

348 731 628 787 charitate
656 730 936 802 diligeret.
970 730 1123 785 Adeo
1161 742 1364 799 nempe
1393 728 1553 799 vigili
1598 728 1739 784 mihi
1765 727 2046 784 sollicitu-

348 820 482 876 dine
529 819 931 889 incumbebat;
990 819 1130 874 adeo
1162 826 1394 888 propter
1448 817 1837 888 quorumdam
1890 816 2044 871 invi-

256 940 261 945 -
348 908 572 965 dentias
600 907 770 963 saluti
812 921 950 963 mea:
980 906 1335 976 providebat,
1369 905 1651 961 obsoletos
1688 905 2041 975 aliquorum,

349 996 451 1069 qui
512 995 653 1051 mihi
707 994 1186 1061 observabantur,
1252 1007 1456 1059 mores,
1508 1000 1730 1064 quanta
1783 1005 2046 1047 caverem

349 1086 690 1141 auctoritate
777 1083 1043 1150 docebat;
1121 1089 1366 1138 matrem
1463 1095 1635 1152 super
1729 1080 2046 1137 cultissimo

348 1186 610 1229 mearum
637 1173 880 1228 vestium
910 1178 1197 1241 apparatu
1229 1171 1507 1240 tantisper
1536 1170 1801 1241 urgebat,
1836 1177 1900 1225 ut
1928 1182 2044 1223 non

349 1261 667 1334 paedagogi,
701 1260 799 1316 sed
843 1259 1118 1331 parentis,
1160 1274 1276 1315 non
1320 1258 1573 1329 corporis
1619 1258 1730 1313 mei
1781 1256 2042 1323 tutelam,

348 1352 445 1407 sed
493 1350 702 1405 animae
731 1362 929 1405 curam
963 1363 1133 1419 agere
1182 1354 1507 1418 putaretur.
1571 1346 1706 1402 Mihi
1738 1360 1873 1401 vero
1913 1344 2045 1401 licet

348 1452 451 1510 pro
499 1444 666 1494 aetate
704 1435 892 1493 hebeti
954 1444 1130 1507 atque
1194 1435 1414 1506 pusiolo
1465 1442 1625 1490 tanta
1678 1446 1855 1504 penes
1910 1447 2045 1493 eum

346 1526 684 1583 vicissitudo
727 1526 942 1581 amoris
988 1524 1317 1591 incesserat,
1355 1523 1493 1579 1icet
1543 1522 1723 1593 gratis
1759 1521 2046 1577 multoties

346 1615 662 1672 cuticulam
723 1627 908 1670 meam
981 1612 1177 1669 multis
1230 1611 1516 1667 vibicibus
1548 1610 1928 1681 proculcaret,
1979 1616 2045 1666 ut

346 1718 463 1760 non
517 1710 695 1770 metu,
747 1701 850 1772 qui
903 1702 962 1756 in
991 1700 1267 1772 aequaevis
1312 1699 1535 1767 assolet,
1568 1698 1666 1754 sed
1707 1697 1895 1754 nescio
1927 1712 2043 1768 quo

348 1791 682 1849 medullitus
736 1789 906 1846 insito
960 1803 1177 1855 amore,
1218 1788 1267 1845 ei
1317 1788 1495 1844 totius
1540 1786 1667 1857 ejus
1723 1784 2044 1856 asperitatis

348 1880 561 1938 oblitus
590 1880 956 1949 obsequerer.
991 1877 1186 1933 Multis
1213 1885 1364 1933 certe
1394 1875 1605 1946 szepius
1634 1873 2045 1945 experimentis

350 1966 499 2023 idem
554 1979 645 2022 me
692 1965 983 2036 magister,
1041 1972 1340 2035 materque
1377 1969 1693 2030 tentarunt,
1726 1976 1860 2018 cum
1889 1961 2044 2018 debi-

351 2061 475 2111 tum
502 2069 593 2110 me
634 2054 741 2110 sibi
783 2053 1092 2124 utrobique
1126 2052 1382 2109 timorem
1415 2065 1583 2121 aeque
1616 2050 1917 2107 redhibere
1959 2049 2046 2105 vi-

350 2144 570 2205 derent,
628 2150 827 2199 utrum
890 2142 1002 2198 sub
1048 2140 1226 2197 unius
1272 2141 1353 2197 rei
1404 2140 1641 2209 imperio
1699 2138 2045 2195 alterutrum

353 2228 620 2298 praeferre
648 2241 1053 2298 praesumerem
1064 2268 1076 2281 .

420 2316 625 2371 Incidit
663 2316 895 2371 tandem
924 2315 1166 2381 occasio,
1219 2314 1278 2370 in
1310 2328 1429 2385 qua
1484 2321 1690 2371 neutro
1714 2327 1914 2369 eorum
1946 2327 2047 2368 su—

352 2416 453 2473 per
488 2403 820 2475 hujusmodi
849 2403 990 2474 quid
1040 2410 1244 2474 agente
1277 2404 1491 2459 factum
1543 2403 1797 2459 constitit
1825 2403 2045 2473 absque

352 2490 473 2547 ulla
496 2491 873 2563 ambiguitate
912 2491 1253 2561 periculum.
1302 2491 1482 2547 Semel
1520 2490 1577 2547 in
1621 2490 1816 2546 schola
1860 2503 2043 2560 vapu-

352 2578 857 2649 laveramgschola
908 2588 1242 2635 autemnon
1287 2580 1400 2635 alia
1451 2586 1576 2635 erat
1621 2593 1799 2649 quam
1859 2578 2044 2649 quod-

352 2667 487 2723 dam
511 2668 718 2725 domus
748 2675 956 2724 nostras
998 2668 1332 2724 triclinium.
1375 2668 1632 2723 Aliorum
1662 2667 1838 2734 enim,
1898 2682 2046 2737 quos

353 2756 667 2827 aliquando
698 2757 911 2813 docens
951 2764 1270 2826 acceperat,
1324 2755 1433 2812 mei
1468 2754 1645 2811 solius
1674 2768 1851 2811 causa
1876 2769 2047 2810 curas

345 2843 673 2902 obmiserat.
708 2845 798 2900 Sic
822 2844 975 2900 enim
1024 2852 1193 2901 aucto
1226 2852 1456 2915 questu,
1496 2851 1552 2899 et
1606 2842 1889 2898 delatione
1938 2842 2045 2898 ho-

346 2932 503 2988 noris
551 2934 805 3003 prudens
842 2934 914 2990 ab
954 2948 1022 2990 eo
1061 2941 1244 2989 mater
1288 2938 1577 3003 exegerat.
1628 2930 1822 2987 Soluto
1868 2930 2047 3002 igitur

344 3022 686 3091 vespertinis
715 3022 1066 3093 quibusdam
1100 3022 1257 3077 boris
1278 3020 1676 3091 qualicunque
1706 3019 1801 3074 illo
1831 3019 2044 3087 studio,

2156 640 2516 706 desciverim,
2566 647 2621 695 et
2675 653 2850 710 quam
2899 638 3337 695 luctuabundus
3379 639 3451 694 ad
3479 638 3672 695 divina
3712 653 3849 709 pro-

2155 727 2439 795 cesserim,
2472 728 2747 799 quodque
2784 735 2947 783 actus
2988 727 3323 784 verberibus
3352 727 3455 783 vix
3489 728 3681 783 adesse
3706 741 3848 783 con—

2155 817 2450 874 senserim.
2487 818 2667 873 Erant
2715 815 2905 887 plane,
2952 815 3210 883 Domine,
3246 830 3360 871 non
3414 815 3706 886 religionis
3734 831 3842 872 cu-

2151 905 2427 977 juspiam,
2488 905 2591 975 qui
2644 919 2717 961 ex
2774 905 2972 976 aliqua
3012 904 3498 961 intellectualitate
3535 904 3848 960 descende-

2155 1001 2303 1061 rent,
2388 993 2486 1049 sed
2555 992 2803 1063 pueriles
2880 992 3137 1064 quidam,
3210 992 3311 1062 qui
3370 999 3506 1048 tunc
3569 992 3851 1061 cogebant

2155 1082 2418 1152 impetus.
2463 1084 2535 1137 At
2566 1088 2869 1151 postquam
2906 1080 3286 1136 adolescentia
3316 1080 3589 1151 ingenitae
3637 1078 3851 1150 nequi-

2158 1172 2247 1226 tias
2291 1170 2414 1241 jam
2466 1169 2653 1238 effeta,
2703 1169 3075 1239 conceptibus
3129 1183 3249 1225 sese
3291 1169 3350 1225 in
3405 1169 3579 1225 totius
3611 1168 3848 1238 pudoris

2155 1257 2367 1313 damna
2395 1257 2703 1327 proripuit,
2732 1264 2899 1313 vetus
2930 1255 3026 1312 illa
3044 1256 3268 1312 devotio
3301 1270 3536 1327 prorsus
3563 1256 3848 1312 extabuit.

2154 1346 2276 1402 Etsi
2331 1347 2403 1402 ad
2458 1346 2679 1412 horam,
2742 1346 2893 1401 Deus
2950 1360 3133 1413 meus,
3200 1346 3350 1401 bona
3425 1345 3710 1414 voluntas,
3735 1346 3851 1399 imo

2153 1434 2468 1491 similitudo
2516 1434 2682 1490 bonae
2739 1433 3057 1489 voluntatis
3110 1433 3234 1488 visa
3291 1440 3375 1489 est
3440 1432 3846 1500 excanduisse,

2154 1522 2533 1593 pessimarum
2615 1521 3030 1592 cogitationum
3103 1521 3388 1579 imbribus
3451 1520 3852 1577 obnubilatam

2120 1670 2123 1673 ,
2154 1625 2291 1667 mox
2322 1610 2576 1682 contigit,
2607 1610 2901 1665 decidisse.

2224 1787 2580 1855 Beneﬁcium
2607 1786 2701 1842 illi
2728 1790 2916 1841 mater
2934 1789 3176 1841 conatur
3202 1784 3475 1841 oblinere.
3500 1814 3569 1827 —
3595 1782 3689 1857 (’3)
3711 1785 3853 1842 Con-

2156 1874 2425 1932 tendebat
2461 1876 2712 1946 denique
2762 1882 2945 1931 mater
2989 1888 3117 1930 mea
3162 1874 3581 1930 ecclestiasticis
3623 1888 3711 1930 me
3750 1875 3850 1929 be-

2154 1964 2371 2021 neficiis
2405 1978 2644 2034 quoquo
2696 1970 2860 2034 pacto
2918 1962 3184 2018 inserere.
3220 1963 3413 2019 Prima
3455 1962 3636 2033 igitur
3664 1962 3851 2018 inser-

2155 2050 2327 2107 tionis
2354 2064 2530 2107 causa
2560 2066 2677 2107 non
2717 2052 2884 2107 modo
2935 2051 3107 2120 mala,
3168 2052 3265 2107 sed
3295 2058 3351 2107 et
3380 2050 3598 2107 nefaria
3633 2051 3854 2107 exstitit

2156 2139 2635 2196 Adolescentulus
2668 2140 2845 2196 frater
2874 2154 3035 2196 meus
3065 2140 3303 2210 quidam
3332 2154 3530 2210 eques,
3563 2146 3617 2195 et
3649 2140 3852 2195 muni-

2157 2242 2285 2298 ceps
2339 2228 2708 2284 Clarimontis
2765 2228 2939 2284 castri
2989 2229 3126 2299 (37),
3188 2228 3302 2284 duo
3358 2236 3491 2284 ante
3520 2229 3645 2299 ejus
3692 2228 3853 2298 quod

2156 2317 2305 2372 inter
2350 2316 2766 2386 Compendium
2825 2324 3001 2387 atque
3051 2316 3414 2373 Bellovacum
3461 2318 3635 2372 situm
3666 2323 3770 2380 est,
3817 2330 3855 2371 a

2155 2405 2385 2461 domino
2444 2405 2624 2475 ipsius
2678 2405 2896 2476 oppidi,
2950 2405 3141 2461 nescio
3181 2413 3377 2461 utrum
3437 2404 3714 2472 donativi,
3748 2419 3852 2460 seu

2155 2493 2391 2549 feodalis
2425 2494 2599 2550 debiti
2643 2494 2849 2565 gratia,
2882 2493 3106 2549 dandas
3151 2493 3516 2563 operiebatur
3557 2493 3847 2563 pecunias.

2155 2581 2414 2651 Cumque
2445 2580 2556 2636 illis
2610 2581 3059 2652 largiendorum,
3122 2588 3186 2637 ut
3216 2582 3443 2651 opinor,
3478 2580 3671 2650 inopia
3702 2594 3851 2650 prae-

2155 2668 2288 2723 bere
2315 2669 2578 2731 deferret.
2613 2670 3002 2740 quorumdam
3060 2677 3367 2740 parentum
3400 2683 3659 2725 meorum
3706 2683 3854 2724 con-

2154 2756 2278 2813 silio
2328 2756 2410 2812 illi
2457 2764 2797 2828 suggestum
2839 2765 2924 2814 est
2963 2765 3027 2815 ut
3075 2760 3431 2814 canonicam.
3477 2771 3653 2828 quam
3704 2771 3855 2826 prae-

2155 2845 2401 2901 bendam
2461 2845 2784 2908 nominant.
2852 2845 3100 2902 ecclesiae
3178 2846 3283 2901 loci
3334 2846 3485 2914 ilius,
3536 2860 3667 2916 quae
3721 2846 3854 2916 ejus

2155 2933 2357 2990 ditioni
2393 2936 2597 2989 contra
2626 2934 2769 2989 scita
2792 2946 3081 2989 canonum
3108 2933 3462 3003 subjacebat,
3486 2933 3623 2989 mihi
3654 2933 3849 2999 daret;

2153 3029 2208 3078 et
2241 3036 2276 3077 a
2304 3021 2479 3077 fratre
2533 3035 2660 3077 meo
2718 3034 2889 3090 penes
2915 3034 3049 3077 eum
3098 3022 3549 3091 repetundarum
3577 3021 3852 3089 [molestia

345 3110 416 3165 ad
459 3116 719 3167 materna
750 3110 953 3182 ggenua
1006 3109 1261 3181 graviter
1297 3109 1470 3165 etiam
1522 3115 1730 3178 praeter
1771 3107 2042 3163 meritum
2082 3129 2123 3184 ρ
2149 3110 2270 3181 jam
2301 3117 2567 3166 cessaret.

345 3211 528 3255 caesus
565 3210 933 3255 accesseram.
983 3196 1122 3265 Quae
1167 3211 1299 3254 cum
1333 3211 1407 3252 an
1444 3211 1510 3253 eo
1541 3195 1902 3265 vapulassem
1928 3194 2039 3264 die,

346 3292 500 3341 Mn
555 3294 621 3343 ut
668 3294 793 3343 erat
848 3286 1032 3354 solita,
1090 3285 1342 3357 rogitare
1389 3285 1666 3355 cmpimet,
1698 3291 1753 3339 et
1798 3298 1924 3354 ego,
1970 3298 2043 3339 ne

346 3376 687 3446 magistrum
713 3373 985 3431 detulisse
1014 3373 1257 3441 viderer,
1305 3373 1518 3429 factum
1575 3372 1809 3428 omnino
1859 3384 2042 3442 nega-

346 3476 490 3531 rem,
550 3464 694 3533 ipsa,
750 3462 954 3519 vellem
1012 3462 1243 3528 nollem,
1295 3462 1506 3531 rejecta
1564 3459 1836 3525 interula,
1862 3473 2039 3530 quam

344 3551 716 3619 subuculam,
765 3550 877 3606 imo
934 3549 1229 3605 camisiam
1262 3557 1488 3616 vocant,
1528 3548 1769 3604 liventes
1799 3547 2042 3604 attendit

343 3638 579 3696 ulnulas
599 3637 870 3694 dorsiculi
898 3652 971 3694 ex
1000 3637 1289 3694 viminum
1322 3637 1567 3693 illisione
1600 3644 1787 3692 cutem
1820 3635 2040 3706 ubique

346 3727 753 3797 prominulam.
781 3725 1044 3797 Cumque
1089 3740 1229 3782 meae
1258 3725 1628 3782 teneritudini
1662 3726 1734 3781 ad
1791 3724 2038 3781 nimium

343 3830 494 3870 saeve
560 3814 777 3871 illatam
839 3813 1550 3881 visceraliter.doluisset,
1603 3813 1938 3871 turbulenta
1983 3822 2037 3869 et

341 3910 615 3970 aestuans,
664 3908 720 3958 et
766 3901 964 3958 oculos
1016 3914 1260 3957 maerore
1309 3899 1578 3957 suffusa:
1631 3921 1660 3949 «
1694 3900 2033 3971 Nunquam,

340 3992 439 4058 ait,
499 3991 767 4061 deinceps
840 3989 1085 4046 clericus
1132 3989 1251 4057 fies,
1297 4003 1403 4045 nec
1458 3996 1523 4045 ut
1582 3988 1799 4045 litteras
1849 3988 2036 4045 discas

342 4079 591 4136 ulterius
648 4092 848 4150 pmnas
891 4078 1092 4135 lues.»
1121 4078 1210 4134 Ad
1252 4077 1376 4134 haec
1429 4091 1534 4149 ego
1558 4091 1683 4134 eam
1742 4091 1874 4133 cum
1915 4092 2035 4149 qua

342 4174 598 4238 poteram
643 4166 1144 4222 animadversione
1191 4164 1499 4235 respiciens
1535 4181 1547 4220 :
1585 4187 1607 4215 ‹
1644 4165 1719 4233 Si,
1772 4166 2031 4237 inquam,

339 4256 577 4325 proinde
608 4256 750 4310 mori
778 4255 1152 4325 contingeret,
1182 4268 1299 4310 non
1330 4254 1596 4311 desistam
1635 4255 1777 4326 quin
1815 4255 2034 4311 litteras

341 4344 582 4412 discam,
612 4352 668 4400 et
699 4343 941 4399 clericus
967 4342 1121 4398 ﬁam.
1160 4365 1188 4392 »
1209 4342 1552 4400 Promiserat
1580 4344 1734 4400 enim
1773 4344 1821 4399 si
1853 4359 2032 4415 eques

2221 3202 2299 3255 De
2317 3199 2577 3254 uxoratis
2592 3198 2969 3270 presbyteris.
3005 3228 3075 3238 —
3114 3196 3205 3267 (η)
3256 3200 3391 3255 Erat
3420 3213 3488 3255 ea
3519 3205 3851 3269 tempestate

2150 3302 2304 3344 nova
2348 3301 2524 3357 super
2594 3286 2857 3342 uxoratis
2910 3285 3258 3356 presbyteris
3317 3284 3639 3356 apostolicae
3698 3288 3853 3343 sedis

2150 3375 2413 3442 invectio,
2446 3374 2605 3431 unde
2632 3381 2688 3431 et
2713 3374 2876 3445 vulgi
2907 3373 3143 3430 clericos
3170 3374 3406 3429 zelantis
3445 3381 3602 3430 tanta
3633 3375 3855 3431 adver-

2148 3478 2248 3520 sus
2300 3477 2395 3520 eos
2448 3462 2636 3519 rabies
2693 3463 2994 3530 aestuabat,
3057 3469 3122 3519 ut
3173 3469 3275 3518 aut
3316 3476 3414 3518 eos
3468 3463 3855 3519 ecclesiastico

2150 3552 2365 3622 privari
2426 3550 2721 3620 beneficio,
2765 3549 2857 3607 vel
2906 3550 3178 3607 abstineri
3249 3550 3583 3620 sacerdotio,
3642 3551 3854 3607 infesto

2146 3639 2352 3708 spiritu
2406 3638 2851 3695 conclamarent.
2914 3637 2999 3694 Ad
3054 3639 3177 3693 haec
3222 3638 3399 3707 patris
3452 3639 3562 3693 mei
3602 3639 3850 3709 quidam

2147 3741 2344 3797 nepos,
2401 3727 2491 3783 vir
2544 3741 2677 3784 suos
2720 3742 2851 3783 cum
2889 3729 3161 3797 potentia,
3196 3734 3320 3783 tum
3347 3726 3656 3796 prudentia
3689 3741 3851 3797 prae-

2144 3815 2423 3883 eminens,
2449 3829 2582 3871 cum
2614 3815 2890 3872 Venerico
2929 3814 3088 3885 operi
3118 3816 3257 3871 adeo
3292 3814 3603 3885 pecualiter
3640 3815 3852 3873 indul-

2143 3912 2320 3974 geret,
2394 3911 2458 3960 ut
2520 3904 2847 3975 cujuspiam
2900 3902 3306 3960 necessitudini
3352 3902 3701 3959 feminarum
3780 3903 3846 3960 in

2142 3991 2302 4047 nullo
2331 3991 2572 4048 deferret
2602 3999 2761 4048 tanta
2792 3992 2850 4047 in
2879 3992 3095 4048 clerum
3129 4004 3303 4060 super
3330 3990 3567 4060 prefato
3615 4004 3843 4048 canone

2143 4078 2536 4137 bacchabatur
2583 4080 2859 4137 instantia
2899 4092 2967 4135 ac
3031 4078 3079 4134 si
3127 4092 3261 4134 eum
3290 4078 3601 4149 singularis
3630 4079 3703 4134 ad
3736 4080 3847 4135 de-

2141 4152 2505 4226 testationem
2543 4167 2747 4225 talium
2802 4167 3058 4237 pulsaret
3090 4167 3384 4237 pudicitia.
3420 4169 3488 4223 Et
3534 4181 3666 4224 cum
3696 4178 3846 4226 esset

2142 4255 2325 4315 laicus
2366 4266 2422 4315 et
2476 4258 2598 4315 suis
2652 4255 2834 4313 arceri
2890 4270 3006 4311 non
3044 4263 3252 4326 posset
3305 4256 3547 4326 legibus,
3615 4265 3844 4327 quanto

2141 4344 2389 4403 laxiores
2418 4347 2667 4413 fuerant,
2726 4351 2887 4400 tanto
2927 4343 3019 4400 his
3072 4343 3423 4400 abutebatur
3453 4343 3677 4400 fmdius.
3728 4346 3843 4402 Ne-

337 4431 543 4488 vellem
580 4432 722 4499 ﬁeri,
756 4445 891 4488 cum
920 4431 992 4487 ad
1022 4431 1078 4487 id
1111 4431 1382 4501 temporis
1427 4432 1803 4502 emersissem,
1843 4447 2028 4503 appa-
2065 4428 2111 4482 D
2140 4449 2256 4506 que
2279 4434 2431 4490 enim
2465 4434 2687 4490 uxoriis
2724 4440 2944 4503 poterat
2989 4433 3268 4488 contineri
3329 4432 3564 4500 retibus,
3619 4433 3843 4505 quippe

336 4525 530 4574 ratum
561 4531 619 4573 se
645 4516 784 4573 mihi
805 4517 1021 4573 militia:
1039 4525 1093 4573 et
1121 4531 1283 4573 arma
1314 4517 1602 4574 daturam.

406 4605 612 4661 Renuit
640 4623 809 4677 eques
827 4605 984 4676 ﬁeri.
1016 4636 1086 4645 —
1113 4605 1252 4669 Quae
1284 4621 1417 4662 cum
1458 4606 1733 4662 universa
1762 4620 1877 4661 non
1910 4606 2031 4662 sine

334 4693 519 4751 multa
548 4695 948 4764 aspernatione
971 4708 1318 4764 respuerem,
1344 4693 1441 4748 illa
1464 4700 1566 4749 tua
1586 4692 1826 4761 famula,
1855 4693 2026 4761 Deus,

336 4783 477 4839 adeo
508 4790 670 4854 grate
699 4797 837 4841 suas
863 4783 1082 4852 accepit
1110 4781 1379 4853 injurias,
1404 4781 1544 4837 adeo
1577 4780 1784 4837 alacris
1810 4795 1883 4837 ex
1924 4795 2029 4836 suo

331 4877 417 4927 est
445 4870 595 4928 facta
627 4879 961 4942 contemptu
989 4878 1053 4927 ut
1087 4870 1212 4926 haec
1240 4870 1439 4926 eadem
1468 4869 1686 4940 quibus
1724 4870 1774 4926 ei
1804 4868 2028 4925 obstite-

330 4972 455 5014 ram
507 4959 784 5029 magistro
836 4973 961 5015 meo
1018 4972 1293 5028 responsa
1323 4958 1613 5014 retexerit.
1657 4958 2029 5013 Laetabantur

329 5045 509 5117 igitur
538 5052 801 5117 uterque,
830 5046 970 5116 quia
1008 5046 1079 5103 ad
1112 5046 1168 5101 id
1216 5047 1371 5116 quod
1398 5046 1619 5117 paterni
1655 5045 1771 5102 voti
1817 5045 2022 5114 fuerat,

329 5132 648 5188 ambienter
675 5134 933 5203 aspirare
968 5133 1213 5203 viderer,
1243 5134 1382 5190 dum
1414 5149 1530 5205 quo
1585 5135 1769 5206 magis
1813 5133 2027 5190 celeret

328 5220 648 5290 [celeriter],
682 5220 901 5277 litteras
949 5222 1120 5291 ipsas,
1174 5224 1445 5292 quamvis
1488 5236 1602 5277 non
1655 5221 1802 5278 bene
1834 5221 2024 5278 incul—

325 5315 619 5375 carentur,
698 5308 1093 5379 amplecterer,
1163 5324 1268 5366 nec
1335 5310 1732 5367 ecclesiasticis
1819 5309 2022 5366 officiis

320 5410 413 5452 me
440 5397 728 5465 tricarem,
754 5396 869 5453 imo
897 5411 1034 5453 cum
1065 5397 1207 5453 hora
1228 5398 1576 5464 sollicitaret,
1613 5410 1829 5466 opusve
1852 5405 2016 5465 esset,

321 5499 695 5557 nequaquam
729 5485 829 5543 tali
863 5486 983 5542 loco
1002 5500 1070 5542 ac
1100 5486 1341 5557 tempori
1396 5486 1639 5555 prandia
1688 5485 1810 5556 ipsa
1867 5500 2019 5556 [πίθ-

324 5573 551 5631 ferrem.
597 5573 744 5631 Tum
793 5574 1031 5646 quidem
1074 5575 1157 5631 sic
1189 5591 1202 5629 :
1237 5578 1310 5633 At
1354 5588 1508 5644 vero,
1542 5576 1695 5632 Deus
1724 5589 1907 5643 meus,
1947 5582 2012 5632 tu

392 5696 505 5770 (37)
535 5697 640 5755 Hic
664 5697 817 5757 deest
846 5696 1091 5770 aliquid.

2141 4523 2243 4594 qui
2274 4518 2605 4593 hujusmodi
2638 4534 2943 4592 nunquam
2989 4535 3193 4591 passus
3219 4528 3304 4577 est
3333 4519 3636 4592 illaqueari
3668 4524 3840 4578 nexi-

2140 4612 2267 4668 bus.
2301 4611 2401 4667 His
2434 4610 2610 4682 igitur
2633 4624 2764 4666 cum
2795 4609 2965 4666 fetido
3022 4609 3235 4678 passim
3292 4622 3396 4680 pro
3427 4609 3641 4665 talibus
3671 4624 3841 4680 spar-

2140 4707 2372 4770 geretur
2396 4699 2589 4764 odore,
2624 4698 2721 4754 sed
2750 4706 2873 4754 tum
2912 4712 3046 4754 eum
3072 4697 3386 4767 saecularis,
3425 4694 3840 4768 qua'prwemi-

2137 4788 2329 4855 nebat,
2376 4786 2673 4856 opulentia
2715 4786 3053 4854 defensaret,
3096 4800 3401 4856 nunquam
3446 4801 3565 4843 suae
3606 4788 3840 4859 objectu

2137 4875 2487 4946 impuritatis
2538 4875 2816 4932 adversus
2864 4888 3093 4932 sacrum
3126 4875 3383 4931 ordinem
3420 4876 3596 4945 ipsius
3636 4878 3839 4946 pervi-

2135 4965 2296 5022 cacia
2332 4962 2603 5020 detonare
2641 4965 2919 5021 cessabat.

2204 5053 2450 5108 Causam
2493 5052 2689 5122 itaque
2730 5060 2956 5121 nactus,
2995 5065 3115 5123 qua
3153 5052 3295 5107 mihi
3333 5052 3635 5124 cujusdam
3667 5051 3837 5108 locu-

2134 5139 2258 5208 losi,
2294 5147 2360 5196 ut
2400 5139 2678 5209 ferebant,
2739 5141 3055 5212 presbyteri
3121 5141 3464 5197 detrimento
3504 5139 3831 5211 proficeret,

2132 5227 2289 5297 apud
2344 5226 2701 5285 Castrensem
2754 5229 3074 5295 dominum,
3134 5242 3306 5298 penes
3351 5243 3522 5298 quem
3565 5227 3705 5284 satis
3735 5242 3834 5284 su-

2132 5329 2350 5386 perque
2387 5323 2629 5386 poterat,
2666 5322 2859 5387 utpote
2890 5317 2992 5387 qui
3021 5317 3073 5372 ei
3121 5323 3416 5386 tantopere
3474 5315 3835 5373 necessarius

2128 5411 2271 5471 erat,
2318 5405 2456 5476 egit,
2488 5412 2553 5461 ut
2598 5406 2802 5461 clerico
2848 5405 3080 5461 absente
3127 5412 3182 5461 et
3231 5405 3458 5475 penitus
3486 5406 3834 5461 inconvento

2130 5506 2221 5549 me
2257 5499 2541 5560 evocaret,
2591 5500 2646 5549 et
2685 5493 3087 5549 investituram
3137 5492 3387 5562 praefatae
3420 5492 3557 5548 mihi
3587 5495 3832 5549 canoni-

2127 5595 2208 5637 cae
2237 5580 2417 5637 daret.
2440 5581 2706 5638 Ecclesia:
2747 5580 2902 5637 enim
2954 5580 3035 5636 illi
3081 5587 3281 5637 contra
3315 5580 3417 5652 jus
3447 5588 3502 5640 et
3547 5579 3634 5639 fas
3678 5582 3832 5641 male
