3934 6472
164 415 286 471 849

1315 419 1407 474 DE
1446 419 1609 475 VITA
1651 419 1788 475 SUA
1819 419 2015 475 LIBRI
2055 419 2256 476 TRES.
2289 447 2355 460 —
2387 420 2522 476 LIB.
2564 420 2610 475 Ι.

3598 423 3704 476 8ὅο

167 549 250 604 ab
276 547 555 618 episcopo
587 547 814 604 indulta
841 549 1072 605 licentia
1099 550 1528 617 abbatiabatur,
1558 559 1613 607 et
1643 566 1888 609 canones
1925 555 1973 607 A
1999 553 2485 623 conversionumq
2498 567 2586 622 ue,
2621 567 2771 623 quas
2798 552 3073 621 vidimus,
3107 553 3417 624 atiingere;
3478 555 3632 611 unde
3656 557 3714 610 et

169 652 299 692 non
333 636 654 692 canonicus
684 651 718 691 a
748 638 1040 698 canonicis
1071 639 1356 709 exigebat.
1397 639 1542 706 Quia
1585 655 1723 711 ergo
1756 649 1896 697 tunc

171 726 466 793 temporis
513 738 631 780 non
677 725 845 780 modo
899 727 1204 798 conjugale
1237 729 1294 782 in
1352 728 1526 784 trium
1574 729 1893 798 primorum

171 811 483 878 ordinum,
518 821 574 868 et
629 813 982 870 canonicatis
1036 816 1293 884 personis
1348 817 1702 872 causabatur
1733 831 1896 872 com-

175 897 507 967 mercium;
557 899 653 954 sed
734 901 906 955 etiam
968 915 1079 956 non
1135 902 1328 957 minus
1378 902 1894 957 ecclesiasticarum

178 985 338 1039 citra
367 986 697 1042 animarum
748 988 1030 1057 regimina
1085 989 1426 1055 ofﬁciorum,
1464 997 1523 1045 ut
1579 998 1713 1045 sunt
1745 1005 1894 1059 pra-

179 1072 413 1137 benda,
447 1083 796 1138 cantoratus,
832 1076 1223 1145 prapositura
1253 1083 1308 1131 et
1335 1085 1540 1131 catera
1588 1075 1642 1130 id
1675 1082 1891 1144 'genus,

178 1159 417 1215 crimini
504 1161 869 1217 ducebantur
940 1163 1255 1230 emptiones
1335 1171 1397 1218 ut
1452 1164 1521 1218 de
1578 1163 1894 1220 honoribus

177 1247 412 1317 sileam,
443 1251 543 1319 qui
577 1250 804 1306 interna
845 1250 1131 1320 jubentur
1168 1251 1406 1307 actitare
1455 1251 1698 1320 negotia,
1755 1253 1894 1322 qui-

177 1351 300 1405 que
329 1338 474 1407 ejus,
507 1339 609 1407 qui
659 1338 1028 1407 prabendam
1078 1340 1368 1405 amiserat,
1410 1338 1599 1394 clerici
1635 1339 1892 1396 faventes

177 1425 470 1492 partibus,
527 1433 582 1480 et
639 1440 1034 1496 aquavorum
1092 1441 1352 1484 meorum
1424 1427 1657 1498 plurimi
1714 1443 1892 1498 super

179 1511 442 1567 Simonia
478 1521 532 1568 et
577 1514 1193 1583 excommunicatione,
1241 1530 1373 1585 qua
1405 1531 1602 1572 recens
1659 1531 1890 1585 percre-

179 1601 443 1666 bruerat,
502 1602 703 1657 crebra
770 1611 1069 1672 caperunt
1112 1610 1328 1659 motare
1387 1605 1670 1660 susurria.
1734 1605 1888 1660 Idem

178 1702 438 1759 namque
467 1704 600 1745 cum
652 1698 799 1746 esset
853 1692 1164 1761 presbyter,
1223 1699 1278 1747 et
1334 1707 1575 1748 uxorem
1632 1693 1884 1758 haberet,

178 1777 282 1846 qui
332 1778 406 1832 ab
461 1792 532 1833 ea
597 1778 772 1834 ofﬁcii
827 1779 918 1834 sui
964 1780 1340 1850 suspensione
1409 1782 1718 1836 absterreri
1770 1795 1884 1836 non

179 1872 427 1934 poterat,
461 1866 647 1922 facere
676 1867 720 1922 si
753 1867 987 1938 quidem
1017 1869 1220 1924 missas
1242 1868 1528 1924 omiserat.

249 1959 402 2009 46:!
457 1955 604 2019 Quia
633 1969 770 2025 ergo
797 1963 920 2024 post
949 1970 1158 2026 corpus
1188 1971 1359 2012 suum
1394 1956 1664 2026 mysteria
1689 1957 1888 2012 divina

177 2051 475 2112 posuerat,
531 2057 599 2099 ea
629 2053 778 2100 recte
809 2044 1016 2114 plexus
1047 2053 1133 2100 est
1185 2059 1370 2114 poena,
1433 2059 1612 2114 quam
1661 2059 1720 2101 se
1749 2059 1886 2101 eva-

176 2131 321 2186 sisse
342 2131 609 2187 sacriﬁcii
642 2133 1143 2188 abrenuntiatione
1177 2141 1500 2202 putaverat.
1534 2135 1737 2203 Itaque
1764 2148 1887 2203 spo-

177 2219 355 2274 liatus
385 2220 685 2284 canonica,
735 2220 876 2290 quia
908 2233 1010 2289 per
1039 2221 1192 2290 quod
1219 2222 1402 2276 arceri
1435 2223 1606 2291 possit
1636 2222 1886 2292 amplius

176 2321 296 2363 non
348 2308 615 2375 habebat,
674 2308 875 2364 missas
909 2309 1163 2378 quolibet
1204 2309 1297 2381 [,f.,
1325 2311 1632 2380 quaslibet]
1659 2312 1779 2382 jam
1810 2311 1885 2366 li-

175 2397 333 2458 bere,
379 2403 605 2451 retenta
659 2397 830 2452 etiam
893 2411 1091 2464 uxore,
1139 2399 1429 2454 cantabat.
1469 2399 1614 2454 Hinc
1675 2400 1883 2455 celebri

175 2496 414 2538 rumore
448 2491 641 2538 satum
682 2492 786 2551 est,
834 2485 988 2554 quod
1021 2486 1170 2541 inter
1223 2485 1424 2541 eadem
1448 2501 1612 2542 sacra
1643 2493 1881 2542 matrem

172 2584 366 2626 meam
400 2585 532 2625 cum
565 2584 672 2626 sua
701 2570 920 2627 familia
952 2573 1188 2641 repetita
1231 2574 1286 2628 in
1316 2574 1437 2628 dies
1482 2573 1879 2630 excommuni-

172 2659 400 2713 catione
448 2659 768 2714 conﬁceret.
811 2663 880 2715 At
927 2668 1110 2715 mater
1158 2661 1490 2716 divinorum
1547 2676 1772 2731 semper
1806 2661 1880 2716 ti-

171 2745 353 2812 mida,
388 2754 442 2801 et
472 2753 837 2814 peccatorum
895 2761 1110 2815 poenas,
1145 2756 1200 2803 et
1245 2749 1485 2817 proinde
1536 2749 1882 2805 oﬂendicula

174 2845 403 2898 verens,
439 2831 517 2887 illi
550 2832 700 2887 male
735 2833 984 2902 prabita
1017 2833 1166 2889 illico
1209 2836 1878 2904 prabendarenuntiat,

168 2929 228 2977 et
261 2922 372 2976 sub
425 2935 524 2990 spe
581 2920 872 2976 obitorum
918 2922 1280 2988 clericorum,
1328 2925 1501 2979 aliam
1549 2926 1688 2981 mihi
1723 2928 1879 2996 apud

168 3010 347 3064 castri
381 3009 678 3065 dominum
710 3009 875 3065 locat.
913 3011 1192 3081 Fugimus
1235 3012 1429 3081 itaque
1462 3027 1624 3068 arma
1674 3015 1878 3082 ferrea,

2003 641 2156 696 hanc
2207 641 2388 710 ipsam
2425 641 2542 713 ([ﬂ,
2575 641 3044 714 ecclesiam].....,
3078 656 3182 698 nec
3229 657 3344 699 non
3399 650 3455 699 et
3477 642 3712 713 'pleros-

2005 744 2119 800 que
2147 729 2290 785 alios
2338 731 2503 786 bona
2553 731 2888 786 mutationis
2949 731 3187 801 contigit
3238 732 3502 801 exempla
3553 747 3709 788 sum-

2005 809 2200 877 psisse.
2253 809 2572 865 Monachile
2633 809 2989 879 propositum
3019 811 3128 866 sub
3162 811 3419 880 antiquis
3449 811 3712 866 ﬂoruisse

2004 897 2360 966 temporibus
2386 897 2634 954 afﬂuens
2659 898 3004 967 scriptorum
3033 900 3232 955 relatio
3258 907 3360 954 est.
3393 899 3537 954 Nam
3569 900 3710 969 quia

2003 999 2176 1054 super
2221 986 2434 1042 exteris
2499 987 2641 1041 mihi
2700 987 3035 1057 regionibus
3087 988 3377 1044 silentium
3436 995 3538 1055 est,
3597 989 3707 1044 sub

2003 1073 2354 1142 quibusdam
2404 1075 2661 1130 Francia
2713 1075 2947 1146 regibus
2987 1076 3164 1146 hujus
3213 1076 3354 1131 scita
3387 1076 3706 1132 institutio-

2002 1163 2111 1229 nis,
2154 1162 2320 1218 varia
2364 1162 2607 1218 diversis
2652 1164 3090 1220 exstruentibus
3130 1163 3270 1231 loca,
3317 1164 3558 1220 coluisse
3598 1181 3702 1220 no-

1999 1256 2272 1318 scuntur;
2306 1251 2362 1305 in
2413 1265 2664 1320 quorum
2714 1251 3011 1321 aliquibus
3053 1260 3171 1308 tam
3230 1252 3319 1321 pie
3386 1253 3707 1309 viventium

1999 1338 2281 1394 conﬂuxit
2322 1340 2654 1406 enormitas,
2690 1347 2755 1396 ut
2802 1339 3083 1396 miremur
3141 1348 3360 1396 tantam
3404 1340 3706 1397 hominum

2000 1426 2386 1497 frequentiam
2435 1427 2726 1496 quomodo
2774 1429 3039 1485 cohibere
3079 1429 3329 1485 valuerit
3371 1429 3513 1486 adeo
3558 1431 3704 1486 loco-

1999 1528 2130 1570 rum
2185 1518 2344 1571 arcta
2391 1515 2693 1584 capacitas.
2757 1517 2913 1572 Inter
2957 1531 3090 1586 qua
3143 1518 3393 1586 profecto
3434 1519 3706 1587 quadam

1998 1599 2227 1667 speciali
2309 1598 2581 1668 pollentia
2652 1599 3006 1656 districtione
3059 1601 3316 1667 fuerunt,
3371 1616 3503 1670 qua
3560 1617 3705 1658 non-

1998 1687 2180 1754 nulla,
2216 1689 2271 1740 in
2303 1686 2520 1756 quibus
2559 1686 2748 1742 fervor
2776 1687 2996 1742 ordinis
3051 1696 3326 1756 tepuerat,
3361 1690 3707 1746 monasteria

1996 1790 2146 1844 sape
2169 1775 2436 1830 nobiliter
2468 1775 2894 1843 innormarnnt,
2940 1783 3003 1833 ut
3033 1776 3141 1832 fuit
3170 1777 3488 1847 aliquando
3520 1779 3706 1834 Luxo-

1997 1863 2158 1920 vium
2187 1863 2474 1932 (Luxeuil)
2540 1863 2632 1933 (ι’)
2667 1862 2726 1919 in
2767 1862 2969 1930 Gallia,
2999 1862 3089 1934 (³³)
3123 1864 3390 1933 quadam
3422 1865 3596 1922 etiam
3646 1867 3705 1924 in

1994 1951 2278 2018 Neustria,
2303 1965 2434 2021 qua
2449 1951 2941 2021 nuncappellatur
2969 1951 3411 2007 Northmannia.
3435 1952 3541 2010 Sed
3563 1956 3704 2024 quia

1988 2040 2162 2110 juxta
2218 2038 2360 2094 illud
2414 2047 2591 2107 poeta
2641 2039 2874 2094 veridici
2927 2039 3168 2107 dictum,
3229 2041 3384 2110 quod
3440 2042 3705 2099 videlicet

1993 2127 2236 2184 summis
2297 2135 2569 2196 negatum
2625 2136 2711 2182 est
2777 2134 2926 2184 stare
2979 2129 3120 2199 diu;
3178 2137 3232 2186 et
3300 2131 3456 2200 quod
3518 2131 3701 2186 multo

1993 2215 2189 2272 verius
2221 2221 2462 2281 constat,
2509 2213 2813 2270 decedente
2842 2215 2991 2271 inter
3036 2216 3290 2272 habenas
3323 2216 3700 2286 iniquitatum

1993 2303 2356 2373 saculo,_(33)
2406 2311 2618 2358 sancta
2671 2303 3120 2359 conversationis
3151 2304 3373 2359 refrixit
3423 2305 3696 2373 charitas,

1992 2399 2046 2448 et
2092 2406 2289 2447 rerum
2341 2391 2656 2460 opulentia,
2719 2393 3006 2460 quasdam
3055 2391 3419 2461 postmodum
3483 2394 3696 2449 sensim

1993 2481 2241 2537 deseruit
2270 2481 2552 2539 ecclesias
2584 2495 2596 2533 :
2628 2488 2682 2535 et
2713 2480 2846 2536 inde
2881 2480 2970 2550 (3‘)
3013 2480 3156 2535 bene
3209 2482 3699 2548 conversantium,

1990 2569 2131 2624 dum
2163 2577 2218 2624 et
2250 2570 2367 2638 ipse
2395 2582 2677 2624 manuum
2711 2567 2870 2624 labor
2896 2567 3136 2636 sorduit,
3169 2567 3320 2624 facta
3347 2577 3432 2624 est
3467 2570 3696 2625 raritas.

2063 2657 2222 2713 Unde
2292 2657 2501 2712 nostris
2565 2657 2914 2712 monasteria
2983 2656 3371 2712 vetustissima
3456 2671 3698 2713 numero

1989 2753 2307 2802 extenuata
2360 2744 2735 2814 temporibus,
2801 2759 2994 2800 rerum
3051 2745 3376 2814 antiquitus
3427 2746 3696 2802 datarum

1988 2834 2343 2890 exuberante
2395 2834 2579 2903 copia,
2612 2833 2699 2903 (³⁵)
2762 2834 2956 2903 parvis
3005 2842 3172 2890 erant
3228 2841 3495 2890 contenta
3555 2849 3697 2890 con-

1988 2923 2278 2991 ventibus,
2311 2923 2372 2977 in
2421 2922 2638 2992 quibus
2693 2923 2960 2991 perpauci
3014 2921 3250 2992 reperiri
3280 2930 3564 2992 poterant,
3594 2923 3697 2993 qui

1990 3011 2205 3079 peccati
2261 3010 2486 3066 fastidio
2563 3010 2844 3066 saculum
2904 3012 3260 3081 respuissent
3307 3013 3404 3068 sed
3457 3012 3530 3066 ab
3583 3011 3695 3067 illis

165 3103 228 3154 et
277 3098 590 3155 incidimus
619 3101 675 3153 in
738 3113 937 3154 arcum
997 3113 1232 3154 areum.
1264 3099 1354 3170 (³ο)
1413 3102 1530 3157 Sub
1579 3103 1879 3172 prastola-
1919 3116 1961 3173 ο
1995 3099 2352 3169 potissimum
2386 3098 2796 3156 detinebantur
2825 3099 3097 3166 ecclesia,
3131 3098 3225 3169 (³⁵)
3259 3099 3362 3168 qui
3394 3100 3450 3154 in
3481 3100 3690 3155 eisdem

168 3189 328 3243 tione
383 3187 538 3242 enim
587 3187 788 3242 aliena
839 3187 1037 3242 mortis
1080 3189 1300 3258 aliquid
1350 3190 1494 3257 dari,
1529 3192 1668 3246 nihil
1717 3192 1875 3248 aliud

167 3284 274 3342 est,
306 3288 483 3345 quam
525 3275 930 3345 quotidianum
984 3275 1328 3332 homicidam
1389 3279 1721 3348 quempiam
1785 3280 1877 3350 ju-

170 3365 309 3420 bere
342 3363 486 3418 ﬁeri.

246 3450 480 3505 Domine
510 3450 680 3516 Deus,
715 3465 897 3520 meus,
935 3453 1013 3508 ita
1045 3459 1184 3508 tunc
1212 3454 1424 3522 spebus
1456 3455 1565 3510 illis
1594 3455 1876 3524 pessimus

170 3540 531 3606 involvebar,
570 3547 626 3596 et
664 3549 896 3598 tuorum
951 3545 1374 3613 exspectatione
1402 3545 1708 3612 donorum,
1743 3561 1874 3615 qua

167 3629 419 3684 necdum
473 3629 724 3698 experiri
781 3629 1112 3694 didiceram,
1169 3632 1506 3687 nullatenus
1554 3633 1871 3688 detinebar.

167 3717 276 3772 Illa
301 3723 400 3771 tua
431 3716 640 3772 mulier
661 3717 919 3772 nondum
951 3720 1481 3788 comprehenderat,
1516 3735 1665 3790 quas
1721 3735 1869 3790 spes,

167 3818 317 3873 quas
348 3803 685 3859 securitates
715 3805 783 3859 de
821 3805 960 3861 meis
1007 3807 1161 3875 apud
1195 3816 1246 3863 te
1273 3807 1624 3864 victualibus
1661 3810 1872 3865 habere

167 3892 468 3958 debuerat,
506 3905 611 3946 nec
641 3906 773 3961 qua
831 3893 1106 3950 beneficia
1135 3909 1168 3950 a
1226 3903 1278 3951 te
1317 3897 1454 3951 mihi
1506 3905 1670 3953 erant
1709 3906 1874 3967 parta

167 3989 536 4051 cognoverat.
617 3982 761 4045 Quia
835 3982 988 4037 enim
1056 3982 1474 4054 aliqhantiSper
1558 3985 1750 4041 adhuc
1812 3987 1871 4042 in

169 4067 386 4123 mundo
419 4083 615 4138 agens,
650 4085 781 4139 qua
813 4070 1015 4127 mundi
1058 4071 1304 4138 fuerant,
1338 4072 1618 4129 sentiebat
1649 4089 1661 4128 :
1693 4074 1873 4129 nimi-

170 4169 302 4211 rum
353 4169 440 4223 ea,
504 4171 636 4226 qua
683 4158 791 4214 sibi
844 4160 967 4229 ipsa
1015 4160 1312 4229 providere
1366 4161 1670 4230 delegerat,
1730 4164 1872 4220 mihi

167 4241 338 4297 etiam
358 4242 463 4312 ipsi
522 4244 838 4311 mundana,
879 4255 945 4302 ut
972 4248 1231 4315 putabat,
1265 4249 1584 4317 quasituro
1639 4264 1872 4320 quare-

171 4331 284 4387 bat.
321 4334 394 4387 At
424 4341 727 4403 postquam
762 4335 970 4390 anima
1007 4335 1254 4405 propria
1277 4336 1680 4393 animadverso
1715 4341 1872 4408 peri-

170 4420 317 4486 culo,
353 4419 687 4476 innumeros
736 4421 924 4477 cordis
950 4421 1196 4493 angulos
1234 4423 1302 4478 ad
1339 4425 1640 4493 praterita
1673 4426 1867 4497 deplo-

169 4509 446 4563 rationem
503 4509 636 4564 vita
718 4511 1023 4580 congessit,
1098 4511 1266 4580 quasi
1325 4512 1580 4570 diceret:
1622 4533 1649 4565 ‹‹
1703 4514 1864 4582 Quod

171 4595 286 4650 nihi
349 4594 482 4650 nolo
528 4596 673 4662 fieri,
724 4595 822 4651 alii
883 4610 997 4651 non
1032 4596 1258 4652 faciam.
1297 4619 1317 4646 ι
1353 4599 1437 4654 Ea
1485 4615 1617 4670 qua
1678 4616 1779 4671 pro
1807 4617 1866 4658 se

170 4688 505 4753 contempsit
555 4697 746 4754 agere,
788 4691 1062 4740 extrema
1111 4686 1390 4742 arbitrata
1432 4697 1516 4743 est
1567 4690 1866 4746 dementia

170 4786 267 4840 pro
332 4771 459 4827 aliis
501 4786 803 4842 exercere;
852 4781 907 4828 et
967 4774 1122 4843 quod
1171 4773 1280 4830 sibi
1327 4775 1546 4831 ambire
1600 4778 1860 4848 desierat,

172 4859 449 4915 nefarium
500 4867 626 4915 rata
671 4867 755 4915 est
811 4861 882 4915 ad
932 4863 1019 4918 sui
1062 4861 1373 4930 perniciem
1423 4863 1586 4918 alteri
1651 4878 1861 4922 concu-

171 4945 331 5015 pisse.
358 4945 519 5013 Quod
560 4947 731 5018 longe
761 4947 924 5004 aliter
957 4963 992 5003 a
1025 4949 1222 5005 multis
1265 4949 1385 5006 ﬁeri
1443 4959 1681 5020 constat,
1719 4967 1864 5023 quos

170 5033 394 5102 quidem
429 5034 779 5090 attendimus
828 5049 936 5091 sua
964 5035 1035 5091 ad
1089 5037 1378 5107 integrum
1424 5038 1664 5094 obtentu
1714 5054 1862 5110 pau-

176 5120 398 5188 pertatis
446 5120 714 5191 abjicere,
779 5121 875 5176 sed
920 5122 1188 5190 aliorum,
1243 5138 1358 5179 non
1402 5126 1570 5182 modo
1621 5141 1862 5184 suorum

172 5208 319 5286 quod
359 5216 415 5264 et
466 5209 656 5277 ipsum
705 5209 922 5265 malum
970 5217 1074 5276 est,
1127 5210 1224 5266 sed
1279 5212 1451 5267 etiam
1507 5221 1860 5286 exterorum,

175 5295 317 5363 quod
347 5295 618 5364 deterius,
649 5295 778 5366 plus
805 5296 978 5352 nimio
999 5298 1434 5366 procurationes
1463 5301 1682 5358 ardere.

800 5385 1032 5442 CAPUT
1069 5386 1221 5444 VIII.

241 5475 308 5526 De
328 5472 404 5529 iis
432 5471 536 5545 qui
563 5473 944 5528 monasticam
971 5474 1152 5530 vitam
1195 5475 1598 5532 instaurarunt
1616 5495 1864 5536 res-arse-

175 5564 376 5617 runlve.
423 5561 631 5616 --Sed
683 5562 816 5618 libet
845 5563 1018 5632 paulo
1076 5563 1270 5631 altius,
1333 5573 1622 5634 quantum
1684 5569 1861 5624 nostri

177 5651 438 5720 temporis
488 5649 776 5705 mentione
835 5650 1174 5718 recurritur,
1247 5658 1431 5708 status
1491 5652 1856 5723 religionum,

1985 3195 2290 3255 parentum
2345 3186 2644 3242 devotione
2701 3186 3007 3241 contraditi
3060 3187 3132 3241 ab
3187 3186 3420 3244 ineunte
3476 3189 3695 3244 nutrie-

1985 3277 2199 3332 bantur
2239 3283 2423 3331 atate.
2478 3273 2586 3341 Qui
2635 3281 2922 3344 quantum
2980 3274 3256 3330 minorem
3305 3288 3481 3344 super
3533 3275 3690 3342 suis,

1985 3380 2116 3435 qua
2159 3364 2322 3419 nulla
2348 3363 2456 3419 sibi
2489 3363 2838 3418 videbantur
2865 3361 3067 3431 egisse,
3116 3361 3546 3429 malis,,metum
3581 3363 3691 3418 ha-

1985 3455 2214 3519 bebant,
2261 3453 2354 3522 (3")
2410 3459 2569 3507 tanto
2621 3451 2774 3506 intra
2827 3451 3225 3506 coenobiorum
3283 3459 3450 3520 septa.
3483 3452 3689 3506 remis—

1983 3540 2129 3595 siore
2194 3539 2384 3594 studio
2441 3538 2799 3594 victitabant.
2855 3537 2961 3602 Qui
3022 3538 3566 3605 administrationes,
3621 3554 3688 3594 ac

1982 3627 2170 3683 ofﬁcia
2201 3626 2466 3682 forastica
2497 3640 2631 3682 cum
2677 3639 2779 3694 pro
2820 3625 3120 3692 abbatum,
3179 3635 3279 3681 aut
3326 3628 3680 3694 necessitate,

1983 3722 2084 3770 aut
2136 3714 2304 3769 libitu
2363 3713 2728 3778 sortirentur,
2794 3720 2990 3781 utpote
3055 3712 3370 3769 voluntatis
3439 3715 3686 3784 propriae

1981 3802 2156 3869 avidi,
2215 3802 2642 3872 exterioresque
2716 3799 2974 3856 licentias
3043 3800 3234 3856 minus
3298 3801 3540 3870 experti,
3593 3800 3682 3872 (³⁸)

1979 3889 2386 3946 ecclesiasticas
2443 3889 2739 3945 occasione
2788 3887 2941 3942 facili
3001 3886 3319 3956 dilapidare
3375 3890 3684 3959 pecunias;

1981 3976 2072 4033 his
2101 3977 2366 4046 expensis
2404 3977 2665 4033 redditur
2701 3990 2804 4032 seu
2859 3975 3112 4046 gratuito
3161 3976 3423 4047 dilargiri
3477 3976 3684 4049 [deesse

1977 4065 2219 4131 videtur,
2256 4062 2687 4136 caperunt.]....
2720 4064 2791 4118 Et
2824 4063 2953 4118 licet
2996 4071 3114 4120 tum
3169 4064 3363 4120 minus
3405 4067 3556 4134 apud
3587 4081 3682 4122 eos

1979 4153 2180 4222 religio
2223 4159 2547 4220 curaretur,
2597 4166 2670 4208 ex
2716 4165 2823 4208 sua
2869 4150 3154 4221 siquidem
3205 4152 3418 4209 ﬁebant
3447 4154 3682 4211 raritate

1981 4242 2086 4312 ipsi
2118 4241 2384 4297 monachi
2414 4241 2725 4297 chariores.

2640 4329 2872 4387 CAPUT
2915 4329 3012 4384 IX.

1907 4414 1953 4469 D
2055 4419 2141 4473 De
2169 4418 2322 4473 mira
2360 4417 2618 4474 Ebrardz'
2644 4418 2875 4474 comitis
2921 4417 3289 4474 Britoliemis
3312 4417 3374 4473 in
3397 4419 3681 4477 Picardia

1970 4505 2347 4562 conversione.
2378 4537 2446 4546 —
2476 4507 2616 4563 Cum
2675 4521 2815 4578 ergo
2846 4507 2926 4562 sic
2954 4521 3012 4563 se
3041 4515 3297 4578 agerent,
3329 4515 3384 4564 et
3429 4508 3678 4579 alicujus

1973 4595 2046 4650 ad
2102 4609 2199 4651 eos
2240 4595 2406 4666 pretii
2462 4595 2562 4651 vix
2617 4593 2775 4651 ullus
2817 4595 3133 4662 accederet,
3190 4595 3428 4666 quidam
3485 4611 3674 4653 comes

1972 4683 2190 4739 castelli
2246 4683 2600 4740 Britoliensis
2654 4682 2856 4755 [vulgo,
2917 4682 3212 4754 Breteuilj,
3255 4685 3411 4754 quod
3443 4683 3502 4740 in
3530 4686 3676 4741 Am-

1972 4771 2300 4839 bianorum,
2360 4771 2912 4841 Bellovacorumque
2965 4771 3214 4826 conﬁnio
3266 4771 3541 4840 consistit,
3601 4774 3674 4829 ad

1971 4861 2307 4916 excitandas
2355 4860 2739 4930 plurimorum
2797 4866 3016 4916 mentes
3046 4859 3293 4915 emersit.
3328 4859 3383 4914 Is
3413 4861 3470 4915 in
3509 4869 3675 4917 atate

1971 4947 2191 5018 positus
2226 4948 2551 5015 ﬂorulenta,
2603 4963 2737 5005 cum
2783 4947 3122 5019 gratissima
3159 4956 3303 5004 esset
3347 4948 3668 5020 elegantia,

1971 5037 2287 5107 prasertim
2343 5052 2476 5093 cum
2529 5037 2698 5093 sicuti
2750 5036 3042 5093 nobilitate
3095 5051 3281 5107 genus
3327 5038 3472 5108 ejus,
3507 5038 3587 5093 ita
3616 5047 3672 5095 et

1970 5125 2220 5182 mirabili
2269 5126 2588 5196 specierum
2665 5125 3076 5196 conspicuitate
3138 5125 3372 5196 polleret
3421 5127 3668 5184 aliorum

1971 5229 2205 5286 quoque
2277 5215 2730 5284 nunicipiorum,
2801 5215 3140 5271 divitiarum
3191 5218 3362 5272 etiam
3409 5217 3670 5273 omnium

1971 5303 2231 5360 claritate
2283 5310 2539 5373 pateret:
2602 5318 2763 5360 mens
2809 5303 3042 5359 tandem
3093 5304 3342 5360 hominis
3391 5305 3449 5361 in
3488 5307 3671 5362 multo

1969 5391 2256 5462 superbia
2286 5392 2438 5448 fastu
2475 5392 2785 5448 constituta
2833 5393 3092 5462 resipuit,
3125 5400 3180 5448 et
3211 5393 3284 5449 ad
3312 5393 3456 5464 ejus.
3491 5409 3668 5465 quam

1970 5481 2322 5537 saculariter
2351 5481 2554 5536 sectari
2599 5489 2865 5551 caperat,
2900 5482 3173 5538 vitiorum
3213 5483 3502 5539 miseriam
3549 5499 3670 5540 sese

1971 5569 2409 5639 contemplando
2443 5569 2689 5625 retorsit.
2724 5571 2945 5626 Anima
2987 5570 3168 5642 igitur
3212 5585 3332 5627 sua
3371 5572 3668 5628 miserabi-

1970 5657 2127 5713 litate
2161 5665 2471 5727 perspecta,
2511 5665 2566 5714 et
2596 5658 2736 5728 quia
2766 5658 2847 5714 nil
2890 5658 3048 5716 aliud
3096 5674 3272 5730 quam
3302 5666 3451 5715 464
3501 5661 3668 5716 dam-
