3934 6426
287 360 391 418 851

1216 363 1277 420 ν.
1315 365 1648 424 GUIBERTI
1681 365 1974 425 ABBATIS
2009 366 2067 425 8.
2104 366 2344 426 ΗΔΒΙΔΞ
2378 366 2470 426 DE
2503 368 2896 429 NOVIGENTO

3691 371 3807 431 852

282 516 425 559 nare
459 510 516 560 et
555 502 847 570 damnari,
889 502 1102 560 fmdare
1136 509 1194 559 et
1237 501 1435 560 fmdari
1479 503 1539 559 in
1596 503 1807 561 saeculo
1832 503 1980 559 face-
2018 503 2419 576 Aarrogantis
2486 506 2757 564 vocabuli
2824 507 3261 565 subtrahamus.
3312 529 3335 558 ι
3395 508 3496 565 His
3574 510 3799 577 edictis,

280 598 386 658 ret,
416 605 590 661 quem
619 591 853 648 vivendi
876 590 1112 647 modum
1126 590 1423 661 arriperet,
1449 591 1551 648 diu
1580 606 1714 647 cum
1746 593 1983 663 quibus-

278 680 436 745 dam,
511 692 660 750 quos
737 679 881 735 tanti
963 679 1225 734 desiderii
1310 679 1586 747 conscios,
1640 688 1696 735 et
1746 680 1982 735 comites

280 766 493 822 habere
542 765 850 834 delegerat,
903 766 1238 822 multimode
1278 767 1448 835 plura
1483 766 1797 823 discutiens
1853 780 1981 837 per-

276 851 580 908 tractabat.
615 848 709 923 ('9)
760 851 1083 907 Vocabatur
1114 859 1309 907 autem
1340 852 1478 922 ipso,
1540 854 1857 921 Ebrardus,
1890 855 1982 910 vir

276 938 427 995 inter
457 939 737 1009 primores
756 938 1012 994 Francia!
1046 939 1434 1011 undecunque
1464 939 1741 998 famosus.

346 1026 600 1082 Tandem
651 1040 919 1097 expresso
978 1026 1036 1081 in
1092 1026 1440 1083 evidentiam
1501 1030 1691 1099 operis
1742 1030 1981 1087 diutinae

275 1113 634 1184 cogitationis
663 1114 895 1180 intuitu,
930 1115 1160 1170 nemine
1212 1129 1684 1173 remansurorum
1730 1118 1977 1186 conscio,

274 1214 407 1256 cum
439 1200 568 1267 illis,
602 1215 749 1271 quos
778 1201 837 1256 in
866 1202 1193 1258 sodalitium
1231 1204 1573 1272 arripiendae
1629 1205 1807 1277 hujus
1842 1206 1981 1263 reli-

276 1288 463 1359 gionis
491 1288 598 1344 sibi
644 1288 999 1344 clandestina
1042 1290 1441 1347 sollicitatione
1500 1294 1876 1362 consciverat,
1919 1295 1979 1350 in

275 1376 464 1432 nescio
492 1389 641 1446 quas
667 1384 895 1432 exteras
935 1376 1116 1447 fugax
1158 1378 1399 1434 excessit
1434 1380 1778 1449 provincias,
1832 1396 1980 1453 quas

274 1464 365 1520 sui
395 1478 632 1534 prorsus
661 1464 911 1521 nominis
951 1466 1184 1535 ignaras
1212 1480 1347 1523 cum
1393 1467 1636 1525 libenter
1684 1469 1975 1540 incoleret,

273 1559 329 1608 et
367 1552 717 1608 carbonibus
745 1553 1021 1609 faciendis
1064 1554 1134 1609 ad
1164 1568 1329 1624 opem
1374 1564 1715 1627 sumptuum
1745 1573 1977 1629 operam

274 1640 457 1707 daret,
487 1648 542 1696 et
582 1640 690 1696 hac
730 1641 978 1712 illacque
1024 1656 1154 1698 cum
1201 1642 1322 1698 suis
1355 1658 1455 1713 per
1493 1659 1633 1701 rura
1659 1654 1714 1702 et
1768 1648 1981 1717 oppida

274 1741 489 1784 venum
539 1727 730 1796 ferret,
776 1736 899 1785 tum
933 1730 1183 1799 primum
1232 1738 1395 1788 ratus
1446 1740 1531 1788 est
1572 1748 1634 1789 se
1679 1749 1980 1805 supremas

273 1814 529 1885 attigisse
579 1815 830 1878 divitias,
893 1825 947 1873 et
1030 1826 1153 1873 erat
1232 1819 1597 1876 considerare
1661 1836 1860 1879 omnes
1906 1824 1979 1881 ab

275 1904 432 1960 intus
476 1903 607 1960 tiliae
658 1906 809 1975 regis
840 1904 1072 1976 glorias.
1106 1906 1252 1973 Quid
1277 1909 1306 1963 ?
1333 1909 1680 1980 Exemplum
1724 1912 1880 1968 unde
1923 1920 1980 1969 et

274 1991 393 2061 ipse
429 1993 743 2062 sumpserit
773 1994 865 2049 hic
890 2000 1166 2050 attexam.

342 2081 435 2149 (ιο)
486 2080 907 2150 Teudebaldus,
968 2096 1142 2153 quem
1190 2092 1455 2140 sanctum
1500 2084 1668 2143 hodie
1723 2087 1979 2146 universi

274 2168 673 2238 agnominant,
708 2177 771 2225 ut
796 2170 992 2226 multae
1015 2172 1136 2241 jam
1168 2172 1434 2229 Ecclesiae
1455 2174 1566 2231 sub
1593 2176 1721 2245 ejus
1749 2177 1981 2233 nomine

275 2255 647 2312 consistentes
704 2257 889 2326 ipsum
948 2259 1159 2327 passim
1214 2259 1548 2331 insigniaut,
1598 2262 1832 2332 juvenis
1883 2278 1977 2335 ge-

274 2357 411 2399 nere
439 2344 650 2400 nobilis
694 2345 916 2401 exstitit
955 2353 1088 2402 ante
1117 2347 1173 2402 id
1219 2355 1447 2417 tempus
1480 2363 1493 2402 :
1527 2350 1627 2418 qui
1682 2350 1830 2407 inter
1858 2353 1981 2422 ipsa

274 2430 605 2488 rudimenta
644 2432 860 2489 militiae
891 2433 1068 2488 ‘arma
1112 2434 1451 2503 despiciens,
1502 2438 1743 2507 nudipes
1772 2453 1806 2494 a
1857 2442 1980 2497 suis

275 2518 548 2585 elabitur,
598 2533 778 2590 supra
828 2521 979 2577 dicto
1035 2522 1275 2578 artificio
1308 2523 1615 2593 addicitur,
1670 2539 1771 2595 per
1823 2528 1977 2598 quod

275 2606 619 2676 aliquandiu
648 2608 759 2664 sub
792 2608 1018 2664 insolita
1056 2610 1387 2666 necessitate
1440 2612 1559 2667 vita
1614 2614 1974 2686 transigitur.

277 2695 413 2759 Hoc,
448 2696 709 2766 inquam,
735 2695 1027 2753 animatus
1055 2699 1318 2768 exemplo
1368 2700 1687 2770 Ebrardus,
1737 2718 1809 2759 ex
1860 2712 1979 2761 tam

278 2783 483 2839 humili
506 2783 751 2853 opificio,
789 2793 851 2841 ut
883 2786 1283 2855 praemisimus,
1328 2788 1593 2844 victitare
1626 2790 1975 2850 decreverat.

349 2873 652 2942 Spectrum
696 2873 1018 2944 alloquitur
1063 2878 1343 2947 terretque
1388 2876 1738 2933 Ebrardum.
1786 2882 1981 2937 Mutat

272 2958 630 3030 propositum
648 2961 932 3033 solitaque
959 2962 1250 3018 exercitia.
1286 2965 1620 3020 Μοηαδίίσεε
1654 2965 1978 3039 disciplinae

2091 602 2444 651 commutato
2499 594 2755 661 consilio,
2809 595 2895 664 (ιί)
2943 594 3130 665 Majus
3174 596 3588 653 Monasterium
3619 598 3801 664 (Mar-

2090 679 2382 747 monstier,
2417 680 2602 749 juxta
2647 681 2925 748 Turones)
2980 681 3248 750 petivere,
3283 682 3480 752 ibique
3528 692 3799 754 suscepto

2089 772 2302 821 sach
2325 767 2778 823 conversationis
2826 767 3034 824 habitu
3080 768 3407 838 perenniter
3448 770 3793 827 deserviere.

2160 854 2327 909 Hunc
2358 855 2543 923 ipsum
2583 856 2917 911 audivimus
2964 863 3174 922 tantas,
3223 856 3364 912 dum
3392 858 3602 914 saeculo
3633 859 3797 915 vive-

2089 947 2195 1006 ret,
2247 941 2555 999 cultiorum
2614 944 2856 999 vestium
2919 942 3188 999 habuisse
3262 958 3452 1012 curas,
3513 953 3576 1002 ut
3617 945 3800 1002 nullis

2088 1027 2393 1085 ditioribus
2452 1029 2639 1100 impar
2668 1038 2856 1086 esset:
2908 1030 3049 1087 adeo
3096 1037 3290 1087 autem
3340 1031 3798 1103 indignabundaa

2089 1115 2465 1184 babitudinis,
2502 1124 2566 1173 ut
2609 1117 2775 1174 facile
2825 1117 3101 1187 cuipiam,
3154 1117 3242 1174 vel
3277 1119 3448 1175 verbo
3505 1122 3795 1191 aggressi-

2088 1204 2218 1260 bilis
2249 1218 2619 1275 nequaquam
2653 1206 2832 1262 videri
2857 1215 3059 1276 posset.
3089 1209 3266 1272 Quem
3300 1208 3656 1278 postmodum
3678 1208 3796 1265 sub

2089 1292 2394 1346 monachia
2425 1293 2694 1362 positum,
2732 1302 2894 1350 tanta
2949 1308 3161 1363 corpus
3191 1308 3363 1351 suum
3416 1294 3797 1365 vilipensione

2090 1378 2301 1435 habere
2346 1380 2774 1449 conspeximus,
2830 1389 2895 1438 ut
2951 1381 3275 1438 indumenti
3331 1380 3540 1447 vilitas,
3590 1382 3797 1439 vultus

2087 1466 2371 1534 demissio,
2404 1469 2793 1525 membrorum
2822 1469 3071 1535 exilitas,
3132 1482 3246 1525 non
3299 1468 3475 1525 fuisse
3505 1469 3792 1534 comitem,

2086 1553 2186 1608 sed
2207 1562 2488 1624 agrestem
2547 1554 2898 1611 rusticulum
2956 1555 3313 1625 loqueretur.
3372 1555 3444 1611 Et
3499 1569 3629 1611 cum
3693 1569 3799 1625 per

2087 1641 2261 1697 urbes
2309 1655 2377 1697 ac
2427 1642 2641 1711 oppida
2714 1656 2815 1712 pro
2873 1643 3100 1700 abbatis
3150 1643 3389 1712 imperio
3445 1643 3790 1711 mitteretur,

2086 1743 2393 1800 nunquam
2423 1731 2653 1800 proprio
2700 1731 2887 1788 addici
2922 1733 3107 1801 potuit
3146 1732 3464 1799 voluntate,
3500 1738 3562 1788 ut
3581 1731 3796 1787 castel-

2014 1790 2060 1848 Β
2086 1816 2162 1885 la,
2220 1790 2352 1888 qua;
2408 1790 2740 1888 reliquerat,
2795 1819 2885 1875 vel
2922 1790 3112 1875 .semel
3182 1819 3405 1891 ingredi
3449 1790 3793 1889 'pateretur.

2090 1906 2239 1971 Haec,
2286 1919 2418 1976 quae
2460 1906 2730 1976 superius
2778 1907 2958 1964 relata
3005 1915 3162 1975 sunt,
3206 1906 3314 1977 ipsi
3374 1907 3516 1963 mihi
3571 1908 3792 1975 retulit,

2087 2007 2222 2050 cum
2250 2008 2341 2050 me
2383 1993 2576 2050 adhuc
2626 1995 3012 2065 juvenculum
3050 2003 3344 2065 tantopere
3394 2003 3790 2062 veneraretur,

2087 2090 2263 2152 atque
2290 2096 2411 2139 sum
2432 2083 2953 2154 consanguinitatis
2983 2083 3304 2151 ascisceret,
3342 2091 3407 2140 ut
3455 2085 3668 2140 amoris
3696 2084 3793 2140 sui

2088 2176 2263 2239 atque
2304 2170 2517 2237 cultus,
2558 2170 2784 2240 speciali
2816 2171 3068 2240 quadam
3103 2171 3504 2242 singularitate
3531 2171 3790 2228 donaret.

2157 2257 2262 2315 Cui
2318 2257 2587 2314 inclitum
2644 2258 2923 2330 quiddam
2980 2259 3432 2315 curialissimum
3485 2259 3614 2327 fuit,
3647 2267 3711 2316 ut
3742 2260 3793 2317 si

2088 2357 2234 2413 quos
2286 2342 2579 2412 reperiret,
2620 2356 2768 2413 quos
2820 2342 3190 2413 prmemiuere
3251 2343 3450 2399 litteris
3510 2343 3696 2411 sciret,
3730 2344 3789 2401 in

2087 2430 2361 2498 libellulo,
2395 2445 2569 2501 quem
2627 2431 2697 2486 ad
2733 2430 2789 2486 id
2832 2431 3021 2500 operis
3049 2445 3242 2487 secum
3279 2431 3397 2501 ipse
3425 2431 3626 2488 crebro
3684 2446 3790 2503 ge-

2086 2525 2279 2584 staret,
2314 2531 2606 2587 quemque
2648 2531 2747 2587 pro
2792 2531 2898 2573 suo
2923 2525 3095 2587 captu
3140 2518 3402 2574 dictitare
3446 2532 3631 2589 prosa,
3685 2534 3793 2575 seu

2087 2604 2350 2661 versibus
2388 2612 2641 2673 cogeret;
2676 2611 2738 2660 ut
2763 2604 2903 2660 dum
2933 2619 3443 2676 quorumcunque,
3477 2607 3575 2676 qui
3611 2622 3790 2677 super

2085 2708 2151 2750 eo
2205 2693 2672 2763 praedicabantur
2700 2692 2912 2760 studio,
2945 2693 3098 2757 dicta
3149 2693 3463 2763 colligeret,
3512 2709 3586 2750 ex
3627 2695 3792 2751 dictis

2084 2781 2255 2838 etiam
2312 2781 2680 2852 singulorum
2759 2795 2926 2838 sensa
2990 2780 3248 2837 libraret.
3309 2781 3445 2848 Quae
3502 2782 3791 2853 siquidem

2087 2870 2356 2940 quamvis
2392 2883 2493 2938 per
2540 2883 2598 2925 se
2628 2883 2745 2924 non
2776 2877 3024 2938 caperet,
3054 2884 3129 2925 ex
3162 2884 3362 2926 eorum
3417 2877 3628 2937 tamen,
3653 2870 3793 2941 qui-

2086 2958 2197 3015 bus
2228 2958 2349 3013 haec
2390 2957 2633 3027 legenda
2682 2957 2989 3027 pandebat,
3044 2956 3281 3014 indubie
3328 2958 3607 3014 sententia
3654 2973 3792 3014 mox

275 3060 339 3097 se
361 3043 678 3116 mancipat.
708 3076 783 3088 —
811 3052 881 3104 At
908 3048 1048 3119 quia
1078 3049 1241 3104 nulla
1291 3058 1427 3106 sunt
1478 3050 1647 3121 bona,
1681 3068 1813 3124 quae
1859 3069 1975 3112 non
2014 3062 2057 3121 ο
2087 3050 2320 3111 teneret,
2375 3043 2435 3098 ίῐι
2462 3057 2579 3113 quo
2625 3043 2983 3113 Ροῑίεδίσιωη
3038 3044 3173 3113 (illis
3208 3052 3307 3099 aut
3349 3044 3407 3099 in
3456 3057 3650 3112 sensu:
3688 3050 3792 3099 aut

278 3132 506 3203 aliquas
561 3134 866 3204 aliquoties
948 3137 1241 3206 praebeant
1300 3139 1553 3210 alicujus
1602 3142 1979 3213 malignitatis

278 3233 501 3288 causas,
542 3220 683 3278 dum
745 3223 803 3278 in
859 3224 1078 3294 aliquo,
1126 3226 1218 3281 die
1263 3226 1534 3295 quodam,
1583 3229 1776 3285 nescio
1834 3230 1977 3300 quid

278 3314 518 3364 acturus
575 3310 782 3380 operis,
831 3319 976 3368 esset
1025 3312 1170 3381 vico,
1227 3328 1355 3370 ecce
1401 3315 1692 3386 quispiam
1721 3318 1773 3374 ei
1799 3319 1980 3377 astitit

277 3397 385 3453 sub
413 3397 587 3468 Tyria
614 3398 864 3463 lacerna,
916 3400 1213 3458 tibialibus
1251 3402 1446 3458 sericis
1478 3404 1753 3473 pedulum
1785 3406 1978 3463 absci-

277 3481 437 3539 sione
467 3483 776 3552 damnatis,
812 3485 1167 3542 muliebriter
1218 3487 1468 3544 diductis
1518 3504 1553 3545 a
1581 3491 1768 3548 fronte
1797 3494 1979 3550 crini-

279 3569 409 3635 bus,
443 3577 499 3625 et
527 3583 787 3627 summas
816 3571 1234 3643 attingentibus
1267 3574 1456 3652 ulnas,
1481 3578 1768 3635 amasium
1790 3580 1979 3650 potius

277 3657 557 3714 exhibens
603 3671 781 3728 quam
841 3659 1122 3716 exsulem.
1164 3659 1347 3728 Quam
1399 3662 1494 3719 ille
1538 3678 1670 3720 cum
1721 3679 1794 3721 ex
1842 3682 1979 3725 vera

279 3744 415 3815 quis
469 3753 617 3801 esset
662 3746 989 3803 sinceritate
1056 3750 1435 3820 perquireret,
1488 3760 1542 3807 et
1596 3753 1690 3810 ille
1741 3755 1977 3827 obliquo

280 3831 523 3902 paulum
556 3833 721 3890 oculo
768 3834 1061 3891 abducens
1088 3837 1483 3906 supercilium,
1527 3842 1711 3911 specie
1742 3844 1978 3912 pudoris

280 3919 494 3986 ablata,
543 3919 730 3977 dicere
770 3930 1121 3990 contaretur,
1156 3933 1210 3980 et
1240 3925 1334 3982 ille
1372 3929 1740 3985 contabundo
1792 3933 1978 4003 magis

280 4018 348 4060 ac
375 4006 562 4078 magis
590 4007 677 4077 pie
708 4008 974 4067 curiosus
1007 4011 1264 4080 instaret,
1306 4014 1378 4070 ad
1414 4015 1683 4072 ultimum
1742 4021 1975 4078 tandem

280 4092 383 4147 vix
431 4094 598 4164 quasi
659 4096 907 4153 hominis
960 4097 1235 4155 instantia
1267 4100 1453 4157 victus
1498 4104 1690 4173 erupit
1723 4122 1737 4161 :
1776 4127 1797 4155 ι
1836 4106 1974 4165 Sum

281 4178 491 4249 inquit,
519 4181 632 4251 (sed
661 4196 762 4238 vos
790 4183 1043 4253 cuipiam
1069 4200 1141 4241 ne
1171 4185 1394 4259 dicatis)
1424 4190 1724 4249 Ebrardus
1766 4194 1978 4250 Britoi—

280 4265 454 4322 lensis
534 4266 738 4338 Vorte,
815 4271 1184 4340 Britoliensis,
1264 4282 1327 4330 ut
1404 4277 1604 4349 supra]
1680 4281 1975 4350 quondam

2088 3130 2343 3188 carmine
2371 3131 2732 3187 accuratiora
2761 3131 3019 3188 dixisset.
3055 3133 3184 3187 Haec
3212 3131 3283 3188 de
3316 3131 3444 3187 viro
3491 3130 3790 3201 quondam

2088 3219 2283 3287 nobili,
2316 3220 2412 3276 sed
2440 3220 2562 3290 jam
2591 3219 2870 3276 nobiliore
2924 3219 3038 3275 fine
3074 3219 3223 3275 bono
3261 3218 3467 3275 libasse
3513 3216 3786 3275 sufﬁciat.

2086 3312 2160 3376 ls,
2210 3310 2470 3380 inquam,
2521 3310 2669 3366 inter
2716 3309 3006 3365 memoriae
3049 3316 3259 3364 nostra;
3306 3307 3479 3373 viros,
3524 3307 3792 3378 exemplo

2087 3396 2312 3468 primus
2339 3396 2733 3453 conversionis
2762 3396 3095 3467 gloriosiore
3127 3393 3498 3465 resplenduit.

2760 3484 2990 3541 CAPUT
3030 3484 3102 3540 Χ.

2155 3576 2225 3630 At
2277 3586 2408 3629 vero
2453 3570 2558 3642 qui
2612 3570 2855 3627 Paulum
2904 3584 2977 3626 ex
3043 3569 3314 3640 Stephani
3362 3568 3470 3626 sibi
3524 3569 3795 3627 ‘oratione

2087 3660 2322 3727 creavit,
2376 3658 2710 3728 exemplum
2786 3657 2931 3713 idem
2987 3657 3169 3714 multo
3219 3657 3440 3715 felicius
3501 3657 3797 3727 latiusque

2086 3762 2188 3818 per
2234 3746 2610 3818 potentiorem
2671 3744 2810 3800 satis
2857 3745 3105 3803 alterum
3158 3745 3518 3817 propagavit.
3565 3745 3656 3816 (ι’)
3703 3746 3791 3801 Si-

2087 3847 2221 3889 mon
2254 3832 2407 3889 enim
2466 3832 2704 3903 quidam
2761 3832 3053 3903 Radulphi
3103 3834 3326 3889 comitis
3384 3833 3557 3900 filius,
3607 3833 3793 3889 mira-

2087 3921 2185 3978 bili
2234 3919 2414 3977 nostri
2454 3921 2726 3991 temporis
2764 3920 3101 3993 religionem
3156 3920 3404 3990 iuopinaa
3453 3921 3794 3977 mutationis

2086 4007 2344 4064 claritate
2391 4006 2614 4064 ditavit.
2664 4008 2747 4080 (η)
2792 4008 2899 4076 Qui
2949 4009 3183 4079 quidem
3225 4008 3567 4078 Radulphus
3609 4022 3791 4079 quam

2086 4095 2325 4151 celebris
2381 4095 2606 4167 ubique
2651 4098 3006 4154 Francorum
3074 4099 3340 4167 potentia;
3400 4097 3591 4164 fuerit,
3642 4110 3792 4167 quas

2085 4184 2262 4241 urbes
2307 4183 2598 4253 invaserit,
2648 4190 2799 4241 465
2851 4193 2994 4256 quot
3060 4185 3271 4255 oppida
3330 4185 3576 4256 quaesita
3640 4186 3792 4241 mira

2086 4271 2397 4341 sagacitate
2465 4272 2735 4341 tenuerit,
2810 4272 2979 4329 multi
3052 4272 3405 4343 superstites,
3486 4272 3591 4343 qui
3662 4274 3791 4345 ejus

279 4366 487 4421 comes,
519 4353 641 4425 qui,
677 4362 741 4412 ut
768 4357 942 4424 scitis,
997 4373 1056 4414 tu
1096 4360 1341 4418 Francia
1389 4363 1528 4420 olim
1582 4365 1762 4432 dives,
1821 4366 1973 4422 exsi-
2011 4367 2056 4423 D
2086 4369 2323 4416 actuum
2363 4360 2692 4429 meminere,
2716 4368 2855 4417 sunt
2902 4367 3089 4417 testes.
3129 4360 3393 4427 Quantus
3421 4361 3590 4417 etiam
3617 4360 3793 4417 fuerit

279 4440 356 4497 lio
410 4455 502 4498 me
549 4443 812 4515 relegans
872 4454 1218 4516 spontaneas
1273 4459 1638 4521 peccatorum
1715 4468 1976 4511 meorum

281 4540 483 4596 poenas
513 4528 630 4585 luo.
667 4551 689 4578 ι
744 4530 977 4589 Dixerat
1024 4533 1116 4590 vir
1165 4535 1427 4607 illustris,
1481 4546 1538 4596 et
1580 4553 1736 4608 eum,
1786 4540 1887 4610 qui
1917 4553 1977 4596 se

281 4615 757 4688 interrogaverat,
813 4629 1098 4693 arrogataa
1161 4624 1271 4682 sibi
1338 4640 1597 4696 personae
1678 4628 1978 4698 repentina

280 4703 652 4761 translatione
683 4707 960 4764 confudit.
1019 4710 1356 4768 Admiratus
1411 4712 1592 4784 igitur
1625 4712 1977 4772 incredibili-

280 4800 366 4849 ter
416 4794 669 4863 perversi
715 4796 966 4853 hominis
1014 4798 1454 4870 impudentiam,
1503 4810 1716 4873 spreto,
1776 4811 1841 4860 ut
1893 4804 1977 4860 sic

278 4880 547 4951 dixerim,
603 4884 900 4941 simulacri
969 4887 1126 4945 illius
1210 4888 1485 4958 alloquio,
1539 4890 1613 4945 ad
1654 4903 1789 4947 suos
1842 4890 1975 4948 inde

278 4968 460 5025 relato
496 4983 777 5039 sermone,
824 4973 943 5030 ait:
1004 4997 1025 5024 ε
1085 4975 1307 5043 Sciatis,
1356 4990 1390 5031 o
1443 4978 1633 5046 amici,
1683 4978 1792 5035 hoc
1842 4979 1974 5037 vitm

279 5055 636 5126 propositum
667 5058 832 5115 nobis
863 5062 1100 5132 quidem
1153 5063 1311 5131 utile,
1348 5064 1446 5121 sed
1502 5065 1630 5122 aliis
1662 5066 1972 5137 quamplu-

278 5143 440 5200 rimis
458 5144 707 5214 exitiale,
741 5149 879 5218 quia
926 5151 1085 5221 quod
1117 5152 1189 5209 ab
1227 5146 1408 5223 ipsius
1460 5170 1559 5212 ore
1608 5156 1872 5223 audistis,
1905 5155 1975 5212 de

278 5231 476 5288 multis
535 5248 948 5307 consequenter
996 5239 1343 5298 intellexisse
1374 5244 1624 5313 potestis.
1680 5243 1735 5300 Si
1792 5244 1973 5315 igitur

280 5319 394 5374 Deo
442 5318 658 5392 integre
696 5324 919 5393 placere
964 5326 1254 5396 volumus,
1315 5331 1467 5400 quod
1519 5331 1649 5387 aliis
1694 5330 1969 5399 scandali,

278 5406 395 5463 imo
446 5407 708 5467 falsitatis
749 5411 1104 5470 occasionem
1153 5416 1387 5487 praebet,
1415 5419 1636 5475 evitare
1673 5418 1967 5476 debemus.

281 5492 380 5548 illo
408 5493 602 5566 itaque
629 5496 910 5554 stabiliter
939 5512 1042 5555 nos
1083 5500 1359 5570 feramus,
1411 5504 1509 5560 ubi
1558 5505 1786 5561 sublato
1814 5504 1972 5561 exsi-

277 5580 357 5649 lii,
385 5582 540 5652 quod
577 5596 680 5654 pro
717 5583 832 5640 Deo
868 5585 1119 5655 patimur
1175 5590 1424 5659 nomine,
1457 5604 1664 5647 causas
1699 5590 1971 5647 omnibus

2084 4463 2158 4505 ex
2214 4463 2281 4505 eo
2324 4463 2440 4505 uno
2486 4448 2691 4518 conjici
2739 4456 2925 4518 posset
2992 4449 3147 4519 quod
3178 4448 3407 4506 Heurici
3455 4449 3606 4520 regis
3649 4463 3792 4506 uxo-

2083 4552 2226 4604 rem,
2266 4537 2511 4607 Philippi
2547 4536 2777 4592 itidem'
2799 4537 2951 4607 regis
2993 4544 3232 4593 matrem
3262 4536 3324 4592 in
3373 4536 3642 4608 conjugio
3664 4544 3791 4605 post

2085 4625 2272 4682 mariti
2295 4625 2599 4681 decessum
2625 4623 2913 4679 habuerit.

2153 4711 2513 4770 Juvenculus
2589 4711 2765 4778 igitur
2837 4710 3053 4780 Simon,
3108 4725 3243 4767 cum
3307 4718 3549 4767 mortem
3625 4718 3788 4780 pater

2083 4801 2329 4868 obiisset,
2397 4798 2631 4855 obtento
2717 4798 3097 4857 comitatuum
3152 4800 3281 4870 ejus
3342 4798 3560 4855 honore
3625 4798 3785 4855 brevi

2084 4887 2286 4944 tenuit.
2336 4885 2484 4942 Nam
2538 4898 2773 4941 causam
2841 4884 2982 4942 adeo
3040 4894 3342 4943 maturata;
3392 4884 3788 4942 conversionis

2080 4976 2232 5032 hanc
2274 4975 2457 5045 aliqui
2508 4974 2681 5031 fuisse
2710 4974 2921 5031 ferunt.
2979 4976 3043 5032 In
3092 4978 3343 5047 quodam
3374 4976 3582 5047 oppido
3626 4977 3780 5046 quod

2082 5064 2188 5121 sibi
2213 5062 2586 5131 usurpatione
2618 5063 2825 5133 potius,
2860 5077 3037 5133 quam
3077 5064 3410 5120 haereditate
3443 5073 3785 5134 provenerat

2079 5152 2336 5224 ejusdem
2394 5150 2573 5221 patris
2645 5150 2906 5221 reliquiae
2983 5152 3227 5208 conditae
3300 5151 3550 5208 fuerant.
3621 5150 3781 5217 Quod

2079 5240 2253 5307 ﬁlius,
2288 5251 2491 5295 verens
2509 5252 2580 5295 ne
2606 5239 2814 5295 animae
2844 5239 3028 5308 patris
3057 5238 3327 5307 officeret,
3353 5240 3426 5296 ad
3460 5238 3599 5296 illud
3626 5239 3781 5309 quod

2078 5326 2189 5384 sibi
2207 5341 2281 5383 ex
2295 5327 2432 5397 jure
2477 5327 2824 5394 constiterat,
2869 5326 3090 5383 deferre
3120 5329 3417 5398 proposuit
3449 5343 3462 5382 :
3492 5342 3611 5399 quo
3649 5336 3783 5384 ante

2079 5414 2419 5472 delationem
2467 5414 2706 5481 detecto,
2754 5422 2811 5470 et
2868 5415 2976 5471 sub
3028 5416 3213 5472 oculis
3263 5416 3362 5472 filii
3412 5416 3484 5472 ad
3554 5415 3779 5473 nudum

2080 5500 2350 5569 revelato,
2393 5515 2527 5556 cum
2584 5502 2961 5570 potentissimi
3008 5502 3305 5572 genitoris,
3362 5503 3781 5574 quondamque
3882 5530 3885 5531 ν

2081 5588 2413 5646 ferocissimi
2462 5588 2723 5645 tabidum
2769 5589 3102 5646 attendisset
3144 5604 3374 5661 corpus,
3416 5591 3489 5647 ad
3524 5598 3782 5649 contem-
