3934 6400
69 384 189 436 853

1228 380 1320 434 DE
1361 379 1520 436 VlTA
1561 381 1697 438 SUA
1735 379 1922 436 LIBRI
1960 380 2160 437 TRES.
2185 381 2402 437 —LIB.
2445 381 2489 437 Ι.

3409 403 3418 412 ·
3513 385 3617 440 854

72 513 421 584 plationem
443 512 663 569 misera:
686 511 1030 568 conditionis
1063 524 1122 566 se
1149 510 1413 566 contulit.
1474 511 1545 567 Et
1576 510 1800 567 exinde
1839 514 1885 566 Α
1914 520 2088 582 gatus
2147 520 2381 583 aeterno,
2439 528 2574 570 cum
2636 527 2695 570 se
2747 514 2821 570 ad
2869 513 3436 571 excommunicatum
3479 521 3620 570 tunc

73 603 397 673 quidquid
427 600 796 658 sublimitatis
826 600 935 656 sibi
965 599 1280 668 arridebat,
1312 607 1365 655 et
1397 599 1615 670 gloriae,
1650 599 1807 656 fasti-

74 692 218 746 dire
250 693 378 762 jam
409 693 596 761 cmpit.
633 691 916 759 Concepta
946 690 1141 759 itaque
1172 689 1281 744 hac
1323 689 1445 757 ipsa
1488 688 1807 755 voluntate,

75 779 364 835 fervente
390 778 619 834 tandem
649 777 930 833 desiderio
978 777 1135 846 quod
1194 775 1550 845 parturiebat
1597 776 1808 841 emisit,

75 870 373 937 etpatrize
412 880 773 936 suorumque
804 865 984 935 fugax
1014 865 1157 920 ﬁnes
1184 864 1465 920 excedens
1485 863 1808 930 Francicos,

78 957 509 1028 Burgundiam
542 954 632 1024 (ι’)
657 954 729 1010 ad
759 961 1024 1010 sanctum
1055 953 1402 1023 Eugendum
1436 954 1493 1008 in
1525 951 1810 1008 territorio

75 1046 106 1099 J
118 1046 335 1100 urensi
363 1043 665 1101 concessit.

158 1133 388 1188 Audivi
420 1132 592 1188 etiam
623 1131 779 1202 quod
829 1129 1168 1186 nobilissimi
1223 1129 1538 1200 quamdam
1585 1128 1812 1198 generis

71 1221 475 1292 juvenculam
505 1219 610 1277 sibi
637 1219 1032 1289 desponderat,
1049 1232 1180 1289 quas
1193 1232 1324 1274 cum
1349 1217 1809 1274 amantissimum

69 1311 376 1380 juvenem
397 1308 523 1376 sibi,
554 1317 609 1364 et
655 1307 873 1363 mundo
920 1305 1228 1376 repudium
1278 1306 1501 1361 dedisse
1527 1305 1805 1373 rescisset,

79 1399 221 1468 ipsa
259 1397 496 1454 inferior
517 1396 699 1452 videri
728 1409 842 1450 non
863 1394 1132 1460 tolerans,
1152 1394 1534 1465 virginalibus
1555 1395 1669 1450 Deo
1685 1408 1809 1450 ser-

78 1487 388 1542 vientium
423 1484 630 1541 turmis
659 1484 824 1554 virgo
873 1489 1316 1552 perseveratura
1345 1497 1467 1538 sese
1493 1482 1804 1538 conseruit.

156 1575 491 1645 Aliquanto
519 1581 643 1643 post
669 1572 1051 1628 monachatus
1104 1571 1527 1640 susceptionem
1561 1578 1811 1640 tempore

79 1665 312 1734 elapso,
349 1662 745 1732 postliminum
774 1660 904 1716 fecit
959 1660 1016 1714 in
1063 1661 1388 1724 Franciam,
1437 1667 1490 1714 et
1543 1667 1625 1715 tot
1674 1667 1808 1714 tan-

79 1760 307 1822 tosque
345 1763 678 1806 sermonum
725 1749 853 1819 ejus
904 1749 1145 1818 puritas,
1201 1756 1256 1802 et
1311 1748 1490 1802 animi
1536 1761 1712 1818 quam
1744 1747 1805 1804 in

82 1841 242 1897 facie
277 1838 612 1909 praeferebat
667 1837 983 1904 humilitas,
1042 1835 1199 1891 viros
1241 1836 1523 1892 animavit
1551 1844 1606 1892 et
1635 1836 1800 1892 femi-

82 1943 222 1996 nas,
247 1936 315 1984 ut
347 1927 572 1982 intinita
599 1939 847 1982 sexuum
879 1923 1115 1996 agmina
1130 1925 1203 1980 ad
1220 1927 1324 1980 vim
1348 1926 1801 1994 prosecutionem

86 2019 270 2074 istius
329 2015 440 2071 sub
489 2029 554 2071 eo
602 2022 856 2084 tempore
880 2013 1291 2077 conderentur,
1329 2021 1385 2068 et
1413 2013 1802 2083 undecunque

84 2107 164 2162 ad
197 2105 258 2161 id
296 2103 569 2175 propositi
599 2102 865 2173 exemplo
909 2103 1037 2172 ejus
1080 2100 1330 2156 nominis
1379 2101 1613 2171 plurimi
1655 2101 1802 2157 cita-

86 2202 325 2251 rentur.
341 2193 715 2262 Equestrium
737 2191 1022 2260 siquidem
1047 2190 1308 2246 virorum
1331 2190 1586 2246 studium
1612 2189 1802 2245 homi-

85 2284 184 2338 nis
215 2281 475 2338 multum
501 2279 831 2336 sollicitavit
861 2291 1131 2334 examen.

769 2366 998 2424 CAPUT
1037 2366 1135 2421 XI.

158 2462 228 2516 S.
268 2455 562 2512 Brunonis
579 2471 759 2511 causa
775 2469 1028 2509 secessus
1051 2453 1114 2508 in
1130 2469 1400 2508 eremum.
1411 2453 1797 2509 Carthasien-

86 2549 248 2603 cium
279 2545 463 2618 origo,
493 2549 665 2616 atque
692 2543 962 2598 instituta
998 2541 1315 2613 primitiva.
1361 2542 1660 2598 Manassi:
1710 2546 1804 2599 Re-

86 2653 279 2691 mem.
305 2635 471 2690 arch.
501 2649 770 2706 perversa
797 2633 935 2688 vita.
970 2662 1039 2671 -
1068 2633 1141 2687 At
1169 2632 1308 2700 quia
1329 2632 1707 2688 conveniebat
1739 2639 1803 2688 ut

88 2735 142 2782 et
176 2727 571 2782 litteratorum
629 2723 913 2793 quispiam
966 2721 1114 2777 sacri
1170 2735 1400 2791 gregem
1448 2721 1668 2776 ordinis
1696 2723 1802 2778 sub

88 2814 297 2870 eodem
341 2811 550 2866 affectu
609 2818 734 2880 post
793 2824 851 2865 se
884 2809 1268 2873 contraheret,
1321 2808 1429 2862 fuit
1472 2823 1588 2863 non
1635 2807 1804 2878 longe

86 2902 164 2957 ab
198 2901 294 2956 his
327 2898 532 2954 diebus
563 2897 759 2953 Bruno
803 2897 1046 2966 quidam
1099 2897 1158 2951 in
1205 2896 1348 2951 urbe
1395 2895 1658 2951 Remensi
1689 2896 1799 2957 vir.

88 2997 146 3046 et
190 2987 541 3045 liberalibus
585 2986 905 3042 instructus
951 2986 1195 3052 artibus,
1226 2993 1280 3039 et
1310 2998 1657 3056 magnorum
1687 2991 1805 3040 stu-

1921 602 2190 672 temporis
2230 603 2542 659 Henricum
2588 601 2988 673 imperatorem
3022 603 3140 672 ipse
3178 601 3348 658 etiam
3378 615 3617 658 excom-

1921 693 2253 748 municatus
2299 692 2652 758 contulisset,
2691 692 2799 746 hac
2856 691 3103 761 illacque
3135 691 3430 757 oberrans,
3491 691 3617 745 sine

1919 781 2324 836 communione
2362 788 2644 850 postremo
2670 779 3027 850 defungitur,

1990 869 2190 939 Operae
2240 883 2375 924 vero
2427 870 2675 939 pretium
2711 868 2819 924 dici
2858 876 2941 925 est
2971 867 3271 938 quiddam,
3321 867 3477 938 quod
3508 868 3616 922 sub

1920 958 2042 1027 ipso
2071 959 2226 1013 intra
2264 957 2468 1014 urbem
2527 957 2880 1028 malignante
2912 956 3194 1026 provenit.
3229 957 3385 1011 Inter
3431 955 3617 1011 eccle-

1917 1047 2149 1102 siastica
2185 1053 2525 1102 ornamenta
2575 1060 2707 1116 qua)
2767 1045 3065 1112 militibus,
3109 1044 3212 1114 qui
3257 1059 3377 1100 sum
3426 1043 3604 1099 inser-

1917 1137 2146 1191 vierant
2177 1135 2490 1204 tyrannidi,
2552 1134 2964 1204 impertiverat,
3023 1133 3174 1189 calix
3233 1147 3448 1189 aureus
3503 1147 3616 1187 non

1918 1223 2083 1293 parvi
2110 1221 2380 1279 bifariam
2429 1223 2596 1293 pretii
2626 1230 2767 1290 erat,
2819 1222 2957 1292 quia
2995 1230 3048 1278 et
3082 1221 3346 1291 plurima:
3377 1221 3616 1291 quanti—

1919 1313 2050 1370 tatis
2079 1313 2282 1379 fuerat,
2310 1319 2366 1367 et
2386 1312 2573 1368 nescio
2604 1319 2782 1382 quota
2826 1311 2904 1366 ibi
2949 1309 3234 1380 particula
3278 1309 3407 1365 auri
3461 1309 3617 1364 illius

1917 1401 2073 1473 quod
2107 1414 2140 1456 a
2170 1400 2357 1456 tribus
2406 1399 2651 1455 Domino
2680 1399 2862 1470 Magis
2893 1399 3149 1454 oblatum
3171 1405 3275 1462 est,
3308 1396 3508 1463 effusa,
3552 1403 3616 1452 ut

1915 1491 2224 1557 ferebatur,
2279 1495 2422 1544 erat.
2493 1488 2636 1543 Cum
2693 1501 2829 1558 ergo
2885 1487 3095 1556 forcipe
3155 1486 3446 1542 desectum
3515 1499 3615 1554 per

1917 1579 2226 1649 portiones,
2285 1575 2502 1646 quibus
2551 1573 2893 1640 delibuerat,
2929 1572 3316 1643 .dilargiretur
3354 1571 3610 1639 calicem,

1915 1675 1971 1723 et
1999 1680 2167 1721 nemo
2205 1663 2604 1720 sacratissima}
2655 1663 2733 1717 rei
2785 1661 3164 1731 suscipiendae
3203 1659 3611 1730 acquiesceret,

1918 1755 2150 1812 tandem
2180 1754 2451 1809 scelestus
2483 1751 2723 1822 quidam
2750 1764 2947 1820 eques,
2977 1764 3081 1804 suo
3112 1748 3466 1804 muneratori
3499 1762 3612 1803 non

1913 1848 2120 1916 impar,
2163 1843 2452 1912 suscipere
2500 1854 2719 1910 passus,
2763 1839 2876 1895 imo
2906 1837 3222 1908 procaciter
3279 1843 3611 1906 contempta

1910 1931 2254 1990 sacramenti
2287 1931 2581 2001 majestate
2629 1928 2963 1997 corripiens,
3006 1927 3065 1982 in
3096 1925 3407 1982 amentiam
3461 1923 3608 1980 illico

1911 2037 2133 2088 versus,
2165 2033 2413 2087 censam,
2483 2032 2656 2088 quem
2683 2016 2933 2072 indebite
2987 2020 3450 2086 praesumpserat,
3492 2027 3607 2068 non

1909 2110 2202 2181 expendit,
2241 2117 2296 2164 et
2347 2116 2537 2164 tamen
2594 2106 2910 2162 temerariae
2957 2103 3288 2174 cupiditatis
3335 2101 3610 2158 continuo

1911 2214 2110 2270 poenas
2136 2197 2348 2268 pendit.

1984 2288 2181 2341 Bruno
2203 2284 2326 2340 adit
2355 2282 2738 2342 Carthusiam.
2767 2313 2836 2322 -
2869 2283 2942 2337 At
2973 2282 3166 2337 Bruno
3205 2279 3349 2336 urbe
3381 2278 3604 2334 deserta

1911 2375 2121 2432 saeculo
2170 2373 2344 2430 etiam
2400 2372 2812 2428 abrenuntiare
2871 2368 3154 2439 proponit,
3211 2368 3314 2438 qui
3372 2380 3610 2422 suorum

1911 2463 2146 2520 notitias
2221 2463 2462 2518 horrens
2533 2460 2604 2515 ad
2661 2457 3254 2527 Gratianopolitanum
3340 2454 3611 2524 processit

1911 2551 2286 2609 territorium.
2326 2549 2406 2605 lbi
2443 2549 2500 2603 in
2530 2548 2732 2612 arduo,
2765 2555 2819 2602 et
2851 2546 3162 2602 admodum
3204 2543 3445 2599 terribili
3477 2556 3611 2611 pro-

1911 2639 2194 2695 montorio
2244 2637 2316 2692 ad
2347 2637 2502 2707 quod
2561 2635 2987 2701 difficillimum,
3037 2641 3092 2689 et
3135 2632 3302 2688 valde
3361 2631 3611 2686 insolens

1912 2729 2018 2784 iter
2072 2726 2424 2794 intenditur;
2457 2725 2568 2781 sub
2613 2739 2681 2780 eo
2724 2724 2898 2779 etiam
2940 2720 3410 2792 praeruptissimae
3446 2718 3610 2773 vallis

1910 2829 2128 2885 vorago
2159 2815 2424 2880 dehiscit,
2471 2813 2732 2868 habitare
2764 2816 2916 2865 466
2954 2811 3232 2879 deligens,
3275 2805 3608 2878 hujusmodi

1911 2918 2098 2959 mores
2129 2903 2394 2968 instituit,
2423 2909 2478 2957 et
2507 2915 2783 2971 sequaces
2807 2901 2935 2970 ejus
2966 2899 3250 2968 hodieque
3279 2896 3359 2952 sic
3379 2895 3606 2951 vivunt.

1983 2991 2125 3058 Ejus
2151 2991 2207 3042 et
2233 2985 2649 3058 discipulorum
2677 3001 2868 3042 more:
2894 2991 2948 3040 et
2979 2983 3131 3040 ratio
3171 2982 3409 3038 vivendi.
3442 3012 3511 3020 —
3541 2982 3612 3036 Et

87 3080 334 3135 diorum
358 3083 544 3132 rector
574 3073 690 3144 (⁸⁸),
725 3075 827 3145 qui
859 3073 1248 3130 conversionis
1271 3073 1432 3128 initia
1452 3087 1520 3128 ex
1546 3072 1640 3127 sul

2056 3078 2148 3132 sia
2197 3077 2271 3132 ibi
2304 3085 2387 3132 est
2417 3091 2531 3130 non
2565 3076 2734 3146 longe
2765 3089 2798 3130 a
2829 3073 3116 3143 crepidine
3165 3072 3393 3137 montis,
3439 3070 3609 3140 paulo

90 3175 274 3222 natus
303 3163 602 3220 occasione
629 3161 1008 3232 dignoscitur.
1051 3161 1342 3216 Manasses
1386 3159 1626 3230 quidam
1680 3166 1804 3228 post

89 3253 359 3311 Gervasii
411 3251 774 3308 famosissimi
832 3249 1247 3319 archiepiscopi
1304 3249 1623 3312 decessum,
1656 3262 1799 3318 prae-

91 3346 262 3400 dictae
295 3343 462 3400 urbis
504 3341 771 3412 regimini
811 3338 1128 3396 Simoniace
1160 3353 1218 3393 se
1254 3338 1520 3405 intrusit;
1556 3337 1648 3392 vir
1672 3337 1803 3406 qui-

93 3433 225 3489 dem
257 3431 492 3498 nobilis,
529 3429 627 3484 sed
659 3428 802 3484 nihil
835 3441 1067 3496 prorsus
1096 3425 1433 3494 serenitatis,
1461 3441 1591 3496 quae
1620 3425 1804 3494 prima

94 3526 522 3596 ingenuitatem
555 3523 732 3587 decet,
771 3521 1030 3576 habens:
1071 3528 1258 3575 tantos
1303 3520 1455 3574 enim
1504 3519 1684 3574 fastus
1731 3531 1804 3571 ex

94 3614 194 3668 illa
261 3613 518 3668 novitate
571 3617 929 3680 conceperat,
983 3616 1046 3664 ut
1108 3608 1296 3678 regias
1357 3608 1797 3678 peregrinarum

97 3702 366 3772 gentium
429 3700 774 3770 majestates,
852 3699 964 3752 imo
1041 3696 1404 3766 majestatum
1465 3696 1800 3763 ferocitates,

100 3791 318 3846 imitari
366 3789 683 3845 videretur.
707 3785 1151 3856 Peregrinarum
1180 3784 1324 3854 dixi,
1365 3785 1422 3839 in
1449 3785 1803 3840 Francorum

98 3879 251 3935 enim
285 3879 527 3949 regibus
569 3890 637 3932 ea
682 3875 868 3946 viguit
899 3873 1182 3930 naturalis
1238 3887 1462 3942 semper
1505 3873 1801 3941 modestia,

100 3975 165 4023 ut
215 3967 361 4024 illud
390 3965 677 4036 Sapientis
700 3964 940 4029 dictum,
999 3961 1102 4018 etsi
1161 3976 1276 4017 non
1328 3961 1386 4016 in
1428 3961 1685 4029 scientia,
1746 3963 1804 4017 in

102 4064 237 4112 actu
295 4064 489 4113 tamen
550 4053 916 4109 habuerint:
981 4072 1003 4100 ι
1063 4051 1409 4120 Principem,
1465 4050 1676 4120 inquit,
1752 4059 1806 4106 te

103 4144 550 4208 constituerunt,
603 4141 719 4196 noli
771 4139 990 4206 extolli,
1049 4139 1146 4195 sed
1187 4147 1305 4194 esto
1369 4139 1427 4194 in
1487 4138 1598 4194 illis
1637 4139 1804 4209 quasi

105 4247 261 4289 unus
285 4246 362 4288 ex
389 4231 500 4286 illis
530 4228 734 4299 (Eccli.
766 4243 953 4294 xxxii,
991 4227 1060 4297 1).
1098 4248 1117 4276 ι
1146 4227 1201 4282 Is
1233 4227 1410 4296 igitur
1429 4241 1559 4283 cum
1599 4227 1807 4283 milites

1910 3168 2211 3223 sinuatum
2256 3165 2544 3221 devexum
2599 3165 2834 3230 habens,
2893 3164 2951 3218 in
2985 3176 3104 3232 qua
3155 3159 3422 3216 tredecim
3476 3165 3611 3214 sunt

1912 3254 2220 3324 monachi;
2254 3253 2573 3309 claustrum
2602 3252 2834 3323 quidem
2863 3251 3002 3307 satis
3032 3251 3298 3305 idoneum
3333 3262 3437 3317 pro
3487 3263 3608 3302 cm-

1911 3343 2129 3400 nobiali
2158 3342 2574 3398 consuetudine
2601 3342 2893 3408 habentes,
2929 3340 3024 3396 sed
3062 3353 3177 3394 non
3203 3335 3606 3402 claustraliter,

1915 3439 1976 3487 ut
2004 3430 2216 3496 caeteri,
2251 3429 2666 3484 cohabitantes.

1987 3520 2214 3576 Habent
2244 3518 2461 3588 quippe
2482 3516 2696 3587 singuli
2725 3515 2961 3572 cellulas
2990 3529 3092 3585 per
3124 3527 3331 3584 gyrum
3371 3508 3608 3566 claustri

1913 3609 2195 3680 proprias,
2231 3608 2289 3662 in
2319 3607 2537 3677 quibus
2565 3613 2899 3675 operantur,
2933 3603 3230 3660 dormiunt
3261 3616 3328 3656 ac
3359 3613 3606 3654 vescun-

1914 3707 2030 3755 tur.
2064 3697 2364 3752 Dominica
2389 3710 2424 3750 a
2456 3695 2847 3764 dispensatore
2895 3707 3072 3759 escas,
3109 3703 3312 3761 panem
3373 3688 3604 3752 scilicet,

1912 3802 1980 3841 ac
2009 3786 2276 3857 legumen
2309 3784 2620 3854 accipiunt,
2653 3783 2812 3852 quod
2840 3783 3077 3837 unicum
3115 3776 3394 3849 pulmenti
3425 3790 3610 3846 genus

1913 3888 1948 3930 a
1976 3888 2211 3944 quoque
2241 3887 2438 3928 eorum
2490 3872 2647 3941 apud
2691 3885 2750 3926 se
2810 3869 3100 3938 coquitur.
3147 3867 3377 3936 Aquam
3416 3871 3606 3918 autem

1912 3970 2029 4019 tam
2061 3960 2316 4028 haustui,
2350 3974 2528 4030 quam
2560 3959 2786 4015 residuo
2813 3957 2965 4023 usui,
2995 3971 3068 4011 ex
3092 3955 3273 4010 ductu
3294 3952 3484 4017 fontis,
3505 3949 3607 4020 qui

1912 4051 2176 4107 omnium
2231 4048 2488 4104 obambit
2531 4047 2788 4110 cellulas,
2833 4052 2889 4102 et
2939 4043 3304 4114 singulorum
3326 4053 3425 4110 per
3454 4046 3610 4094 certa

1913 4139 2197 4197 foramina
2239 4137 2499 4194 aediculis
2551 4135 2762 4203 inﬂuit,
2826 4134 3058 4191 habent.
3118 4131 3294 4198 Pisce,
3341 4137 3394 4184 et
3447 4141 3608 4183 caseo

1915 4227 2246 4290 Dominicis,
2304 4235 2358 4282 et
2417 4225 2583 4281 valde
2631 4224 2787 4280 festis
2847 4222 3051 4278 diebus
3103 4227 3353 4276 utuntur
3398 4232 3410 4271 :
3457 4216 3610 4286 pisce

105 4334 474 4390 summopere
540 4317 851 4380 atl'ectaret,
914 4316 1130 4372 clerum
1195 4315 1527 4386 negligeret,
1594 4315 1807 4372 dixisse
1843 4383 1880 4390 _
1917 4317 2186 4382 dixerim,
2244 4329 2360 4371 non
2416 4328 2589 4385 quem
2646 4313 2754 4369 sibi
2806 4313 2908 4383 ipsi
2964 4316 3249 4376 emerunt,
3309 4307 3404 4363 sed
3434 4320 3608 4376 quem

109 4407 429 4478 aliquando
460 4405 709 4462 refertur
740 4420 752 4459 :
789 4425 816 4452 ‹‹
843 4405 1055 4470 Bonus,
1089 4403 1186 4470 ait,
1213 4383 1678 4459 esset'Remensis
1706 4417 1806 4459 ar-
1843 4383 1888 4437 Ῑ)
1919 4405 2205 4462 bonorum
2247 4383 2578 4473 aliquorum
2610 4401 2870 4457 virorum
2902 4399 3203 4470 largitione
3235 4394 3606 4465 susceperint.

108 4495 588 4566 chiepiscopatus,
620 4494 667 4548 si
696 4507 808 4548 non
835 4493 1035 4548 missas
1057 4491 1188 4547 inde
1218 4491 1440 4548 cantari
1465 4500 1800 4562 oporteret.»

177 4585 356 4658 Hugo
416 4581 670 4650 Diensis,
730 4579 1201 4652 archiepisc0pus
1249 4580 1666 4652 Lugdunensis,
1718 4578 1809 4635 vir

107 4671 378 4742 Optimus,
410 4672 752 4726 Manassen:
771 4668 1142 4723 anathemate
1165 4667 1320 4737 ferit.
1348 4697 1416 4708 -—
1451 4669 1638 4738 Hujus
1671 4682 1805 4739 ergo

108 4772 294 4816 mores
321 4772 560 4830 prorsus
606 4757 915 4827 improbos,
971 4764 1024 4811 et
1074 4755 1494 4825 stupidissimos
1550 4756 1804 4824 habitus,

109 4862 240 4904 cum
278 4848 468 4905 omnis
514 4847 791 4902 honestus
848 4845 1106 4900 horreret
1161 4846 1376 4910 Bruno,
1443 4844 1499 4898 in
1539 4844 1808 4900 Ecclesiis

110 4942 248 4992 tunc
303 4937 498 4992 Galliae
553 4933 1004 5004 opinatissimus,
1064 4947 1198 4988 cum
1266 4932 1395 4987 aliis
1453 4933 1807 5002 quibusdam

111 5023 475 5082 Remensium
505 5022 846 5079 clericorum
881 5019 1191 5088 nobilibus,
1221 5020 1452 5077 infamis
1477 5021 1632 5078 illius
1657 5023 1805 5090 odio,

113 5115 352 5170 excessit
377 5113 452 5168 ab
487 5111 648 5167 urbe.
681 5109 859 5177 Quem
889 5109 1250 5179 postmodum
1285 5121 1564 5179 proceres,
1595 5109 1807 5181 clerus,

115 5206 284 5268 atque
311 5201 656 5270 Burgenses,
689 5211 822 5253 cum
847 5197 920 5253 ab
949 5197 1212 5268 Hugone,
1230 5197 1356 5266 (qui
1377 5197 1600 5253 Diensis
1629 5211 1805 5268 agno-

118 5281 467 5356 minabatur)
542 5284 966 5354 archiepiscopo
1023 5285 1419 5356 Lugdunensi,
1489 5287 1810 5355 apostolicae

115 5367 260 5426 sedis
289 5371 496 5444 legato,
550 5372 679 5428 viro
709 5373 766 5427 in
821 5371 1014 5428 fenore
1037 5373 1274 5443 iustitiae
1321 5373 1656 5441 clarissimo,
1681 5388 1810 5430 cre-

120 5452 363 5516 berrimo
417 5460 785 5516 anathemate
817 5460 1104 5524 feriretur,
1136 5468 1191 5516 et
1245 5461 1336 5516 ille
1366 5475 1546 5516 manu
1577 5461 1811 5517 militari

121 5542 418 5606 thesauros
494 5547 744 5605 ecclesiae
824 5547 1144 5617 dilapidare
1220 5549 1520 5616 niteretur,
1575 5563 1610 5605 a
1656 5550 1806 5618 sede,

121 5644 290 5699 quam
350 5635 503 5693 male
527 5635 844 5703 obsederat,
906 5634 1373 5705 pepulerunt,-et
1402 5635 1604 5692 exsilio
1662 5637 1809 5692 rele-

1986 4493 2235 4557 Aurum,
2263 4497 2592 4561 argentum,
2642 4495 2980 4544 ornamenta
3020 4484 3269 4542 ecclesiae
3298 4498 3332 4538 a
3357 4482 3605 4547 nemine,

1914 4579 2058 4635 nihil
2086 4578 2239 4634 enim
2266 4577 2343 4634 ibi
2367 4585 2573 4648 praeter
2596 4577 2830 4632 calicem
2865 4582 3225 4646 argenteum.
3258 4576 3325 4627 At
3351 4569 3608 4627 eamdem

1914 4667 2212 4723 ecclesiam
2245 4681 2359 4721 non
2393 4665 2549 4721 horis
2579 4665 2776 4731 solitis,
2831 4664 2913 4720 uti
2948 4677 3068 4726 nos,
3112 4661 3210 4716 sed
3249 4659 3420 4715 certis
3465 4670 3610 4712 con-

1913 4757 2178 4812 veniunt.
2240 4754 2459 4822 Missas,
2501 4753 2609 4809 nisi
2667 4753 2852 4818 fallor,
2912 4749 3229 4815 Dominica,
3260 4755 3314 4802 et
3343 4744 3610 4802 solemni-

1916 4845 2026 4900 bus
2054 4843 2318 4899 audiunt.
2354 4842 2653 4912 Nusquam
2682 4856 2824 4912 pene
2854 4840 3195 4909 loquuntur,
3227 4849 3363 4890 nam
3392 4834 3439 4889 si
3469 4832 3611 4902 quid

1915 4932 2027 5002 peti
2058 4945 2284 4987 necesse
2335 4939 2440 4997 est,
2489 4930 2654 5001 signo
2683 4929 2956 5000 exigitur.
2989 4926 3228 4990 Vinum,
3267 4924 3316 4978 si
3373 4920 3610 4992 quando

1917 5020 2143 5087 bibunt,
2175 5019 2315 5075 adeo
2346 5026 2707 5088 corruptum,
2735 5025 2799 5074 ut
2829 5016 2908 5072 nil
2931 5015 3166 5082 virium,
3199 5012 3280 5068 nil
3329 5025 3470 5081 pene
3519 5023 3608 5065 sa-

1917 5108 2074 5180 poris
2094 5107 2392 5164 utentibus
2419 5107 2640 5173 ail‘erat,
2690 5107 2791 5162 vix
2815 5103 3109 5162 communi
3166 5102 3237 5158 sit
3266 5101 3424 5158 unda
3458 5112 3612 5170 prae—

1919 5198 2186 5254 stantius.
2217 5196 2428 5252 Ciliciis
2485 5195 2814 5252 vestiuntur
2853 5195 2926 5250 ad
2974 5193 3222 5260 nudum,
3273 5196 3610 5246 caaterarum

1917 5285 2164 5342 vestium
2192 5285 2375 5341 multa
2435 5283 2705 5341 tenuitas.
2744 5283 2862 5340 Sub
2889 5282 3076 5352 priore
3105 5287 3288 5351 agunt
3315 5275 3430 5348 (⁸⁸⁸),
3465 5277 3616 5331 vices

1919 5381 2112 5430 autem
2143 5373 2368 5429 abbatis
2412 5387 2480 5428 ac
2528 5372 2841 5442 provisoris
2893 5367 3463 5438 Gratianopolitanus
3489 5365 3615 5433 epi-

1919 5476 2124 5531 scopus
2155 5461 2242 5517 vir
2295 5461 2608 5531 plurimum
2642 5462 2944 5531 religiosus
2990 5456 3348 5528 exsequitur.
3381 5454 3525 5511 Cum
3558 5453 3616 5508 in

1919 5550 2252 5606 omnimoda
2290 5556 2623 5619 paupertate
2687 5564 2746 5604 se
2783 5548 3111 5617 deprimant
3141 5543 3228 5618 (⁸⁷)
3274 5543 3615 5600 ditissimam

1925 5645 2113 5717 tamen
2169 5638 2572 5694 bibliothecam
2624 5644 3020 5708 coaggerant;
3066 5649 3182 5705 quo
3223 5632 3377 5690 enim
3425 5630 3618 5686 minus
