3934 6418
313 395 419 452 855

1202 391 1265 447 ν.
1305 387 1637 446 GUIBERTI
1676 386 1967 444 ABBATIS
2005 385 2061 444 S.
2103 384 2345 444 ΗΑΒἰῶ
2382 386 2477 443 DE
2514 384 2916 457 NOVIGENTO

3728 387 3843 445 856

315 529 481 601 panis
511 529 691 601 huius
717 527 886 598 cepia
913 526 1225 584 materialis
1248 525 1592 592 exuberant,
1625 532 1783 581 tanto
1824 522 2007 594 magis
2041 523 2089 576 Α
2115 521 2279 579 ribus
2330 522 2689 579 inveniretur
2744 521 2875 579 tidei
2926 521 3223 591 vivacitas,
3257 536 3435 594 quam
3475 523 3535 580 in
3575 524 3723 592 illis,
3779 524 3841 580 in

317 619 431 687 illo,
466 618 571 688 qui
613 631 727 673 non
762 615 931 687 perit,
979 616 1077 673 sed
1125 615 1184 671 in
1230 622 1512 671 aternum
1544 619 1857 683 permanet,
1885 612 2012 669 cibo

314 720 549 777 operose
583 703 880 760 insudant.

396 793 559 847 Vasa
580 790 1121 864 argenteaacomite
1135 788 1486 844 Nivernensi
1502 787 1687 844 missa
1712 794 2010 861 respuunt.

315 909 389 955 -τ-
416 882 733 947 intantum,
768 878 1031 948 inquam,
1065 892 1183 934 sua
1210 886 1347 933 sunt
1376 877 1642 933 custodes
1688 878 1916 947 inopia,
1950 884 2014 933 ut

320 969 429 1024 hoc
467 969 588 1039 ipso
626 981 744 1038 quo
789 966 1019 1037 agimus
1059 980 1209 1021 anno
1258 964 1344 1033 (ιθ)
1392 966 1773 1021 Nevernensis
1827 979 2016 1021 comes

317 1057 410 1113 vir
434 1055 671 1111 omnino
696 1054 994 1125 religiosus
1037 1069 1105 1109 ac
1132 1062 1332 1124 potens
1350 1068 1466 1120 eos,
1481 1068 1662 1109 causa
1693 1054 2017 1110 devotionis

318 1152 374 1200 et
415 1144 644 1214 optima
683 1157 814 1212 qua
868 1142 1001 1197 hinc
1055 1149 1289 1197 emanat
1343 1141 1648 1211 opinionis,
1713 1142 2011 1198 inviserit:

322 1232 688 1300 multumque
728 1243 903 1299 super
950 1230 1213 1285 saculari
1268 1246 1363 1285 eos
1392 1229 1722 1299 cupiditate,
1755 1237 1823 1299 ut
1847 1245 2017 1286 cave-

320 1330 446 1378 rent
469 1321 620 1386 inde,
651 1319 958 1375 monuerit.
989 1320 1253 1390 Cumque
1277 1333 1572 1391 regressus
1597 1320 1667 1374 ad
1691 1334 1798 1376 sua
1816 1334 2015 1376 eorum

320 1408 668 1479 indigentia,
702 1420 875 1477 quam
910 1407 1151 1474 viderat,
1182 1409 1553 1475 meminisset,
1587 1416 1641 1463 et
1669 1409 2016 1465 monitorum

321 1512 451 1568 qua
478 1496 560 1553 eis
618 1496 891 1552 intulerat
938 1509 1315 1567 nequaquam
1366 1510 1583 1552 memor
1624 1504 1787 1561 esset,
1829 1496 2018 1552 nescio

321 1600 453 1656 qua
495 1592 789 1655 argentea,
839 1586 1087 1654 scyphos
1136 1585 1400 1641 videlicet
1428 1594 1484 1641 et
1513 1593 1739 1641 scutras
1765 1585 1860 1657 LII,
1894 1599 2021 1642 scu-

324 1673 530 1743 tellas],
594 1673 761 1743 pretii
830 1672 1066 1742 plurimi
1126 1674 1206 1729 eis
1250 1674 1440 1740 misit;
1493 1675 1589 1730 sed
1638 1682 1837 1730 eorum
1889 1689 2021 1744 qua

321 1761 547 1817 dixerat
585 1760 697 1816 illis
726 1773 1099 1830 nequaquam
1126 1760 1432 1815 obliviosos
1474 1760 1712 1815 invenit.
1746 1764 2016 1817 Commu-

323 1849 512 1905 nicato
559 1862 813 1918 namque
868 1862 1004 1903 mox
1062 1848 1316 1916 consilio,
1369 1862 1738 1919 quacunque
1795 1849 2019 1905 dixerat

323 1937 397 1993 ad
429 1937 718 2008 integrum
748 1936 996 1993 retutata
1025 1938 1254 2006 recepit.
1288 1958 1317 1985 ‹‹
1340 1936 1473 2002 Nos,
1507 1938 1801 2006 inquiunt,
1831 1952 2021 2008 neque

325 2024 384 2079 in
431 2023 699 2093 expensis
746 2022 976 2090 nostris,
1018 2037 1207 2093 neque
1240 2024 1296 2078 in
1347 2024 1599 2079 ecclesia
1640 2028 2016 2093 ornamentis,

323 2120 657 2168 exterarum
673 2111 974 2182 quidpiam
997 2112 1373 2181 pecuniarum
1403 2115 1648 2168 retinere
1678 2112 2015 2184 delegimus.

238 2240 251 2253 .
323 2199 395 2254 Et
418 2198 466 2253 si
498 2197 557 2254 in
588 2198 797 2255 horum
827 2199 1105 2255 alterutro
1153 2213 1268 2254 non
1316 2199 1690 2268 expenditur,
1719 2208 1784 2254 ut
1817 2200 1957 2270 quid
1987 2213 2021 2256 a

325 2285 488 2341 nobis
534 2285 894 2355 suscipitur?
932 2306 961 2335 »
1024 2285 1238 2341 Puduit
1296 2286 1491 2355 itaque
1544 2286 2021 2355 pravaricatoria

324 2381 525 2429 contra
579 2387 754 2430 suum
801 2386 1121 2430 sermonem
1175 2373 1480 2429 oblationis
1510 2373 1810 2429 comitem:
1846 2382 1901 2431 et
1932 2383 2020 2431 ta-

324 2475 459 2518 men
487 2462 847 2518 dissimulata
873 2460 1275 2531 aspernatione
1296 2475 1517 2527 eorum,
1551 2462 1725 2518 boum
1772 2471 2019 2534 tergora,

325 2557 382 2606 et
411 2563 760 2621 pergamena
807 2550 1060 2621 plurima
1096 2550 1497 2617 retransmisit,
1530 2565 1661 2620 qua
1693 2566 1834 2621 pene
1892 2553 2018 2609 ine-

325 2636 641 2694 vitabiliter
664 2638 801 2707 ipsis
831 2636 1149 2693 necessaria
1176 2650 1298 2693 esse
1323 2638 1616 2706 cognovit.

262 2736 265 2739 ‘
400 2725 715 2782 Carthasia
742 2723 1063 2797 descriptio.
1098 2754 1158 2765 —-
1193 2726 1447 2782 Vocatur
1488 2736 1681 2783 autem
1739 2727 1898 2784 locus
1928 2728 2023 2786 ille

328 2814 652 2879 Carthusia,
688 2814 744 2869 in
774 2829 891 2885 quo
912 2821 1065 2869 terra
1093 2813 1174 2869 rei
1200 2814 1592 2870 frumentaria
1607 2828 1783 2871 causa
1812 2831 2021 2887 parum

329 2902 402 2957 ab
435 2903 518 2958 eis
545 2901 773 2958 colitur.
816 2903 1031 2960 Verum
1062 2902 1373 2958 velleribus
1400 2916 1660 2971 suarum,
1714 2919 1862 2975 quas
1892 2907 2022 2975 plu-

328 2989 506 3045 rimas
561 2990 846 3059 nutriunt,
901 2990 1118 3058 ovium,
1171 2990 1608 3062 qualescunque
1652 2993 1773 3049 suis
1819 2995 2022 3053 usibus

2121 612 2337 682 quibus
2365 610 2798 683 grandavitatis
2834 625 2902 667 ac
2929 611 3181 667 scientia
3211 611 3438 669 ﬂoreret
3484 613 3838 669 auctoritas.

2192 701 2505 755 Innumera
2576 700 2858 755 construit
2926 699 3299 756 monasteria.
3360 730 3421 742 -—
3479 701 3628 759 Cum
3694 715 3843 772 ergo

2124 802 2415 858 nusquam
2464 788 2573 844 nisi
2641 788 2699 844 in
2749 788 3150 844 vetustissimis
3206 789 3566 846 monasteriis
3624 802 3843 845 mona-

2123 875 2367 931 chorum
2399 876 2713 931 haberetur
2764 875 3096 945 aliquorum
3143 876 3321 943 sedes,
3354 883 3657 945 caperunt
3694 876 3845 932 ubi—

2125 978 2237 1033 que
2263 963 2367 1018 loci
2391 977 2544 1018 nova
2574 966 2854 1021 construi.
2878 971 2931 1016 et
2963 963 3352 1032 undecunque
3398 962 3848 1019 conﬂuentibus

2125 1054 2319 1122 magni
2376 1052 2780 1107 alimentorum
2825 1052 3083 1107 redditus
3136 1051 3416 1106 adhiberi.
3458 1051 3690 1118 Quibus
3740 1052 3847 1106 'fa—

2121 1140 2305 1196 cultas
2356 1154 2471 1195 non
2520 1139 2737 1204 aderat,
2766 1146 2828 1195 ut
2864 1139 3279 1209 grandiuscula
3310 1139 3686 1205 fabricarent,
3740 1140 3843 1195 alii

2124 1228 2295 1291 binis,
2329 1227 2426 1283 alii
2470 1227 2792 1298 quaternis,
2838 1227 2935 1282 alii
2962 1234 3106 1297 quot
3155 1218 3416 1297 poterant
3444 1228 3667 1284 alendis
3714 1229 3847 1284 fra-

2124 1316 2312 1372 tribus
2338 1315 2559 1380 domos,
2579 1328 2645 1370 ac
2669 1315 2944 1371 victualia
2971 1315 3408 1385 componebant.
3435 1317 3593 1373 Unde
3610 1316 3847 1373 factum

2122 1412 2207 1459 est
2233 1404 2380 1460 utin
2411 1403 2583 1470 villis,
2619 1404 2855 1473 oppidis,
2886 1403 3131 1459 urbibus
3156 1411 3331 1473 atque
3375 1404 3681 1474 prasidiis,
3721 1406 3847 1461 imo

2126 1492 2299 1548 etiam
2333 1492 2470 1562 ipsis
2500 1491 2745 1548 saltibus
2801 1500 2978 1561 atque
3023 1492 3198 1563 agris,
3230 1493 3648 1548 monachorum
3683 1506 3845 1563 qua-

2128 1595 2482 1651 quaversum
2530 1594 2653 1636 sese
2698 1580 3017 1637 exercendo
3055 1580 3422 1637 dilatantium
3457 1589 3695 1650 repente
3724 1581 3847 1637 ter-

2127 1684 2262 1725 vere
2291 1669 2628 1725 viderentur
2672 1669 2961 1735 examina,
3022 1673 3168 1723 46'!
3215 1682 3403 1740 eaque
3450 1668 3574 1725 ioca
3628 1669 3844 1725 divino

2128 1758 2379 1825 nomine,
2405 1765 2460 1813 et
2480 1765 2814 1812 sanctorum
2845 1756 3098 1813 cultibus
3128 1759 3459 1824 emicarent,
3494 1758 3552 1813 in
3583 1758 3837 1829 quibus,

2127 1853 2183 1902 et
2211 1846 2397 1902 lustra
2421 1846 2697 1912 terarum,
2729 1853 2784 1901 et
2810 1846 3017 1914 spelaa
3047 1845 3335 1902 latronum
3359 1846 3725 1903 exstiterant.

2199 1933 2483 1990 Brunonis
2529 1935 2585 1987 et
2631 1931 3015 2003 dicipulorum
3057 1933 3184 2001 ejus
3212 1936 3535 2005 spontaneo
3572 1951 3839 2007 pauper-

2124 2024 2235 2077 tas.
2260 2020 2371 2087 Qui
2386 2020 2712 2075 institutum
2732 2019 2995 2092 arripere
3019 2020 3352 2092 nequibant,
3387 2021 3526 2094 quid
3551 2024 3835 2095 agebant.

2130 2140 2199 2151 —
2230 2108 2590 2165 Affectabant
2620 2109 2816 2179 itaque
2843 2116 3218 2178 spontaneam
3251 2109 3444 2166 subire
3494 2111 3837 2182 pauperiem

2128 2205 2210 2254 tot
2263 2197 2544 2267 exemplis
2609 2197 3019 2253 circumcincta
3080 2198 3366 2265 nobilitas,
3438 2208 3492 2255 et
3547 2200 3834 2267 coenobia,

2130 2301 2261 2358 qua
2292 2285 2543 2352 subibat,
2577 2285 2751 2340 rebus
2796 2299 2830 2339 a
2877 2299 2936 2340 se
2991 2286 3328 2355 contemptis
3380 2285 3668 2356 inferens;
3703 2288 3837 2343 aliis

2128 2375 2300 2432 etiam
2331 2374 2403 2429 ad
2434 2375 2554 2429 hac
2584 2373 2707 2442 ipsa
2752 2372 3048 2428 trahendis
3108 2373 3201 2443 pia
3247 2387 3472 2444 semper
3524 2376 3835 2432 venatione

2130 2463 2415 2520 tendebat.
2476 2465 2547 2516 At
2601 2461 2828 2517 femina
2900 2461 3095 2517 itidem
3169 2461 3423 2534 insignes
3479 2463 3830 2521 maritorum

2131 2550 2439 2607 ceiebrium
2475 2549 2780 2620 jugalitate
2810 2548 3052 2616 deserta,
3088 2555 3143 2604 et
3175 2561 3208 2602 a
3239 2549 3346 2617 piis
3371 2549 3643 2606 cordibus
3687 2550 3833 2607 libe-

2130 2652 2329 2695 rorum
2381 2638 2662 2703 abstenta,
2713 2636 2933 2692 collatis
2964 2636 3106 2692 inibi
3138 2636 3367 2706 opibus,
3431 2639 3834 2695 ecclesiasticis

2130 2725 2513 2796 sestipendiis
2541 2724 2973 2780 contradebant.
3021 2724 3128 2791 Qui
3176 2738 3333 2791 vero,
3386 2726 3472 2781 vel
3525 2740 3658 2797 qua
3711 2741 3831 2781 non

2131 2822 2391 2886 poterant
2449 2812 2622 2868 rebus
2679 2812 2751 2867 ad
2810 2813 3100 2883 integrum
3147 2813 3483 2869 renuntiare
3531 2812 3826 2882 possessis,

2128 2918 2222 2959 eos
2303 2902 2405 2972 qui
2474 2900 3024 2956 abrenuntiaverant
3084 2900 3298 2956 crebris
3369 2901 3827 2957 substantiarnm

2126 3004 2368 3048 suarum
2420 2989 2820 3059 largitionibus
2849 2988 3267 3056 sustentabant,
3296 2988 3562 3045 ecclesias
3589 2997 3646 3045 et
3677 2988 3825 3045 aita-

326 3075 522 3149 truges
549 3092 882 3149 comparare
910 3078 1057 3134 soliti
1081 3087 1235 3135 sunt.
1270 3078 1414 3135 Sunt
1443 3088 1635 3136 autem
1672 3081 1823 3137 intra
1851 3097 2022 3139 mon-
2061 3092 2102 3149 ο
2130 3080 2219 3136 ria
2247 3078 2426 3134 multa
2451 3076 3009 3149 jucundissimorum
3040 3090 3348 3133 munerum
3379 3078 3666 3133 oblatione
3709 3078 3825 3133 cir-

328 3172 442 3221 tem
473 3165 634 3222 illum
678 3166 1010 3223 habitacula
1064 3166 1236 3223 laicos
1291 3167 1650 3225 vicenarium
1712 3185 2022 3228 numerum

328 3254 664 3311 excedentes
718 3255 1077 3311 ﬁdelissimos
1125 3255 1449 3322 retinentia,
1497 3258 1601 3327 qui
1652 3258 1763 3314 sub
1822 3268 2020 3316 eorum

329 3350 512 3413 agunt
538 3342 855 3415 diligentia.
916 3344 985 3399 Hi
1018 3343 1198 3413 igitur
1234 3349 1392 3399 tanto
1422 3353 1620 3415 capta
1666 3347 2022 3418 contempla-

332 3429 500 3486 tionis
526 3430 748 3487 fervore
791 3431 1081 3496 feruntur,
1128 3437 1193 3486 ut
1240 3430 1404 3486 nulla
1455 3432 1727 3511 temporis
1771 3433 2020 3505 longitu-

329 3517 461 3574 dine
487 3531 522 3573 a
548 3532 656 3575 sua
704 3518 1063 3575 institutione
1118 3517 1414 3587 desistant,
1448 3533 1552 3576 nec
1600 3519 1798 3590 aliqua
1824 3521 2022 3578 ardua

330 3604 490 3661 illius
511 3606 964 3662 conversationis
996 3605 1377 3662 diuturnitate
1408 3614 1708 3675 tepescant.

397 3694 586 3748 Bruno
610 3691 674 3747 in
704 3691 990 3747 Calabria
1013 3692 1105 3747 sui
1126 3692 1382 3747 instituti
1409 3694 1691 3750 construit
1725 3703 2019 3755 monaste-

328 3778 505 3835 rium.
529 3778 769 3852 Refugit
786 3779 1197 3853 episcopatum.
1222 3812 1290 3821 -«
1320 3782 1458 3838 Inde
1478 3782 1669 3849 etiam,
1691 3798 1809 3854 qua
1834 3787 2021 3842 nescio

329 3868 627 3924 occasione
672 3869 955 3925 mirabilis
1014 3870 1115 3925 iste
1170 3872 1363 3926 Bruno
1393 3864 1681 3936 recedens,
1716 3881 2020 3944 postquam

331 3956 422 4011 his
470 3970 601 4026 qua
629 3956 1057 4026 pralibavimus
1112 3957 1461 4023 rudimenta,
1513 3959 1693 4016 multa
1736 3961 2019 4019 dictorum

328 4052 382 4100 et
437 4043 717 4102 factorum
788 4045 1168 4102 inculcatione
1230 4046 1586 4116 prastiterat,
1654 4050 1723 4105 ad
1801 4050 2021 4120 Apulos

327 4133 519 4189 nescio
547 4133 892 4190 Calabrosne
915 4134 1212 4199 concessit,
1246 4142 1299 4190 et
1330 4134 1540 4191 ibidem
1581 4136 1716 4193 huic
1741 4139 2019 4208 quiddam

328 4221 513 4277 simile
551 4221 786 4278 vivendi
816 4234 1001 4293 genus
1028 4221 1297 4278 instituit.
1329 4222 1409 4279 Ibi
1456 4239 1591 4279 cum
1623 4226 1807 4281 multa
1835 4226 2023 4281 humi-

328 4308 485 4365 litate
513 4322 572 4365 se
605 4317 822 4381 ageret,
870 4317 927 4366 et
970 4309 1303 4367 omnimoda
1347 4313 1574 4381 piorum
1623 4314 2019 4383 exemplorum

2132 3166 2502 3232 cumdabant,
2530 3173 2586 3221 et
2602 3164 2982 3221 orationehac
3007 3164 3098 3234 pie
3119 3164 3350 3221 vivendi
3372 3166 3629 3233 modum,
3652 3174 3823 3236 quem

2134 3254 2273 3311 tales
2305 3252 2580 3308 imitando
2618 3252 2853 3322 exsequi
2886 3267 3001 3308 non
3044 3261 3327 3322 poterant,
3371 3253 3505 3309 talia
3558 3253 3825 3310 facientes

2133 3342 2379 3413 propriis
2412 3341 2482 3396 ad
2534 3341 2591 3396 id
2648 3339 2975 3396 iaciendum
3008 3341 3270 3411 juvando
3314 3342 3675 3410 substantiis,
3732 3342 3824 3397 in-

2132 3439 2420 3502 quantum
2451 3428 2690 3486 licuerat
2717 3441 3025 3498 exaquare
3052 3429 3379 3485 studebant.

2207 3518 2366 3575 Unde
2397 3518 2637 3587 contigit
2669 3525 2731 3573 ut
2761 3517 2852 3572 his
2908 3517 3283 3587 temporibus,
3342 3526 3396 3575 et
3452 3519 3824 3576 multitudine

2131 3608 2429 3664 dationum
2459 3613 2515 3662 et
2551 3606 2835 3674 dantium,
2890 3605 3005 3661 imo
3068 3606 3251 3675 magis
3300 3607 3530 3663 solertia
3587 3608 3659 3664 ad
3717 3609 3823 3665 hoc

2131 3694 2404 3766 propositi
2432 3693 2810 3759 venientium,
2863 3693 3234 3750 ecclesiarum
3295 3695 3639 3752 habitatores
3671 3698 3819 3753 mul-

2130 3786 2345 3843 timoda
2373 3799 2481 3841 sua
2524 3783 2926 3854 procuratione
2949 3783 3306 3854 juvantium,
3343 3785 3401 3840 in
3431 3793 3656 3842 tantum
3684 3801 3820 3856 pro-

2129 3880 2501 3930 moverentur
2526 3871 2802 3937 canobia,
2836 3878 2902 3926 ut
2929 3871 3267 3940 quotidiana
3294 3871 3366 3927 ab
3401 3872 3529 3937 illis,
3552 3873 3649 3943 qui
3681 3882 3819 3930 tunc

2131 3960 2433 4025 florebant,
2465 3958 2728 4026 statibus,
2787 3971 2886 4027 per
2926 3966 3373 4013 succrescentem
3414 3958 3815 4016 modernorum

2131 4048 2453 4118 nequitiam
2478 4046 2790 4102 videantur
2820 4045 3068 4101 incidere
3105 4045 3466 4101 detrimenta.
3513 4048 3637 4102 1am
3664 4062 3817 4103 nunc

2128 4136 2303 4197 enim,
2349 4136 2494 4206 proh
2548 4135 2740 4191 dolori
2796 4149 2929 4204 qua
2986 4133 3319 4205 huiusmodi
3355 4133 3650 4191 affectione
3689 4150 3811 4207 per-

2127 4224 2268 4280 moti
2328 4225 2465 4280 locis
2518 4225 2698 4281 sacris
2760 4223 3055 4279 contulere
3104 4230 3388 4293 parentes,
3446 4232 3549 4280 aut
3594 4227 3815 4294 penitus

2128 4313 2501 4376 subtrahunt,
2559 4320 2662 4369 aut
2690 4312 2924 4368 crebras
2962 4312 3378 4382 redemptiones
3431 4312 3660 4384 exigere
3702 4328 3812 4369 non

328 4393 661 4464 prabitione
692 4394 1150 4468 circumquaque
1205 4396 1469 4469 fulgeret,
1525 4400 1597 4455 ad
1639 4400 1909 4471 episcopii
1938 4402 2019 4458 di-
2055 4390 2100 4445 Β
2131 4401 2399 4458 desinunt
2456 4400 2577 4470 filii,
2633 4414 2669 4457 a
2696 4408 2929 4471 patrum
2970 4399 3370 4457 voluntatibus
3402 4415 3813 4473 usquequaque

327 4482 605 4552 gnitatem
657 4483 729 4540 ab
780 4485 1089 4554 apostolica
1140 4486 1272 4543 sede
1326 4488 1627 4558 quasitus,
1695 4496 1752 4545 et
1804 4497 2015 4561 tentus,

325 4570 493 4642 fugit.
524 4572 596 4628 Et
624 4572 902 4630 saculum
933 4575 1174 4642 veritus,
1206 4588 1281 4631 ne
1308 4588 1377 4631 ea
1405 4589 1539 4646 qua
1585 4577 1654 4633 de
1685 4579 1799 4633 Deo
1827 4587 2020 4650 gusta-

325 4666 433 4725 rat,
457 4659 761 4728 amitteret,
788 4661 845 4717 in
870 4656 1143 4719 dilatione
1182 4662 1327 4719 tanti
1357 4663 1616 4720 muneris
1642 4679 1758 4721 non
1796 4665 2013 4736 divina,

323 4747 419 4805 sed
448 4748 750 4806 sacularia
777 4750 1084 4807 recusavit.
1504 4778 1509 4781 η

405 4835 1267 4903 Viriacfeminaittiusvivendi
1270 4855 1453 4912 genus
1463 4841 1780 4913 arripiunt.
1813 4842 2015 4899 Etiam

318 4924 597 4980 decennes
652 4929 709 4981 et
763 4927 1126 4981 undecennes
1163 4926 1439 4992 infantes.
1494 4958 1566 4971 —
1594 4932 1712 4997 Ha,
1749 4930 2012 5002 inquam,

320 5028 575 5084 persona
603 5015 1046 5072 conversionum
1100 5024 1242 5072 tunc
1291 5018 1564 5088 temporis
1590 5019 1851 5076 extulere
1897 5020 2015 5090 pri-

319 5101 563 5158 mordia.
627 5103 727 5159 His
781 5103 1065 5160 cohasere
1117 5106 1393 5163 continuo
1440 5107 1724 5174 virorum,
1774 5107 2010 5164 femina-

319 5205 569 5262 rumque
590 5205 813 5261 greges,
840 5191 1027 5248 omnis
1056 5192 1319 5262 protinus
1346 5195 1485 5251 ordo
1513 5195 1825 5252 concurrit.
1865 5194 2011 5263 Quid

316 5280 386 5336 de
437 5278 705 5335 atatibus
751 5279 959 5349 loquar
985 5282 1011 5333 ?
1042 5284 1186 5336 Cum
1238 5282 1518 5339 decennes
1544 5291 1601 5339 et
1647 5284 2011 5341 undecennes

316 5367 585 5423 infantuli
617 5365 820 5423 senilia
850 5366 1286 5436 meditarentur,
1328 5377 1385 5426 et
1422 5370 1602 5427 multo
1643 5372 2012 5442 castigatiora

316 5461 602 5526 gererent,
624 5467 802 5524 quam
851 5455 1087 5511 atatula
1147 5459 1483 5525 pateretur?
1541 5458 1737 5515 Flebat
1781 5461 1840 5514 in
1898 5460 2012 5516 illis

314 5541 786 5599 conversionibus
814 5543 969 5614 quod
1022 5544 1082 5601 in
1116 5544 1374 5614 antiquis
1404 5545 1526 5602 ﬁeri
1556 5547 1770 5603 solebat
1800 5556 2011 5618 marty-

314 5631 499 5699 ribus,
550 5636 615 5688 nt
661 5630 847 5703 major
907 5632 967 5689 in
1021 5631 1406 5693 imbeciiiibus
1430 5635 1757 5705 tenerisque
1799 5648 2007 5706 corpo-

2129 4491 2456 4561 degeneres.

2384 4602 2387 4603 ν
2776 4574 3006 4633 CAPUT
3044 4576 3171 4632 XII.

2195 4669 2422 4723 Iterum
2446 4664 2519 4720 de
2540 4668 2862 4720 matrem
2900 4663 3089 4720 multa
3130 4667 3339 4720 auexit
3375 4664 3691 4722 Guibertus.
3742 4696 3806 4709 -

2124 4754 2214 4810 Ad
2271 4762 2324 4810 te
2375 4753 2604 4809 tandem
2634 4760 2759 4822 post
2788 4754 2891 4809 has
2934 4753 3401 4810 ratiocinationes
3437 4755 3624 4822 redeo,
3664 4755 3808 4812 Deus

2124 4855 2305 4910 meus,
2330 4836 2505 4917 θυι)θῂ
2536 4840 2691 4898 illius
2748 4841 2912 4898 bona
2968 4841 3225 4899 mulieris
3265 4844 3466 4899 matris
3508 4856 3643 4900 mea
3673 4856 3807 4899 con-

2120 4931 2406 4987 versione.
2431 4916 2568 4997 Qua
2598 4929 2884 5001 siquidem
2916 4929 2990 4986 ab
3020 4930 3190 4986 annis
3216 4929 3317 4986 vix
3348 4929 3644 4987 nubilibus
3666 4932 3802 5001 patri

2122 5033 2270 5088 meo,
2304 5032 2540 5088 prorsus
2568 5017 2930 5087 adolescenti,
2966 5032 3075 5074 avo
3124 5033 3250 5074 meo
3292 5019 3641 5088 providente,
3672 5034 3801 5075 con-

2124 5107 2353 5174 tradita,
2381 5121 2514 5163 cum
2544 5115 2690 5163 esset
2714 5108 2855 5163 scito
2889 5107 3202 5163 admodum
3232 5106 3421 5173 vultu,
3451 5114 3507 5162 et
3549 5107 3661 5162 oris
3704 5108 3800 5163 ha-

2120 5196 2383 5253 bitudine
2412 5195 2756 5251 naturaliter
2779 5208 2847 5249 ac
2874 5195 3269 5251 decentissime
3299 5195 3464 5265 gravi
3514 5196 3751 5265 ingenua
3781 5213 3797 5267 ;

2119 5292 2311 5341 tamen
2369 5282 2547 5339 divini
2607 5282 2857 5338 nominis
2907 5282 3164 5338 timorem
3240 5282 3297 5337 in
3369 5283 3506 5352 ipsis
3558 5284 3797 5354 pueritia

2116 5372 2427 5442 parturivit
2448 5370 2652 5426 initiis.
2688 5371 2773 5425 Ita
2802 5370 2955 5425 enim
2986 5385 3101 5427 non
3130 5372 3502 5441 experientia,
3547 5372 3639 5428 sed
3668 5387 3792 5443 quo-

2117 5459 2249 5514 dam
2283 5459 2515 5527 superni
2550 5466 2736 5513 metus
2768 5458 3002 5513 incussu
3056 5459 3293 5515 horrere
3324 5467 3617 5528 peccatum
3665 5459 3795 5515 didi-

2116 5553 2290 5613 cerat,
2343 5554 2398 5602 et
2454 5554 2519 5602 ut
2569 5546 2692 5616 ipsa
2742 5545 2879 5601 mihi
2939 5548 3147 5616 sapius
3198 5548 3411 5604 referre
3451 5547 3680 5616 solebat,
3718 5548 3792 5604 ita

2116 5632 2322 5690 subita
2355 5633 2558 5691 timore
2586 5633 2786 5691 mortis
2812 5641 3061 5692 mentem
3092 5634 3569 5708 ingurgitaverat,
3602 5644 3661 5693 ut
3681 5638 3793 5708 jam
