3934 6420
111 410 222 465 857

1253 412 1347 471 DE
1377 413 1544 472 VITA
1584 414 1717 473 SUA
1753 415 1942 474 LIBRI
1980 419 2179 476 TRES.
2201 449 2272 460 —
2299 421 2430 477 LIB.
2474 423 2518 477 l.

109 543 443 612 grandaeva
469 542 704 611 doleret,
729 544 883 614 quod
906 559 1020 600 non
1043 545 1269 601 eosdem
1292 546 1351 601 in
1379 555 1606 604 maturo
1627 548 1821 603 animo
1861 551 1908 605 Α
1940 551 2271 609 tunicarum
2301 554 2572 626 angustia
2613 553 2724 625 (ιθ),
2766 555 3094 613 calceorum
3139 557 3207 612 de
3246 557 3516 614 Corduba
3543 572 3640 615 ro-

113 631 255 686 boni
292 631 568 687 stimulos»
618 632 850 702 pavoris
895 633 1147 701 haberet,
1205 649 1350 705 quos
1403 649 1457 690 tn
1491 636 1621 692 rudi
1651 643 1706 692 et
1732 651 1832 692 ne-

113 719 239 775 scio
267 733 508 788 prorsus
534 719 836 775 habuerat.

191 807 418 863 Accidit
446 807 626 878 igitur
657 817 719 864 ut
761 809 1069 864 efficientia
1099 810 1443 880 conjugalis,
1480 811 1536 865 in
1590 811 1711 881 ipso
1744 812 1831 868 le-

113 896 340 966 gitimae
399 897 555 951 illius
611 896 1108 953 confmder'ationis
1153 899 1410 965 exordio,
1444 901 1832 969 quorumdam

105 984 418 1039 maleficiis
473 985 812 1040 solveretur.
869 985 1199 1041 Novercalis
1257 987 1410 1043 enim
1454 987 1589 1043 huic
1632 988 1830 1044 matri-

116 1071 322 1125 monio
358 1085 470 1125 non
504 1071 750 1126 defuisse
784 1071 1078 1128 ferebatur
1121 1073 1360 1142 invidia,
1404 1089 1535 1144 qua:
1568 1075 1833 1145 plurimae

111 1159 329 1228 speciei
362 1168 418 1215 et
445 1161 672 1229 generis
701 1175 834 1214 cum
867 1168 1062 1229 neptes
1087 1159 1346 1229 haberet,
1381 1163 1439 1217 in
1469 1163 1538 1218 iis
1572 1164 1830 1233 aliquam

110 1255 364 1316 paterno
412 1255 534 1302 toro
558 1248 902 1302 moliebatur
945 1248 1305 1319 immergere.
1339 1250 1500 1316 Quod
1547 1266 1679 1307 cum
1732 1252 1833 1306 mi-

116 1336 285 1391 nime
348 1335 710 1404 processisset
767 1335 838 1390 ad
893 1345 1111 1404 votum,
1147 1339 1340 1406 pravis
1364 1339 1577 1395 dicitur
1606 1340 1832 1396 artibus

115 1423 404 1492 effecisse,
461 1432 523 1479 ut
575 1423 811 1479 thalami
889 1425 1124 1480 omnino
1193 1435 1518 1483 cessaretur
1571 1428 1825 1484 effectus.

114 1512 393 1581 Cumque
447 1512 668 1582 integro
719 1512 1036 1582 virginium
1094 1513 1380 1570 illibatum
1426 1517 1831 1585 permansisset

115 1601 394 1666 triennio,
445 1608 500 1654 et
531 1600 642 1655 sub
690 1615 901 1671 magno
933 1608 1158 1657 tantum
1189 1602 1573 1659 infortunium
1602 1618 1827 1674 preme-

107 1696 287 1744 retur
336 1688 582 1754 silentio,
636 1689 865 1743 tandem
933 1703 968 1743 a
1011 1691 1134 1744 suis
1213 1691 1422 1746 citatus
1485 1692 1826 1747 necessariis

113 1785 288 1847 pater
343 1790 462 1832 rem
534 1777 756 1846 primus
805 1778 1074 1846 prodidit.
1125 1777 1368 1845 Quantis
1425 1788 1592 1849 putas
1645 1781 1828 1836 modis

113 1865 498 1922 elaboravere
548 1874 832 1936 parentes,
869 1874 932 1922 ut
974 1867 1286 1923 divortium
1345 1867 1503 1924 ﬁeret
1535 1869 1682 1924 inter
1711 1885 1826 1936 eos,

114 1962 178 2010 et
215 1963 434 2024 patrem
481 1969 672 2009 meum
711 1962 963 2024 tempore
1007 1956 1301 2025 juvenem,
1362 1971 1535 2012 sensu
1568 1957 1825 2013 hebetem

113 2043 462 2098 monachice
523 2043 718 2098 sedulo
773 2044 1231 2111 commovebant,
1304 2045 1434 2101 licet
1475 2052 1616 2100 tunc
1656 2060 1829 2115 super

114 2135 236 2190 hoc
265 2133 467 2188 ordine
496 2146 666 2189 rarus
700 2134 863 2189 valde
893 2135 1202 2190 haberetur
1237 2150 1424 2190 sermo
1454 2151 1466 2190 :
1501 2137 1655 2205 quod
1689 2137 1827 2206 qui-

115 2223 255 2278 dem
317 2237 434 2276 non
487 2222 690 2277 salutis
746 2221 872 2291 ejus
921 2237 1117 2288 causa,
1148 2231 1206 2278 at
1236 2238 1372 2280 vero
1403 2225 1826 2293 possessionum

114 2311 254 2381 ejus
276 2310 723 2364 obtinendarum
763 2309 1076 2366 intentione
1109 2311 1296 2367 fiebat.

203 2398 420 2454 Verum
452 2406 756 2466 postquam
782 2398 904 2454 haec
929 2413 1131 2454 eorum
1159 2400 1451 2470 suggestio
1483 2400 1561 2454 nil
1591 2399 1829 2466 evaluit,

126 2486 392 2558 puellam
423 2486 638 2542 crebris
685 2495 980 2556 coeperunt
1022 2501 1228 2557 urgere
1261 2488 1590 2557 latratibus,
1624 2499 1688 2544 ut
1736 2489 1828 2543 vi-

125 2574 341 2630 delicet
372 2588 406 2628 a
436 2574 557 2630 suis
590 2575 754 2645 longe
790 2575 970 2643 posita
994 2575 1132 2630 dum
1181 2584 1551 2632 externorum
1600 2589 1830 2646 oppres-

125 2662 401 2719 sionibus
427 2662 774 2731 pulsaretur,
808 2662 930 2718 sine
962 2663 1078 2718 ullo
1110 2665 1352 2734 repudio
1378 2679 1480 2734 per
1508 2681 1566 2720 se
1600 2666 1832 2736 injuriis

123 2750 376 2819 fatigata
407 2749 738 2805 discederet.
793 2750 1017 2805 Interea
1048 2749 1145 2805 illa
1200 2751 1336 2821 pati,
1371 2767 1503 2822 quae
1535 2753 1832 2824 impenge-

122 2840 353 2895 bantur
385 2839 561 2894 verba
608 2839 1015 2908 aequanimiter
1065 2839 1336 2908 tolerare;
1371 2840 1417 2895 si
1449 2841 1589 2911 quid
1621 2841 1831 2897 exinde

119 2929 659 2985 controversiarum
706 2937 1040 2999 emergeret,
1090 2943 1157 2984 ac
1187 2930 1234 2985 si
1279 2931 1491 2996 nescia,
1553 2932 1828 2987 dissimu-

121 3017 276 3073 lare.
313 3017 524 3072 Praeter
555 3016 677 3071 haec
705 3031 836 3072 cum
869 3031 994 3072 eam
1024 3017 1444 3086 opulentissimi
1495 3020 1730 3089 quidam
1759 3022 1833 3077 ab

116 3120 244 3162 usu
281 3103 525 3160 maritali
557 3113 845 3160 exsortem
883 3105 1301 3174 conspicerent,
1353 3116 1651 3176 cmperunt
1701 3109 1833 3163 ani-

118 3207 294 3250 mum
326 3194 553 3263 pulsare
585 3193 949 3264 juvenculae;
1012 3195 1104 3248 sed
1135 3202 1218 3260 tu,
1272 3194 1528 3262 Domine,
1555 3197 1832 3254 castitatis

123 3284 380 3338 interna
411 3282 704 3348 fundator,
743 3289 806 3338 tu
849 3282 897 3337 ei
930 3283 1372 3338 sanctimoniam
1425 3284 1826 3353 inspiraveras,

123 3385 314 3442 quam
342 3385 454 3425 non
480 3371 806 3440 patiebatur
836 3382 1048 3426 natura
1088 3385 1191 3426 nec
1221 3379 1378 3426 aetas.
1408 3373 1491 3427 Ex
1528 3381 1600 3439 te,
1635 3373 1828 3429 Domi-

123 3474 222 3527 ne,
261 3459 529 3524 habebat,
567 3458 720 3528 qnod
773 3458 830 3512 in
865 3458 996 3528 igne
1059 3459 1241 3528 posita
1293 3473 1406 3515 non
1439 3460 1694 3517 ardebat.
1743 3462 1831 3519 Tu

122 3547 383 3603 faciebas
414 3546 566 3616 quod
590 3547 658 3601 ad
685 3545 1170 3615 praestillationem
1195 3547 1481 3604 malorum
1513 3547 1828 3619 colloquio-

121 3650 263 3692 rum
321 3649 508 3690 mores
562 3635 688 3704 ejus
749 3633 852 3690 etsi
908 3636 1087 3690 teneri
1169 3651 1281 3691 non
1333 3637 1824 3706 depravabantur,

120 3725 242 3780 imo
277 3724 433 3793 quod
461 3723 651 3778 oleum
704 3724 930 3778 camino
985 3723 1325 3792 addebatur,
1383 3725 1536 3794 quod
1567 3725 1829 3780 videlicet

120 3813 504 3868 naturalibus
539 3812 694 3881 (quae
720 3812 931 3868 habere
963 3812 1286 3868 humanum
1319 3821 1402 3868 est
1430 3821 1484 3868 et
1503 3815 1828 3883 commune)

118 3901 381 3957 molibus
409 3909 651 3956 externa
693 3900 977 3956 lenocinia
1030 3902 1491 3957 adhibebantur:
1541 3912 1595 3957 et
1635 3911 1828 3959 tamen

120 3989 497 4059 virgunculae
521 3990 752 4044 animus
781 3989 868 4044 sui
920 4004 1140 4058 semper
1166 4003 1369 4060 capax,
1416 3990 1594 4046 nullis
1634 3991 1826 4046 incen-

123 4077 262 4132 tivis
288 4085 457 4132 extra
487 4092 544 4132 se
579 4077 888 4133 ferebatur.
921 4078 1125 4134 Nonne
1177 4080 1295 4134 haec
1327 4078 1408 4134 tui
1463 4079 1642 4134 solius
1692 4087 1830 4136 sunt

122 4179 324 4234 opera,
377 4165 635 4233 Domine,
688 4165 790 4236 qui
822 4179 948 4222 eam
1011 4167 1072 4222 in
1116 4168 1404 4236 primawae
1434 4169 1618 4223 aetatis
1641 4168 1827 4224 calore

124 4257 395 4325 positam,
427 4263 482 4311 et
510 4256 745 4310 omnino
769 4254 988 4327 jugiter
1021 4256 1078 4310 in
1111 4255 1247 4324 ipsis
1273 4255 1679 4326 conjugalibus
1710 4256 1830 4310 offi-

122 4344 228 4400 ciis
253 4344 648 4409 constitutam,
678 4345 974 4414 septennio
1020 4344 1243 4414 integro
1301 4345 1410 4399 sub
1447 4352 1605 4399 tanta
1636 4346 1827 4399 conti-

1941 648 2058 695 stro
2089 642 2332 707 torticia,
2366 643 2540 699 totius
2571 643 2790 714 ubique
2815 644 3107 714 jacturam
3160 646 3358 702 videas
3389 647 3642 704 clamare

1943 729 2195 796 pudoris.
2267 729 2534 786 jEstimat
2589 745 2649 786 se
2720 732 2991 801 quaelibet
3044 741 3334 789 extremas
3385 735 3641 806 attigisse

1939 815 2218 882 miserias,
2251 816 2298 871 si
2349 817 2698 873 amasiorum
2748 819 3018 888 opinione
3066 823 3353 890 caruerit;
3387 831 3442 878 et
3482 831 3640 878 tanto

1940 904 2046 958 sibi
2084 904 2397 960 nobilitatis
2435 913 2488 960 et
2510 907 2688 961 curim
2721 907 2963 976 gloriam
2997 917 3250 980 arrogat,
3286 925 3402 980 quo
3435 911 3638 981 hujus-

1941 992 2438 1062 modiprocorum
2468 1009 2709 1050 numero
2761 996 3088 1052 llorentiore
3127 999 3432 1055 redundat.
3483 1001 3636 1069 Erat,

1942 1087 2115 1136 testor
2151 1081 2354 1148 Deum,
2409 1089 2551 1137 tunc
2595 1082 2866 1150 temporis
2904 1083 3090 1153 major
3120 1083 3176 1139 in
3209 1085 3350 1139 viris
3399 1085 3641 1142 feminas

1941 1169 2285 1225 ducentibus
2319 1170 2524 1239 pudor,
2560 1169 2851 1225 intantnm
2893 1180 2958 1228 ut
2984 1171 3163 1227 videri
3197 1173 3344 1228 inter
3376 1173 3496 1228 hinc
3547 1174 3637 1246 ιη,

1942 1257 2069 1328 has]
2094 1258 2516 1323 erubescerent,
2553 1272 2728 1328 quam
2764 1259 2929 1314 modo
2978 1261 3034 1314 in
3080 1261 3439 1317 nubentibus
3469 1261 3638 1317 femi—

1939 1346 2032 1400 nis
2088 1345 2418 1401 habeatur:
2461 1361 2607 1415 quos
2660 1355 2810 1402 certe
2872 1348 2980 1402 ista
3025 1349 3351 1403 verecunda
3413 1352 3640 1420 negotia

1934 1433 2304 1504 jactantiores
2329 1442 2383 1490 et
2405 1433 2508 1488 fori
2541 1447 2607 1489 ac
2636 1433 2848 1503 publici
2883 1436 3230 1492 amantiores
3249 1435 3527 1494 efficiunt.

1990 1513 2082 1578 'Ut
2109 1520 2248 1591 quid
2317 1521 2442 1587 hoc,
2478 1522 2715 1577 Domine
2749 1524 2894 1577 Deus
2956 1538 3138 1590 meus,
3189 1525 3298 1579 nisi
3331 1525 3470 1593 quia
3510 1527 3634 1582 ideo

1938 1609 2138 1664 nullus
2166 1623 2340 1678 super
2369 1622 2475 1664 sua
2515 1610 2744 1665 levitate
2784 1625 2852 1665 ac
2879 1612 3116 1667 lascivia
3144 1613 3451 1682 erubescit,
3482 1616 3635 1684 quod

1937 1712 2133 1753 omnes
2180 1698 2356 1753 teneri
2413 1698 2522 1753 sub
2556 1700 2676 1768 pari
2727 1707 2862 1754 nota
2921 1701 3216 1770 conspicit.
3261 1702 3493 1758 Etcum
3527 1704 3636 1760 sub

1937 1785 2134 1840 eodem
2181 1784 2410 1852 affectu,
2464 1800 2637 1855 quem
2687 1786 2899 1842 habent
2957 1802 3174 1855 omnes,
3259 1804 3403 1858 pene
3467 1805 3639 1862 agere

1938 1872 2171 1939 sentiat;
2206 1871 2378 1938 unde,
2414 1887 2630 1942 quaeso,
2664 1874 2838 1928 studii
2893 1873 3074 1944 hujus
3113 1888 3245 1930 eum
3283 1875 3512 1944 pudeat,
3562 1877 3638 1932 ad

1935 1961 2090 2031 quod
2143 1961 2465 2029 coaspirare
2509 1969 2740 2016 caeteros
2769 1961 2995 2017 videat?
3053 1962 3156 2017 Sed
3204 1977 3311 2018 cur
3367 1963 3491 2019 dico
3522 1979 3636 2034 pu—

1935 2050 2083 2116 deat,
2135 2063 2268 2104 cum
2315 2049 2420 2105 hoc
2466 2049 2654 2105 solum
2711 2049 2924 2106 talibus
2982 2049 3054 2106 sit
3101 2051 3330 2120 pudori,
3396 2053 3441 2108 si
3500 2054 3633 2123 quis

1936 2151 2136 2192 eorum
2167 2137 2223 2191 in
2263 2138 2646 2206 exemplanda
2697 2137 2934 2193 libidine
2964 2140 3161 2195 minus
3206 2140 3493 2196 emineat?
3523 2142 3639 2196 Nec

1938 2225 2152 2280 detinet
2182 2239 2282 2293 pro
2313 2239 2578 2280 amorum
2626 2241 2888 2293 numero,
2924 2234 3024 2282 aut
3057 2228 3265 2283 selecta
3289 2243 3464 2298 quam
3515 2229 3638 2285 ale-

1937 2313 2024 2368 xit
2054 2312 2239 2382 specie
2261 2313 2514 2383 aliquem
2562 2313 2789 2383 privata
2814 2315 3113 2384 jactantia,
3148 2331 3338 2386 neque
3377 2325 3638 2373 contem-

1942 2409 2072 2471 ptus
2110 2409 2194 2457 est
2237 2416 2303 2456 eo
2349 2402 2723 2473 singulariter
2772 2403 2931 2475 apud
2982 2411 3034 2459 te
3074 2405 3418 2460 intumuisse
3475 2407 3632 2476 quod

1941 2497 2118 2558 amat,
2149 2489 2246 2545 sed
2273 2505 2639 2545 communem
2678 2492 3105 2560 corruptionem
3137 2492 3447 2562 magnifico
3480 2495 3635 2562 apud

1940 2579 2240 2634 universos
2303 2579 2498 2634 favore
2562 2579 2943 2635 concelebrat.
3015 2581 3156 2635 Ecce
3211 2580 3447 2647 clamor,
3499 2581 3639 2636 dum

1941 2667 2096 2737 quod
2127 2668 2452 2722 verecunde
2485 2667 2593 2737 tegi
2617 2667 2914 2733 debuerat,
2939 2667 3075 2722 dum
3109 2669 3262 2738 quod
3290 2669 3638 2724 conscientia

1941 2753 2246 2810 debilitata:
2317 2754 2595 2810 castitatis
2655 2763 2910 2821 accusat,
2976 2763 3032 2811 et
3096 2756 3350 2812 omnimo
3394 2757 3636 2826 deprimi

1941 2843 2183 2912 dignum
2248 2850 2394 2909 erat,
2449 2841 2648 2897 effreni
2701 2856 2801 2911 per
2826 2842 3083 2898 inclitam
3127 2845 3428 2913 pravitatis
3459 2845 3638 2900 licen-

1940 2930 2076 2984 tiam
2115 2929 2291 2984 animi
2344 2937 2557 2984 aeterno
2605 2929 2996 2985 damnandam
3055 2930 3280 2986 silentio
3331 2931 3638 3001 impudens

1941 3017 2074 3088 quis
2124 3018 2240 3072 huc
2294 3017 2546 3086 illucque
2605 3017 2895 3085 praedicat.
2958 3019 3074 3073 Hoc
3121 3025 3176 3073 et
3219 3019 3397 3090 hujus
3464 3019 3636 3074 simili

1871 3137 1910 3192 ρ
1943 3105 2110 3160 modo
2142 3106 2479 3161 modernum
2507 3103 2614 3160 hoc
2645 3105 2920 3160 saeculum
2976 3107 3376 3175 corrumpitur
3418 3115 3473 3162 et
3504 3121 3637 3162 cor-

1937 3194 2174 3264 rumpit,
2207 3195 2346 3250 dum
2365 3194 2511 3248 male
2540 3201 2810 3262 concepta
2841 3195 2896 3247 in
2928 3193 3069 3249 alios
3099 3195 3338 3264 spargit,
3372 3208 3636 3263 sparsum

1936 3285 2108 3340 etiam
2141 3297 2327 3352 usque
2359 3283 2416 3336 in
2451 3281 2742 3337 infinitum
2776 3282 3044 3338 traduma
3073 3282 3324 3338 foeditate
3348 3297 3636 3353 propaga-

1936 3377 2032 3427 tur
2060 3372 2115 3425 in
2147 3371 2375 3426 alteros.

2007 3461 2159 3516 Deus
2185 3468 2397 3525 sancte,
2446 3458 2591 3514 nihil
2644 3473 2784 3528 pene
2836 3460 3046 3515 horum
3099 3474 3165 3516 eo
3210 3468 3484 3529 tempore,
3516 3473 3634 3530 quo

1937 3549 2033 3604 illa
2060 3548 2278 3603 famula
2311 3556 2410 3603 tua
2431 3548 2512 3603 sic
2555 3548 2782 3618 agebat,
2821 3549 3048 3618 uspiam
3094 3549 3458 3615 audiebatur,
3518 3548 3632 3603 imo

1933 3645 2310 3694 sacrosanctae
2339 3637 2699 3692 verecundiae
2730 3637 2900 3706 pallio
2928 3645 2981 3693 et
3011 3637 3631 3709 tegebanturindigna,

1936 3739 2003 3781 ac
2040 3727 2240 3781 idonea
2275 3726 2670 3781 cornabantur
2717 3725 2813 3797 [f.,
2874 3727 3347 3796 coronabantur].
3418 3727 3480 3780 1n
3513 3725 3628 3791 illo,

1937 3815 2191 3882 Domine,
2246 3815 2543 3884 septennio
2601 3815 2909 3884 virginitas
2960 3814 3078 3881 illa,
3144 3829 3320 3884 quam
3351 3823 3412 3869 tu
3457 3813 3512 3868 in
3565 3826 3633 3868 ea

1936 3905 2174 3959 mirifice
2214 3903 2580 3964 continuasti,
2630 3903 2739 3959 sub
2798 3903 3121 3957 innumeris
3165 3901 3634 3972 oppressionibus

1936 3993 2295 4063 agonizabat,
2357 3992 2494 4046 dum
2513 3991 2698 4046 soluto
2737 3999 2974 4059 paterno
3023 3991 3332 4054 connubio,
3384 3990 3453 4045 ad
3489 3989 3630 4044 alte-

1937 4095 2066 4137 rum
2097 4095 2222 4136 eam
2256 4079 2565 4136 transferre
2595 4079 2872 4134 maritum
2897 4077 3205 4147 saepissime
3232 4078 3629 4144 minabantur,

1936 4177 2037 4224 aut
2069 4169 2126 4224 in
2155 4177 2384 4224 exteras
2417 4168 2786 4224 remotiorum
2820 4175 3125 4237 parentum
3153 4181 3412 4222 meorum
3439 4167 3635 4222 domos

1935 4258 2235 4313 abducere.
2300 4257 2477 4311 Plane
2527 4258 2629 4312 etsi
2689 4256 2971 4312 adversus
3017 4255 3120 4310 has
3169 4255 3633 4324 importunitates

1936 4343 2302 4399 acerbissime
2357 4342 2662 4412 aliquoties
2746 4341 3085 4409 desudabat,
3163 4351 3354 4398 tamen
3433 4349 3632 4396 contra

120 4434 327 4489 neutia
357 4433 724 4500 conservasti,
751 4439 814 4488 ut
839 4432 1011 4502 juxta
1045 4432 1185 4488 illud
1217 4433 1488 4502 sapientis
1518 4433 1820 4504 cujusdam
1861 4429 1905 4483 D
1937 4433 2168 4502 propria
2198 4432 2481 4488 lenocinia
2514 4431 2722 4496 carnis,
2755 4438 2810 4486 et
2839 4444 3346 4500 quorumcumque
3364 4438 3630 4486 externo-

120 4521 366 4587 dictum,
400 4521 570 4576 etiam
599 4520 750 4576 fama
776 4521 848 4576 de
873 4535 942 4576 ea
967 4521 1195 4577 mentiri
1226 4529 1539 4578 vereretur.

194 4607 512 4664 Dissolulio
535 4607 887 4678 puellarum.
921 4639 989 4647 —-
1021 4611 1190 4672 Deus,
1227 4617 1290 4664 tu
1319 4610 1430 4664 scis
1463 4622 1639 4679 quam
1666 4608 1823 4664 difﬁ-

123 4697 250 4764 cile,
297 4698 410 4753 imo
446 4711 622 4768 quam
674 4697 834 4753 nullo
881 4697 1048 4753 modo
1095 4712 1235 4767 pene
1265 4698 1322 4754 in
1367 4698 1594 4754 feminis
1648 4698 1827 4768 hujus

122 4787 400 4855 temporis
439 4786 496 4841 id
535 4794 906 4842 servaretur:
949 4800 1080 4842 cum
1103 4786 1378 4856 pudicitia
1429 4787 1483 4840 in
1520 4786 1628 4842 illis
1667 4793 1827 4842 tanta

123 4875 330 4931 diebus
352 4874 654 4936 exstiterit,
685 4880 748 4930 ut
778 4874 974 4944 aliquo
1008 4874 1104 4930 vix
1131 4889 1360 4930 rumore
1392 4875 1825 4931 matrimonium

125 4962 435 5031 cujuslibet
461 4964 778 5018 roderetur.
823 4963 1011 5018 Eheu!
1049 4977 1224 5033 quam
1277 4964 1680 5019 miserabiliter
1717 4979 1823 5019 ex-

130 5056 269 5106 tunc
307 5052 380 5107 ad
424 5059 619 5107 nostra
669 5052 880 5107 sa'cula
919 5051 1102 5121 pudor
1131 5060 1185 5107 et
1235 5053 1500 5107 honestas
1546 5051 1822 5120 paulatim

128 5137 182 5192 in
213 5140 479 5210 virginea
537 5138 882 5208 professione
911 5141 1047 5207 ruit,
1083 5148 1137 5195 et
1169 5154 1258 5195 res
1306 5148 1361 5195 et
1387 5139 1603 5209 species
1631 5148 1824 5196 custo-

125 5227 231 5282 diae
263 5227 601 5283 matronalis
638 5227 922 5294 extabuit,
962 5235 1026 5283 ut
1068 5228 1125 5283 in
1159 5228 1314 5282 omni
1346 5242 1548 5284 earum
1586 5228 1825 5284 habitu-

127 5315 257 5370 dine
284 5316 404 5371 sola
437 5316 652 5384 possint
695 5316 881 5371 notari
914 5315 1236 5382 triscurria,
1274 5315 1371 5370 ubi
1408 5315 1486 5370 nil
1523 5315 1626 5371 nisi
1653 5315 1822 5386 jocu-

126 5397 269 5455 laria
291 5410 522 5469 sonant,
549 5410 603 5457 et
633 5403 933 5459 oculorum
967 5411 1145 5459 nutus
1169 5411 1224 5458 et
1246 5402 1466 5473 lingua.
1502 5402 1826 5459 Petulantia

131 5487 185 5541 in
237 5490 482 5556 incessu,
548 5490 690 5546 nihil
747 5507 861 5548 non
916 5491 1226 5547 ridiculum
1277 5499 1496 5547 constat
1563 5496 1715 5546 468
1767 5493 1824 5547 in

128 5580 428 5636 mortibus.
485 5579 739 5635 Vestium
773 5579 1079 5650 qualitates
1131 5581 1416 5634 intantum
1443 5588 1579 5634 sunt
1611 5579 1681 5633 ab
1730 5579 1826 5634 illa

128 5668 300 5721 veteri
342 5665 678 5738 frugalitate
706 5667 1028 5734 dissimiles,
1061 5674 1123 5722 ut
1151 5665 1408 5722 dilatatio
1442 5665 1823 5735 manicarum,

1933 4536 2064 4576 rum
2124 4527 2574 4590 temperamenta
2623 4519 2890 4585 mirabili,
2942 4519 3037 4574 sed
3084 4532 3158 4574 ex
3217 4527 3314 4575 tuo
3360 4532 3628 4585 munere,

1934 4610 2085 4664 Deus
2117 4623 2298 4672 meus,
2333 4608 2716 4677 temperantia
2738 4605 3084 4662 decertabat.

1964 4697 2128 4775 ⁸Νοιι
2159 4697 2304 4763 dico,
2353 4697 2499 4752 bone
2549 4697 2719 4761 Deus,
2776 4708 2894 4765 qua
2921 4696 3136 4750 virtute
3167 4694 3221 4749 id
3274 4694 3486 4761 fecerit,
3532 4693 3631 4749 sed

1933 4785 2087 4856 quod
2121 4785 2201 4841 tui
2239 4784 2416 4840 solius
2446 4785 2634 4840 virtus
2682 4783 2872 4839 fuerit.
2915 4782 3208 4849 Quomodo
3246 4783 3398 4838 enim
3447 4782 3634 4837 virtus

1930 4873 2060 4938 fuit,
2111 4887 2290 4943 quam
2333 4873 2494 4928 nulla
2539 4872 2779 4942 spiritus
2823 4871 3130 4939 carnisque
3187 4869 3475 4934 discretio,
3528 4885 3634 4924 nec

1935 4964 2029 5033 pia
2058 4963 2127 5017 ad
2158 4963 2339 5017 Deum
2372 4961 2631 5028 intentio,
2680 4961 2772 5016 sed
2835 4960 2954 5014 sola
3011 4959 3313 5014 exterioris
3362 4959 3632 5014 honesta-

1933 5053 2025 5115 tis,
2056 5059 2158 5106 aut
2183 5050 2466 5106 evitandae
2498 5049 2748 5105 infamiae
2778 5062 2919 5104 cura
2945 5046 3263 5118 peregerit?
3291 5047 3437 5103 Utile
3466 5048 3635 5117 plane

1933 5148 2016 5196 est
2055 5138 2406 5194 verecundia
2459 5137 2659 5194 saltem
2721 5144 2950 5207 peccato
3009 5136 3301 5206 ingruenti
3335 5136 3630 5206 resistere;

1933 5244 2065 5299 quae
2097 5228 2244 5284 sicut
2277 5226 2433 5282 utilis
2486 5235 2568 5282 est
2600 5233 2732 5280 ante
2764 5233 3082 5294 peccatum,
3119 5225 3197 5279 ita
3253 5231 3378 5294 post
3426 5238 3632 5293 pecca-

1933 5326 2055 5374 tum
2097 5314 2462 5371 damnabilis.
2498 5314 2656 5379 Quod
2677 5313 2832 5369 enim
2863 5314 2945 5369 sic
2975 5313 3236 5368 animum
3279 5313 3371 5382 pio
3412 5312 3633 5382 pudore

1935 5410 2280 5470 consternat,
2333 5410 2398 5458 ut
2455 5416 2488 5457 a
2545 5401 2758 5471 peccati
2835 5402 3258 5471 perpetratione
3343 5400 3630 5467 cohibent,

1934 5492 2006 5547 ad
2042 5500 2268 5560 tempus
2295 5500 2373 5546 est
2404 5491 2542 5546 utile
2564 5532 2578 5557 ,
2614 5490 2752 5559 quia
2793 5498 2972 5558 potest
3007 5490 3100 5544 Dei
3136 5489 3322 5554 timor,
3357 5489 3459 5558 qui
3519 5503 3633 5558 pu-

1934 5581 2128 5635 dorem
2195 5580 2510 5648 insipidum
2541 5579 2657 5635 sale
2709 5578 2906 5633 divino
2937 5574 3183 5646 condiat,
3237 5579 3536 5634 accedere:
3577 5585 3633 5636 et

1936 5668 2093 5742 quod
2123 5667 2194 5724 ad
2225 5675 2471 5739 tempus,
2506 5668 2559 5723 id
2591 5675 2674 5723 est
2705 5668 2776 5725 ad
2825 5666 3125 5736 saeculum,
3176 5667 3462 5738 proderat,
3492 5666 3634 5727 utile

3536 429 3640 486 858
3691 466 3701 477 .
