3934 6410
310 392 415 448 859

296 536 428 581 ειιοη
451 520 527 577 ad
558 525 915 576 momentum
972 516 1072 573 sed
1118 515 1467 573 aeternaliter
1496 515 1701 575 facere.
1735 515 1868 573 Haec
1914 521 2001 571 est
2037 516 2084 570 Δ

310 622 566 680 namque
614 604 963 662 verecundia
999 604 1292 661 adducens
1346 604 1610 676 gloriam,
1652 618 1783 674 qua:
1814 610 2004 658 tamen

313 703 471 754 tanto
521 702 606 752 est
635 693 952 764 perniciosa
1008 699 1133 763 post
1180 692 1432 762 culpam,
1482 699 1702 763 quanto
1753 690 2003 761 pertina-

311 785 435 841 cius
464 780 835 840 confessionis
863 790 1075 837 sanctae
1111 781 1360 838 obstruit
1399 780 1762 837 medicinam.
1811 779 2003 835 Habe-

312 874 429 939 bat,
451 871 688 927 Domine
709 870 878 937 Deus,
908 869 1127 926 famula
1158 877 1257 925 tua
1276 878 1458 925 mater
1482 883 1606 925 mea
1628 867 2004 924 intentionem

312 961 488 1027 illam,
530 959 688 1030 quod
733 958 808 1014 ad
863 958 1059 1015 saeculi
1113 958 1469 1014 honestatem
1523 957 1882 1012 contrarium
1923 954 2004 1010 nil

311 1055 533 1120 ageret;
594 1046 692 1103 sed
722 1054 933 1113 tamen,
984 1046 1158 1116 juxta
1214 1040 1555 1115 Gregorium
1614 1052 1801 1110 tuum,
1830 1056 2004 1113 quem

313 1143 502 1191 tamen
552 1149 657 1191 nec
710 1134 945 1205 legerat,
1005 1148 1110 1189 nec
1153 1133 1262 1204 legi
1316 1132 1599 1199 audierat,
1637 1134 1694 1187 in
1718 1145 1786 1186 ea
1817 1131 2002 1187 inten-

314 1223 463 1279 tione
519 1237 636 1278 non
670 1222 898 1289 mansit,
963 1220 1103 1291 quia
1155 1221 1228 1277 ad
1278 1228 1328 1275 te
1379 1220 1566 1276 solum
1613 1226 1806 1288 postea
1827 1217 2007 1288 ,‘quid-

311 1309 452 1380 quid
485 1309 834 1375 intendebat,
883 1308 1198 1364 transtulit.
1252 1308 1403 1378 Ergo
1435 1307 1517 1362 sic
1543 1306 1807 1363 saeculari
1839 1320 2006 1361 reve-

312 1398 512 1455 rentize
543 1397 854 1454 inseruisse
883 1404 1023 1452 tunc
1054 1395 1324 1466 temporis
1349 1396 1715 1450 commodum
1747 1393 1828 1449 illi
1872 1393 2000 1449 fuit.

384 1485 591 1544 Voluto
621 1484 798 1557 igitur
846 1492 970 1555 post
998 1483 1360 1553 septennium
1410 1490 1466 1539 et
1497 1482 1749 1553 amplius
1786 1481 2003 1538 maleﬁ-

311 1573 418 1643 cio,
475 1588 593 1644 quo
650 1571 936 1629 naturalis
1010 1571 1369 1643 legitimique
1411 1571 1737 1627 commercii
1797 1570 2006 1641 copula

312 1661 714 1731 rumpebatur,
772 1660 1017 1717 nimium
1059 1661 1226 1730 plane
1276 1658 1414 1715 satis
1462 1659 1733 1716 credibile
1785 1666 1890 1726 est,
1940 1666 2004 1715 ut

310 1749 459 1845 sicut
482 1748 784 1845 praestigiis
800 1749 1052 1806 ocularis
1087 1748 1232 1805 ratio
1259 1748 1630 1819 pervertitur,
1663 1746 1835 1845 utnde
1864 1746 1999 1802 nul-
2038 1790 2080 1845 Β

310 1836 400 1906 lis,
433 1846 498 1895 ut
554 1838 638 1894 sic
666 1837 876 1906 dicam,
921 1838 1122 1909 aliqua
1156 1844 1213 1894 et
1270 1837 1341 1893 de
1391 1836 1522 1892 aliis
1566 1835 1680 1892 alia
1728 1834 1850 1891 ﬁeri
1900 1848 2002 1905 per

311 1939 511 1997 magos
554 1926 893 1997 videantur;
955 1926 1033 1983 ita
1084 1927 1233 1982 vires
1281 1924 1609 1997 bujusmodi
1654 1938 1721 1979 ac
1759 1937 2002 1980 venerea

310 2013 606 2070 molimina
650 2014 832 2073 multo
879 2014 1090 2070 minori
1145 2013 1384 2070 artiﬁcio
1436 2011 2005 2083 confundanturgita

310 2101 464 2158 enim
515 2102 866 2172 populariter
908 2104 1197 2170 actitatur,
1240 2109 1305 2158 ut
1348 2102 1470 2173 jam
1497 2101 1570 2157 ab
1596 2101 1841 2157 rudibus
1864 2100 2003 2170 qui-

314 2190 539 2261 busque
567 2191 802 2248 sciatur.
841 2190 1113 2259 Cassatis,
1152 2190 1414 2261 inquam,
1450 2204 1552 2260 per
1578 2203 1758 2246 anum
1788 2202 2001 2260 quam-

311 2276 444 2333 dam
480 2277 592 2334 illis
626 2279 820 2350 pravis
849 2279 1094 2347 artibus,
1122 2293 1190 2335 ea
1240 2278 1351 2333 ﬁde
1385 2278 1770 2334 thalamorum
1818 2276 2004 2333 ofﬁcio

317 2364 652 2432 deservivit,
699 2380 820 2437 qua
863 2366 1153 2423 diutinam
1209 2366 1496 2437 virginem
1555 2366 1664 2422 sub
1708 2373 2005 2422 tantarum

312 2451 883 2510 animadversionum
925 2453 1249 2524 pulsatione
1272 2454 1544 2511 servavit.
1599 2453 1760 2509 Felix
1799 2466 2005 2523 nempe

311 2538 453 2597 alias
478 2542 535 2597 in
560 2555 629 2598 eo
656 2556 716 2597 se
743 2541 979 2598 inﬁnitae
1010 2556 1124 2598 non
1150 2549 1267 2598 tam
1315 2541 1558 2598 miseriae
1604 2555 1783 2612 quam
1831 2542 2006 2598 mise-

311 2628 588 2685 rabilitati
618 2629 860 2693 addixit,
893 2630 1051 2700 quod
1092 2638 1234 2687 tunc
1276 2630 1447 2699 bona,
1480 2638 1535 2686 et
1589 2629 1768 2686 multo
1821 2632 2007 2701 magis

312 2716 673 2786 postmodum
702 2718 851 2773 bona
896 2732 1118 2788 semper
1147 2718 1387 2785 malum,
1416 2725 1473 2775 et
1502 2718 1720 2789 meipso
1762 2718 2003 2775 deterio-

312 2819 431 2861 rem
481 2818 708 2875 semper
746 2805 1009 2862 ediderit.
1067 2807 1154 2862 Tu
1191 2806 1299 2864 scis
1340 2814 1551 2877 tamen,
1608 2806 2003 2877 Omnipotens,

313 2907 491 2964 quam
521 2908 683 2964 pure,
718 2908 896 2965 quam
925 2902 1120 2951 sancte
1146 2896 1465 2953 secundum
1526 2902 1580 2951 te
1608 2910 1697 2952 me
1727 2896 2007 2952 educave-

313 2981 407 3050 rit,
438 2990 690 3052 quantas
719 2982 1053 3053 gerulorum
1096 2983 1158 3040 in
1197 2984 1463 3055 infantia,
1494 2993 1747 3055 quantas
1794 2998 2004 3054 puere-

1197 386 1258 440 V.
1299 385 1636 443 GUIBER'I‘I
1672 382 1964 440 ABBA’I‘IS
2001 384 2059 440 S.
2099 382 2345 449 NABIS
2383 382 2473 438 DE
2511 381 2905 440 NOVIGENTO

3709 379 3822 436 860

2743 512 2978 570 CAPUT
3018 511 3177 570 XIII.

2184 599 2301 656 Ρία
2329 598 2539 656 matris
2577 599 2843 656 Guiberti
2874 599 3168 657 exercitia.
3221 630 3289 640 -
3348 599 3450 656 His
3494 614 3596 670 per
3639 613 3820 655 occu-

2113 689 2404 760 pationem
2434 689 2600 745 dictis
2655 690 2728 745 ad
2775 688 2975 759 aliqua
3027 696 3179 745 retro
3235 688 3447 745 omissa
3486 688 3815 744 redeamus.

2114 778 2279 845 Huic,
2332 779 2593 849 inquam,
2652 777 2878 833 feminae
2932 777 3082 833 inter
3132 777 3344 833 saeculo
3406 776 3805 839 serviendum,

2113 866 2215 922 Dei
2258 865 2506 921 nominis
2541 864 2919 921 reverentiam
2974 878 3151 934 super
3179 864 3431 920 adfuisse
3477 863 3811 929 didicimus,

2112 954 2172 1009 in
2204 961 2450 1020 tantum,
2482 960 2546 1008 ut
2569 952 2628 1008 in
2656 952 2932 1023 obsequio
2976 952 3371 1019 ecclesiarum,
3418 952 3477 1007 in
3531 950 3817 1007 beneﬁcio

2110 1054 2456 1113 pauperum,
2489 1040 2550 1096 in
2593 1040 2880 1097 oblatione
2926 1040 3342 1097 sacriﬁciorum
3379 1039 3461 1095 sic
3491 1053 3550 1096 se
3592 1044 3813 1109 ageret,

2112 1138 2178 1187 ut
2230 1128 2575 1186 venerabilis
2619 1129 2888 1185 omnibus
2943 1128 3129 1185 esset?
3168 1127 3273 1184 Sed
3331 1127 3447 1183 scio
3478 1126 3619 1197 quia
3644 1125 3812 1195 pari-

2111 1223 2198 1273 ter
2227 1216 2364 1273 mihi
2393 1216 2603 1273 exinde
2644 1216 2897 1286 plurima
2925 1216 3268 1272 adhibendae
3315 1215 3445 1272 ﬁdei
3473 1214 3814 1278 difﬁcultas,

2113 1319 2293 1377 quam
2323 1304 2675 1375 praecludere
2714 1304 3027 1372 videbitur,
3072 1312 3375 1374 suspectas,
3433 1310 3499 1360 ut
3542 1310 3811 1372 putatur,

2112 1393 2304 1450 laudis
2332 1392 2606 1449 afﬁnitas.
2640 1394 2694 1449 Si
2727 1400 2968 1448 matrem
3014 1392 3292 1457 attollere,
3336 1398 3504 1447 caute
3529 1404 3596 1446 ac
3640 1389 3813 1446 falla-

2112 1482 2251 1538 citer
2298 1481 2545 1552 seipsam
2577 1480 2851 1537 extulisse
2881 1480 3128 1547 videtur,
3182 1488 3253 1547 te,
3310 1479 3482 1543 Deus,
3539 1477 3640 1548 qui
3681 1478 3819 1548 ejus

2111 1570 2365 1626 animam
2432 1576 2497 1626 ut
2544 1569 2903 1625 inbabitator
2968 1566 3118 1625 nosti
3149 1609 3164 1636 ,
3224 1574 3423 1623 testem
3462 1565 3819 1636 compellare

2110 1672 2416 1729 praesumo,
2446 1657 2791 1714 omnimodis
2818 1656 3118 1723 excellere,
3147 1655 3303 1726 quod
3340 1663 3424 1712 est
3454 1654 3620 1721 illud,
3646 1653 3813 1725 quod

2111 1746 2340 1802 dicitur.
2402 1746 2473 1801 Et
2546 1752 2696 1801 certe
2755 1759 2889 1801 cum
2956 1744 3084 1801 luce
3131 1743 3347 1799 clarius
3396 1750 3587 1813 pateat
3625 1742 3816 1797 vitam

2108 1847 2295 1890 meam
2321 1847 2356 1889 a
2396 1833 2680 1890 bonorum
2708 1833 2971 1888 omnium
3019 1829 3352 1887 exorbitare
3410 1830 3685 1901 vestigiis,
3755 1836 3816 1885 et

2109 1922 2300 1978 studia
2351 1935 2574 1991 semper
2620 1935 2747 1977 mea
2804 1921 3045 1976 sensatis
3092 1919 3366 1975 omnibus
3424 1918 3632 1988 probro
3661 1932 3810 1985 esse,

2109 2010 2251 2081 quid
2276 2008 2420 2065 mihi
2454 2008 2701 2080 proderit
2732 2016 2835 2064 aut
2854 2007 3077 2078 paterni
3106 2021 3209 2063 seu
3239 2005 3379 2062 aviti
3408 2005 3659 2061 nominis
3684 2019 3812 2061 ma-

2110 2098 2374 2170 gnitudo,
2408 2096 2508 2153 ubi
2551 2096 2621 2152 de
2668 2096 2826 2165 prole
2877 2094 3204 2151 miserrima
3245 2101 3363 2150 tota
3421 2093 3819 2149 coarctabitur

2110 2184 2393 2242 latitudo?
2450 2186 2519 2241 Et
2573 2183 2678 2254 qui
2731 2183 2801 2240 ad
2844 2197 3044 2240 eorum
3101 2196 3287 2238 mores
3339 2180 3501 2237 nulla
3546 2181 3817 2237 volunta-

2112 2273 2183 2329 tis
2237 2281 2292 2329 et
2348 2280 2512 2329 actus
2567 2272 3090 2342 contemperatione
3157 2283 3452 2341 regenero,
3514 2269 3587 2325 ad
3654 2269 3809 2325 infa-

2109 2361 2239 2417 miae
2286 2361 2687 2432 superequitat
2733 2361 2974 2428 malum,
3029 2360 3077 2416 si
3128 2373 3328 2415 eorum
3394 2357 3535 2414 mihi
3607 2357 3815 2415 laudes

2111 2449 2354 2505 ascribo.

2184 2538 2431 2593 Maritus
2482 2536 2631 2592 bello
2680 2536 2933 2608 capitur.
2989 2565 3063 2578 —
3094 2535 3241 2592 Huic
3300 2534 3499 2606 igitur,
3528 2534 3667 2591 dum
3698 2534 3811 2590 sub

2109 2626 2318 2682 marito
2350 2625 2543 2682 adhuc
2591 2624 2910 2705 juvencula
2941 2632 3153 2695 ageret.
3201 2624 3313 2680 tale
3366 2622 3513 2694 quid
3545 2621 3807 2693 contigit,

2113 2715 2266 2785 quod
2302 2730 2417 2771 non
2449 2716 2756 2771 minimum
2800 2712 3165 2770 correctionis
3194 2712 3244 2769 ei
3289 2712 3419 2769 vitae
3448 2712 3810 2769 incentivum

2112 2802 2392 2874 praestitit.
2456 2802 2663 2858 Franci
2694 2802 2921 2858 Henrici
2975 2802 3126 2872 regis
3156 2807 3407 2869 tempore
3434 2813 3567 2856 cum
3597 2799 3810 2855 North-

2111 2891 2300 2948 mauis
2328 2900 2383 2948 et
2411 2906 2608 2948 eorum
2659 2891 2865 2947 comite
2906 2888 3228 2956 Guillelmo,
3264 2887 3366 2959 qui
3413 2887 3632 2960 Anglos
3668 2895 3812 2957 post-

2112 2981 2347 3036 modum
2412 2979 2661 3050 subegit,
2719 2985 2775 3034 et
2844 2977 3056 3043 Scotos,
3080 2977 3263 3033 multa
3310 2976 3811 3032 animadversione

311 3066 491 3124 scenti
518 3068 737 3138 pusiolo
786 3068 927 3125 mihi
961 3070 1411 3142 paedagogorum
1466 3083 1535 3126 ac
1591 3070 2003 3141 magistrorum
2040 3079 2084 3136 α
2110 3069 2428 3134 certabant,
2462 3067 2521 3123 in
2568 3081 2687 3137 quo
2717 3066 2903 3137 gentis
2936 3066 3243 3136 utriusque
3270 3078 3557 3121 concursu
3587 3072 3808 3135 patrem

310 3168 484 3211 curas
533 3155 881 3224 adhibuerit,
948 3171 1082 3214 cum
1130 3173 1249 3214 non
1297 3153 1469 3215 etiam
1505 3173 1607 3228 pro
1656 3157 2002 3228 corpusculo

312 3243 559 3301 vestium
614 3259 823 3316 pompa
873 3245 1138 3315 defuerit,
1199 3254 1263 3303 ut
1318 3247 1506 3318 regios
1559 3254 1663 3303 aut
1708 3246 2004 3304 comitivos

312 3345 522 3402 pueros
550 3332 844 3405 obsequiis
879 3334 1245 3406 aequiparare
1274 3335 1520 3391 viderer.
1556 3335 1672 3392 Nec
1699 3334 1825 3402 soli,
1882 3336 2003 3391 Do-

312 3419 488 3488 mine,
547 3421 721 3478 matri
752 3422 1079 3481 contuleras
1129 3424 1287 3479 hunc
1323 3422 1613 3492 aﬁ‘ectum,
1663 3423 1761 3480 sed
1791 3430 1847 3479 et
1876 3422 2004 3479 aliis

312 3508 617 3568 ditioribus
650 3510 830 3567 multo
853 3510 1109 3581 personis
1135 3519 1201 3568 tu
1232 3511 1600 3579 instinxeras,
1628 3519 1692 3568 ut
1721 3526 1838 3568 non
1885 3520 2002 3569 tam

311 3610 412 3667 pro
482 3598 1004 3670 consanguinitatis
1083 3599 1522 3666 necessitudine,
1588 3614 1768 3670 quam
1824 3615 2004 3657 causa

313 3684 514 3756 gratiae
556 3685 629 3741 ad
678 3687 783 3742 hoc
810 3699 846 3742 a
898 3693 953 3742 te
991 3686 1134 3742 mihi
1186 3687 1472 3757 praestitis,
1505 3688 1730 3745 cultum
1780 3688 1921 3745 mihi
1949 3695 2005 3746 et

313 3773 641 3829 nutrituras
663 3772 1078 3844 impenderent.

383 3861 556 3930 Deus,
580 3869 644 3919 tu
671 3863 782 3919 scis
809 3871 1031 3935 quanta
1046 3864 1284 3931 monita,
1315 3872 1566 3936 quantas
1595 3866 1838 3923 auribus
1865 3868 2006 3924 meis

314 3964 512 4021 preces
566 3951 822 4022 quotidie
899 3952 1249 4021 instillabat,
1305 3968 1379 4009 ne
1424 3959 1577 4009 400
1618 3956 2007 4025 corruptionis

314 4037 640 4109 cujuspiam
690 4039 869 4096 verba
922 4040 1293 4110 susciperem.
1354 4041 1615 4108 Docebat,
1675 4042 1898 4112 quoties
1972 4055 2007 4097 a

313 4125 469 4181 curis
526 4125 913 4183 familiaribus
967 4127 1217 4183 solitudo
1271 4128 1534 4194 vacabat,
1585 4128 1895 4198 quomodo,
1951 4136 2007 4185 et

312 4226 489 4283 super
538 4214 755 4284 quibus
803 4223 856 4271 te
915 4228 1083 4270 orare
1139 4215 1426 4273 deberem.
1482 4217 1569 4273 Tu
1627 4217 1776 4273 nosti
1850 4217 2008 4273 solus

314 4303 549 4373 quantis
578 4303 895 4374 angoribus
948 4304 1292 4373 parturibat,
1351 4320 1422 4361 ne
1452 4305 1618 4361 initia
1671 4306 2007 4362 ﬂorentissi-

2112 3171 2305 3213 meum
2333 3156 2461 3226 capi
2491 3154 2750 3226 contigit.
2801 3154 2983 3224 Cujus
3011 3153 3235 3209 comitis
3293 3152 3651 3210 consuetudo
3691 3152 3809 3208 fue-

2112 3252 2223 3312 rat,
2274 3253 2339 3300 ut
2392 3256 2700 3313 nunquam
2748 3242 3005 3312 captivos
3055 3256 3190 3298 suos
3235 3241 3307 3297 ad
3363 3241 3811 3311 redemptionem

2111 3341 2338 3405 cogeret
2366 3333 2463 3389 sed
2496 3338 2792 3402 perpetua,
2841 3331 2980 3386 dum
3039 3331 3400 3400 adviverent,
3443 3329 3688 3385 carceris
3733 3342 3816 3385 re-

2109 3421 2395 3494 legatione
2445 3420 2764 3477 damnaret.
2794 3418 2954 3486 Quod
2988 3419 3089 3476 ubi
3138 3418 3379 3475 relatum
3412 3426 3496 3475 est
3551 3416 3811 3488 conjugi,

2111 3511 2359 3568 necdum
2386 3509 2539 3566 enim
2571 3516 2743 3564 natus
2771 3522 2951 3575 eram,
3000 3522 3106 3563 nec
3148 3508 3316 3577 longo
3370 3514 3494 3576 post
3560 3514 3816 3575 tempore

2113 3598 2219 3667 fui,
2254 3606 2309 3654 et
2362 3598 2488 3654 ideo
2542 3597 2743 3653 matris
2796 3596 3141 3666 supersedeo
3189 3595 3428 3661 nomini,
3497 3593 3814 3651 miserabili

2114 3701 2359 3744 mterore
2386 3686 2721 3744 examinata
2763 3684 2985 3751 defecit,
3034 3699 3068 3740 a
3108 3684 3235 3741 cibo
3265 3691 3525 3754 potuque
3572 3683 3805 3750 destitit,

2114 3789 2384 3831 somnum
2464 3773 2927 3844 desperatissima
2997 3772 3320 3829 sollicitudo
3406 3771 3537 3841 plus
3605 3772 3808 3828 vetuit.

2112 3864 2229 3920 Nec
2272 3864 2342 3918 de
2398 3862 2770 3918 multitudine
2843 3860 3250 3931 redemptionis
3305 3860 3365 3915 in
3413 3859 3540 3930 ejus
3615 3860 3813 3915 animo

2114 3966 2291 4009 causa
2344 3959 2486 4018 erat,
2542 3950 2641 4007 sed
2697 3950 2767 4007 de
2829 3949 3176 4006 irremeahili
3230 3949 3561 4017 captivitate
3607 3962 3812 4005 moere-

2116 4041 2234 4099 bat.

2183 4130 2335 4187 Inde
2356 4126 2697 4201 gravissime
2736 4125 3072 4198 aﬁictatur.
3115 4124 3302 4182 Vexat
3320 4141 3452 4180 eam
3477 4124 3711 4181 damon.
3738 4155 3808 4166 —

2115 4218 2377 4289 Cumque
2403 4216 2658 4288 ejusdem
2719 4215 2901 4272 noctis
2931 4214 3088 4270 ﬁeret
3142 4213 3568 4284 intempestum,
3607 4222 3663 4271 et
3711 4214 3809 4270 illa

2116 4308 2293 4364 atroci
2327 4307 2617 4363 anxietate
2650 4304 2977 4375 plenissima
3005 4303 3300 4373 proprium
3343 4303 3534 4359 cubile
3571 4303 3805 4371 foveret,

314 4402 422 4449 mae
449 4404 519 4446 ac
560 4390 906 4460 spectabilis,
956 4405 1133 4462 quam
1174 4400 1237 4448 tu
1265 4386 1525 4460 dederas,
1558 4395 1826 4460 aetatulae,
1883 4394 2008 4449 ani-
2045 4379 2091 4433 Π
2117 4397 2265 4454 sicut
2314 4396 2539 4453 diabolo
2579 4392 3153 4451 consuetudinarium
3209 4398 3314 4460 est,
3348 4400 3412 4448 ut
3450 4391 3808 4462 potissimum

314 4492 447 4535 mus
489 4479 639 4535 male
693 4493 873 4536 sanus
931 4494 1074 4536 sana
1127 4488 1498 4551 perverteret.
1582 4482 1711 4539 Voti
1759 4481 1887 4552 ejus
1944 4490 2008 4539 tu

314 4565 548 4635 feceras,
585 4574 649 4623 ut
690 4567 763 4623 ad
816 4574 867 4624 te
919 4569 1309 4626 indesinenter
1336 4578 1663 4639 aestuarem,
1718 4578 2009 4641 quatenus

315 4664 617 4726 praestares
649 4656 934 4717 internam
964 4658 1154 4715 decori
1181 4658 1262 4714 illi
1312 4673 1437 4715 meo
1465 4667 1702 4715 externo
1734 4660 2009 4717 virtutem

312 4758 692 4815 summopere,
725 4753 828 4802 aut
858 4747 1220 4817 sapientiam.
1254 4748 1346 4814 Et,
1395 4747 1542 4804 bone
1571 4748 1829 4816 Domine,
1861 4748 2009 4805 bone

312 4834 483 4903 Deus,
540 4836 591 4890 si
667 4843 805 4891 tunc
849 4837 1139 4906 praesciret
1180 4844 1400 4906 quanto
1463 4836 1719 4893 sordium
1773 4837 2008 4894 cumulo

313 4920 728 4979 obliteraturus
756 4938 917 4981 eram
956 4924 1137 4981 bonas
1166 4924 1294 4980 illas
1323 4924 1609 4981 donorum
1641 4934 1877 4983 tuorum
1907 4940 2007 4982 su-

314 5010 593 5078 perﬁcies,
646 5011 862 5081 quibus
933 5027 1023 5069 me
1091 5012 1191 5068 illa
1259 5012 1601 5082 impetrante
1673 5028 2005 5081 ornaveras,

314 5097 455 5166 quid
505 5098 777 5154 dictura?
833 5100 981 5164 Quid
1026 5102 1271 5159 actura?
1321 5100 1504 5168 Quam
1554 5103 2010 5160 irremediabiles

315 5184 906 5256 gemitusemissura‘?
942 5187 1125 5254 Quam
1174 5190 1390 5246 mentis
1435 5189 1869 5248 dilacerationes
1920 5193 2008 5246 in-

312 5285 562 5329 cursura
625 5280 800 5330 esset!
864 5273 1093 5331 Gratias
1152 5276 1275 5343 tibi,
1331 5276 1519 5334 dulcis
1573 5287 1630 5335 et
1712 5279 2010 5345 moderate

314 5360 635 5430 dispositor,
696 5383 717 5411 ι
771 5360 873 5431 qui
934 5361 1154 5418 tinxisti
1198 5363 1491 5435 sigillatim
1561 5366 1739 5423 corda
1812 5372 2011 5420 nostra

315 5448 502 5517 (Psal.
559 5463 738 5516 xxxn,
773 5452 877 5509 l5).
912 5471 940 5499 ››
982 5450 1154 5507 Plane
1203 5453 1249 5507 si
1306 5454 1620 5522 penetralia
1665 5454 1843 5508 animi
1895 5451 2011 5508 mei

315 5535 547 5606 mundis
581 5538 723 5593 adeo
755 5538 993 5610 indigna
1008 5542 1407 5610 conspectibus
1439 5540 1856 5596 mundissimus
1882 5541 2011 5610 ejus

314 5624 520 5682 oculus
537 5624 857 5697 irrupisset,
891 5628 1091 5697 miror,
1106 5630 1152 5685 si
1186 5627 1635 5685 illicoexanimis
1656 5642 1770 5684 non
1784 5628 2006 5686 fuisset.

2116 4486 2324 4542 animis
2350 4483 2584 4541 tristitia
2613 4480 2917 4538 maceratis
2966 4480 3291 4551 immergat,
3326 4480 3515 4536 subito
3550 4479 3809 4549 vigilanti

2115 4574 2196 4631 illi
2220 4575 2339 4645 ipse
2368 4572 2640 4628 inimicus
2667 4568 2952 4634 incubuit,
2976 4575 3032 4625 et
3062 4567 3403 4639 gravissimo
3434 4582 3576 4637 pene
3625 4581 3809 4637 usque

2114 4661 2187 4717 ad
2216 4658 2653 4717 exstinctionem
2687 4654 2941 4724 pondere
2984 4655 3271 4724 jacentem
3316 4653 3614 4723 oppressit.
3666 4652 3808 4709 Cum

2115 4749 2225 4806 sub
2254 4748 2364 4803 hac
2392 4745 2522 4816 ejus
2580 4743 2821 4813 spiritus
2854 4740 3242 4798 suffocaretur
3285 4742 3577 4812 angustia,
3606 4748 3662 4797 et
3690 4756 3811 4797 om-

2116 4836 2281 4893 nium
2332 4832 2728 4889 membrorum
2785 4845 2857 4886 ex
2885 4833 3004 4886 tota
3061 4829 3325 4886 libertate
3360 4836 3601 4897 careret,
3658 4830 3809 4885 vocis

2116 4932 2309 4982 autem
2338 4919 2664 4992 cujuspiam
2722 4917 2974 4974 sonitum
3016 4917 3352 4974 nullatenus
3397 4917 3655 4974 emittere
3695 4932 3812 4987 pos-

2114 5020 2217 5080 set,
2257 5009 2563 5077 solumque
2594 5006 2693 5063 Dei
2724 5013 2885 5061 muta
2917 5006 3166 5075 penitus,
3224 5007 3323 5063 sed
3354 5006 3573 5062 ratione
3612 5005 3805 5075 libera,

2116 5101 2546 5175 praestolaretur
2591 5098 2903 5165 auxilium,
2957 5112 3086 5153 ecce
3128 5110 3164 5152 a
3210 5096 3404 5152 lectuli
3452 5096 3580 5167 ejus
3635 5096 3811 5166 capite

2117 5191 2355 5262 quidam
2384 5187 2644 5259 spiritus,
2704 5186 2860 5242 haud
2905 5185 3148 5242 dubium
3179 5185 3323 5255 quin
3371 5184 3575 5253 bonus,
3611 5185 3691 5240 sic
3720 5187 3805 5240 in-

2117 5276 2367 5333 clamare
2418 5289 2533 5330 nou
2595 5275 2789 5331 minus
2838 5272 3166 5336 affectuose.
3202 5286 3378 5343 quam
3428 5281 3628 5342 aperta
3678 5286 3809 5329 voce

2119 5364 2326 5434 coepit:
2360 5385 2382 5412 ι
2408 5362 2619 5419 Sancta
2654 5361 2854 5429 Maria,
2888 5359 3124 5431 adjuva.
3166 5381 3188 5409 ι
3222 5362 3290 5415 Ει
3318 5374 3453 5417 cum
3472 5359 3809 5428 aliquandiu

2117 5452 2199 5509 sic
2244 5451 2500 5519 dixisset,
2546 5458 2601 5507 et
2631 5450 2784 5521 quod
2835 5449 3136 5505 dicebatur
3193 5448 3358 5519 plene
3390 5448 3488 5503 illa
3535 5447 3807 5519 intellige-

2118 5549 2222 5606 ret,
2270 5542 2547 5597 sentiente
2607 5538 2705 5595 illa
2756 5553 2889 5609 quae
2943 5545 3236 5607 tantopere
3290 5537 3635 5603 vexabatur,
3679 5552 3807 5593 cum

2118 5629 2327 5702 grandi
2383 5627 2887 5685 animadversione
2937 5624 3209 5695 erumpit.
3263 5624 3386 5692 Quo
3451 5633 3802 5695 erumpente,
