3934 6398
71 376 170 432 861

1211 377 1304 432 DE
1341 377 1502 432 VITA
1540 377 1678 434 SUA
1716 375 1906 434 LIBRI
1945 377 2145 434 TRES.
2174 408 2244 417 —
2275 377 2407 433 LIB.
2449 379 2492 434 Ι.

3490 385 3598 438 862

72 507 168 564 ille
203 508 310 578 qui
362 509 737 566 incumbebat
769 507 1041 578 assurgit,
1085 521 1260 578 quem
1317 507 1412 564 ille
1441 508 1648 564 obvius
1676 520 1784 578 ap-
1821 518 1870 572 Α
1895 516 2128 579 repetet,
2191 509 2448 576 Domine,
2507 509 2664 580 apud
2720 524 2810 567 me
2848 510 3196 581 Hymenaus
3245 511 3454 580 ofﬁcia,
3485 514 3598 570 nisi

72 596 403 666 prehendit,
452 605 508 653 et
561 605 756 667 utpote
802 610 876 652 ex
945 597 1057 652 Deo
1099 596 1386 653 violentus
1442 611 1576 653 cum
1627 604 1782 652 tanto

73 685 306 757 fragore
354 687 661 753 subvertit,
733 693 796 740 ut
855 685 1108 754 impulsu
1167 685 1424 755 graviter
1495 698 1783 740 cameram

75 774 396 844 quatiente,
443 773 688 830 asseclas
736 787 936 842 sopore
992 774 1289 843 depressas
1333 773 1640 828 insolenter
1691 773 1785 827 ni-

76 862 189 916 mis
221 863 460 918 exciret.
494 862 596 917 Illo
639 863 818 932 igitur
847 861 927 917 sic
965 862 1177 916 divinis
1207 861 1524 918 virtutibus
1577 868 1787 917 extur-

78 948 238 1018 bato,
290 949 421 1020 pius
467 951 585 1020 ipse
628 949 867 1019 spiritus
911 949 1012 1018 qui
1064 949 1302 1005 Mariam
1353 949 1702 1004 clamaverat
1732 954 1788 1004 et

77 1038 398 1093 damonem
429 1037 743 1108 pepulerat,
776 1051 1091 1093 conversus
1118 1038 1190 1092 ad
1219 1051 1348 1093 eam
1407 1051 1586 1108 quam
1613 1051 1788 1092 erue-

77 1133 174 1180 rat
205 1141 217 1179 :
253 1148 273 1174 ι
307 1125 464 1193 Vide,
521 1126 728 1196 inquit,
766 1133 828 1180 ut
858 1127 933 1179 sis
964 1125 1115 1180 bona
1164 1125 1393 1180 femina.
1431 1147 1452 1173 ι
1491 1127 1566 1182 At
1596 1125 1788 1195 pedis-

76 1228 276 1282 sequa
316 1214 559 1284 strepitu
606 1214 902 1283 repentino
968 1213 1243 1280 attonita,
1277 1214 1526 1284 qualiter
1574 1228 1681 1270 sua
1729 1227 1790 1269 se

77 1302 322 1359 haberet
347 1303 580 1358 domina
621 1303 817 1357 videre
847 1310 1227 1372 consurgunt,
1271 1316 1450 1373 quam
1491 1303 1786 1358 moribun-

77 1391 215 1445 dam
247 1390 533 1461 exsangui
566 1390 755 1457 vultu,
781 1397 835 1445 et
869 1389 1048 1446 totius
1065 1390 1392 1460 corpusculi
1425 1391 1648 1447 viribus
1665 1405 1790 1461 pro-

79 1478 298 1549 ﬂigatis
338 1478 672 1548 inveniunt;
704 1479 775 1534 de
822 1478 1014 1534 sonitu
1061 1478 1447 1546 sciscitantur,
1499 1487 1553 1535 et
1603 1479 1677 1535 ab
1721 1493 1788 1535 ea

81 1567 236 1622 illico
267 1580 474 1622 causas
501 1567 768 1633 audiunt,
803 1565 972 1636 cujus
1017 1564 1114 1620 vix
1145 1566 1413 1635 spiritum
1445 1574 1499 1622 et
1532 1580 1788 1636 prasen-

81 1656 184 1721 tia,
231 1662 287 1710 et
341 1653 822 1721 confabulatione,
876 1661 929 1708 et
963 1653 1298 1708 accensione
1352 1653 1588 1709 luminis
1642 1651 1789 1709 refo-

79 1758 222 1800 vere
255 1751 498 1814 queunt.

156 1833 307 1886 Cum
333 1847 553 1885 annum
595 1831 790 1901 ageret
821 1827 1146 1897 Guiberlus,
1193 1827 1332 1884 obiit
1374 1835 1560 1900 pater.
1592 1858 1662 1871 —
1692 1828 1788 1885 Ul-

80 1923 228 1978 tima
265 1936 402 1993 ergo
426 1921 518 1977 sui
564 1919 884 1975 liberatoris
925 1919 1117 1986 verba,
1155 1919 1266 1975 imo
1296 1934 1394 1988 per
1431 1927 1597 1975 tuum
1631 1933 1791 1974 nun-

80 2011 232 2067 tium
260 2017 380 2077 tua,
441 2008 680 2065 Domine
728 2008 896 2075 Deus,
949 2008 1158 2064 mulier
1204 2008 1301 2063 illa
1353 2009 1626 2075 retinens,
1661 2021 1788 2077 per-

82 2108 262 2170 petua
312 2097 567 2154 condidit
620 2097 916 2163 memoria,
948 2104 1004 2152 et
1033 2097 1092 2151 in
1140 2095 1458 2165 plurimum
1497 2095 1787 2163 affectum,

83 2175 132 2243 si
186 2186 432 2243 facultas
460 2192 804 2255 suppeteret,
865 2185 979 2240 Deo
1027 2184 1084 2239 in
1138 2192 1428 2254 posterum
1486 2192 1792 2254 prastante

83 2275 354 2331 ducenda
397 2275 665 2330 servavit.
709 2273 876 2328 Obita
906 2272 1084 2343 igitur
1137 2280 1317 2328 morte
1369 2272 1611 2341 parenti,
1657 2286 1792 2328 cum

84 2360 270 2416 multo
300 2361 492 2416 adhuc
520 2361 713 2416 carnis
757 2368 811 2416 et
858 2360 1058 2416 vultus
1110 2360 1410 2429 splendore
1463 2361 1685 2427 niteret,
1739 2364 1795 2416 et

83 2465 189 2520 ego
221 2464 444 2505 annum
488 2449 663 2505 ferme
693 2457 868 2504 natus
897 2448 1201 2504 dimidium
1251 2448 1407 2504 solus
1439 2449 1487 2504 ei
1519 2449 1792 2505 sollicitu-

85 2538 240 2594 dinis
298 2551 506 2594 causas
552 2537 769 2603 darem,
831 2537 900 2593 de
947 2536 1229 2592 viduitate
1282 2536 1629 2592 continenda
1656 2551 1793 2606 pro-

87 2628 315 2697 posuit;
347 2627 405 2682 in
439 2640 557 2696 qua
587 2633 810 2696 quanta
855 2625 1160 2681 vivacitate
1188 2639 1247 2680 se
1278 2624 1508 2690 rexerit,
1572 2632 1794 2694 quanta

86 2715 382 2771 modestia
429 2713 693 2782 exempla
755 2713 1081 2783 prabuerit,
1115 2727 1187 2768 ex
1219 2713 1326 2768 hoc
1383 2727 1499 2768 uno
1536 2713 1793 2782 subjecto

87 2803 297 2874 conjici
332 2810 546 2872 potest:
599 2807 752 2857 410
803 2801 958 2872 quod
999 2815 1133 2856 cum
1167 2808 1430 2870 parentes
1458 2801 1569 2856 mei
1616 2801 1794 2870 patris

86 2893 195 2947 mei
260 2892 668 2947 beneficiorum
729 2891 1272 2960 possessionumque
1300 2889 1515 2957 amuli,
1548 2903 1614 2944 ea
1670 2904 1791 2944 om-

85 2981 203 3048 nia,
238 2988 426 3036 matre
458 2980 714 3048 exclusa,
771 2979 1029 3036 obtinere
1061 2980 1400 3045 niterentur,
1434 2991 1622 3034 causa
1653 2977 1788 3033 acti-

84 3069 281 3126 tanda
310 3069 655 3124 constituere
685 3067 854 3124 diem.

157 3156 294 3211 Dies
333 3154 517 3221 aﬁ'uit,
577 3161 632 3210 et
669 3167 933 3224 proceres
985 3153 1141 3209 circa
1197 3167 1427 3209 omnem
1484 3151 1795 3222 acturiju-

87 3245 302 3301 stitiam
339 3243 722 3299 considerant.
755 3243 935 3298 Mater
961 3241 1030 3297 de
1057 3256 1256 3298 eorum
1289 3241 1791 3311 cupidissimis.....

90 3334 184 3403 [j.,
233 3331 412 3401 certa]
472 3330 775 3386 conatibus
835 3330 894 3385 in
951 3329 1248 3385 ecclesiam
1309 3337 1682 3396 concesserat,
1741 3336 1797 3384 et

91 3428 221 3476 ante
250 3419 479 3475 Domini
527 3418 788 3475 cruciﬁxi
823 3419 1132 3488 imaginem
1175 3417 1382 3474 debita
1412 3431 1630 3472 memor
1660 3431 1796 3473 ora-

92 3508 263 3564 tionis
319 3506 560 3562 astabat.
609 3505 692 3561 Ad
725 3519 904 3576 quam
961 3519 1093 3561 cum
1121 3519 1276 3560 unus
1305 3505 1374 3560 de
1401 3504 1541 3560 meis
1571 3518 1606 3559 a
1636 3511 1796 3573 patre

94 3595 452 3667 parentibus,
482 3594 681 3650 eadem
707 3608 839 3664 qua
891 3593 987 3649 alii
1030 3592 1306 3662 sentiens,
1337 3601 1392 3649 et
1421 3593 1494 3648 ab
1524 3592 1604 3648 eis
1640 3592 1798 3647 dire-

94 3693 220 3741 ctus
247 3683 519 3750 venisset,
551 3690 607 3738 et
648 3690 712 3739 ut
769 3682 841 3738 ad
875 3681 1021 3747 illos,
1073 3682 1174 3752 qui
1205 3695 1331 3738 eam
1380 3680 1799 3751 praestolaban-

95 3782 212 3839 tur,
269 3773 582 3838 accederet,
631 3771 919 3841 judicium
965 3785 1167 3827 eorum
1224 3769 1500 3826 auditura
1547 3777 1796 3840 rogaret,

95 3862 192 3918 illa
249 3861 487 3916 intulit:
527 3882 548 3909 ι
607 3859 789 3930 Super
841 3860 967 3926 hac,
1027 3859 1238 3928 inquit,
1301 3872 1359 3914 re
1416 3858 1643 3914 nonnisi
1688 3858 1797 3913 sub

96 3949 398 4021 prasentia
450 3947 678 4004 Domini
716 3948 828 4003 mei
869 3960 1061 4018 agam.
1095 3969 1114 3995 ι
1154 3948 1221 4003 Ει
1253 3947 1364 4013 ille,
1397 3968 1425 3995 ‹‹
1457 3947 1649 4016 cujus,
1695 3946 1793 4012 ait,

98 4037 351 4093 domini?
397 4060 426 4086 »
459 4037 528 4093 Et
576 4037 648 4092 ad
695 4036 1006 4107 imaginem
1066 4035 1330 4092 cruciﬁxi
1367 4034 1594 4091 Domini
1652 4048 1798 4104 pra-

99 4133 258 4181 tensa
315 4139 534 4181 manu:
608 4145 636 4173 «
697 4125 820 4192 Hic,
894 4123 1104 4194 inquit,
1161 4131 1244 4179 est
1301 4122 1592 4179 Dominus.
1621 4145 1647 4170 ι»
1701 4121 1801 4177 His

100 4214 332 4281 auditis,
367 4237 387 4264 ‹
426 4215 518 4270 hic
543 4214 682 4270 mihi
715 4213 1044 4270 causidicus
1075 4213 1183 4268 sub
1215 4226 1331 4283 quo
1366 4226 1557 4282 agam.
1587 4233 1607 4260 ι
1645 4212 1800 4267 Eru-

101 4303 226 4360 buit
255 4303 406 4360 dicto
434 4303 544 4372 ille,
591 4311 646 4358 et
678 4312 737 4359 ut
785 4311 909 4358 erat
966 4316 1081 4357 non
1120 4301 1425 4356 minimum
1459 4300 1796 4370 versipellis,

1893 611 1952 652 se
2010 598 2160 654 ultro
2209 598 2350 654 mihi
2395 598 2707 655 obtulerint
2769 599 3064 655 nobilioris
3111 600 3292 657 multo
3340 616 3598 672 persona

1893 686 2202 742 connubia.
2228 686 2444 743 Idcirco
2495 695 2688 743 autem
2741 696 2916 743 cauta
2952 687 3046 743 illa
3077 688 3284 744 mulier
3313 689 3382 745 de
3440 690 3600 746 nobi-

1893 773 2034 830 liore
2061 783 2144 830 est
2174 776 2460 831 sortiendo
2490 776 2701 844 locuta,
2751 791 2883 832 cum
2916 777 3083 832 sciret
3119 777 3216 832 vix
3272 785 3374 834 aut
3402 778 3599 834 nulla-

1894 870 2062 919 tenus
2111 878 2270 932 posse
2325 864 2674 935 contingere,
2704 874 2765 920 ut
2795 880 2928 920 cum
2956 865 3048 920 ille
3084 879 3292 921 nomen
3350 865 3599 922 nobilio-

1894 951 1975 1007 ris
2017 951 2293 1020 horreret,
2343 953 2439 1008 illa
2481 954 2756 1009 continuo
2805 953 3098 1010 nobilibus
3146 969 3214 1010 ac
3246 954 3600 1025 ignobilibus

1895 1040 2236 1110 generaliter
2267 1041 2601 1110 reprobatis,
2657 1057 2813 1112 spem
2846 1042 2953 1098 sibi
2981 1043 3248 1098 secunda
3305 1057 3426 1099 sua
3457 1057 3600 1098 con-

1889 1127 2208 1200 jugationis
2235 1130 2529 1186 adimeret.
2563 1130 2706 1186 Cum
2740 1131 2917 1202 igitur
2944 1131 3034 1186 ille
3067 1144 3292 1200 magna
3314 1131 3599 1200 superbia

1897 1217 2051 1287 quod
2097 1217 2166 1272 de
2206 1217 2480 1273 nobiliore
2537 1219 2783 1286 dixerat,
2843 1219 3218 1288 ascripsisset,
3268 1219 3366 1272 illa
3403 1219 3601 1273 subin-

1895 1303 2028 1361 tulit
2060 1306 2256 1362 :Certe
2288 1315 2387 1362 aut
2444 1306 2800 1373 nobiliorem,
2842 1315 2944 1363 aut
2973 1307 3222 1363 nullum.
3270 1306 3600 1377 lntelligens

1898 1393 1993 1449 ille
2034 1408 2152 1464 qua
2211 1394 2526 1451 intentione
2586 1403 2850 1451 matrona
2910 1395 3230 1458 dissereret,
3283 1394 3520 1450 descivit
3565 1409 3600 1450 a

1897 1489 2098 1552 capto,
2122 1489 2177 1538 et
2205 1482 2394 1538 denuo
2420 1483 2493 1539 ab
2515 1497 2583 1539 ea
2613 1483 2693 1539 nil
2726 1483 2836 1539 tale
2866 1483 3152 1552 quasivit.

1967 1569 2154 1638 Igitur
2185 1570 2293 1624 sub
2344 1570 2592 1639 plurimo
2636 1569 2734 1624 Dei
2783 1570 3006 1637 timore,
3035 1583 3138 1625 nec
3187 1568 3394 1624 minori
3427 1568 3600 1624 totius

1898 1656 2192 1713 afﬁnitatis
2235 1665 2291 1714 et
2328 1659 2582 1714 maxime
2633 1673 2828 1728 egena
2869 1671 3077 1712 manus
3123 1671 3340 1723 amore,
3386 1655 3600 1712 femina

1899 1747 2154 1816 prudens
2192 1761 2297 1802 nos
2352 1755 2406 1802 et
2456 1755 2652 1802 nostra
2698 1746 2953 1817 regebat,
2995 1745 3161 1802 ﬁdem
3192 1759 3370 1816 quam
3431 1745 3600 1801 advi—

1831 1809 2054 1891 Bventi
2116 1835 2324 1891 marito
2375 1843 2726 1897 servaverat,
2801 1841 3220 1904 consequenter
3270 1841 3326 1889 et
3393 1833 3602 1889 anima

1901 1923 2114 1994 duplici
2147 1931 2342 1979 tenore
2376 1924 2610 1988 ferebat,
2645 1924 2782 1978 dum
2816 1930 2871 1978 et
2907 1921 3160 1992 corporis
3189 1929 3432 1978 veterem
3468 1921 3600 1978 uni-

1899 2019 2074 2068 tatem
2106 2011 2546 2068 subintroducta
2597 2011 2777 2066 altera
2806 2025 2998 2078 carne,
3033 2026 3098 2067 eo
3132 2010 3452 2077 decedente,
3486 2024 3602 2065 non

1899 2099 2121 2165 dividit,
2174 2105 2228 2154 et
2284 2098 2624 2168 quotidiana
2683 2112 2824 2168 pene
2862 2097 3175 2153 salutifera
3216 2098 3413 2153 hostia
3442 2096 3602 2152 obla-

1899 2185 2052 2241 tione
2084 2187 2189 2255 ipsi
2216 2185 2527 2240 subvenire
2553 2185 2860 2240 contendit.
2895 2185 2964 2240 Et
2991 2199 3124 2240 cum
3150 2184 3421 2240 omnibus
3453 2197 3604 2252 pau-

1900 2273 2136 2344 peribus
2182 2272 2528 2344 generaliter
2582 2280 2730 2328 esset
2775 2271 3039 2340 affabilis,
3102 2272 3451 2342 quibusdam
3500 2285 3603 2341 pro

1900 2362 2170 2418 facultate
2229 2361 2412 2417 multa
2445 2361 2630 2416 fuerat
2688 2361 3053 2416 miseratione
3093 2360 3345 2416 beneﬁca
3413 2367 3468 2416 et
3510 2359 3606 2414 da-

1901 2451 2080 2521 psilis.
2115 2452 2482 2506 Peccatorum
2531 2450 2683 2504 enim
2715 2463 2955 2504 suorum
2991 2447 3268 2505 memoria
3315 2455 3606 2518 tantopere

1898 2540 2222 2610 angebatur
2275 2553 2344 2594 ac
2379 2539 2423 2594 si
2465 2538 2752 2594 universis
2791 2537 3019 2593 addicta
3076 2536 3350 2607 nequitiis
3407 2550 3607 2605 poenas

1901 2628 2159 2683 omnium
2192 2642 2325 2697 qua
2352 2635 2641 2698 geruntur
2692 2625 2978 2682 malorum
3009 2625 3256 2681 incidere
3281 2633 3598 2681 vereretur.

1902 2718 1966 2772 In
2019 2715 2347 2786 frugalitate
2395 2715 2560 2784 plane
2604 2714 2747 2770 nihil
2786 2721 3024 2784 poterat,
3057 2728 3188 2768 cum
3236 2711 3608 2768 teneritudini

1901 2804 2030 2874 ejus
2077 2812 2132 2860 et
2180 2805 2313 2860 usui
2357 2803 2588 2859 lautiori
2637 2804 3042 2859 alimentorum
3097 2799 3453 2870 parcimonia
3501 2799 3605 2854 mi-

1903 2892 2057 2948 nime
2105 2892 2450 2948 conveniret.
2504 2893 2590 2947 Ad
2638 2891 2780 2947 alias
2810 2891 3044 2946 omnino
3094 2887 3521 2958 inopinabiliter
3550 2901 3610 2942 se

1904 2980 2172 3036 habebat.
2224 2979 2366 3035 Nam
2436 2979 2591 3035 hisce
2645 2978 2829 3034 oculis
2885 2978 3004 3032 vidi
3052 2975 3439 3045 manibusque
3493 2983 3606 3030 tra-

1833 3085 1875 3141 α
1904 3068 2074 3136 ctavi,
2105 3069 2260 3138 quod
2291 3067 2518 3123 cultiori
2549 3066 2911 3123 extrinsecus
2937 3065 3244 3134 aliquoties
3282 3071 3437 3119 veste
3470 3077 3610 3132 pra-

1904 3165 2083 3222 tensa,
2135 3157 2316 3212 cilicio
2366 3155 2750 3225 hispidissimo
2792 3161 3192 3224 contegeretur
3237 3152 3309 3207 ad
3358 3151 3605 3217 nudum,

1905 3260 2011 3301 nec
2038 3245 2223 3300 solum
2262 3243 2513 3300 interdiu
2555 3241 2916 3312 apportabat,
2951 3239 3048 3295 sed
3076 3239 3248 3295 etiam
3275 3237 3432 3308 quod
3462 3236 3608 3292 deli-

1905 3342 2028 3389 cato
2053 3333 2364 3388 admodum
2391 3331 2559 3387 valde
2582 3329 2832 3386 insolens
2862 3336 2987 3385 erat
3015 3327 3263 3398 corpori,
3305 3327 3363 3382 in
3392 3339 3459 3381 eo
3489 3325 3609 3394 ipso

1905 3421 2172 3478 noctibus
2199 3420 2514 3477 cubitabat.

1977 3509 2287 3566 Nocturnis
2351 3507 2553 3565 ofﬁciis
2599 3507 2696 3562 vix
2741 3513 2842 3562 aut
2874 3517 3180 3574 nunquam
3229 3502 3442 3568 deerat,
3474 3515 3608 3556 cum

1905 3597 2116 3653 divinis
2156 3597 2510 3667 temporibus
2564 3593 2897 3652 communia
2956 3593 3053 3648 Dei
3091 3591 3300 3662 populo
3332 3590 3610 3659 frequen-

1907 3695 2071 3744 taret.
2107 3687 2199 3743 Sic
2228 3686 2518 3757 equidem,
2555 3692 2619 3742 ut
2666 3683 3101 3754 capellanorum
3156 3679 3416 3736 studium
3448 3678 3612 3733 inde-

1905 3775 2100 3831 sinens
2146 3789 2450 3845 nunquam
2483 3788 2624 3843 pene
2653 3772 2806 3842 apud
2842 3771 3021 3841 ipsam
3055 3783 3091 3825 a
3123 3769 3220 3826 Dei
3255 3767 3443 3824 laudis
3467 3765 3612 3823 cele-

1907 3862 2115 3918 britate
2173 3870 2421 3918 vacaret.
2473 3859 2747 3931 Conjugis
2797 3858 3053 3914 defuncti
3087 3856 3301 3913 mentio
3327 3856 3467 3910 adeo
3497 3854 3614 3910 fue-

1907 3959 1996 4007 rat
2042 3953 2170 4022 ejus
2201 3951 2361 4021 jugis
2417 3950 2475 4004 in
2505 3962 2603 4004 ore
2659 3956 2723 4004 ut
2753 3947 2896 4002 nihil
2949 3945 3108 4001 aliud
3160 3943 3353 4000 animo
3385 3943 3614 3998 volvere

1907 4040 2202 4096 videretur
2268 4039 2408 4094 dum
2478 4037 2626 4094 inter
2673 4035 2978 4101 orandum,
3034 4033 3182 4089 inter
3225 4032 3614 4100 eleemosyuas

1908 4127 2293 4199 largiendum,
2327 4127 2474 4182 inter
2497 4127 2667 4182 etiam
2700 4123 3018 4194 vulgariter
3060 4121 3371 4192 agendum,
3421 4118 3614 4174 homi-

1909 4231 2038 4272 nem
2091 4215 2273 4282 illum,
2323 4214 2478 4285 quod
2547 4215 2669 4269 sine
2719 4219 2906 4268 mente
2952 4225 3068 4266 non
3127 4216 3368 4279 poterat,
3433 4206 3612 4262 conti-

1911 4319 2026 4361 nue
2075 4304 2429 4374 loqueretur.
2487 4302 2669 4372 Cujus
2722 4315 2876 4356 enim
2920 4312 3115 4354 amore
3163 4311 3261 4352 cor
3308 4296 3610 4362 exuberat,

101 4392 222 4448 risu
267 4391 559 4447 extortitio
609 4391 799 4446 fucata
835 4389 1096 4460 nequitia
1164 4388 1323 4456 abiit,
1357 4389 1556 4444 audita
1585 4388 1799 4444 relatu-
1838 4401 1884 4456 ι)
1913 4407 1978 4449 eo
2009 4407 2068 4448 se
2107 4392 2308 4463 lingua
2355 4391 2427 4446 ad
2477 4390 2832 4460 loquendum
2864 4387 3032 4459 quasi
3063 4386 3201 4443 velit
3239 4385 3401 4453 nolit,
3437 4384 3614 4439 infor-

102 4495 202 4537 rus
248 4479 320 4535 ad
383 4495 536 4536 suos.
588 4479 697 4546 Qui
745 4487 800 4534 et
855 4479 963 4548 ipsi
1017 4478 1114 4534 tali
1147 4478 1514 4547 responsione
1569 4475 1796 4544 suffusi,

101 4583 229 4624 cum
274 4583 332 4624 se
365 4568 441 4622 nil
489 4568 661 4638 jnsta
704 4566 1016 4622 occasionis
1059 4566 1337 4621 adversus
1359 4565 1487 4636 ejus
1514 4567 1800 4619 omnimo-

102 4657 234 4712 dam
292 4657 646 4712 honestatem
704 4655 914 4712 habere
957 4661 1384 4725 cognoscerent,
1430 4653 1481 4709 ei
1540 4651 1800 4709 insistere

104 4745 453 4800 desiveruut.

172 4832 288 4888 Nec
318 4845 478 4887 mora
527 4845 682 4888 unus
719 4832 787 4888 de
837 4831 940 4888 loci
989 4837 1044 4886 et
1093 4829 1401 4900 provincia
1453 4829 1803 4899 primoribus

109 4921 284 4988 patris
341 4920 452 4976 mei
509 4935 703 4990 nepos,
737 4920 829 4976 vir
857 4920 1006 4975 sicut
1038 4928 1255 4988 potens,
1289 4919 1370 4973 sic
1419 4919 1686 4988 cupidus,
1713 4919 1799 4974 fe-

106 5005 321 5060 minam
354 5006 450 5062 tali
493 5020 754 5061 sermone
801 5006 1080 5062 adoritur.
1127 5005 1270 5062 Cum
1305 5005 1426 5072 tibi,
1463 5006 1670 5076 inquit,
1697 5007 1800 5060 do-

109 5093 262 5148 mina
285 5103 552 5164 suppetat
577 5096 856 5165 juventus
905 5103 959 5150 et
987 5093 1220 5164 species,
1255 5093 1577 5150 thalamum
1603 5095 1804 5165 jurare

109 5187 160 5235 te
187 5184 474 5248 convenit,
500 5191 564 5238 ut
591 5191 646 5239 et
677 5191 739 5238 tu
768 5183 840 5238 ad
881 5183 1159 5238 saculum
1188 5182 1510 5252 jucundius
1537 5183 1717 5250 vivas,
1749 5191 1804 5238 et

109 5271 378 5326 avunculi
412 5272 522 5327 mei
553 5271 716 5328 liberi
737 5285 772 5326 a
801 5286 890 5328 me
920 5271 1160 5327 ﬁdeliter
1194 5270 1485 5326 nutriendi
1517 5271 1628 5326 sub
1662 5285 1805 5327 cura

111 5371 235 5412 mea
280 5360 511 5430 degant,
565 5361 814 5430 denique
867 5368 924 5416 et
971 5360 1355 5429 possessiones
1413 5359 1669 5430 ejusdem
1731 5361 1800 5416 ad

113 5460 252 5514 mea,
286 5455 349 5503 ut
388 5447 673 5518 competit,
703 5447 840 5518 jura
872 5455 1193 5503 recurrant.
1225 5448 1296 5502 At
1351 5446 1447 5501 illa
1478 5463 1490 5500 ;
1526 5447 1664 5514 Scis,
1712 5448 1803 5503 in-

111 5536 253 5603 quit,
289 5537 648 5592 avunculum
683 5543 847 5592 tuum
881 5536 1052 5591 claris
1093 5537 1231 5590 bene
1271 5535 1561 5590 natalibus
1601 5549 1804 5606 propa-

114 5632 328 5693 gatum,
364 5625 466 5696 qui
497 5625 639 5696 quia
663 5625 778 5681 Deo
804 5639 936 5681 eum
965 5623 1232 5680 eﬁ‘erentc
1260 5624 1518 5691 decessit,
1550 5637 1658 5679 sua
1688 5639 1803 5681 non

1912 4489 2048 4536 mat.

2552 4566 2782 4623 CAPUT
2822 4565 2970 4621 XIV.

1981 4656 2088 4713 Sed
2129 4656 2217 4712 his
2245 4656 2489 4724 omissis,
2541 4655 2598 4710 in
2645 4654 2861 4725 quibus
2889 4652 3122 4723 quidem
3168 4651 3336 4716 bona,
3371 4649 3469 4705 sed
3499 4663 3616 4704 non

1911 4747 2054 4802 adeo
2099 4745 2410 4815 spectanda
2468 4743 2757 4814 processit,
2815 4742 3044 4798 residua
3109 4747 3524 4795 consectemur.
3567 4738 3617 4790 A

1914 4834 2091 4905 patris
2122 4833 2226 4888 mei
2257 4833 2418 4888 obitu
2449 4847 2581 4888 cum
2615 4831 2790 4887 ferme
2817 4828 3236 4894 duodennium,
3274 4833 3337 4882 ut
3375 4824 3616 4894 quidam

1912 4930 2200 4987 asserunt,
2247 4920 2648 4990 explevissem,
2687 4933 2805 4988 quo
2856 4925 2910 4972 et
2942 4915 3178 4970 domum
3231 4921 3405 4983 atque
3451 4921 3616 4967 natos

1912 5009 2147 5081 praelato
2173 5008 2366 5064 saculi
2401 5007 2600 5063 habitu
2657 5007 2766 5062 sub
2803 5005 3082 5060 viduitate
3115 5001 3429 5067 curaverit,
3485 5015 3617 5070 qua

1911 5098 2140 5154 diutina
2174 5096 2527 5152 revolutione
2571 5095 2857 5165 parturiit,
2906 5091 3122 5146 felicem
3157 5088 3470 5160 perducere
3493 5101 3618 5157 pro-

1915 5186 2152 5256 perabat
2205 5184 2276 5240 ad
2327 5191 2580 5253 partum.
2635 5183 2781 5237 Dum
2831 5194 2968 5249 ergo
3017 5177 3075 5232 in
3127 5178 3302 5248 hujus
3346 5175 3618 5245 propositi

1913 5273 2318 5331 deliberatione
2379 5270 2664 5340 penderet,
2706 5277 2761 5326 et
2795 5282 2926 5324 cum
2957 5267 3074 5323 solo
3105 5265 3420 5336 padagogo
3469 5278 3618 5332 meo,

1914 5363 2016 5433 qui
2044 5370 2098 5417 et
2132 5359 2402 5431 magister
2457 5359 2644 5415 fuerat
2698 5358 2793 5426 (de
2835 5371 2951 5427 quo
2977 5356 3246 5425 superius
3273 5352 3386 5422 egi)
3442 5365 3618 5422 super

1917 5451 2023 5506 hoc
2055 5450 2175 5520 ipso
2209 5455 2497 5516 tractaret,
2532 5447 2726 5501 audivi
2785 5444 3096 5515 quemdam
3131 5454 3613 5512 energumenum,

1915 5539 2015 5608 qui
2048 5539 2106 5591 in
2136 5537 2263 5605 ejus
2311 5534 2576 5590 alebatur
2619 5533 2807 5596 domo,
2851 5545 2981 5587 cum
3042 5531 3110 5585 de
3147 5543 3216 5585 ea
3268 5528 3455 5582 nescio
3486 5541 3617 5596 qua

1913 5626 2028 5682 alia
2075 5625 2398 5691 delatraret,
2465 5629 2708 5693 urgente
2750 5635 2809 5676 se
2847 5621 3127 5685 damonc,
3168 5617 3612 5674 declamantem:
