3934 6406
347 377 453 436 863

1232 375 1293 431 ν.
1337 373 1675 432 GUIBERTI
1715 371 2010 430 ABBA‘I‘IS
2047 370 2108 428 Β.
2146 371 2396 429 ΜΔΕῐᾶ
2431 371 2523 428 DE
2562 371 2950 429 NOVIGENTO

3750 368 3867 427 864

350 531 373 559 ι
404 512 667 576 Crucem,
720 507 930 579 inquit,
985 511 1304 577 posuerunt
1348 504 1660 574 presbyteri
1700 503 1759 558 in
1800 502 2038 559 renibus
2074 504 2120 557 Δ
2149 502 2473 570 necessitas,
2503 516 2707 559 earum
2736 510 2930 560 tamen
2974 502 3491 573 providentiarum,
3519 516 3653 572 quae
3696 500 3865 557 illius

344 598 489 669 ejus.
523 619 544 647 ι
573 596 697 664 Quo
728 595 1011 667 siquidem
1041 594 1165 650 nihi
1208 593 1424 657 verius,
1462 592 1589 648 licet
1622 600 1760 648 tunc
1815 604 2039 661 nequa-

345 699 523 757 quam
569 685 712 757 quid
752 684 1018 740 innueret
1063 683 1350 738 sciverim.
1403 681 1549 737 Nam
1606 695 1720 736 non
1778 682 1899 748 uni,
1943 680 2040 736 sed

344 774 545 831 multis
572 774 756 843 seipsa
794 772 997 828 deinde
1025 770 1325 841 supposuit
1370 769 1664 825 crucibus.
1715 769 1832 825 Nec
1880 782 2042 824 mora

344 875 477 917 cum
517 861 732 916 nemini
780 872 872 915 res
909 866 1142 927 pateret,
1206 865 1411 927 praeter
1458 857 1538 911 illi
1567 872 1740 927 quem
1783 857 2043 927 praeliba-

343 949 546 1016 verim,
592 948 822 1004 cuidam
872 948 1078 1002 domus
1109 960 1230 1002 sum
1267 946 1649 1015 dispensatori
1678 947 1781 1017 qui
1837 955 1892 1003 et
1925 948 2041 1016 ipse

343 1050 678 1093 conversam
727 1048 853 1090 eam
916 1035 1030 1089 cita
1087 1041 1173 1089 est
1220 1034 1580 1103 postmodum
1624 1034 1819 1089 saeculi
1874 1035 2053 1107 abre-_

343 1125 710 1182 nuntiatione
760 1130 1011 1190 secutus,
1071 1122 1183 1178 tale
1212 1124 1351 1193 quid
1404 1122 1460 1177 in
1500 1124 1717 1178 somnis
1746 1124 2037 1194 apparuit,

297 1244 300 1248 λ
344 1214 498 1283 quod
537 1212 799 1267 videlicet
847 1217 988 1265 41l
1046 1212 1238 1267 virum
1297 1211 1548 1277 duceret,
1606 1212 1843 1281 nuptias
1896 1212 2038 1268 cele-

343 1302 564 1369 braret;
613 1314 746 1370 quae
801 1313 892 1355 res
930 1298 1126 1355 liberis
1155 1299 1301 1369 ejus,
1353 1299 1553 1355 amicis
1596 1312 1664 1354 ac
1706 1301 2042 1369 parentibus

341 1388 687 1445 miraculum
727 1394 784 1443 et
836 1394 1131 1457 stuporem
1182 1388 1499 1443 maximum
1543 1396 1861 1457 generaret.
1898 1390 2041 1445 Pos-

341 1475 507 1532 tridie
530 1483 712 1531 mater
745 1489 879 1532 eum
919 1474 1354 1532 deambulatum
1384 1476 1587 1532 comite
1616 1476 1843 1533 doctore
1892 1492 2036 1546 meo,

338 1572 393 1620 et
414 1564 612 1620 eodem
632 1577 928 1620 oeconomo
977 1577 1079 1619 rus
1109 1564 1233 1630 iret,
1268 1564 1462 1620 intulit
1492 1564 1586 1621 ille
1616 1579 1750 1634 qum
1794 1566 2035 1623 viderat.

337 1652 453 1709 Nec
482 1659 663 1707 mater
703 1652 758 1707 in
804 1652 1017 1708 talibus
1057 1652 1454 1708 versutissima
1510 1653 1815 1723 interprete
1856 1655 2035 1725 eguit,

2146 590 2257 645 aevi
2306 591 2651 661 impotentiae
2692 591 3066 659 conveniunt,
3125 606 3257 662 qua;
3307 591 3430 647 sine
3475 589 3699 646 feminis
3745 589 3862 645 ad-

2150 678 2467 735 ministrari
2499 694 2614 735 non
2664 686 2926 750 possunt,
2959 693 3050 735 me
3078 678 3289 749 saepius
3336 678 3587 734 vexabat
3634 676 3858 746 inopia.

2148 767 2290 824 Cum
2322 782 2457 838 ergo
2506 782 2595 824 me
2648 768 2814 824 sciret
2854 768 2942 824 his
2988 768 3280 823 addictum
3335 767 3596 833 incuriis,
3650 766 3865 821 timore

2147 864 2203 912 et
2231 870 2427 911 amore
2477 864 2595 922 tuo,
2628 856 2799 922 Deus,
2849 870 2955 911 sua
2993 856 3315 911 obdurante
3374 854 3708 924 przecordia,
3740 854 3863 909 sub

2146 944 2355 1014 oppido
2410 944 2521 1009 illo,
2562 945 2620 999 in
2679 958 2797 1013 quo
2835 944 3133 1014 degebam,
3187 944 3327 999 dum
3384 944 3457 999 ad
3514 941 3866 1012 praedictum

2147 1032 2561 1089 monasterium
2608 1032 2973 1103 demigraret,
3043 1033 3350 1088 transitum
3397 1032 3629 1099 habens,
3669 1030 3858 1086 tantis

2147 1121 2335 1177 cordis
2382 1120 2747 1177 lacerabatur
2795 1120 3031 1177 aestibus
3089 1128 3154 1176 ut
3176 1120 3494 1180 lcastellum
3528 1120 3710 1188 ipsum
3755 1118 3857 1173 vel

2148 1210 2429 1278 respicere
2500 1223 2604 1279 pro
2695 1216 2974 1264 tormento
3073 1208 3418 1264 intolerabili
3496 1207 3605 1263 sibi
3672 1215 3852 1271 esset,

2148 1297 2516 1353 acerbissima
2559 1297 2710 1352 enim
2767 1296 3057 1364 mmstitia,
3100 1297 3240 1351 dum
3297 1296 3509 1367 cogitat
3554 1295 3695 1365 quid
3746 1294 3861 1350 ibi-

2147 1386 2275 1443 dem
2336 1385 2653 1457 reliquerit,
2725 1384 3114 1441 mordebatnr.
3196 1383 3482 1440 Nimirum
3556 1384 3723 1451 plane
3776 1384 3860 1439 si-

2148 1474 2327 1531 veluti
2358 1474 2431 1529 ab
2467 1475 2593 1544 ejus
2641 1487 2877 1543 corpore
2926 1473 3181 1529 membra
3236 1473 3468 1542 propria
3514 1471 3862 1528 viderentur

2148 1564 2437 1632 abrumpi,
2506 1576 2639 1618 cum
2703 1561 3099 1631 impiissimam
3146 1568 3199 1615 et
3265 1560 3553 1616 crudelem
3597 1573 3657 1615 se
3710 1574 3862 1630 pro-

2149 1653 2291 1707 fecto
2338 1658 2723 1721 cognosceret,
2805 1651 2917 1704 imo
2972 1648 3200 1704 audiret
3264 1649 3477 1716 vocari,
3534 1663 3667 1719 quae
3729 1656 3863 1705 tan-

338 1740 437 1797 sed
485 1740 558 1796 ad
613 1740 958 1811 magistrum
1002 1740 1167 1796 illum
1214 1742 1542 1810 respiciens,
1591 1742 1750 1812 quod
1797 1755 1866 1799 ea
1905 1758 2038 1814 qua;
2076 1780 2118 1837 Β
2150 1749 2266 1796 tam
2322 1740 2593 1807 sobolem,
2644 1746 2822 1804 tanto,
2881 1745 2950 1837 ut
2994 1737 3301 1802 ferebatur,
3325 1736 3558 1837 Iall‘ectu
3606 1737 3862 1837 dignam

336 1826 487 1883 inter
528 1841 626 1883 eos
669 1828 739 1884 de
786 1828 908 1894 Dei,
978 1828 1072 1884 cui
1112 1829 1390 1900 conjungi
1422 1830 1801 1899 desiderabat,
1843 1844 2039 1889 amore

340 1914 761 1982 tractabantur,
823 1915 951 1971 visa
986 1914 1086 1971 illa
1126 1917 1547 1986 portenderent,
1605 1918 1836 1974 silenter
1876 1919 2040 1976 inno-

335 2004 466 2060 tuit.
517 2004 859 2060 Accelerans
898 2018 1035 2075 ergo
1088 2004 1244 2075 quod
1291 2014 1558 2075 coeperat,
1593 2015 1648 2061 et
1697 2006 1906 2064 interni
1945 2008 2036 2066 sui

335 2100 507 2149 aestus
532 2092 853 2163 impatiens,
886 2092 1099 2162 oppidi,
1148 2092 1209 2148 in
1254 2107 1372 2163 quo
1403 2094 1762 2159 morabatur,
1795 2109 2033 2151 conver-

336 2180 618 2237 sationem
648 2181 919 2237 deseruit.

405 2268 593 2325 Guido
611 2270 900 2325 Bellonae.
932 2268 1176 2340 episcop.
1209 2269 1419 2335 fundat
1441 2269 1745 2325 ecclesiam
1773 2272 1834 2327 S.
1854 2271 2033 2336 Ouin-

333 2356 783 2414 tini.Simoniact'
808 2357 1074 2412 criminis
1123 2361 1448 2424 accusatur,
1500 2358 1937 2430 deponiturque,
1977 2366 2038 2417 et

332 2444 605 2500 Cluniaci
619 2446 693 2514 ﬁl
718 2446 1049 2500 monachus.
1093 2446 1353 2501 σπιἰόηεὶ
1407 2447 1607 2501 natale
1635 2446 1930 2518 Oppidum.
1962 2479 2034 2490 —-

330 2534 452 2597 Quo
499 2532 875 2603 digressionis
926 2540 1178 2601 tempore
1227 2534 1381 2603 apud
1424 2533 1796 2604 episcopalem
1825 2550 2032 2606 quam-

331 2620 464 2675 dam
498 2628 720 2676 morata
766 2627 851 2677 est
901 2620 1176 2687 villam,a
1204 2622 1436 2677 domino
1484 2623 1870 2679 Bellovacensi
1899 2639 2033 2694 pon-

328 2703 479 2761 tifice
502 2705 764 2763 Guidone
822 2708 940 2764 illic
965 2710 1364 2766 commanendi
1414 2711 1720 2781 impetrata
1777 2713 2025 2771 licentia.

328 2790 417 2863 (⁸ο)
450 2794 549 2849 His
579 2793 764 2851 Gnido
795 2796 889 2851 vir
908 2797 1065 2851 omni
1098 2797 1419 2855 curialitate
1447 2800 1816 2869 compositus,
1859 2803 2030 2858 nobi-

328 2879 458 2936 liter
497 2882 799 2951 oriundus,
859 2884 1043 2940 forma
1097 2885 1369 2941 exteriori
1408 2886 1576 2943 valde
1633 2887 1821 2944 officio
1869 2891 2026 2960 quod

329 2969 561 3039 gerebat
610 2971 869 3028 idoneus.
903 2973 1010 3038 Qui
1056 2980 1180 3043 post
1235 2973 1585 3031 clarissimas
1620 2989 1770 3046 quas
1828 2979 2027 3035 Eccle-

2146 1829 2421 1900 (multum
2476 1828 2628 1883 enim
2669 1841 2781 1883 non
2822 1826 2988 1881 modo
3027 1838 3062 1879 a
3100 1825 3469 1892 nostratibus,
3528 1825 3626 1882 sed
3672 1826 3855 1881 etiam

2146 1918 2220 1973 ab
2271 1917 2484 1973 exteris
2524 1915 2843 1981 excolebar)
2879 1915 2956 1969 ita
2984 1914 3055 1970 ab
3095 1914 3287 1969 animo
3317 1913 3673 1982 exclusisset,
3712 1914 3859 1970 sub-

2143 2005 2388 2075 sidiique
2420 2004 2642 2073 inopem
2687 2002 3010 2059 dimisisset.
3065 2002 3137 2058 Et
3167 2009 3250 2069 tu,
3286 2003 3437 2059 Deus
3476 2002 3639 2070 bone,
3690 2003 3856 2059 Deus

2146 2096 2253 2165 pie,
2289 2102 2390 2150 tua
2426 2093 2745 2159 dulcedine,
2779 2104 2879 2148 tua
2908 2092 3185 2148 charitate
3210 2092 3377 2163 jecur
3419 2092 3562 2149 illud
3601 2102 3754 2150 certe
3783 2093 3853 2148 in

2142 2182 2354 2238 saeculo
2411 2182 2754 2252 piissimum,
2806 2195 2877 2237 ne
2913 2188 3058 2237 esset
3101 2188 3301 2237 contra
3332 2195 3392 2237 se
3437 2182 3619 2251 pium,
3671 2180 3853 2237 mira-

2142 2272 2331 2328 biliter
2391 2270 2758 2326 indurueras.
2820 2269 3032 2325 Contra
3107 2282 3166 2324 se
3216 2282 3416 2338 nempe
3467 2270 3840 2337 mollesceret,

2143 2359 2187 2413 si
2242 2371 2345 2413 nos
2399 2372 2519 2413 suae
2572 2357 2741 2413 saluti
2817 2358 3145 2427 prmferens,
3224 2357 3323 2413 Dei
3373 2357 3672 2428 negligens
3739 2372 3846 2427 pro

2140 2446 2305 2501 nobis
2357 2445 2654 2501 mundana
2714 2453 2961 2501 curaret.
3035 2446 3140 2500 Sed
3202 2445 3363 2501 fortis
3428 2445 3535 2501 fuit
3576 2454 3640 2501 ut
3688 2459 3843 2501 mors

2139 2535 2365 2591 dilectio
2418 2536 2607 2604 (Cant.
2656 2549 2773 2600 vui,
2814 2534 2891 2601 6),
2926 2534 3065 2604 quia
3105 2547 3220 2604 quo
3259 2540 3311 2589 te
3366 2533 3568 2589 dilexit
3623 2535 3845 2590 arctius

2137 2631 2299 2681 tanto
2326 2637 2394 2679 ea
2417 2636 2549 2693 quae
2581 2622 2741 2692 prius
2756 2629 3071 2687 amaverat,
3105 2623 3228 2677 visa
3256 2629 3340 2678 est
3369 2635 3405 2677 a
3437 2635 3496 2678 se
3541 2622 3846 2692 abrupisse

2138 2711 2419 2766 securius.

2208 2800 2292 2854 Ad
2333 2798 2658 2854 cmnobium
2708 2811 2844 2867 ergo
2912 2797 3053 2853 illud
3102 2798 3339 2854 veniens
3393 2811 3575 2854 anum
3627 2812 3843 2869 quam—

2135 2888 2268 2943 dam
2324 2888 2383 2942 in
2429 2886 2853 2943 sanctimoniali
2928 2886 3129 2943 habitu
3188 2886 3419 2957 reperit,
3470 2900 3646 2957 quam
3697 2886 3845 2958 quia

2136 2975 2449 3044 plurimam
2488 2974 2783 3045 religionis
2812 2974 3058 3044 speciem
3103 2988 3220 3044 prie
3248 2989 3307 3031 se
3345 2975 3578 3042 ferebat,
3622 2976 3695 3031 ad
3728 2976 3839 3031 sibi

326 3057 423 3113 size
501 3057 826 3115 Belvacensi
898 3061 1240 3131 praestiterat
1315 3063 1607 3130 utilitates,
1677 3064 1828 3122 inter
1878 3081 2028 3137 quas
2065 3073 2107 3128 C
2135 3063 2585 3119 cohabitantium
2618 3063 2951 3133 discipulal‘i
3008 3064 3261 3133 quadam
3307 3064 3567 3120 exhibita
3596 3064 3650 3119 εἰ
3680 3064 3840 3127 7511b-

325 3145 505 3202 sancti
558 3146 816 3213 Quintini
863 3162 898 3204 a
938 3151 1120 3219 primo
1167 3150 1351 3221 lapide
1398 3153 1807 3210 canonicorum
1860 3169 2027 3226 regu-

331 3234 539 3289 larium
571 3236 866 3293 ecclesiam
913 3238 1277 3307 fundaverat,
1328 3249 1637 3297 accusatus
1661 3243 1733 3298 ab
1762 3242 1852 3299 his
1879 3258 2027 3314 quos

323 3322 690 3389 educaverat,
723 3332 900 3395 atque
935 3335 1316 3395 promoverat,
1349 3328 1495 3384 clam
1521 3329 1675 3397 apud
1721 3330 2023 3401 Hugonem

218 3466 233 3479 ,
328 3410 771 3481 Lugdunensem
835 3413 1332 3483 archiepiscopum
1385 3417 1710 3485 apostolicae
1757 3419 1906 3475 sedis
1951 3420 2027 3476 le-

323 3504 543 3567 gatum,
577 3499 845 3556 Simoniaa
894 3508 952 3556 et
980 3501 1226 3557 aliorum
1280 3503 1612 3572 criminum,
1672 3507 1813 3576 quia
1862 3521 2027 3564 voca-

325 3592 419 3641 tus
463 3600 581 3641 non
642 3596 900 3655 venerat,
970 3590 1337 3660 adjudicatus
1403 3593 1609 3649 absens
1663 3595 2019 3665 depositioni,

323 3687 455 3728 cum
487 3682 633 3730 esset
669 3675 967 3741 Cluniaco,
1001 3677 1235 3735 inﬂictte
1284 3680 1389 3736 sibi
1439 3682 1735 3739 sententia:
1765 3684 2019 3753 timidus,

322 3760 394 3816 ad
423 3762 786 3819 monachiam
822 3764 1029 3821 ibidem
1052 3780 1172 3822 sese
1194 3769 1558 3825 contradidit.
1595 3772 1648 3827 Is
1683 3776 1739 3828 et
1781 3781 2020 3829 matrem

323 3855 379 3904 et
432 3856 699 3917 parentes
755 3864 891 3907 neos
928 3866 1061 3908 cum
1120 3854 1417 3912 videretur
1476 3858 1760 3927 amplecti,
1819 3867 1873 3916 et
1932 3873 2025 3915 me

325 3937 685 4005 potissimum
752 3940 1118 3997 charitudine
1186 3943 1437 4013 plurima
1505 3945 1815 4015 affectarat,
1875 3962 2023 4018 prae-

322 4024 519 4081 sertim
560 4027 653 4083 cui
688 4030 881 4084 omnia
920 4030 1378 4089 benedictionum
1426 4044 1787 4092 sacramenta
1818 4044 2024 4106 praeter

321 4114 701 4173 sacerdotium
747 4118 1103 4184 contulisset,
1146 4134 1181 4176 a
1227 4106 1562 4179 necessariis
1618 4124 1817 4181 matris
1883 4138 2023 4181 mea:

323 4210 579 4274 rogatus,
631 4212 696 4261 ut
758 4206 815 4263 in
864 4208 1130 4277 propriis,
1166 4224 1296 4281 quae
1338 4211 1512 4281 juxta
1569 4212 1675 4267 loci
1722 4212 2022 4269 ecclesiam

322 4291 646 4347 constitutas
696 4302 884 4358 erant,
928 4295 1151 4352 aedibus
1205 4297 1413 4369 degere
1441 4299 1855 4371 aliquantisper
1879 4302 2024 4357 sine-

2131 3153 2374 3224 jectione
2406 3151 2607 3222 coegit.
2662 3150 2871 3222 Coegit,
2928 3152 3191 3220 inquam,
3234 3166 3368 3207 cum
3419 3152 3539 3222 ipsa
3584 3152 3842 3209 ambien-

2136 3237 2366 3303 tissime,
2408 3238 2661 3307 expertis
2688 3240 2814 3309 ejus
2868 3238 3143 3307 moribus,
3179 3239 3507 3295 sodalitium
3564 3240 3675 3295 tale
3720 3240 3839 3295 col-

2133 3325 2350 3396 legerit.
2399 3326 2580 3396 Ctepit
2620 3328 2815 3397 itaque
2872 3328 3216 3397 pedetentim
3273 3327 3620 3397 antiquioris
3675 3328 3842 3385 illius

2133 3414 2359 3471 feminae
2389 3415 2635 3484 rigorem
2676 3415 2910 3483 imitari,
2968 3416 3156 3472 victus
3194 3416 3606 3486 parcimoniam
3644 3418 3837 3487 sequi,

2135 3503 2505 3573 pauperrima
2555 3504 2793 3559 absonia
2823 3504 3107 3574 amplecti,
3157 3504 3650 3560 consuetudinarii
3680 3513 3844 3561 stra-

2132 3598 2226 3648 tus
2270 3592 2463 3647 mollia
2512 3591 2698 3648 fulcra
2727 3593 2982 3662 rejicere,
3040 3594 3269 3648 linteolo
3299 3600 3355 3649 et
3397 3593 3673 3649 stramine
3704 3594 3842 3650 fru-

2131 3678 2414 3736 mentario
2470 3687 2735 3736 contenta
2782 3681 3052 3737 dormire.
3112 3682 3183 3737 Et
3233 3695 3366 3737 cum
3416 3682 3601 3737 multa
3642 3683 3843 3739 adhuc

2132 3769 2339 3824 niteret
2410 3769 2595 3838 specie
2654 3769 3002 3840 nullumque
3066 3770 3444 3840 praetenderet
3532 3772 3842 3827 vetustatis

2132 3857 2433 3925 indicium,
2497 3858 2569 3912 ad
2608 3857 2716 3913 hoc
2756 3858 2879 3927 ipsa
2921 3858 3263 3914 contendere
3294 3867 3356 3914 ut
3396 3858 3555 3928 rugis
3581 3859 3842 3916 anilibus

2132 3945 2205 4000 ad
2246 3960 2491 4002 cernuos
2533 3946 2843 4003 deﬂuxisse
2890 3955 3196 4016 putaretur
3252 3960 3453 4002 annos.
3511 3948 3840 4004 Defluentia

2130 4047 2268 4106 ergo
2293 4034 2563 4102 crinium,
2616 4050 2749 4105 quae
2780 4035 3040 4092 femineis
3086 4036 3445 4106 potissimum
3499 4036 3682 4092 solent
3734 4051 3837 4092 or-

2132 4123 2368 4179 natibus
2406 4123 2701 4191 inservire,
2738 4124 2940 4180 crebro
2970 4124 3184 4194 forcipe
3215 4124 3615 4186 succiduntur.
3671 4125 3834 4195 pulla

2130 4211 2305 4267 vestis
2348 4220 2403 4268 et
2471 4212 2851 4281 amplitudine
2910 4212 3139 4268 insolita
3192 4212 3512 4282 displicens,
3570 4214 3835 4269 innume-

2131 4300 2211 4355 ris
2241 4300 2708 4357 resarcitionibus
2735 4307 3090 4371 segmentata
3141 4300 3412 4371 prodebat
3464 4315 3597 4357 cum
3645 4302 3830 4358 nativi

321 4386 429 4444 ret,
488 4387 785 4449 gratanter
854 4381 1101 4439 admisit.
1151 4385 1399 4442 Vocatur
1453 4396 1647 4443 autem
1704 4388 1843 4445 villa
1900 4390 2021 4460 ipsa
2058 4396 2103 4452 ι)
2133 4389 2338 4446 coloris
2381 4389 2607 4459 palliolo
2653 4387 2768 4459 (⁵³),
2794 4398 2849 4445 et
2902 4390 3147 4445 sutulari
3208 4390 3534 4459 partusuris
3596 4390 3833 4446 incorri-

319 4465 731 4524 Castanentum
774 4469 847 4526 ab
886 4472 1094 4541 oppido
1139 4481 1332 4530 nostro
1381 4476 1664 4532 milliariis
1710 4477 1885 4535 ferme
1936 4493 2020 4536 re-

320 4561 478 4609 mota
506 4554 753 4612 duobus.

391 4641 654 4700 Guibertt'
690 4646 1102 4703 Caelanenlum
1146 4656 1337 4705 mater
1379 4652 1634 4721 secessit,
1661 4661 1722 4712 et
1744 4658 1805 4711 S.
1848 4657 2018 4712 θεή-

315 4730 471 4786 mari
497 4749 679 4805 prope
737 4736 1039 4792 ecclesiam
1091 4740 1374 4795 comtruil
1418 4742 1736 4799 aediculam.
1768 4775 1837 4785 α·-
1872 4745 2020 4802 Inibi

318 4818 498 4889 igitur
527 4824 842 4880 consistens
862 4827 934 4881 ad
963 4826 1057 4897 (1")
1083 4828 1885 4894 Flaviacense1monasterium
1897 4846 2021 4889 sese

316 4905 732 4968 deliberaverat
787 4927 1208 4971 concessuram.
1275 4915 1370 4987 (³³)
1430 4920 1757 4977 Exstructis
1822 4922 2019 4991 itaque

316 4993 460 5051 inibi
507 4998 766 5055 aediculis
840 5016 1014 5073 prope
1054 5005 1373 5074 ecclesiam,
1440 5009 1725 5065 mediante
1783 5010 2019 5079 praefato

318 5083 594 5153 magistro
646 5101 786 5152 meo.
845 5091 1076 5147 tandem
1134 5106 1169 5148 a
1229 5094 1351 5151 loco
1403 5097 1461 5152 in
1510 5111 1628 5167 quo
1679 5098 2017 5155 morabatur

318 5172 567 5240 emersit,
631 5182 686 5229 et
736 5190 869 5233 cum
918 5180 1087 5235 sciret
1139 5195 1229 5238 me
1271 5194 1510 5253 prorsus
1553 5186 1901 5256 orphanum,
1961 5193 2019 5244 et

317 5258 543 5316 nullam
587 5263 822 5320 omnino
878 5266 1090 5323 habere
1129 5270 1238 5326 sub
1282 5285 1401 5342 qua
1443 5272 1655 5329 niterer
1682 5287 1871 5344 opem,
1909 5288 2015 5345 pa-

319 5356 551 5405 rentum
589 5351 871 5421 siquidem
918 5363 974 5412 et
1004 5356 1265 5415 affinium
1314 5359 1617 5431 multiplex
1647 5370 1770 5419 erat
1806 5364 2013 5433 copia;

322 5443 381 5492 at
427 5451 563 5494 vero
602 5440 800 5497 nullus
841 5443 945 5515 qui
989 5446 1234 5514 puerulo
1266 5448 1321 5502 in
1371 5450 1640 5506 omnibus
1681 5452 2010 5517 tenerrimo,

322 5539 426 5593 pro
489 5527 817 5598 indigentiis
862 5535 1111 5591 aetatulae
1151 5536 1388 5590 sollicite
1440 5552 1639 5593 curam
1688 5539 1889 5607 ferret;
1933 5540 2015 5595 vi-

322 5615 601 5673 ctualium
650 5619 805 5677 enim
852 5635 921 5677 ac
984 5624 1459 5680 indumentorum
1498 5627 1600 5682 etsi
1648 5634 1794 5683 esset
1852 5627 2016 5683 nulla

2128 4478 2404 4549 gibilibus
2456 4477 2756 4539 terebrato,
2825 4476 3100 4547 quoniam
3151 4477 3393 4534 interius
3446 4486 3568 4534 erat
3596 4479 3691 4535 cui
3718 4481 3830 4535 sub

2127 4574 2243 4623 tam
2270 4566 2516 4636 inglorio
2539 4572 2827 4635 apparatu
2855 4564 3078 4635 placere
3099 4566 3397 4636 gestiebat.

2198 4654 2487 4711 Confessio
2532 4654 2713 4724 igitur
2771 4661 3032 4709 veterum
3106 4663 3489 4724 peccatorum,
3547 4656 3827 4726 quoniam

2127 4744 2309 4814 ipsam
2372 4741 2645 4797 didicerat
2704 4742 2935 4797 initium
2994 4742 3300 4808 bonorum,
3358 4744 3613 4813 quotidie
3683 4758 3829 4813 pene

2128 4844 2279 4887 nova
2310 4844 2440 4885 cum
2476 4829 2652 4897 fieret,
2687 4844 2911 4901 semper
2950 4832 3183 4887 animus
3236 4830 3493 4902 ejusdem
3531 4833 3831 4889 exactione

2127 4918 2547 4989 praeteritorum
2619 4932 2858 4975 suorum
2937 4927 3172 4975 actuum
3263 4920 3623 4987 versabatur,
3683 4921 3829 4991 quid

2126 5010 2292 5077 virgo
2323 5007 2559 5062 ineunte
2589 5006 2700 5062 sub
2742 5021 2888 5072 sevo,
2918 5006 3057 5076 quid
3093 5006 3284 5073 virita,
3314 5007 3454 5077 quid
3486 5007 3664 5063 vidua
3705 5016 3829 5064 stu-

2124 5096 2219 5153 dio
2270 5097 2390 5166 jam
2435 5095 2784 5166 possibiliore
2840 5096 3143 5166 peregerit,
3193 5096 3546 5166 cogitaverit,
3590 5096 3823 5164 dixerit,

2123 5200 2349 5256 semper
2381 5186 2618 5242 rationis
2647 5185 2984 5241 examinare
3027 5185 3320 5251 thronum,
3354 5193 3409 5241 et
3447 5184 3517 5241 ad
3560 5186 3824 5241 sacerdo-

2123 5276 2215 5343 tis,
2267 5274 2382 5329 imo
2410 5274 2483 5329 ad
2530 5273 2625 5329 Dei
2678 5288 2777 5343 per
2830 5273 3018 5343 ipsum
3066 5273 3454 5344 cognitionem
3492 5273 3826 5329 examinata

2123 5363 2421 5419 deducere.
2475 5362 2612 5418 Inde
2657 5376 2789 5418 cum
2856 5363 3031 5417 tantis
3075 5363 3300 5419 videres
3340 5362 3611 5418 feminam
3658 5376 3824 5419 orare

2122 5451 2487 5516 stridoribus,
2536 5452 2697 5506 tanta
2762 5450 3001 5520 spiritus
3055 5451 3345 5507 anxietate
3398 5445 3703 5516 tabescere,
3757 5461 3821 5508 ut

2124 5538 2271 5593 inter
2299 5540 2656 5607 operaudum
2697 5552 2828 5593 cum
2864 5538 3167 5594 dirissimis
3213 5538 3314 5594 vix
3373 5539 3491 5595 ullo
3521 5539 3686 5595 modo
3715 5556 3823 5596 ces-

2122 5634 2318 5683 sarent
2360 5632 2511 5682 4"
2540 5627 2937 5697 deprecatoria
2979 5626 3156 5683 verba
3195 5626 3564 5699 singultibus.
3599 5629 3819 5699 Septem
