3934 6458
133 456 274 508 865

1307 451 1396 507 DE
1436 449 1594 510 VITA
1634 453 1766 508 SUA
1807 447 1994 510 LIBRI
2036 451 2243 511 TRES.
2278 484 2346 494 —
2373 451 2505 508 LIB.
2551 453 2594 510 1.

3590 460 3692 512 866

139 583 610 652 poenitentiales
643 582 889 653 psalmos
917 581 1027 639 sub
1059 581 1296 653 praefata
1335 597 1454 639 anu
1486 597 1600 640 non
1637 583 1887 639 videndo
1924 586 1970 638 A
1998 583 2189 639 studio
2237 583 2502 652 deinceps
2581 583 2916 655 benigniore
2991 586 3276 642 tractavit.
3349 586 3544 643 Testor
3621 596 3693 656 te,

141 673 274 727 sed
325 673 622 729 audiendo
665 673 961 739 didicerat,
1019 687 1166 742 quos
1228 680 1418 728 tamen
1471 686 1760 742 saporose,
1821 681 1886 728 ut

141 762 257 815 sic
314 761 586 828 dixerim,
619 761 825 817 diebus
854 775 922 816 ac
964 761 1231 817 noctibus
1259 761 1597 816 ruminabat
1630 767 1693 816 ut
1725 775 1884 815 nun—

144 863 364 919 quam
394 849 677 919 suspiriis,
704 863 1010 918 nunquam
1045 849 1356 920 gemitibus
1384 849 1442 904 in
1474 848 1722 904 auribus
1750 849 1881 914 tuis,

147 941 356 1004 Deus,
399 938 742 994 suavissime
788 952 1066 993 resonans
1107 937 1395 992 cantilena
1433 937 1530 992 illa
1559 945 1796 992 careret.
1827 936 1883 992 Si

145 1027 424 1097 quando
449 1041 585 1082 vero
615 1034 948 1082 exterorum
990 1025 1291 1081 hominum
1332 1024 1718 1080 conventiculi
1756 1024 1884 1095 ejus

145 1115 511 1170 solitudinis
567 1128 743 1185 quam
799 1114 1257 1184 amplectebatur
1309 1113 1621 1168 admodum
1680 1113 1878 1168 turba-

143 1211 424 1273 rentur;
457 1219 587 1259 cum
621 1203 744 1273 ipsa
780 1205 931 1258 enim
959 1216 1177 1269 omnes,
1216 1201 1318 1272 qui
1369 1201 1547 1270 ipsius
1592 1201 1880 1256 notionem

144 1291 516 1360 attigerant,
570 1291 682 1346 viri
734 1291 1048 1360 praesertim
1091 1304 1159 1345 ac
1214 1290 1438 1346 femina;
1473 1289 1712 1356 nobiles,
1741 1304 1882 1358 quo-

141 1380 339 1435 niam
399 1380 544 1435 mire
614 1388 738 1435 erat
789 1379 969 1434 faceta
1031 1386 1087 1434 et
1152 1386 1498 1448 temperans,
1558 1377 1881 1448 gratissime

146 1467 594 1537 loquebantur,
663 1467 799 1536 ipsis
860 1467 1303 1532 discedentibus,
1367 1467 1412 1521 si
1486 1466 1625 1537 quid
1689 1465 1882 1521 minus

143 1570 408 1623 verum,
433 1555 479 1611 si
511 1556 653 1626 quid
694 1555 875 1624 futile,
911 1557 955 1611 si
999 1556 1141 1626 quid
1190 1556 1437 1611 otiosum
1477 1569 1536 1610 se
1581 1554 1880 1624 colloquiis

149 1645 577 1710 immersisset,
638 1645 780 1700 illud
841 1644 900 1698 in
965 1643 1122 1700 illius
1185 1646 1380 1700 animo
1435 1643 1546 1698 dici
1605 1656 1718 1697 non
1779 1655 1878 1710 po-

148 1737 286 1789 test
316 1747 464 1802 quas
500 1733 853 1802 parturiebat
911 1732 1229 1803 angustias,
1302 1733 1481 1787 donec
1537 1731 1730 1786 solitas
1777 1737 1879 1784 aut

150 1822 644 1892 compunctionis
682 1836 782 1877 seu
812 1821 1182 1877 confessionis
1201 1821 1506 1891 attingeret
1542 1818 1747 1874 undas.

1995 673 2223 738 horum,
2259 673 2348 742 pie
2379 673 2682 742 dispositor
2712 673 2883 740 Deus,
2938 675 3097 744 quia,
3131 689 3204 731 ex
3235 690 3352 745 quo
3399 676 3695 733 Basilicam

1995 761 2323 817 monasterii
2375 761 2553 830 ipsms
2603 761 2836 828 intravi,
2883 771 2936 817 et
2995 764 3310 818 monachos
3336 764 3697 821 considentes

1994 849 2210 917 pariter
2247 849 2363 904 vidi
2403 857 2458 904 et
2487 863 2559 904 ex
2590 863 2792 905 eorum
2814 851 3079 907 contuitu
3109 859 3335 907 tantum
3377 853 3696 908 monachica

1992 938 2248 1006 concepit
2321 937 2669 993 desiderium
2741 947 2802 994 ut
2863 938 3199 996 nullatenus
3265 941 3693 1009 defcrvesceret,

1993 1040 2098 1080 nec
2122 1026 2230 1081 sub
2270 1026 2462 1095 quiete
2515 1025 2747 1081 animus
2783 1035 2996 1096 ageret,
3038 1027 3218 1083 donec
3245 1029 3334 1083 sui
3367 1029 3483 1085 voti
3528 1032 3694 1087 sorti-

1993 1123 2154 1170 retur
2204 1113 2488 1169 effectum.
2543 1115 2686 1170 Cum
2722 1115 2903 1185 igitur
2931 1116 3038 1170 sub
3073 1117 3268 1171 eodem
3317 1118 3401 1173 eis
3443 1118 3696 1176 claustro

1991 1202 2348 1268 cohabitans,
2414 1209 2597 1258 totum
2678 1217 2801 1259 esse
2876 1203 3130 1273 ipsorum
3209 1204 3696 1278 babitudinesque

1989 1291 2380 1358 considerans,
2429 1299 2485 1346 et
2550 1292 2698 1348 sicut
2756 1292 2896 1348 solet
2924 1307 2958 1347 a
2988 1301 3156 1348 vento
3204 1292 3441 1350 ﬂamma
3468 1309 3694 1353 succre-

1990 1393 2165 1446 scere,
2221 1380 2297 1433 ita
2352 1393 2424 1434 ex
2467 1379 2948 1449 contemplatione
3006 1395 3205 1436 eorum
3258 1394 3484 1451 semper
3533 1399 3695 1440 mens

1991 1482 2116 1524 mea
2184 1468 2619 1524 conformationi
2676 1469 2907 1524 illorum
2991 1469 3241 1534 inhians,
3297 1484 3410 1525 non
3479 1479 3697 1541 poterat

1989 1570 2106 1611 non
2168 1557 2387 1612 ardere.
2449 1556 2801 1613 Sollicitatur
2880 1558 3132 1628 denique
3192 1559 3265 1614 ab
3320 1559 3528 1617 abbate
3585 1561 3695 1618 loci

1984 1646 2400 1716 congeminatis
2455 1646 2708 1715 quotidie
2752 1646 3014 1716 precibus
3063 1654 3127 1702 ut
3185 1649 3535 1704 monachum
3569 1649 3684 1704 ibi-

1985 1731 2112 1788 dem
2172 1747 2261 1788 me
2311 1734 2576 1801 facerem,
2605 1742 2661 1789 et
2711 1749 2844 1790 cum
2905 1734 3132 1790 inﬁnito
3178 1735 3250 1789 ad
3291 1736 3346 1790 id
3377 1743 3684 1793 mstuarem

1991 1821 2286 1889 desiderio,
2330 1823 2398 1878 ad
2456 1823 2785 1892 hujusmodi
2833 1823 3299 1892 pollicitationem
3363 1832 3554 1880 tamen
3596 1839 3694 1894 per

238 1909 362 1965 Sed
393 1918 921 1980 quantumcunque
951 1909 1230 1975 studium,
1279 1917 1735 1978 quantacunque
1765 1905 1882 1960 sol-
1995 1910 2142 1965 ullas
2197 1912 2526 1981 rogantium
2558 1912 2818 1982 rogarias
2843 1924 2969 1967 mea
3002 1912 3202 1982 lingua
3241 1912 3384 1968 solvi
3432 1928 3548 1968 non
3589 1885 3693 1983 po—

147 1998 421 2055 licitudo
467 1999 594 2069 ejus
640 1999 950 2055 haberetur
999 1998 1054 2053 in
1099 1998 1331 2064 talibus,
1379 1997 1457 2051 nil
1507 1996 1749 2061 ﬁduciae,
1799 1992 1883 2048 nil

148 2085 508 2142 securitatis
543 2087 719 2141 menti
765 2087 891 2157 ejus
941 2085 1146 2141 aﬂ'erre
1177 2093 1418 2156 poterat,
1462 2083 1605 2154 quin
1656 2097 1882 2152 semper

146 2175 423 2246 lugeret,
466 2175 611 2244 quin
657 2188 902 2244 semper,
951 2188 1026 2230 an
1074 2183 1342 2229 reatuum
1395 2187 1635 2228 suorum
1692 2177 1880 2241 posset

149 2266 384 2323 mereri
438 2267 690 2332 veniam,
736 2265 1085 2321 ﬂebilissimc
1151 2267 1447 2334 rogitaret,
1500 2265 1571 2318 Et
1632 2271 1694 2319 tu
1747 2264 1876 2331 scis,

147 2357 349 2421 Deus,
409 2363 764 2424 quantorum
821 2362 1204 2424 peccatorum,
1263 2361 1318 2408 et
1374 2367 1478 2408 nos
1535 2367 1650 2407 non
1705 2353 1882 2406 nesci-

151 2458 326 2500 mus.
363 2445 549 2508 Quam
580 2455 761 2511 parva
811 2448 914 2504 est,
964 2440 1215 2506 Domine,
1268 2440 1339 2495 ad
1394 2438 1879 2508 comparationem

147 2540 336 2589 tuam
366 2529 478 2602 [f.,
500 2530 648 2602 ejus]
669 2529 1078 2600 quorumdam,
1112 2529 1214 2599 qui
1244 2543 1432 2598 neque
1447 2528 1658 2593 dolent,
1691 2540 1880 2597 neque

150 2619 494 2689 suspirant,
564 2631 792 2674 summa
838 2619 1074 2672 eorum!
1132 2617 1219 2671 Tu
1276 2615 1449 2684 nosti,
1516 2615 1771 2681 Domine,
1820 2616 1876 2668 in

151 2715 462 2778 quantam
521 2707 707 2762 metiri
739 2713 991 2775 poteram
1031 2713 1243 2760 statum
1289 2704 1648 2774 cogitationis
1678 2702 1874 2773 ipsius,

153 2796 331 2866 quod
354 2809 665 2865 nunquam
715 2795 774 2849 in
803 2795 1002 2849 timore
1031 2793 1297 2862 supplicii
1328 2800 1382 2848 et
1412 2806 1608 2848 amore
1649 2793 1730 2848 tui
1751 2791 1880 2860 ejus

152 2885 428 2940 viderim
459 2883 719 2939 animum
754 2882 1024 2952 tepuisse.

829 2970 1063 3026 CAPUT
1103 2969 1228 3026 XV.

238 3061 556 3120 Guibertus
579 3059 748 3131 genio
778 3062 835 3114 et
876 3058 1262 3128 voluptatibus
1307 3056 1582 3128 indulget.
1631 3087 1702 3096 -—
1730 3057 1877 3124 Quid

159 3151 406 3224 plura?
466 3151 588 3220 ipsa
635 3157 700 3206 ut
754 3148 1120 3219 praelibatum
1168 3153 1272 3214 est,
1326 3147 1535 3203 saeculo
1569 3147 1876 3216 repudium
1918 3175 1958 3230 ρ

160 3244 248 3298 ita
281 3242 487 3307 dante,
519 3254 624 3310 ego
651 3238 809 3294 solus
847 3237 969 3292 sine
1004 3245 1204 3303 matre,
1235 3235 1361 3291 sine
1401 3235 1733 3305 paedagogo,
1758 3235 1881 3290 sine

161 3331 462 3401 magistro
496 3340 905 3383 remanseram.
939 3325 1039 3380 Ille
1076 3325 1228 3381 enim
1281 3324 1381 3394 qui
1432 3337 1520 3379 me
1571 3323 1713 3378 adeo
1746 3323 1882 3378 lide-

163 3420 306 3476 liter
339 3424 474 3488 post
504 3422 748 3472 matrem
777 3414 1125 3470 educaverat
1151 3420 1326 3481 atque
1345 3412 1637 3478 docuerat,
1683 3413 1883 3466 matris

162 3523 316 3564 meze
374 3505 662 3575 exemplo,
742 3516 938 3558 amore
991 3516 1058 3557 ac
1113 3502 1334 3557 monitu
1408 3500 1746 3564 concitatus,
1807 3499 1880 3554 ad

163 3597 594 3653 monachatum
641 3592 890 3648 Flaviaci
936 3606 1056 3647 sese
1113 3590 1454 3646 contulerat.
1513 3589 1699 3644 Prava
1740 3603 1877 3659 ergo

165 3687 443 3742 libertate
473 3683 710 3752 potitus,
757 3680 900 3750 coepi
934 3678 1513 3748 intemperantissime
1561 3693 1685 3732 nico
1715 3677 1879 3733 abuti

168 3772 438 3843 imperio,
494 3770 683 3826 ridere
733 3768 1018 3834 ecclesias,
1087 3765 1311 3822 scholas
1370 3766 1624 3832 horrere,
1673 3779 1880 3820 conso-

167 3862 549 3918 brinulorum
627 3872 881 3914 meorum
950 3856 1250 3922 laicorum,
1333 3855 1432 3924 qui
1513 3853 1881 3923 equestribus

169 3950 596 4006 imbuebantur
635 3946 858 4013 studiis,
915 3944 1182 4000 affectare
1211 3943 1494 4009 sodalitia,
1527 3943 1880 3998 exsecrando

133 4104 137 4106 _
169 4039 487 4095 clericatus
541 4037 794 4107 signum,
823 4034 1213 4090 remissionem
1245 4032 1556 4088 criminum
1604 4029 1876 4099 polliceri,

171 4142 405 4193 somno,
430 4126 599 4196 cujus
633 4137 813 4194 parva
844 4122 1070 4178 licentia
1120 4121 1413 4191 quondam
1446 4120 1586 4174 mihi
1641 4119 1879 4174 laxaba-

172 4225 291 4281 tur,
323 4215 651 4286 indulgere,
687 4222 749 4269 ut
774 4228 844 4269 ex
878 4211 1106 4267 insolita
1161 4211 1455 4266 nimietate
1506 4210 1874 4264 tabescerem.

174 4305 407 4361 Interea
463 4313 698 4360 actuum
745 4315 1002 4358 meorum
1061 4299 1244 4371 gloria
1297 4306 1587 4354 maternas
1625 4297 1882 4353 concutit

171 4408 374 4461 aures,
409 4402 465 4450 et
492 4407 564 4449 ex
596 4392 807 4448 auditis
837 4391 1059 4446 instans
1086 4389 1327 4445 exitium
1362 4403 1550 4443 meum
1587 4388 1708 4457 ipsa
1735 4400 1878 4442 con-

1993 2006 2160 2066 terat,
2191 2006 2245 2054 et
2278 2000 2432 2069 quod
2492 2014 2608 2055 non
2639 2000 2805 2054 modo
2857 2001 2975 2070 jam
3026 2001 3385 2072 gravescenti
3417 2001 3692 2058 difficilli-

1992 2101 2152 2142 mum
2183 2095 2349 2155 esset,
2396 2095 2459 2142 ut
2513 2089 2582 2142 de
2633 2096 2795 2144 tanta
2847 2088 3036 2143 cordis
3069 2089 3426 2144 abundantia
3456 2091 3690 2146 omnino

1990 2176 2213 2231 silerem
2252 2176 2406 2231 haud
2437 2190 2590 2246 zegre
2620 2177 2902 2245 puerulus
2931 2176 3330 2231 Observabam.

2060 2265 2408 2318 Monachum
2467 2264 2654 2318 induit
2723 2263 2999 2318 Flaviaci.
3080 2295 3150 2304 —
3208 2265 3464 2320 Tandem
3518 2264 3687 2320 matri

1989 2366 2108 2408 rem
2143 2353 2364 2421 prodidi
2392 2367 2542 2423 qum,
2581 2353 2910 2423 puerariam
2958 2353 3139 2408 verita
3172 2353 3480 2420 levitatem,
3529 2361 3691 2409 tanta

1989 2442 2062 2496 ab
2131 2441 2240 2496 hoc
2290 2443 2576 2511 proposito
2633 2456 2721 2496 me
2785 2441 3217 2497 ratiocinatione
3251 2441 3445 2510 rejecit
3493 2448 3557 2496 ut
3598 2457 3689 2496 me

1989 2544 2104 2584 non
2137 2529 2443 2585 minimum
2473 2529 2771 2598 paeniteret
2799 2529 2954 2600 quod
2993 2530 3044 2583 ei
3081 2530 3330 2599 gerenda
3356 2528 3685 2592 retexerim;

1989 2629 2121 2671 cum
2155 2623 2210 2672 et
2247 2616 2443 2671 eadem
2478 2617 2752 2686 magistro
2792 2611 3087 2680 diiissem,
3142 2615 3322 2670 multo
3368 2615 3597 2686 longius
3634 2623 3688 2670 et

1986 2705 2108 2774 ipse
2165 2719 2254 2760 me
2286 2704 2514 2774 pepulit.
2569 2704 2692 2771 Qua
2729 2704 3036 2773 utriusque
3067 2706 3297 2773 repulsa
3338 2703 3681 2775 gravissime

1989 2792 2268 2858 irritatus,
2316 2793 2457 2848 alias
2486 2794 2744 2848 animum
2774 2793 3088 2848 deliberavi
3136 2793 3440 2862 appellere.
3487 2794 3688 2862 Itaque

1989 2882 2069 2935 sic
2108 2895 2197 2936 me
2259 2881 2402 2950 (δίθρί
2447 2895 2617 2950 agere
2645 2895 2710 2935 ac
2736 2881 2782 2935 si
2815 2881 2958 2935 nihil
3004 2881 3212 2936 horum
3270 2881 3564 2949 coepissem
3593 2895 3688 2949 ap-

1991 2977 2195 3038 petere.
2254 2970 2325 3024 Et
2379 2983 2512 3024 cum
2571 2969 2644 3025 ab
2691 2969 2909 3024 octavis
2961 2969 3314 3025 Pentecostes
3373 2983 3561 3038 usque
3614 2969 3687 3024 ad

1987 3057 2246 3113 Natalem
2296 3049 2658 3112 Dominicum
2713 3057 3084 3124 distulissem,
3119 3066 3173 3112 et
3206 3059 3354 3113 votis
3409 3058 3689 3113 ardentis-

1988 3146 2145 3202 simis
2176 3146 2500 3216 peragendo
2533 3145 2762 3216 negotio
2803 3145 3136 3214 aspirarem,
3188 3145 3388 3201 matris
3420 3159 3686 3202 reveren-

1989 3234 2129 3289 tiam
2161 3234 2540 3304 magistrique
2583 3232 2844 3288 timorem
2896 3233 3216 3302 impatiens,
3266 3234 3525 3302 Domine,
3576 3241 3689 3291 tua:

1991 3323 2230 3378 interna:
2271 3322 2680 3378 stimulationis
2735 3322 2937 3393 abjeci,
2998 3326 3053 3377 ct
3108 3322 3178 3376 ad
3238 3322 3526 3388 abbatem,
3585 3324 3686 3392 qui

1991 3418 2284 3481 tantopere
2315 3411 2434 3466 fieri
2471 3411 2576 3466 hoc
2631 3411 2894 3478 ardebat,
2950 3417 3004 3466 et
3054 3409 3200 3465 nihil
3259 3411 3581 3480 sponsionis
3630 3412 3686 3466 in

1989 3499 2164 3554 tantis
2189 3499 2689 3554 sollicitationibus
2720 3499 2792 3554 ab
2824 3513 2921 3554 ore
2967 3514 3089 3554 meo
3131 3499 3366 3554 haurire
3422 3499 3686 3568 potuerit,

1990 3607 2080 3649 me
2133 3592 2448 3659 conferens,
2495 3593 2622 3662 ejus
2670 3592 2912 3661 pedibus
2966 3607 3056 3648 me
3107 3591 3309 3657 aﬂ‘udi,
3337 3601 3393 3647 et
3422 3592 3506 3648 his
3551 3591 3686 3661 ipsis

1988 3681 2199 3745 verbis,
2233 3687 2299 3735 ut
2330 3681 2591 3735 videlicet
2641 3689 2996 3749 peccatorem
3045 3680 3378 3749 susciperet,
3421 3678 3688 3735 ﬂebiliter

1988 3769 2299 3825 admodum
2354 3768 2612 3824 exoravi.
2677 3768 2786 3834 Qui
2827 3769 3016 3838 petitis
3036 3769 3202 3825 laetus
3235 3769 3451 3836 favens,
3503 3777 3688 3825 vestes

1989 3871 2120 3927 quae
2149 3857 2482 3912 necessariae
2523 3855 3143 3925 fuerantquantocius,
3191 3857 3245 3912 id
3289 3864 3373 3912 est
3417 3857 3688 3926 postridie

1988 3953 2356 4016 przeparatas,
2393 3943 2686 4015 produxit,
2719 3950 2773 3999 et
2803 3957 2893 3999 me
2925 3951 3108 4000 matre
3135 3945 3336 4014 procul
3377 3945 3687 4014 aspiciente

1987 4046 2055 4088 ac
2085 4033 2254 4088 ﬂente
2305 4031 2511 4099 induit,
2544 4037 2598 4086 et
2621 4030 3008 4100 eleemosynas
3055 4031 3297 4100 proinde
3341 4045 3407 4086 eo
3446 4031 3537 4087 die
3563 4032 3686 4088 fieri

1987 4121 2306 4177 mandavit.

2058 4211 2278 4265 Interea
2298 4209 2390 4265 ille
2447 4222 2610 4263 meus
2640 4207 2933 4277 quondam
2991 4206 3298 4277 magister,
3353 4205 3494 4276 quia
3536 4213 3686 4263 418

1987 4297 2347 4354 districtioris
2388 4309 2567 4354 causa
2616 4294 2832 4366 regulae
2891 4309 2982 4350 me
3012 4295 3257 4351 ulterius
3309 4295 3514 4351 docere
3567 4311 3683 4352 non

1988 4394 2229 4456 poterat,
2264 4386 2465 4442 saltem
2498 4384 2772 4455 instigare
2812 4385 2882 4440 ad
2941 4398 3008 4440 ea
3033 4399 3166 4454 quae
3200 4385 3456 4455 legebam
3487 4385 3685 4443 divina

169 4483 382 4553 jiciens
415 4497 556 4553 pene
587 4480 918 4536 exanimata
947 4478 1166 4535 defecit.
1201 4478 1403 4533 Cultus
1427 4476 1581 4532 enim
1603 4475 1871 4542 vestium,
1914 4471 1956 4525 D
1990 4473 2288 4530 volumina
2368 4472 2730 4529 discutienda
2801 4471 3066 4540 curabat,
3151 4473 3344 4527 minus
3427 4474 3686 4544 cognitas

175 4585 325 4640 quos
354 4573 506 4627 inter
538 4569 960 4639 procedendum
1012 4567 1080 4622 ad
1139 4565 1407 4622 ecclesias
1463 4564 1676 4620 habere
1730 4563 1876 4619 sole-

174 4658 331 4728 bam,
387 4667 444 4715 et
490 4672 657 4728 quos,
707 4664 769 4714 ut
807 4658 993 4726 magis
1047 4655 1118 4710 ad
1169 4653 1502 4709 clericatum
1564 4653 1874 4719 animarer,

175 4747 296 4817 ipsa
349 4756 672 4818 paraverat,
735 4746 837 4801 hos
904 4745 974 4800 ad
1012 4743 1330 4809 lasciviam,
1374 4755 1550 4812 quam
1609 4755 1714 4796 nec
1741 4748 1878 4796 aetas

169 4837 521 4905 patiebatur,
570 4835 958 4902 circumferre,
988 4832 1339 4902 majusculos
1391 4831 1461 4886 ad
1500 4831 1874 4900 petulantiam

166 4923 414 4993 juvenes
465 4924 746 4991 aemulari,
787 4923 945 4993 pensi
1005 4931 1059 4978 et
1121 4919 1397 4976 moderati
1448 4920 1685 4975 omnino
1729 4918 1874 4974 nihil

175 5010 408 5153 [1311:2323
435 5100 511 5154 ad
539 5097 1013 5168 bonamfrugem.
1050 5127 1116 5135 —
1152 5093 1291 5151 Cum
1327 5108 1464 5164 ergo
1504 5101 1663 5150 tanto
1697 5094 1876 5150 disso-

173 5183 371 5253 lutius,
431 5189 541 5244 imo
575 5188 850 5243 vesanius
881 5201 971 5241 me
1005 5185 1276 5241 haberem
1311 5191 1528 5254 quanto
1572 5183 1788 5238 arctius
1819 5191 1875 5239 et

175 5275 507 5344 castigatius
562 5281 732 5330 antea
782 5274 1149 5338 victitassem,
1210 5279 1394 5327 mater
1429 5271 1733 5340 impatiens
1761 5283 1875 5326 au-

175 5358 423 5418 ditorum
487 5364 557 5418 ad
607 5361 872 5418 abbatem
942 5374 1001 5416 se
1055 5360 1316 5422 contulit,
1372 5365 1428 5414 et
1481 5365 1549 5414 ut
1600 5357 1875 5427 magister

179 5460 337 5505 meus
385 5451 595 5508 iterum
635 5465 726 5506 me
777 5451 1023 5510 doceret,
1078 5455 1134 5504 et
1181 5448 1254 5503 ab
1306 5448 1504 5503 eodem
1571 5446 1776 5501 abbate
1818 5453 1875 5502 et

178 5533 450 5595 fratribus
471 5525 818 5610 impetravit.
846 5538 1040 5593 Abbas
1065 5536 1346 5606 siquidem
1377 5535 1471 5591 avi
1502 5535 1614 5591 mei
1679 5534 1873 5590 alum—

177 5634 306 5692 nus,
336 5633 392 5682 et
418 5629 548 5700 ejus
571 5627 748 5683 curize
785 5641 859 5683 ex
891 5623 1162 5681 beneficio
1213 5622 1522 5690 obnoxius,
1573 5621 1737 5678 facile
1767 5621 1874 5678 fuit

178 5715 231 5766 et
275 5726 398 5770 meo
443 5715 826 5787 aggratulans
871 5711 1170 5780 adventui,
1222 5709 1468 5781 benigne
1539 5716 1873 5778 susceptum

1987 4575 2254 4631 quasque
2285 4560 2559 4616 dictiones
2586 4568 2641 4616 et
2674 4559 3026 4615 doctioribus
3057 4561 3391 4630 recogitare,
3435 4558 3527 4630 (³⁸)
3562 4573 3687 4630 pro-

1985 4650 2162 4716 sulas,
2227 4649 2656 4719 versiculosque
2707 4662 3063 4717 componere,
3119 4655 3174 4704 et
3232 4662 3348 4717 quo
3381 4648 3519 4702 mihi
3550 4662 3682 4704 eru-

1987 4739 2193 4794 diendo
2237 4739 2426 4794 minor
2469 4739 2541 4794 ab
2595 4738 2722 4793 aliis
2777 4751 2919 4793 cura
2975 4737 3421 4806 impenderetur,
3478 4751 3544 4793 eo
3596 4752 3685 4793 me

1986 4842 2354 4883 commonens
2385 4830 2603 4882 arctius
2654 4825 2970 4882 elaborare.
3005 4827 3094 4892 Et,
3129 4839 3162 4879 ο
3192 4824 3450 4892 Domine,
3483 4824 3681 4881 lumen

1983 4930 2208 4978 verum.
2274 4916 2437 4986 plene
2506 4915 2774 4971 recordor
2855 4923 2969 4969 tuae
3019 4911 3458 4980 inaestimabilis,
3503 4926 3682 4983 quam

1987 5004 2124 5060 mihi
2157 5012 2296 5060 tunc
2319 5004 2669 5072 extribuisti,
2724 5003 3026 5073 largitatis.
3059 5002 3204 5058 Nam
3246 5015 3382 5057 mox
3441 5009 3504 5057 ut
3531 5002 3686 5059 habi-

1983 5101 2108 5150 tum
2165 5101 2334 5149 tuum
2392 5100 2446 5149 te
2477 5093 2756 5148 invitante
2785 5091 3032 5161 suscepi,
3089 5090 3236 5145 illico
3265 5089 3408 5145 mihi
3448 5090 3572 5145 visa
3601 5100 3684 5146 est

1985 5196 2016 5237 a
2066 5181 2208 5237 facie
2264 5181 2452 5237 cordis
2491 5182 2678 5238 nubes
2726 5188 2936 5247 amota,
2991 5187 3047 5235 et
3080 5179 3178 5234 illa
3222 5193 3355 5234 mox
3418 5180 3684 5235 introdu-

1985 5285 2111 5326 cere
2142 5277 2460 5340 cmperunt,
2524 5269 2582 5325 in
2627 5270 2842 5339 quibus
2880 5269 3100 5339 pridem
3167 5268 3463 5338 evagabar
3499 5282 3686 5324 cacus

1984 5367 2039 5416 et
2079 5373 2299 5415 errans.
2357 5360 2636 5414 Praeterea
2685 5365 2844 5414 tanto
2882 5357 3136 5413 discendi
3190 5355 3398 5413 affectu
3455 5365 3684 5427 repente

1983 5462 2112 5504 sum
2173 5448 2466 5503 animatus
2499 5455 2562 5504 ut
2621 5447 2757 5502 huic
2815 5446 2917 5502 soli
2949 5447 3029 5502 rei
3064 5445 3232 5502 unice
3288 5445 3596 5514 inhiarem,
3628 5454 3684 5502 et

1984 5538 2275 5592 incassum
2325 5551 2413 5592 me
2463 5537 2657 5592 vivere
2693 5535 3056 5600 aestimarem,
3109 5535 3152 5589 si
3212 5533 3364 5590 diem
3414 5534 3535 5589 sine
3582 5535 3683 5590 tali

1982 5624 2240 5695 quolibet
2277 5633 2411 5681 actu
2449 5625 2848 5696 transigerem.
2881 5621 2928 5678 Ο
2957 5623 3184 5692 quoties
3212 5622 3471 5679 dormire
3507 5629 3682 5691 puta-

1982 5710 2108 5779 bar,
2147 5719 2204 5768 et
2250 5724 2461 5781 corpus
2511 5711 2620 5768 sub
2668 5708 2926 5781 pannulo
2985 5709 3177 5766 fovere
3217 5709 3578 5778 tenellulum,
3623 5717 3680 5766 et
