3934 6424
277 420 379 475 867

1170 419 1236 474 V.
1282 416 1610 475 GUIBERTI
1641 415 1931 474 ABBATIS
1968 418 2029 473 S.
2068 418 2308 475 MARUE
2349 419 2441 476 DE
2481 417 2877 476 NOVIGENTO

3683 420 3795 476 868

278 552 518 623 spiritus
547 565 708 608 meus
733 557 837 608 aut
864 550 1242 608 dictaturiens
1271 549 1625 613 arctabatur,
1663 557 1768 606 aut
1798 548 1977 620 quid-
2015 550 2062 604 Α
2088 548 2205 619 ipse
2246 548 2348 621 qui
2373 550 2608 620 patitur,
2633 549 2885 621 idipsum
2914 550 3069 621 quod
3109 550 3346 622 patitur,
3384 550 3794 622 ﬂoccipendat,

279 642 434 711 piam
465 640 685 711 objecta
716 640 917 709 lodice,
950 640 1090 696 dum
1120 640 1342 710 judicia
1391 652 1593 694 vereor
1642 638 1852 707 aliena,
1902 638 1977 695 le-

279 730 506 802 gebam.

347 822 593 876 Strenue
641 817 857 874 litteris
883 817 987 874 dat
1018 832 1273 888 operam.
1308 816 1421 872 Sed
1442 819 1506 871 ut
1550 815 1755 873 laudes
1783 817 1978 886 capiet

276 907 584 964 humanas.
615 907 779 961 —Et
830 913 914 973 tu,
967 907 1103 961 Jesu
1160 905 1270 975 pie,
1339 919 1455 959 non
1511 904 1806 961 nesciebas
1855 918 1973 974 qua

277 995 592 1051 intentione
641 994 699 1049 id
754 993 1021 1060 facerem,
1071 986 1484 1062 conquirenda:
1532 993 1735 1062 utique
1790 991 1977 1063 gratia

278 1081 485 1147 laudis,
531 1089 585 1136 et
616 1087 679 1137 ut
717 1080 1017 1149 praesentis
1057 1079 1252 1135 saeculi
1310 1080 1746 1135 honoriﬁcentia
1791 1079 1977 1149 major

275 1176 620 1228 occurreret.
684 1168 974 1224 Habebam
1028 1167 1198 1238 plane
1228 1175 1429 1224 contra
1461 1181 1551 1223 me
1597 1169 1833 1235 amicos,
1867 1166 1970 1237 qui

276 1258 378 1316 etsi
407 1258 557 1314 bona
582 1256 724 1312 mihi
752 1256 1097 1323 suadebant,
1122 1257 1328 1313 crebro
1358 1264 1545 1312 tamen
1597 1265 1652 1312 et
1692 1256 1892 1313 laudes
1921 1259 1977 1312 et

276 1358 349 1401 ex
378 1343 584 1400 litteris
612 1342 985 1399 claritudines
1008 1343 1368 1414 ingerebant.
1399 1351 1454 1399 et
1487 1357 1586 1413 per
1614 1344 1736 1399 haec
1764 1342 1977 1399 culmi-

275 1446 417 1488 num
448 1445 745 1502 opumque
778 1430 1185 1487 assecutiones.
1234 1433 1372 1500 Spes
1404 1430 1584 1502 igitur
1619 1431 1778 1487 omni
1824 1429 1978 1501 aspi-

275 1519 414 1574 dum
448 1532 557 1574 ovo
596 1517 903 1574 deteriores
959 1517 1112 1572 cordi
1167 1516 1485 1586 improvido
1531 1514 1865 1584 alierebant,
1922 1522 1977 1572 et

274 1622 408 1664 cum
437 1607 634 1663 omnia
675 1620 808 1677 qua;
846 1605 1227 1676 spondebant,
1286 1604 1558 1660 citissime
1610 1604 1978 1675 adimplenda

277 1704 566 1766 putarem,
595 1694 929 1750 vanissimis
957 1706 1049 1749 me
1076 1692 1576 1762 expectationibus
1606 1692 1975 1748 deludebant.

274 1782 438 1849 Quod
463 1782 618 1838 enim
644 1782 703 1836 in
726 1780 1039 1852 grandaeva
1058 1788 1340 1836 eventura
1360 1780 1644 1844 dicebant,
1678 1794 1786 1850 ego
1808 1778 1978 1850 plane

277 1868 624 1926 adolescenti
653 1876 830 1938 atque
853 1866 1171 1940 juvenculo
1199 1880 1492 1923 accessum
1522 1867 1817 1937 putabam.
1841 1868 1974 1923 Pro-

278 1959 561 2029 ponebant
590 1970 794 2026 nempe
832 1955 973 2011 mihi
998 1963 1054 2012 et
1082 1969 1208 2011 eam
1258 1970 1391 2025 quas
1423 1962 1473 2011 te
1499 1962 1735 2012 auctore
1766 1958 1822 2011 in
1854 1955 1976 2011 dies

274 2045 645 2103 excrescebat
671 2044 965 2101 scientiam
1017 2052 1073 2101 et
1122 2044 1301 2100 bonos
1329 2043 1401 2098 ad
1422 2043 1702 2099 saeculum
1754 2043 1976 2100 natales

276 2142 332 2191 et
389 2134 671 2202 formam;
716 2132 812 2189 sed
866 2146 983 2188 non
1034 2131 1492 2187 recordabantur
1537 2131 1678 2201 quia
1714 2145 1815 2202 per
1875 2132 1976 2187 hos

278 2222 496 2294 gradus
549 2220 780 2278 vetuisti
835 2220 1064 2276 ascendi
1121 2219 1193 2275 ad
1225 2220 1404 2274 altare
1440 2226 1631 2286 tuum,
1689 2221 1844 2290 quod
1894 2220 1977 2276 sic

277 2311 455 2367 soleat
504 2308 803 2380 turpitudo
848 2308 1111 2365 revelari.
1142 2307 1247 2374 Qui
1277 2309 1433 2364 enim
1459 2308 1716 2365 ascendit
1741 2308 1976 2365 aliunde

279 2399 371 2456 ille
428 2398 525 2455 fur
587 2404 673 2454 est
723 2404 778 2453 et
838 2396 984 2453 latro
1028 2398 1230 2466 (Joan.
1270 2411 1335 2464 x,
1365 2396 1434 2467 l),
1464 2397 1620 2468 quod
1664 2404 1748 2454 est
1787 2397 1972 2468 turpi-

279 2487 439 2544 tudo.

348 2576 575 2642 Quanta
618 2574 1049 2644 conrpunctione
1090 2572 1419 2629 adolescens
1443 2572 1718 2645 prmditus
1740 2575 1886 2641 erat,
1920 2575 1979 2627 et

276 2677 455 2735 quam
486 2660 711 2716 utiliter
745 2659 975 2718 lectioni
1003 2660 1353 2717 intendebat.
1385 2691 1455 2703 —
1483 2661 1589 2718 Sed
1620 2662 1675 2718 in
1719 2661 1809 2719 his
1835 2661 1978 2718 meis

279 2760 332 2809 te
362 2750 704 2821 inspiratore
733 2749 1081 2820 primordiis,
1117 2750 1164 2807 si
1187 2750 1345 2807 aliud
1402 2750 1703 2819 sapuisset,
1760 2762 1977 2819 praepa-

278 2840 461 2897 randa
498 2838 641 2896 mihi
688 2837 887 2896 fuisset
937 2838 1133 2895 anima
1168 2838 1239 2895 ad
1293 2839 1686 2895 tentationem.
1721 2839 1788 2894 Et
1823 2845 1977 2894 certe

280 2936 421 2986 tunc
440 2927 711 2998 temporis
739 2926 1165 2998 quodammodo
1202 2926 1444 2996 insipide
1463 2926 1777 2996 sapiebam.
1824 2925 1978 2981 Licet

278 3017 432 3074 enim
479 3016 732 3087 pueriles
787 3015 1099 3072 admodum
1144 3014 1495 3087 gaudiorum
1527 3014 1740 3070 scilicet
1769 3028 1835 3069 ac
1862 3014 1976 3069 ira-

280 3118 412 3162 rum
449 3112 639 3161 motus
666 3103 961 3170 haberem,
993 3118 1026 3158 ο
1056 3104 1284 3165 utinam
1316 3111 1461 3171 tum,
1516 3102 1773 3165 Domine.
1808 3109 1975 3158 tuum

277 3192 565 3264 judicium
620 3191 703 3248 sic
745 3192 1027 3259 timerem,
1085 3199 1319 3261 peccata
1358 3192 1529 3248 etiam
1586 3190 1847 3247 maxima
1898 3190 1982 3247 sic

280 3282 449 3339 modo
500 3282 810 3346 horrerem,
877 3280 1164 3350 quomodo
1216 3286 1359 3335 tunc
1413 3278 1656 3335 minima
1691 3285 1748 3335 et
1803 3292 1981 3349 prope

279 3369 444 3426 nulla
490 3366 836 3425 horrebaml
884 3367 1228 3424 IEmulahar
1276 3380 1433 3433 sane,
1465 3373 1521 3423 et
1546 3380 1723 3438 quam
1767 3365 1978 3423 avidis-

280 3457 422 3515 sime
449 3472 566 3524 eos,
591 3470 741 3529 quas
775 3471 882 3515 sua
930 3456 1197 3512 videbam
1241 3454 1548 3513 commissa
1593 3455 1884 3523 deﬂentes,
1923 3462 1980 3512 et

279 3546 434 3604 visui
462 3546 808 3616 audituique
827 3559 953 3601 meo
976 3547 1145 3601 erant
1160 3544 1490 3616 gratissima
1512 3558 1880 3614 quascunque
1905 3557 1979 3599 ex

281 3645 335 3693 te
385 3641 571 3692 erant.
625 3634 696 3690 Et
748 3633 849 3704 qui
908 3633 967 3689 in
992 3631 1292 3702 scripturis
1342 3646 1502 3689 nunc
1540 3632 1880 3703 jactantiam
1925 3639 1981 3688 et

280 3724 460 3781 verba
488 3736 708 3794 quaero,
732 3721 847 3778 imo
877 3721 1134 3792 ipsorum
1164 3720 1529 3777 ethnicorum
1563 3720 1802 3776 infamia
1827 3720 1980 3776 dicta

280 3828 383 3883 pro
434 3811 775 3883 garrulitate
828 3809 1130 3879 contineo;
1185 3817 1326 3866 tunc
1353 3808 1543 3877 ﬂetus,
1597 3807 1979 3880 dolorumque

280 3914 485 3960 causas
506 3899 716 3957 exinde
760 3898 1083 3970 exigebam,
1126 3912 1230 3954 nec
1279 3911 1371 3954 me
1423 3897 1627 3969 legisse
1671 3897 1970 3967 putabam,

282 3990 509 4061 quoties
548 3989 605 4045 in
643 3989 770 4059 ipsa
800 3988 1042 4045 lectione
1067 3986 1212 4042 nihil
1246 3986 1776 4057 contemplativum,
1835 3987 1978 4043 nihil

282 4076 709 4149 compunctioni
732 4075 919 4132 habile
946 4074 1317 4146 attingebam,
1346 4074 1590 4131 scienter
1616 4089 1723 4145 ego
1752 4075 1981 4132 nescius

282 4166 366 4224 sic
392 4165 655 4238 agebam.

361 4252 654 4311 Terricula
688 4268 820 4307 eum
848 4250 1101 4309 maxime
1148 4250 1432 4307 cruciant.
1463 4282 1534 4292 —
1561 4251 1637 4308 At
1667 4251 1848 4308 hostis
1887 4250 1980 4309 ille

283 4342 585 4412 antiquus,
617 4340 718 4410 qui
749 4353 854 4410 pro
889 4339 1134 4396 statibus
1165 4339 1516 4407 animorum,
1546 4353 1651 4410 pro
1680 4338 1980 4410 qualitati-

2085 638 2249 695 nulla
2279 647 2471 695 tamen
2501 639 2841 696 auctoritate
2879 639 3137 709 spiritus,
3188 640 3287 697 ubi
3338 654 3398 696 se
3450 641 3664 710 sopori,
3699 640 3797 696 vel

2086 740 2293 797 parum
2360 727 2701 785 immerserit
2761 728 3062 785 horrentia
3139 728 3264 784 visa
3330 728 3591 793 recutiat,
3673 729 3796 783 imo

2082 828 2349 871 somnum
2389 823 2642 885 repetere
2689 830 2855 872 mens
2909 816 3168 887 graviter
3197 830 3231 872 a
3279 816 3582 874 timoribus
3634 818 3797 873 irre-

2081 903 2276 973 quieta
2302 904 2618 973 pertimeat.
2652 903 2758 960 Cui
2809 904 3095 974 siquidem
3154 905 3404 975 passioni
3439 908 3614 961 etiam
3667 906 3796 962 fre-

2083 992 2323 1061 quentia
2378 1000 2431 1047 et
2460 992 2706 1048 solitudo
2755 992 2916 1062 paria
2943 1000 3101 1059 sunt,
3152 992 3292 1048 dum
3323 993 3560 1049 societas
3588 994 3795 1050 timori

2082 1093 2197 1134 non
2227 1079 2432 1145 obstat,
2462 1088 2519 1135 et
2548 1080 2803 1136 solitaria
2836 1095 3062 1150 semper
3101 1081 3379 1139 habitatio
3425 1090 3527 1138 aut
3567 1083 3787 1152 magis,

2083 1174 2185 1223 aut
2210 1168 2567 1224 tantumdem
2594 1169 2748 1239 quod
2780 1170 3077 1225 consuevit
3106 1169 3336 1226 efﬁciat.

2163 1254 2324 1311 Visio
2354 1257 2638 1327 terriﬁca.
2670 1288 2740 1298 —-
2768 1258 3038 1319 Multum,
3072 1257 3502 1325 DomineDeus,
3533 1258 3694 1315 abeo
3731 1259 3796 1314 in

2083 1359 2201 1415 quo
2232 1360 2390 1401 nunc
2417 1360 2522 1417 ego
2542 1353 2698 1402 statu
2724 1346 2954 1403 diversa
2982 1346 3281 1417 gerebam;
3314 1354 3453 1403 tunc
3486 1346 3653 1416 plane
3673 1347 3798 1403 sub

2084 1447 2298 1505 magna
2325 1441 2439 1490 tuae
2473 1434 2612 1505 legis
2633 1434 2973 1503 reverentia,
3005 1442 3061 1492 et
3095 1434 3320 1491 inﬁnita
3357 1435 3529 1491 totius
3568 1436 3799 1505 peccati

2083 1523 2475 1579 exsecratione
2504 1524 3058 1594 vivebam,qumque
3085 1537 3158 1580 ex
3185 1529 3238 1580 te
3265 1530 3321 1578 et
3350 1522 3481 1591 dici,
3508 1532 3563 1579 et
3592 1523 3800 1579 audiri

2081 1619 2139 1667 et
2182 1611 2316 1667 sciri
2355 1619 2619 1681 poterant
2654 1611 3103 1667 ambientissime
3156 1610 3573 1667 combibebam.
3635 1610 3795 1678 Scio,

2085 1700 2325 1757 caelestis
2377 1701 2562 1769 Pater,
2622 1700 2765 1771 quia
2815 1700 3030 1757 talibus
3059 1698 3289 1769 pueruli
3336 1699 3542 1754 studiis
3587 1698 3797 1754 saevis-

2087 1790 2227 1845 sime
2256 1788 2521 1845 diabolus
2552 1789 2911 1855 irritabatur,
2967 1802 3002 1844 a
3056 1802 3146 1843 me
3199 1787 3562 1856 postmodum
3607 1786 3798 1844 totius

2016 1853 2058 1906 Β
2087 1876 2165 1947 pii
2198 1875 2437 1932 fervoris
2466 1876 2784 1932 desertione
2809 1853 3146 1945 placandus.
3181 1853 3342 1930 Unde
3369 1882 3424 1929 et
3444 1883 3610 1931 nocte
3630 1887 3798 1944 qua-

2083 1961 2215 2017 dam
2267 1975 2411 2017 cum.
2450 1968 2609 2017 tanta
2668 1961 2877 2017 misera
2930 1960 3319 2016 sollicitudine
3383 1969 3792 2030 experrectus,

2086 2049 2345 2116 hiberno,
2403 2057 2469 2105 ut
2530 2049 2755 2119 opinor,
2802 2055 3055 2119 tempore
3113 2048 3172 2103 in
3227 2062 3351 2104 meo
3412 2062 3503 2104 me
3558 2048 3801 2105 lectudo

2084 2140 2458 2205 continerem,
2491 2145 2547 2194 et
2601 2137 2864 2207 lampade
2909 2136 3175 2207 proxima
3213 2136 3598 2192 clarissimum
3654 2138 3796 2194 red-

2084 2225 2252 2282 dente
2282 2225 2484 2281 lumen
2534 2226 2791 2281 securior
2821 2240 2943 2281 esse
2990 2225 3236 2293 viderer,
3291 2240 3421 2282 ecce
3466 2233 3697 2295 repente
3735 2233 3797 2282 et

2084 2314 2243 2371 haud
2300 2313 2469 2384 longe
2510 2314 2580 2370 de
2623 2313 3035 2384 superioribus,
3097 2321 3160 2370 ut
3191 2313 3412 2385 putavi,
3465 2313 3796 2371 multarum

2081 2417 2313 2470 vocum,
2342 2417 2475 2459 cum
2526 2416 2642 2458 nox
2671 2410 2817 2459 esset
2871 2403 3228 2473 intempesta,
3274 2402 3493 2459 clamor
3528 2402 3787 2460 emersit.

2084 2492 2214 2552 Vox
2248 2498 2443 2549 autem
2473 2491 2598 2547 sine
2627 2492 2802 2547 verbo
2835 2490 2964 2558 fuit,
3000 2507 3032 2548 ο
3062 2489 3164 2563 [f.,
3195 2491 3312 2561 sed]
3355 2491 3543 2548 solum
3595 2492 3653 2546 vi
3684 2506 3793 2547 ca-

2083 2579 2372 2638 lamitatis.
2408 2579 2479 2634 Et
2511 2578 2659 2635 illico
2681 2579 2976 2635 concussis
3006 2580 3184 2636 veluti
3224 2579 3295 2635 ad
3324 2593 3592 2635 somnum
3637 2587 3794 2636 tem-

2086 2668 2324 2739 poribus
2350 2682 2572 2725 asensu
2599 2668 2813 2738 rapior,
2846 2674 2901 2723 et
2922 2675 3214 2724 mortuum
3236 2667 3585 2737 quempiam,
3609 2681 3794 2737 quem

2083 2756 2291 2814 obiisse
2330 2756 2389 2811 in
2422 2754 2643 2811 balneis
2669 2754 2908 2825 quidam
2953 2754 3373 2821 couclamabat,
3404 2754 3600 2810 videre
3642 2753 3793 2809 mihi

2086 2843 2302 2899 videor.
2350 2842 2474 2909 Qua
2517 2842 2930 2913 imaginatione
2979 2843 3349 2911 conterritus,
3404 2856 3539 2899 cum
3568 2856 3602 2898 e
3629 2850 3794 2899 statu

2084 2930 2385 3001 prosiliens
2435 2928 2904 2998 subclamassem,
2950 2931 3010 2986 in
3042 2931 3162 3001 ipso
3214 2932 3399 3002 primo
3439 2937 3599 2986 motu
3659 2945 3794 2986 meo

2084 3019 2408 3089 respiciens,
2444 3018 2764 3089 lampadem
2805 3018 2923 3074 vidi
2955 3018 3399 3086 exstinctam,et
3436 3033 3537 3088 per
3570 3018 3792 3074 medias

2016 3131 2058 3188 ρ
2086 3107 2369 3178 rugientis
2396 3107 2619 3163 umbrae
2649 3106 2924 3178 caligines
2948 3120 3058 3163 sua
3095 3107 3277 3177 ipsius
3332 3108 3520 3177 specie
3568 3106 3792 3162 daemo-

2088 3208 2218 3251 nem
2275 3202 2520 3251 stantem
2579 3207 2756 3264 prope
2804 3193 3050 3251 intueor.
3110 3193 3291 3265 Cujus
3348 3193 3565 3249 visione
3617 3199 3792 3249 teter-

2088 3284 2235 3340 rima
2274 3296 2419 3354 pene
2476 3281 2748 3339 eﬂerarer
2811 3282 2868 3338 in
2912 3282 3154 3350 rabiem,
3212 3281 3322 3337 nisi
3381 3296 3470 3338 me
3524 3280 3791 3353 magistri

2086 3377 2237 3428 4η
2268 3371 2416 3439 mei,
2465 3370 2567 3442 qui
2605 3370 2698 3427 his
2758 3371 3072 3428 terroribus
3117 3370 3482 3427 moderandis
3526 3370 3793 3427 crebrius

2084 3460 2430 3528 excubabat,
2457 3444 2861 3531 perturbatum
2911 3466 2965 3516 et
3017 3466 3304 3515 amentem
3344 3459 3576 3516 solertia
3631 3458 3791 3515 refo-

2086 3550 2273 3605 visset.

2168 3636 2580 3694 Vehementius
2601 3636 2665 3692 in
2704 3653 2904 3692 recens
2932 3651 3227 3693 convenas
3253 3635 3409 3693 saevit
3452 3635 3691 3693 dmon.
3717 3667 3790 3679 —

2085 3726 2202 3783 Nec
2239 3740 2329 3781 me
2359 3725 2591 3791 latebat,
2625 3726 2774 3781 Deus
2804 3738 2987 3791 meus,
3022 3723 3080 3780 in
3111 3724 3233 3795 ipsa
3263 3737 3550 3781 annorum
3582 3725 3784 3794 pueri-

2086 3812 2228 3869 lium
2283 3811 2686 3873 teneritudine,
2720 3811 2861 3882 quia
2917 3811 3174 3868 studium
3225 3813 3388 3869 bonae
3433 3810 3781 3879 intentionis,

2085 3915 2202 3973 quo
2234 3915 2397 3957 meus
2454 3900 2685 3956 animus
2734 3906 2876 3955 tunc
2910 3898 3200 3968 fervebat,
3258 3901 3606 3956 incentorem
3641 3913 3783 3956 mea:

2087 3988 2464 4060 malignitatis
2492 3987 2787 4044 diabolum
2843 4001 2960 4043 non
3007 3987 3226 4045 modice
3268 3986 3563 4043 incitabat.
3616 3987 3706 4054 Et,
3748 4001 3783 4043 ο

2087 4077 2180 4148 pie
2234 4078 2408 4145 Deus,
2433 4076 2575 4146 quid
2604 4075 3003 4144 victoriarum,
3036 4075 3176 4146 quid
3213 4089 3315 4145 pro
3340 4075 3595 4131 victoriis
3623 4089 3782 4132 coro-

2086 4179 2299 4223 narum
2330 4165 2500 4221 hodie
2554 4165 3041 4229 commeruissem,
3091 4162 3138 4218 si
3185 4162 3552 4219 immubiliter
3601 4163 3671 4219 ad
3724 4163 3780 4220 id

2087 4252 2420 4310 certaminis
2451 4252 2869 4323 perstitissem?
2910 4251 3183 4308 Plurimis
3228 4251 3399 4309 etiam
3445 4251 3772 4309 auditarum

2087 4354 2285 4398 rerum
2311 4340 2659 4412 conjecturis
2686 4340 2954 4410 experior
2997 4339 3274 4396 adversus
3302 4354 3490 4410 nuper
3540 4354 3778 4397 conver-

284 4430 397 4487 bus
426 4436 665 4486 aetatum
689 4428 992 4485 se‘habere
1021 4427 1282 4500 longaeva
1312 4427 1695 4485 diuturnitate
1723 4427 1981 4498 perdidi-
2019 4424 2064 4480 D
2089 4440 2200 4493 sos,
2229 4440 2332 4482 seu
2359 4439 2456 4482 eos
2485 4424 2590 4497 qui
2620 4425 2693 4481 ad
2725 4425 2832 4482 hoc
2861 4426 3218 4496 propositum
3250 4439 3478 4496 semper
3505 4425 3775 4497 aspirant,

284 4518 399 4588 cit;
432 4517 547 4585 ille,
578 4516 843 4587 inquam,
880 4529 984 4586 pro
1022 4516 1256 4573 modulo
1308 4516 1514 4573 mentis
1557 4528 1626 4572 ac
1652 4515 1981 4585 corpusculi

285 4605 397 4662 mei
426 4619 579 4662 nova
606 4604 745 4662 mihi
796 4603 949 4662 bella
995 4602 1288 4675 parturiit.
1319 4602 1464 4660 Nam
1500 4603 1558 4660 in
1587 4603 1806 4659 somnis
1832 4616 1983 4659 mor-

288 4702 521 4751 tuorum
580 4693 885 4751 hominum
938 4692 1148 4748 mentis
1196 4705 1338 4748 mea
1366 4690 1666 4748 obtutibus
1719 4690 1983 4747 crebrius

284 4782 569 4855 imagines
597 4782 871 4848 inferens,
907 4787 965 4837 et
1002 4779 1255 4836 maxime
1290 4792 1494 4835 eorum
1551 4793 1701 4850 quos
1753 4779 1983 4849 uspiam

285 4871 509 4942 gladiis,
549 4878 652 4927 aut
701 4869 961 4940 quolibet
1014 4865 1420 4922 internecionis
1447 4879 1658 4938 genere
1707 4873 1810 4922 aut
1836 4865 1984 4922 vide-

284 4972 431 5025 ram,
459 4965 563 5015 aut
587 4957 927 5014 occubuisse
944 4953 1263 5021 audieram,
1292 4954 1466 5010 tantis
1489 4953 1759 5024 spiritum
1782 4967 1982 5010 somno

285 5045 539 5102 solutum
569 5044 870 5114 speciebus
899 5040 1228 5098 exterrebat
1259 5048 1322 5097 ut
1368 5041 1658 5110 noctibus,
1720 5040 1831 5096 nisi
1890 5055 1982 5097 me

286 5133 542 5203 praedicti
574 5131 834 5202 magistri
858 5130 978 5199 ,mei
1004 5128 1308 5200 vigilantia
1337 5128 1742 5197 communiret,
1792 5143 1982 5199 neque

288 5220 431 5276 lecto
460 5218 732 5284 cohiberi,
760 5231 952 5287 neque
980 5230 1018 5271 a
1044 5216 1399 5273 clamoribus
1426 5216 1632 5285 arceri,
1665 5216 1778 5273 imo
1808 5224 1862 5273 et
1880 5216 1982 5273 vix

286 5321 521 5363 sensum
553 5319 747 5377 regere
770 5318 1018 5376 possem.
1048 5304 1186 5371 Quae
1239 5304 1499 5361 molestia
1551 5304 1824 5375 quamvis
1868 5305 1982 5361 ali—

288 5395 505 5465 quibus
535 5394 849 5464 inexpertis
879 5393 1117 5464 puerilis
1154 5407 1277 5450 esse
1306 5400 1482 5464 atque
1511 5393 1758 5451 ridicula
1786 5394 1980 5450 videa-

285 5493 404 5552 tur,
444 5490 620 5540 tantae
647 5483 804 5553 apud
828 5496 923 5540 eos
950 5482 1054 5553 qui
1081 5496 1151 5539 ea
1183 5489 1468 5552 urgentur
1494 5482 1837 5539 calamitatis
1873 5482 1983 5539 ha-

287 5573 459 5631 betur
484 5578 547 5629 ut
566 5571 736 5628 timor
764 5570 904 5642 ipse,
937 5569 1040 5642 qui
1070 5583 1107 5625 a
1144 5568 1438 5640 plerisque
1462 5577 1704 5641 putatur
1728 5570 1980 5642 ineptus,

287 5658 451 5716 nulla
479 5658 663 5717 valeat
694 5658 933 5728 ratione,
965 5656 1128 5715 nullo
1150 5654 1389 5713 consilio
1406 5657 1731 5728 temperari,
1761 5664 1815 5715 et
1844 5671 1978 5715 cum

2089 4513 2487 4571 vehementius
2515 4513 2802 4570 daemones
2847 4513 3125 4570 acerbari.
3168 4513 3330 4571 Unde
3376 4513 3612 4571 memini
3651 4522 3782 4571 tem-

2090 4615 2227 4673 pore
2255 4600 2533 4658 Guidonis
2560 4601 2992 4658 Bellovacorum
3022 4602 3272 4673 episcOpi
3301 4602 3494 4674 (cujus
3521 4604 3783 4673 superius

2090 4689 2446 4746 mentionem
2484 4689 2734 4754 fecerim)
2776 4689 3088 4760 quemdam
3120 4690 3269 4747 inter
3316 4689 3625 4746 familiares
3652 4704 3782 4748 suos

2086 4778 2362 4849 juvenem
2407 4777 2476 4833 de
2516 4777 2886 4848 equestribus
2928 4778 3234 4845 exstitisse,
3290 4792 3463 4849 quem
3520 4793 3638 4849 prae
3664 4780 3781 4836 suis

2090 4879 2236 4937 pene
2309 4864 2824 4922 contubernalibus
2885 4865 3187 4936 episcopus
3269 4866 3419 4922 idem
3466 4865 3781 4936 specialiter

2090 4953 2416 5010 affectabat.
2450 4954 2627 5022 Quem
2645 4968 2777 5011 cum
2794 4955 3144 5025 pravitatum
3170 4968 3412 5011 suarum
3441 4954 3782 5011 atrocissime

2091 5042 2408 5113 paeniteret,
2442 5049 2497 5098 et
2522 5041 2591 5098 de
2620 5042 2881 5098 saeculari
2918 5043 3352 5099 conversatione
3388 5042 3570 5098 modis
3597 5043 3778 5098 omni-

2088 5130 2198 5188 bus
2250 5129 2546 5187 moliretur
2570 5129 2893 5202 ef‘fugium;
2941 5145 3076 5188 cum
3108 5145 3285 5201 super
3330 5131 3440 5186 hac
3468 5129 3777 5187 novitatum

2091 5218 2449 5275 revolutione
2482 5219 2761 5276 acerrime
2787 5221 3109 5286 roderetur,
3154 5226 3319 5276 nocte
3344 5220 3601 5290 quadam
3652 5234 3777 5275 cum

2091 5307 2149 5364 in
2176 5306 2426 5377 episcopi
2453 5308 2724 5364 cubiculo
2771 5308 2893 5378 ipse
2936 5308 3230 5375 dormiret,
3258 5315 3315 5364 et
3360 5308 3660 5379 religiosus
3687 5308 3782 5363 ad-

2089 5394 2326 5450 modum
2356 5394 2447 5451 vir
2476 5395 2715 5466 quidam
2745 5396 2845 5452 Ivo
2874 5396 3108 5453 nomine
3162 5395 3353 5453 Sancti
3395 5395 3778 5460 Quintinensis

2088 5482 2381 5554 indigena,
2414 5483 2475 5539 ni
2503 5482 2690 5553 fallor,
2721 5483 2924 5541 litteris
2949 5483 3320 5552 clarissimus,
3358 5482 3631 5541 facundia
3659 5497 3781 5553 pro-

2088 5571 2392 5642 pemodum
2449 5571 2694 5630 clariore
2724 5573 3085 5645 praepollens.
3147 5572 3545 5630 Cluniacensis
3590 5585 3777 5630 mona-

2087 5659 2255 5728 chus,
2284 5658 2389 5731 qui
2407 5660 2520 5718 sub
2558 5660 2871 5719 benedictaa
2894 5660 3185 5719 memoriae
3222 5660 3431 5719 abbate
3464 5660 3642 5733 hujus
3675 5661 3772 5719 loci
