3934 6404
80 386 180 440 869

1203 382 1297 438 DE
1337 381 1498 436 VlTA
1538 381 1668 437 SUA
1714 381 1898 438 LIBRI
1941 380 2138 438 TRES.
2173 412 2240 422 —-
2275 381 2406 436 LIB.
2446 383 2487 434 Ι.

3484 385 3590 437 870

80 517 324 587 Hugonc
352 514 456 570 diu
476 514 592 584 egit
613 512 868 568 ofﬁcium
893 512 1206 582 prioratus,
1230 525 1364 567 cum
1383 511 1511 566 aliis
1536 511 1779 582 quibus-
1820 517 1864 570 A
1899 511 2107 567 interni
2147 511 2282 568 boni
2332 511 2701 568 zemulatlone
2755 511 3122 568 creabantur.
3152 513 3285 569 Mox
3316 513 3495 585 igitur
3528 521 3594 571 ut

79 605 209 659 dam
231 613 436 658 sancta
459 603 576 656 vita
597 615 762 672 aeque
782 601 1074 656 nobilibus
1097 600 1314 670 pariter
1342 600 1486 655 inibi
1514 603 1778 669 episcopo

82 699 359 760 praesente
407 691 766 761 quiescerent
813 689 1051 759 quidam
1110 689 1180 743 de
1243 687 1418 742 vicini
1470 689 1778 757 cujusdam

81 779 421 848 proceribus
475 777 688 847 oppidi,
755 776 846 831 vir
900 775 1067 830 valde
1114 774 1352 830 curialis
1404 783 1458 830 et
1501 775 1776 843 prudens,

83 869 419 936 intempesto
452 866 677 921 silentio
706 863 988 934 soporatis
1007 862 1281 918 omnibus
1327 860 1620 932 vigilabat.
1668 861 1778 925 Qui

81 970 211 1010 cum
243 970 376 1025 quae
402 955 623 1010 volebat
655 953 934 1022 cogitans,
971 952 1107 1006 huic
1140 951 1395 1020 illucque
1421 951 1778 1019 despiceret;

79 1058 207 1099 ecce
231 1044 449 1113 proceri
483 1043 672 1114 figura
701 1041 996 1107 daemonis,
1038 1039 1177 1095 exili
1231 1040 1436 1108 capite,
1489 1038 1780 1109 turgenti—

82 1132 192 1187 bus
216 1132 468 1202 scapulis
507 1129 878 1200 progrediens
903 1128 1028 1183 viro
1077 1127 1370 1197 apparuit,
1420 1134 1476 1182 et
1527 1126 1782 1182 seriatim

81 1219 228 1274 lecta
259 1233 511 1289 quaeque
563 1225 904 1287 respectans,
963 1215 1310 1286 pedetentim
1360 1229 1459 1285 per
1487 1228 1781 1271 cameram

80 1308 456 1364 deambulare
483 1321 541 1364 se
563 1307 749 1362 ﬁnxit.
769 1305 1034 1375 Cumque
1055 1305 1122 1359 ad
1157 1303 1284 1373 ejus
1313 1312 1583 1371 stratum,
1607 1318 1781 1374 quem

80 1396 519 1466 praelibavimus
541 1394 794 1465 juvenis,
823 1407 1113 1464 quemque
1143 1393 1217 1448 ab
1246 1393 1781 1462 eodemplurimum

80 1483 370 1554 acceptari
395 1484 679 1552 episcopo,
743 1481 1086 1536 falsissimus
1131 1480 1459 1535 accessisset
1503 1479 1780 1546 substitit,

79 1582 133 1629 et
155 1573 390 1629 retortis
426 1572 498 1626 ad
534 1571 908 1626 dormientem
963 1569 1330 1640 aspectibus;
1388 1568 1508 1636 Hic,
1569 1568 1780 1639 inquit,

79 1661 296 1716 anxius
325 1669 379 1715 et
409 1659 571 1728 pejus
605 1659 696 1712 his
724 1657 1018 1723 omnibus,
1055 1656 1156 1726 qui
1188 1655 1311 1710 istic
1343 1655 1658 1720 dormiunt,
1695 1669 1783 1709 me

79 1755 272 1802 vexat.
306 1746 431 1812 Quo
465 1745 632 1806 dicto,
675 1744 746 1798 ad
787 1744 1000 1799 ostium
1043 1756 1103 1797 se
1142 1742 1398 1811 dirigens
1431 1741 1780 1807 cloacarum,

82 1837 139 1890 in
164 1820 394 1891 easdem
426 1848 483 1889 se
513 1832 773 1888 contulit.

151 1923 205 1978 Is
234 1929 430 1978 autem
461 1921 563 1991 qui
595 1921 700 1977 hoc
732 1919 1165 1990 speculabatur,
1203 1919 1343 1974 dum
1377 1919 1502 1973 haec
1524 1917 1781 1973 attende-

76 2017 180 2078 ret,
216 2017 378 2066 tanto
416 2009 663 2078 pondere
693 2008 1061 2077 premebatur
1101 2015 1166 2062 ut
1199 2007 1383 2075 impos
1428 2006 1501 2061 ad
1537 2005 1782 2060 locutio-

77 2113 210 2154 nem
261 2105 316 2153 et
373 2106 589 2153 motum
623 2095 966 2151 omnimodis
1012 2095 1188 2150 ﬁeret.
1251 2094 1577 2150 Excedente
1605 2094 1784 2163 igitur

76 2187 430 2250 adversario,
490 2186 733 2242 facultas
775 2184 882 2240 sibi
947 2184 1158 2253 pariter
1189 2183 1248 2238 in
1297 2190 1550 2252 utroque
1592 2181 1780 2248 rediit,

75 2285 127 2332 et
162 2291 338 2332 mane
369 2275 706 2345 quibusque
758 2273 1174 2329 sensatioribus
1214 2272 1339 2327 visa
1386 2279 1674 2338 retexens,
1730 2279 1786 2326 et

76 2380 212 2421 cum
245 2364 384 2434 ipsis
417 2363 653 2434 juvenis
679 2363 837 2418 illius
870 2369 1085 2418 statum
1122 2360 1549 2430 assentiamque
1580 2360 1784 2428 requi-

77 2467 230 2520 rens,
264 2452 474 2522 reperit
504 2451 631 2521 ejus
668 2451 929 2506 animum
963 2449 1196 2506 enixius
1222 2449 1294 2505 ad
1326 2448 1674 2519 aggrediend
1688 2461 1782 2503 um

75 2541 366 2597 sanctiora
397 2540 726 2610 proclivem.
758 2539 811 2594 Si
851 2553 987 2610 ergo
1023 2538 1299 2609 gaudium
1332 2545 1414 2593 est
1444 2550 1620 2606 super
1663 2550 1783 2592 uno

78 2638 374 2700 peccatore
403 2642 678 2684 converso
714 2629 770 2682 in
802 2627 944 2682 caelo
992 2640 1168 2698 quam
1227 2639 1402 2695 super
1464 2625 1783 2695 nonaginta

77 2719 177 2789 qui
237 2732 356 2773 non
419 2717 675 2788 indigent
723 2715 1057 2786 poenitentia
1103 2715 1276 2785 justis
1326 2715 1486 2782 (Luc.
1555 2727 1650 2781 xv,
1699 2717 1781 2781 7),

78 2808 282 2877 procul
314 2807 490 2862 dubio
521 2806 751 2875 plenum
777 2804 908 2860 ﬁdei
948 2811 1032 2860 est
1068 2805 1256 2860 hostes
1288 2803 1529 2859 humani
1559 2801 1784 2873 generis

74 2895 452 2951 acerbissima
485 2893 810 2948 invidentia
837 2892 906 2947 de
930 2906 1154 2958 eorum,
1203 2891 1305 2962 qui
1363 2897 1666 2946 mutantur
1724 2889 1784 2944 in

76 2985 311 3048 melius,
355 2982 649 3052 ereptione
689 2980 924 3036 tristari.
989 2981 1053 3034 Et
1108 2987 1259 3036 certe
1288 2979 1438 3035 sicut
1468 2993 1572 3050 ego
1620 2978 1783 3034 bonis

1889 600 2201 668 piissimam
2232 601 2360 670 ejus
2415 609 2661 656 mentem
2704 601 2846 656 visio
2907 601 3238 671 importuna
3295 603 3588 673 tangebat,

1886 695 1940 744 et
1971 689 2120 744 sicut
2141 696 2263 744 erat
2293 690 2351 743 in
2390 689 2599 744 talibus
2627 689 2991 745 exsolvendis
3020 690 3331 746 admodum
3361 691 3592 747 subtilis

1884 783 1940 831 et
1994 777 2318 854 perspicax,
2371 791 2524 843 mox,
2585 777 2848 846 inquam,
2881 785 2946 834 ut
2994 778 3048 834 id
3097 778 3439 834 incommodi
3484 794 3591 836 suo

1887 864 1992 918 sibi
2020 865 2241 919 somnio
2270 872 2600 933 portensum
2657 865 3038 932 intellexerat,
3083 867 3265 921 accito
3293 881 3381 922 me
3411 881 3589 936 super

1888 968 2014 1008 meo
2045 954 2233 1009 studio
2264 954 2404 1024 quid
2456 967 2707 1024 agerem,
2761 954 2902 1024 quid
2965 962 3268 1010 tractarem
3299 956 3456 1025 apud
3492 970 3583 1012 me

1888 1042 2162 1097 secretius
2188 1043 2489 1112 rogitabat.
2523 1043 2628 1099 Cui
2659 1057 2792 1098 cum
2821 1042 2903 1097 sic
2934 1057 3150 1098 morem
3197 1058 3477 1113 gererem,
3526 1052 3590 1100 ut

1888 1130 1936 1185 ei
1967 1143 2154 1185 meam
2183 1130 2517 1186 nullatenus
2563 1132 3005 1187 unanimitatem
3061 1145 3355 1201 negarem,
3388 1132 3586 1187 omnia

1891 1216 1989 1272 illa
2045 1231 2176 1285 qua:
2218 1217 2538 1273 secundum
2596 1225 2818 1273 tenores
2866 1219 3163 1273 audieram
3228 1218 3584 1275 somniorum

1893 1305 1948 1360 in
1979 1320 2114 1374 quae
2157 1306 2463 1361 Ientescere
2523 1321 2683 1362 meus
2731 1306 2962 1362 animus
3019 1306 3346 1371 videbatur,
3404 1306 3584 1364 alacri

1889 1392 2239 1447 confessione
2293 1392 2626 1462 prodebam,
2686 1400 2740 1448 et
2790 1406 2924 1448 cum
2977 1392 3046 1448 de
3077 1393 3432 1449 correctione
3460 1407 3588 1450 mo-

1890 1488 2070 1548 neret,
2125 1481 2278 1536 veris
2335 1480 2581 1550 profecto
2629 1481 2820 1537 statim
2876 1480 3179 1538 affectibus
3218 1481 3276 1537 id
3337 1481 3590 1552 sponde-

1892 1567 2046 1623 bam.

1965 1656 2116 1711 Deus
2174 1669 2356 1723 meus,
2413 1663 2628 1712 statum
2682 1656 2866 1721 illum,
2919 1671 3092 1727 quem
3144 1657 3308 1713 modo
3380 1658 3587 1728 patior,

1895 1744 2058 1800 toties
2080 1751 2158 1800 tot
2183 1744 2570 1814 significatum
2617 1745 3026 1815 aenigmatibus
3053 1745 3175 1814 ipsa
3227 1745 3368 1801 mihi
3401 1760 3588 1802 enun-

1822 1816 1860 1869 Β
1893 1834 2076 1900 tiavit,
2133 1841 2188 1888 et
2247 1833 2402 1902 quod
2457 1833 2511 1887 in
2566 1833 2750 1902 primo
2809 1840 2961 1889 statu
2994 1843 3217 1904 gestum
3261 1842 3362 1890 aut
3393 1848 3591 1904 geren-

1890 1923 2029 1977 dum
2063 1928 2387 1990 putaverat,
2424 1921 2532 1976 hoc
2576 1925 2726 1974 4V5
2759 1921 3016 1991 quotidie
3064 1921 3216 1977 intra
3261 1924 3448 1978 cordis
3480 1922 3587 1978 mei

1893 2009 2200 2080 penetralia
2260 2012 2532 2080 experior
2585 2016 2641 2065 et
2688 2011 3043 2078 contemplor
3102 2010 3346 2080 impleri.
3434 2009 3588 2077 Quin

1891 2099 2063 2153 etiam
2096 2099 2211 2168 ipso
2242 2097 2513 2168 magister
2547 2112 2727 2164 meus,
2763 2113 2894 2154 cum
2937 2099 3134 2154 eadem
3187 2099 3328 2154 mihi
3377 2097 3590 2155 sollici-

1889 2188 2030 2242 tudo
2059 2201 2164 2243 suo
2193 2186 2518 2242 indesinens
2560 2187 2826 2256 penderet
2869 2201 2902 2242 a
2935 2195 3178 2256 pectore,
3209 2187 3406 2244 multis
3433 2187 3590 2258 figu-

1891 2289 2088 2332 rarum
2124 2275 2322 2339 modis,
2359 2289 2490 2344 quae
2522 2290 2622 2344 pro
2657 2284 2908 2344 tempore
2945 2276 3300 2341 accidebant,
3350 2284 3405 2332 ct
3457 2290 3588 2346 quae

1893 2378 2062 2434 porro
2092 2363 2153 2418 in
2191 2362 2454 2418 futurum
2503 2371 2784 2419 eventura
2817 2363 3046 2420 fuerant
3095 2372 3149 2420 te
3189 2364 3590 2420 manifestante

1891 2451 2140 2507 videbat.
2171 2451 2260 2507 Ab
2287 2457 2535 2520 utroque
2569 2451 2746 2520 igitur
2773 2451 2917 2518 viro,
2951 2451 3049 2506 Dei
3083 2464 3322 2506 munere
3351 2451 3488 2506 hinc
3517 2450 3586 2506 ad

1891 2542 2246 2608 terrendum,
2299 2541 2428 2596 inde
2485 2541 2556 2596 ad
2616 2541 2988 2596 refovendum
3036 2541 3278 2596 adversa
3337 2548 3392 2596 et
3450 2555 3590 2610 pro—

1891 2644 2056 2700 spera
2083 2629 2488 2695 cantabantur,
2535 2637 2598 2684 ut
2653 2637 2708 2684 et
2740 2629 2980 2684 occultae
3036 2628 3407 2699 malignitati,
3459 2627 3588 2683 vel-

1891 2719 2000 2775 lem
2051 2720 2282 2788 nollem,
2337 2719 2479 2790 quia
2519 2727 2620 2774 tuo
2673 2718 2953 2774 miraculo
2982 2715 3062 2773 eis
3091 2723 3338 2783 tantum,
3373 2715 3475 2786 qui
3500 2729 3589 2771 me

1891 2807 2225 2877 diligebant,
2260 2807 2654 2876 detegebatur,
2688 2819 3001 2876 parcerem,
3021 2812 3078 2860 et
3099 2805 3167 2860 de
3191 2804 3441 2860 melioris
3468 2803 3589 2874 spei

1891 2896 2196 2965 aliquoties
2219 2894 2625 2964 pollicitatione
2647 2894 2981 2963 gauderem.

1959 2980 2230 3035 Invident
2264 2980 2382 3052 ipsi
2429 2980 2663 3036 sodales
2692 2981 2762 3035 ob
2807 2978 3132 3034 scientiam.
3184 2979 3275 3033 Eo
3330 2979 3590 3048 amplius

72 3073 257 3129 initiis
293 3085 595 3142 processus
651 3069 837 3126 habeo
868 3068 1212 3138 pestilentes,
1249 3069 1330 3124 sic
1355 3075 1409 3123 et
1442 3067 1554 3135 ille,
1611 3065 1714 3136 qui
1745 3079 1779 3122 a
1811 3103 1858 3160 Β
1891 3070 2120 3126 acuitur
2137 3071 2260 3138 ejus
2287 3069 2601 3142 ingenium.
2633 3100 2702 3109 ——
2733 3069 2874 3126 Cum
2922 3071 3077 3125 enim
3119 3069 3438 3140 aliquando
3467 3069 3588 3137 spi-

71 3163 342 3217 daemone
369 3158 759 3215 testimonium
783 3164 1083 3227 acceperat
1105 3157 1466 3226 postmodum
1495 3156 1774 3225 paulatim
1826 3155 1857 3160 “
1891 3157 2008 3214 ritu
2049 3158 2260 3215 acedize
2300 3157 2626 3224 ventilarer,
2680 3155 2794 3228 ([⁵⁵]
2858 3156 3068 3212 multas
3120 3158 3274 3213 enim
3309 3156 3584 3211 inviden-

73 3249 418 3320 tepescendo
448 3247 692 3312 refrixit,
725 3254 780 3303 et
817 3245 889 3301 ad
946 3245 1206 3301 studium
1235 3259 1354 3300 sese
1374 3244 1648 3300 saeculare
1682 3259 1777 3302 re—

74 3328 274 3404 torsit;
324 3344 379 3392 et
433 3344 622 3392 tamen
673 3334 902 3391 subitus
957 3334 1050 3390 ille
1097 3334 1380 3389 bonarum
1444 3341 1776 3388 nostrarum

71 3428 450 3483 voluntatum
511 3432 722 3490 motus,
782 3421 1053 3478 credibile
1098 3428 1182 3476 est
1213 3435 1388 3491 quam
1439 3421 1778 3491 gravissime

72 3513 366 3570 diabolica
395 3512 569 3568 corda
601 3511 904 3566 morderet.
944 3510 1059 3566 Nec
1094 3510 1306 3565 mirum
1363 3509 1406 3564 si
1439 3509 1624 3564 doleat
1653 3510 1778 3565 dia-

73 3603 248 3660 bolus
298 3601 630 3672 repentinos
684 3607 738 3655 et
795 3598 986 3654 futiles
1073 3596 1401 3667 cujuspiam
1456 3597 1780 3665 paenitentis

71 3691 344 3757 affectus,
394 3703 527 3745 cum
596 3686 990 3757 perfunctoria
1047 3685 1265 3740 Achabi
1323 3685 1480 3740 illius
1557 3685 1778 3742 scelesti

71 3780 228 3850 regis
285 3778 600 3844 humilitas,
651 3776 824 3832 etiam
878 3775 1106 3830 divinos
1136 3764 1452 3844 antequam
1491 3773 1780 3830 humanos

69 3869 142 3923 ad
183 3883 253 3924 se
306 3867 540 3923 deﬂexit
601 3872 886 3935 aspectus.
944 3863 1105 3920 Unde
1141 3863 1441 3930 Dominus,
1484 3863 1544 3918 ni
1591 3862 1774 3932 fallor,

68 3956 264 4012 Elite:
321 3975 350 4002 ‹‹
403 3954 624 4021 Nonne,
702 3953 801 4019 ait,
861 3950 1054 4006 vidisti
1126 3950 1326 4006 Achab
1407 3951 1778 4008 humiliatum

70 4057 268 4099 coram
337 4040 463 4096 me?
515 4040 664 4106 Quia
717 4054 857 4110 ergo
915 4038 1260 4095 humiliatus
1307 4046 1390 4094 est
1439 4040 1548 4095 mei
1578 4053 1776 4103 causa,

69 4147 189 4188 non
236 4129 483 4187 inferam
544 4129 696 4184 mala
749 4129 808 4183 in
865 4127 1069 4184 diebus
1119 4127 1246 4198 ejus
1303 4127 1436 4199 (III
1478 4128 1621 4200 Reg.
1659 4143 1777 4192 xxr,

68 4223 182 4276 29).
218 4241 241 4268 ι

713 4305 945 4363 CAPUT
989 4305 1143 4362 XVI.

1887 3245 1994 3299 tias
2045 3245 2117 3299 ab
2171 3244 2240 3300 iis
2288 3245 2390 3315 qui
2445 3258 2626 3315 supra
2671 3253 2726 3300 et
2767 3245 2938 3314 juxta
2970 3258 3060 3300 me
3079 3251 3266 3311 erant,
3299 3244 3586 3318 patiebar)

1886 3342 2191 3404 parentum
2250 3349 2510 3391 meorum
2549 3334 2918 3390 adminiculis
2980 3334 3306 3404 aspirabam
3354 3335 3427 3389 ad
3483 3349 3586 3392 ex-

1890 3429 2052 3478 terna
2124 3424 2472 3479 monasteria
2560 3423 2960 3494 commigrare.
3038 3422 3182 3477 Nam
3260 3428 3586 3478 nostratum

1889 3511 2092 3581 aliqui,
2126 3526 2259 3568 cum
2298 3526 2388 3568 me
2425 3512 2561 3568 olim
2594 3511 2761 3582 longe
2795 3510 2946 3566 infra
2998 3525 3057 3566 se
3101 3518 3266 3566 artate
3311 3524 3379 3565 ac
3433 3510 3588 3568 litte-

1888 3601 1984 3667 ris,
2024 3600 2277 3670 potentia
2306 3608 2361 3656 et
2393 3600 2717 3671 cognitione
2769 3600 3067 3668 vidissent,
3117 3607 3172 3654 et
3229 3600 3409 3657 solius
3461 3600 3590 3671 ejus

1887 3688 2041 3744 dono
2065 3688 2184 3758 ipso
2222 3688 2477 3744 discendi
2527 3688 2844 3758 appetitum
2877 3689 3017 3744 meis
3064 3689 3330 3744 sensibus
3377 3688 3590 3745 instin-

1891 3783 2123 3846 guente,
2155 3775 2258 3846 qui
2284 3777 2462 3832 totius
2497 3785 2581 3832 est
2620 3777 2798 3832 clavis
2827 3775 3099 3843 scientiae,
3152 3791 3242 3832 me
3289 3776 3399 3832 sibi
3429 3791 3589 3833 exae-

1888 3863 2079 3934 quari,
2105 3871 2207 3919 aut
2236 3863 2493 3929 omnino,
2527 3863 2572 3918 si
2604 3863 2716 3919 dici
2746 3863 2832 3919 fas
2856 3871 2960 3930 est,
3001 3863 3282 3920 excellere
3351 3879 3590 3934 persen-

1889 3951 2106 4012 sissent,
2138 3958 2297 4007 tanto
2335 3950 2532 4008 furore
2588 3951 2898 4008 adversum
2943 3964 3033 4006 me
3078 3965 3277 4006 eorum
3311 3951 3588 4022 indigna-

1890 4038 2089 4094 bunda
2117 4039 2432 4095 excanduit
2474 4040 2734 4110 nequitia
2787 4047 2850 4095 ut
2896 4054 2985 4095 me
3016 4040 3417 4110 frequentibus
3442 4054 3588 4096 con-

1889 4125 2206 4193 troversiis,
2253 4133 2308 4182 et
2374 4126 2768 4184 simultatibus
2812 4127 3114 4198 fatigatum
3190 4128 3480 4184 multoties
3531 4135 3586 4184 et

1889 4212 2103 4269 vidisse
2149 4221 2204 4269 et
2256 4213 2428 4271 scisse
2473 4215 2691 4271 litteras
2728 4215 3044 4284 paeniteret.
3106 4214 3372 4271 Studium
3415 4213 3587 4284 plane

1829 4297 1836 4303 ’
1890 4315 2082 4357 meum
2114 4302 2188 4358 ab
2215 4303 2296 4358 eis
2331 4310 2620 4373 tantopere
2654 4303 3020 4371 turbabatur,
3075 4319 3144 4359 ac
3198 4311 3278 4359 tot
3326 4304 3396 4358 de
3450 4301 3586 4372 ipsis

137 4395 501 4468 Saepimcule
537 4394 770 4450 revolvit
809 4398 1004 4449 animo
1058 4395 1261 4449 auctor
1299 4409 1423 4464 quae
1462 4392 1526 4448 in
1562 4394 1776 4451 mundo
1816 4414 1860 4469 ο
1890 4389 2094 4445 litteris
2147 4398 2377 4458 sumpta
2423 4390 2722 4447 occasione
2755 4404 2853 4460 per
2893 4390 3199 4447 continuas
3242 4391 3590 4462 quaestiones

64 4484 330 4558 reliquit.
391 4511 462 4526 —
491 4483 632 4540 Cum
663 4497 798 4554 ergo
826 4481 1104 4552 paulatim
1131 4489 1521 4538 succrescente
1564 4497 1780 4553 corpu-

69 4574 258 4641 sculo,
322 4572 494 4628 etiam
551 4571 802 4627 animam
873 4570 932 4625 in
991 4569 1473 4640 concupiscentiis
1531 4585 1634 4641 pro
1673 4586 1782 4628 suo

67 4661 315 4719 modulo
360 4669 415 4717 et
442 4660 860 4730 cupiditatibus
913 4659 1269 4729 prurientem
1324 4659 1619 4715 saecularis
1662 4660 1782 4716 vita

72 4751 357 4816 titillaret,
395 4749 670 4805 memoria
696 4756 750 4804 et
774 4756 968 4804 rotatu
998 4747 1347 4803 creberrimo
1377 4748 1570 4818 qualis
1597 4763 1781 4819 quan-

68 4849 288 4911 tusque
324 4839 380 4894 in
406 4838 616 4894 saecqu
645 4851 766 4893 esse
793 4837 1122 4908 potuissem,
1151 4836 1352 4892 eadem
1380 4851 1524 4906 pene
1555 4852 1782 4908 semper

69 4927 390 5000 repetendo
420 4927 794 4990 revolverem,
817 4934 874 4982 et
903 4925 1084 4981 multo
1108 4926 1329 4996 majora
1361 4939 1538 4996 quam
1569 4928 1781 4984 veritas

66 5022 372 5084 pateretur
431 5027 579 5082 saepe
636 5011 1047 5081 contingerem,
1125 5012 1276 5065 Bone
1317 5011 1488 5077 Deus,
1556 5011 1652 5067 cui
1710 5011 1780 5068 de

64 5105 343 5160 omnibus
372 5115 514 5157 cura
541 5109 642 5168 est,
685 5100 1022 5156 ostendebas
1051 5100 1158 5154 ista
1189 5099 1419 5154 famulae
1450 5107 1564 5155 tute
1607 5101 1780 5156 matri

68 5207 234 5259 meae,
299 5191 356 5246 in
418 5203 830 5260 quemcunque
885 5195 1099 5243 statum
1144 5201 1354 5243 sanum
1408 5187 1632 5258 utique,
1685 5189 1777 5244 vel

68 5282 350 5336 insanum
411 5276 762 5334 conscientia
817 5276 1006 5332 labilis
1081 5275 1438 5343 vertebatur,
1497 5276 1777 5332 visionem

66 5364 334 5435 ejusdem
380 5363 597 5433 species
643 5373 759 5416 non
788 5360 912 5416 sine
942 5368 1062 5426 tuo,
1113 5359 1370 5427 Domine,
1418 5360 1637 5431 judicio
1685 5375 1778 5417 se-

69 5453 386 5524 quebatur.
435 5453 507 5506 At
551 5448 829 5520 quoniam
895 5447 1111 5504 multas
1174 5461 1347 5503 curas
1401 5448 1780 5518 perhibentur

63 5539 235 5611 sequi
263 5537 512 5605 somnia,
543 5544 599 5592 et
629 5549 834 5592 verum
866 5533 1104 5590 indubie
1136 5541 1389 5604 constat;
1441 5535 1530 5591 hae
1587 5542 1779 5592 tamen

65 5642 224 5686 cura:
256 5641 374 5684 non
403 5623 665 5682 avaritiae
695 5623 930 5679 aestibus
961 5621 1314 5690 citabantur,
1373 5623 1466 5679 sed
1503 5635 1576 5679 ex
1639 5637 1780 5680 vera

1887 4477 2088 4550 jurgia
2125 4480 2496 4535 motabantur
2551 4487 2615 4536 ut
2641 4480 2715 4535 ad
2773 4480 2880 4536 hoc
2932 4481 3118 4537 solum
3177 4487 3467 4551 quatenus
3513 4479 3587 4536 ab

1888 4581 1957 4622 ea
1987 4581 2128 4624 cura
2159 4581 2287 4624 mea
2317 4567 2559 4624 resiliret
2613 4567 2870 4637 intentio,
2932 4583 3243 4639 meumque
3302 4568 3588 4638 praepedi-

1890 4663 2052 4713 retur
2100 4655 2424 4726 ingenium,
2481 4657 2620 4712 eniti
2665 4656 3022 4713 viderentur.
3057 4657 3163 4713 Sed
3206 4656 3356 4713 sicut
3394 4656 3586 4712 oleum

1888 4743 2115 4798 camino
2172 4743 2454 4812 additum,
2502 4746 2656 4801 unde
2705 4752 2946 4815 putatur
3002 4746 3393 4816 exstinguere,
3454 4743 3586 4798 inde

1892 4831 2125 4887 ﬂamma
2173 4833 2462 4889 vivaciore
2507 4835 2807 4904 proserpit,
2865 4848 2930 4890 eo
2981 4834 3160 4889 instar
3205 4832 3416 4888 clibani
3472 4846 3588 4902 quo

1889 4920 2137 4990 amplius
2195 4935 2322 4977 mea
2374 4936 2547 4992 super
2595 4937 2664 4979 eo
2713 4923 2908 4978 labore
2937 4923 3168 4978 solertia
3196 4921 3585 4992 premebatur,

1890 5016 2047 5064 tanto
2115 5011 2237 5066 suis
2307 5011 2531 5066 reddita
2577 5011 2861 5068 valentior
2933 5011 3170 5068 aestibus
3240 5011 3299 5065 in
3384 5009 3590 5066 melius

1889 5098 2191 5169 agebatur.
2251 5098 2624 5166 Quaestiones,
2681 5101 2900 5171 quibus
2949 5100 3276 5156 aestimabar
3320 5099 3586 5166 obtundi,

1888 5186 2280 5257 intelligentiae
2331 5187 2641 5255 plurimam
2698 5188 2834 5242 mihi
2886 5188 3263 5243 acrimoniam
3295 5186 3587 5243 ministra-

1889 5275 2048 5340 bant,
2127 5282 2183 5331 et
2238 5275 2622 5344 objectionum
2701 5276 3012 5332 difﬁcultas
3057 5277 3260 5332 crebra
3304 5275 3591 5346 conjectu-

1890 5375 2090 5417 rarum
2118 5376 2380 5418 mearum
2407 5363 2820 5430 ruminatione,
2871 5373 2927 5420 et
2978 5365 3341 5420 diversorum
3393 5376 3587 5420 versa-

1890 5449 2050 5505 tione
2104 5449 2493 5517 voluminum,
2541 5450 3021 5521 multiplicitatem
3076 5467 3352 5509 sensuum
3413 5459 3469 5508 et
3498 5465 3587 5508 re-

1891 5537 2210 5608 spondendi
2265 5538 2407 5593 mihi
2454 5538 2768 5596 efﬁcaciam
2827 5541 3150 5610 pariebant.
3205 5541 3325 5597 Hoc
3390 5539 3590 5610 itaque

1890 5625 2059 5681 modo
2105 5625 2208 5682 etsi
2246 5626 2581 5698 gravissime
2620 5627 2702 5684 eis
2733 5627 3054 5685 invidiosus
3081 5639 3264 5698 eram,
3300 5636 3361 5685 tu
3395 5635 3589 5685 tamen
