3934 6426
355 386 454 445 871
1237 383 1303 440 v.
1352 380 1685 443 GUIBERTI
1725 382 2017 445 ABBATIS
2051 383 2108 443 s.
2150 380 2393 445 nam
2425 386 2517 448 DE
2560 384 2956 450 novmeuro
3749 401 3839 457 θη

355 525 525 593 nosti,
578 522 837 591 Domine,
920 536 1096 593 quam
1184 536 1392 594 parum
1453 531 1555 581 aut
1602 523 1745 580 nihil
1831 522 2047 581 talibus
2082 524 2399 593 Aprovida
2450 527 2755 596 retulisset,
2815 543 2950 585 cum
2983 529 3165 587 multa
3206 532 3385 587 animi
3416 535 3840 604 compunctione

356 612 709 678 invidebam,
767 619 823 667 et
877 624 1011 665 cum
1067 618 1260 666 notam
1307 611 1381 666 ad
1419 625 1593 667 suum
1648 611 1789 666 mihi
1820 611 2050 667 libitum

356 710 583 772 turpem
613 714 729 756 non
760 707 989 769 possent
1021 699 1271 765 inurere,
1304 699 1643 755 astruebant
1689 713 1781 755 me
1836 698 2054 769 ubique

354 789 611 847 rodendo
630 801 731 857 pro
764 785 1055 842 scientiola
1093 786 1411 855 superbire.

425 874 689 934 Ilutandi
704 872 1043 931 monasterii
1077 874 1407 929 consilium.
1436 905 1505 913 —
1537 875 1692 930 Inter
1721 875 1826 930 has
1849 874 2051 945 igitur,

355 981 504 1039 quas
531 964 783 1021 ferebam
823 962 1123 1034 aegerrime
1160 963 1521 1028 vexationes,
1556 963 1685 1018 licet
1733 963 1790 1019 in
1836 961 2049 1032 hujus-

355 1055 505 1112 modi
560 1051 814 1123 angariis
886 1049 1196 1107 uberrimze
1263 1051 1696 1119 parturirentur
1756 1051 2049 1117 utilitates,

355 1142 743 1200 lassabundus
766 1140 1000 1197 animus
1048 1139 1159 1195 sub
1206 1138 1434 1194 inﬁnita
1461 1138 1770 1208 aliquoties
1828 1139 2052 1210 cogita-

355 1232 576 1289 tionum
635 1229 879 1286 tertioue
951 1227 1282 1297 languebat,
1356 1241 1461 1282 nec
1517 1227 1686 1282 corde
1726 1228 1954 1297 pavido,
1995 1233 2051 1283 et

353 1320 592 1378 rationis
646 1318 872 1374 viribus
921 1330 1069 1386 saepe
1115 1315 1347 1371 defectis
1401 1314 1723 1386 cogitabam
1766 1315 1866 1385 qui
1917 1328 2047 1385 pro-

353 1411 536 1466 desset
610 1406 948 1471 adversitas,
1033 1403 1132 1459 sed
1236 1403 1609 1459 libentissime
1683 1403 2049 1460 decreveram

353 1504 545 1568 petere
595 1494 916 1551 censionem
965 1507 1082 1562 quo
1111 1490 1360 1547 carnalis
1410 1490 1756 1561 suggerebat
1806 1490 2046 1547 inﬁrmi-

353 1592 459 1640 tas.
518 1583 661 1639 Cum
690 1595 830 1651 ergo
888 1579 1246 1650 propositum
1277 1578 1654 1648 appulissem,
1690 1586 1755 1634 ut
1783 1593 1899 1635 non
1932 1587 2049 1636 tam

354 1669 633 1727 benevola
659 1667 886 1724 abbatis
913 1666 1020 1722 mei
1055 1665 1306 1731 licentia,
1347 1680 1523 1735 quam
1549 1674 1858 1736 parentum
1891 1681 2048 1723 meo-

2158 620 2213 668 et
2243 613 2511 684 lacrymis
2557 623 2718 672 tanta
2744 616 2921 673 verba
2947 619 3287 688 suscipiens,
3327 621 3388 676 in
3414 628 3634 678 tantam
3672 636 3842 693 vaga—

2161 699 2372 756 bundaa
2403 703 2765 772 cogitationis
2814 704 3121 773 licentiam,
3176 709 3286 764 sub
3316 715 3433 765 tam
3464 710 3845 767 desiderabilis

2161 788 2364 844 somnii
2421 797 2615 847 tenore
2686 793 2919 850 cohibui
2977 802 3041 851 ut
3102 810 3479 868 nequaquam
3530 801 3845 871 cujuspiam

2160 874 2398 933 alterius
2418 877 2538 948 jam
2566 880 2827 936 traherer
2847 881 3163 939 intentione
3193 885 3460 941 cmnobii.

2231 966 2384 1016 496
2424 965 2576 1020 Item
2605 965 2869 1022 Guiberto
2891 966 2953 1021 in
2972 968 3446 1042 somnisapparet
3460 972 3627 1027 beata
3657 972 3849 1045 Virgo.

2159 1080 2230 1090 —
2263 1051 2394 1107 Haec
2447 1060 2503 1108 et
2554 1054 2645 1109 his
2695 1056 2924 1124 similia,
2984 1072 3017 1113 ο
3074 1059 3335 1127 Domine,
3399 1062 3641 1118 cmlestis
3681 1065 3851 1118 Mater

2160 1138 2381 1209 imperii
2432 1155 2606 1211 super
2649 1153 3012 1213 peccatorum
3071 1161 3330 1204 meorum
3376 1149 3619 1206 horrore
3682 1164 3853 1219 super

2159 1228 2701 1298 innumerabilibus,
2764 1233 2983 1302 quibus
3037 1247 3074 1289 a
3127 1242 3226 1290 tuo
3271 1249 3465 1292 amore
3525 1245 3580 1292 et
3623 1237 3852 1292 servitio

2158 1316 2389 1383 descivi,
2460 1319 2780 1388 apostasiis,
2835 1334 3036 1377 ansam
3090 1321 3163 1377 ad
3222 1330 3274 1378 te
3323 1324 3600 1380 redeundi
3658 1324 3852 1380 confe-

2157 1411 2312 1469 runt,
2338 1404 2480 1462 dum
2540 1406 2684 1461 mihi
2712 1421 2835 1463 meo
2866 1414 3240 1478 precantatur
3262 1422 3297 1464 a
3327 1409 3518 1475 corde,
3569 1410 3853 1481 amplissi-

2158 1503 2280 1545 mos
2327 1491 2763 1549 clementiarum
2823 1502 3059 1551 tuarum
3114 1496 3276 1552 sinus
3323 1496 3456 1553 ullis
3504 1497 3854 1567 ﬂagitiorum

2157 1594 2415 1637 meorum
2474 1582 2722 1639 molibus
2791 1584 3063 1653 praecludi
3117 1599 3231 1641 non
3309 1600 3488 1656 posse.
3565 1585 3856 1643 Recordor

2156 1667 2325 1723 etiam
2356 1683 2596 1739 semper,
2633 1670 2875 1726 caelestis
2904 1672 3169 1737 Domina,
3213 1673 3352 1743 quia
3401 1688 3533 1729 cum
3570 1673 3859 1743 puerulus

353 1773 485 1815 rum
514 1758 800 1814 incentivo
826 1763 881 1811 et
925 1756 1244 1821 exactione,
1297 1755 1417 1810 loco
1459 1755 1817 1826 digrederer;
1852 1756 2051 1811 matris
2086 1815 2126 1830 __
2159 1753 2295 1809 huic
2324 1757 2668 1811 assumenda
2706 1757 2931 1813 habitui
2976 1760 3314 1829 aspirarem,
3379 1769 3542 1817 nocte
3597 1761 3855 1830 quadam

354 1861 592 1919 quoque
645 1858 932 1911 assensus,
991 1844 1046 1898 id
1092 1843 1211 1899 ﬁeri
1285 1844 1377 1912 pia
1436 1843 1749 1899 intentione
1809 1844 2048 1899 credens

354 1936 573 1991 adesset
604 1934 764 2002 (nam
795 1933 939 1987 bene
968 1931 1269 2002 religiosus
1320 1945 1436 2002 quo
1493 1931 1797 1987 succedere
1844 1932 2050 2003 gestie-

355 2023 485 2079 bam
536 2023 693 2078 locus
736 2020 1047 2090 ferebatur)
1105 2020 1262 2076 testis
1304 2020 1591 2075 malorum
1649 2033 1717 2075 ac
1766 2020 2050 2076 bonorum

355 2125 612 2168 meorum
644 2110 770 2167 talis
800 2110 852 2165 ei
876 2123 936 2164 se
970 2109 1219 2179 praebuit
1250 2109 1414 2163 visio.

425 2205 533 2256 Per
557 2202 738 2254 visum
758 2197 935 2253 matri
943 2197 1140 2267 ﬁlium
1164 2197 1268 2251 sub
1293 2213 1403 2251 sua
1421 2196 1772 2267 protectione
1801 2195 2051 2252 ostendit

351 2292 413 2345 B.
481 2288 675 2360 Virgo.
734 2317 806 2327 ——
862 2285 929 2342 In
980 2286 1214 2342 ecclesia
1258 2284 1498 2341 ccenobii
1577 2284 1777 2354 ipsius,
1837 2284 2050 2341 scilicet

351 2378 702 2435 Flavicensis
759 2376 885 2446 [al.,
941 2373 1375 2445 Flaviacensisj,
1438 2388 1571 2444 quae
1630 2374 1844 2430 dicitur
1892 2374 2047 2430 Beati

349 2464 658 2530 Geremari,
709 2464 818 2519 sibi
855 2476 978 2519 esse
1022 2460 1350 2518 videbatur.
1407 2462 1592 2528 Quam
1628 2475 1761 2518 cum
1807 2462 2049 2517 interius

350 2551 705 2619 attendisset,
744 2549 1130 2607 desertissime
1145 2549 1510 2620 destitutam;
1541 2550 1851 2605 monachos
1874 2549 2048 2605 etiam

349 2655 467 2697 non
498 2640 666 2697 modo
694 2639 918 2706 scisses,
950 2647 1007 2695 et
1042 2637 1358 2694 involucris
1402 2638 1530 2694 ﬁdei
1575 2638 1821 2694 nimium
1870 2653 2047 2695 enor—

349 2731 543 2787 mibus
572 2729 900 2799 adopertas;
926 2727 1024 2783 sed
1068 2734 1126 2783 et
1168 2735 1392 2783 statura
1449 2728 1685 2784 cubitali
1715 2727 1776 2783 in
1828 2742 2045 2784 morem

347 2832 548 2875 eorum
593 2830 743 2888 quos
788 2816 967 2886 vulgo
1017 2829 1201 2872 nanos
1259 2816 1534 2883 vocitant,
1591 2829 1788 2872 omnes
1832 2817 2048 2886 pariter

350 2907 704 2963 imminutos.
761 2904 865 2961 Sed
914 2906 1054 2976 quia
1082 2904 1183 2961 ubi
1212 2904 1539 2971 thesaurus,
1576 2904 1653 2959 ibi
1680 2919 1797 2972 cor,
1856 2912 1912 2961 et
1947 2904 2045 2961 ubi

350 2995 665 3061 contuitus,
710 2993 790 3051 ibi
842 3007 1022 3060 amor,
1079 3007 1216 3049 cum
1273 2992 1344 3048 ad
1378 3006 1467 3049 me
1520 2993 1755 3049 oculum
1803 2993 2047 3049 sollicita

347 3082 701 3150 destinasset,
760 3083 961 3148 cernit,
1028 3081 1183 3152 quod
1239 3094 1379 3136 non
1412 3080 1617 3137 melior
1670 3080 1888 3137 caeteris
1952 3095 2042 3138 me
2078 3107 2124 3167 ο

347 3179 532 3228 status
591 3171 852 3241 erigeret,
933 3183 1040 3226 nec
1096 3176 1413 3239 apparatus
1469 3169 1701 3241 dignior
1774 3170 2039 3240 operiret.

346 3259 610 3330 Cumque
657 3272 760 3329 pro
814 3272 941 3314 meo
993 3263 1049 3314 et
1104 3265 1279 3314 tantze
1335 3258 1600 3314 Ecclesiae
1651 3266 1852 3315 maesta
1904 3259 2047 3316 foret

345 3348 696 3415 discrimine,
730 3361 860 3404 ecce
885 3346 1126 3402 inﬁnitae
1182 3346 1638 3416 pulchritudinis
1684 3362 1751 3403 ac
1779 3348 2047 3419 majesta-

344 3439 418 3494 tis
446 3436 660 3492 femina
698 3449 798 3506 per
848 3434 1095 3490 mediam
1157 3435 1453 3490 basilicam
1505 3435 1577 3490 ad
1621 3436 1804 3492 altare
1857 3451 2046 3507 usque

345 3526 642 3597 processit,
671 3537 850 3595 quam
889 3523 1060 3593 quasi
1097 3522 1416 3593 juvencula
1445 3524 1820 3593 sequebatur,
1871 3526 2046 3595 cujus

346 3613 563 3684 species
616 3611 746 3682 ejus
803 3611 1054 3667 multum
1110 3610 1317 3667 idonea
1372 3611 1679 3668 videbatur
1761 3612 2042 3683 obsequio

347 3715 525 3773 quam
556 3699 1015 3755 consectabatur.
1074 3697 1217 3754 Cum
1262 3712 1401 3769 ergo
1453 3699 1846 3756 curiosissima
1897 3709 2047 3757 esset

346 3791 779 3859 scirequzenam
807 3787 947 3844 foret
976 3786 1211 3842 domina
1243 3788 1386 3856 ipsa,
1434 3787 1649 3844 dictum
1692 3795 1777 3844 est
1823 3790 1874 3845 ei
1906 3792 2047 3860 quia

345 3884 490 3935 esset
544 3874 778 3933 domina
833 3874 1219 3932 Carnotensis.
1281 3872 1442 3941 Quod
1503 3888 1612 3930 nec
1656 3889 1821 3932 mora
1872 3877 2047 3948 conji-

347 3970 518 4034 ciens,
580 3966 805 4023 beatam
861 3965 960 4021 Dei
999 3964 1344 4021 Genitricem
1401 3964 1700 4033 intellexit,
1755 3964 1847 4037 (ιθ)
1874 3966 2046 4037 cujus

345 4069 555 4113 nomen
580 4062 636 4111 et
681 4054 926 4125 pignora
966 4052 1178 4109 ibidem
1231 4052 1407 4109 totius
1457 4067 1599 4123 pene
1646 4055 1833 4111 Latini
1891 4056 2047 4112 orbis

344 4144 716 4203 veneratione
747 4141 1041 4198 coluntur.
1100 4142 1185 4197 Ad
1238 4140 1420 4197 altare
1450 4142 1630 4212 igitur
1674 4145 2039 4213 perveniens,

346 4248 538 4308 genua
593 4232 664 4288 ad
721 4231 1036 4288 orationem
1083 4229 1273 4299 ﬂexit;
1324 4230 1421 4287 sed
1465 4239 1520 4287 et
1566 4231 1683 4301 illa,
1748 4248 1879 4304 quae
1923 4243 2046 4305 post

345 4321 529 4391 ipsam
558 4315 781 4387 ingredi
809 4308 1138 4382 videbatur,
1179 4314 1389 4371 nobilis
1440 4315 1805 4388 pedissequa,
1851 4319 2045 4376 itidem

344 4419 381 4461 a
406 4413 569 4476 tergo
617 4404 747 4474 ejus
793 4401 943 4459 fecit.
1001 4402 1137 4459 Inde
1182 4417 1537 4475 consurgens
1602 4419 1737 4461 cum
1788 4406 2040 4476 plurima

345 4493 512 4565 quasi
546 4489 1043 4548 animadversione
1094 4497 1357 4560 protenta
1398 4504 1597 4560 manu,
1635 4513 1658 4542 ι
1713 4494 1881 4564 hanc,
1944 4494 2041 4551 in-

345 4583 492 4654 quit,
544 4580 839 4638 ecclesiam
913 4592 1019 4651 ego
1090 4579 1332 4645 institui,
1378 4593 1497 4650 qua
1562 4581 1783 4639 ratione
1854 4584 2043 4654 patiar

344 4667 625 4726 destitui?
651 4666 721 4724 Et
751 4666 822 4722 ad
852 4679 944 4722 me
988 4666 1232 4722 subinde
1269 4666 1701 4725 serenissimum
1759 4670 2040 4740 pietatum

343 4757 619 4831 signifera
657 4755 912 4828 dirigens
952 4753 1207 4822 oculum,
1284 4753 1780 4826 clarissimamque
1840 4757 2037 4814 dexte-

343 4861 470 4904 ram
506 4861 519 4900 :
555 4864 585 4898 α
615 4844 802 4912 Hunc,
839 4842 939 4910 ait,
966 4843 1082 4899 huc
1111 4842 1352 4910 adduxi,
1385 4850 1441 4900 et
1497 4844 1849 4900 monachum
1911 4843 2037 4912 feci,

344 4948 517 5005 quem
546 4932 707 4989 nullo
738 4931 904 4987 modo
933 4930 1121 5000 patiar
1150 4929 1287 4985 hinc
1327 4929 1554 4988 abduci.
1594 4953 1614 4981 ι
1670 4932 1804 4987 Haec
1840 4932 2041 4988 eadem

340 5021 524 5078 verba
575 5018 811 5089 praefata
868 5024 992 5087 post
1073 5017 1198 5087 ipsa
1258 5018 1383 5088 pari
1462 5020 1630 5076 modo
1694 5018 2042 5090 pedissequa

343 5109 657 5167 astruebat.
713 5108 949 5163 Dixerat
1005 5114 1200 5176 potens
1247 5107 1365 5176 illa,
1447 5116 1503 5165 et
1565 5109 1713 5165 dicto
1800 5108 2041 5165 celerius

344 5195 533 5254 omnis
558 5194 671 5250 illa.
708 5193 1000 5260 desolatio,
1049 5200 1104 5248 et
1152 5194 1392 5250 vastitas
1429 5195 1502 5251 ad
1538 5195 1828 5266 integrum
1881 5210 2042 5267 repa-

346 5293 512 5343 ratur
535 5295 784 5355 quaeque
809 5281 1078 5352 primitus
1110 5282 1434 5351 videbatur,
1460 5290 1516 5339 et
1547 5286 1909 5340 staturarum
1943 5285 2040 5341 illa

345 5370 597 5429 enormis
644 5368 959 5434 modicitas,
1024 5381 1143 5425 non
1189 5370 1359 5426 modo
1424 5378 1789 5440 ceterorum,
1833 5371 1931 5427 sed
1984 5379 2040 5428 et

344 5474 476 5518 mea
518 5459 769 5531 potentia
818 5457 1044 5514 favente
1091 5458 1352 5529 jubentis
1382 5458 1621 5530 imperio
1649 5460 1721 5516 ad
1752 5460 2036 5532 regulam,

342 5547 706 5607 emendatur.
738 5546 928 5618 Hujus
967 5545 1111 5604 mihi
1156 5546 1393 5603 visionis
1423 5547 1627 5606 seriem
1675 5561 1809 5606 cum
1856 5556 2041 5606 mater

417 5669 530 5744 (38)
561 5670 724 5729 Deest
751 5668 996 5742 aliquid.

2160 1856 2260 1911 per
2290 1843 2479 1899 visum
2509 1844 2565 1899 in
2595 1845 2832 1900 ecclesia
2884 1847 2965 1901 tui
3000 1847 3250 1903 nominis
3304 1862 3484 1910 eram.
3531 1856 3585 1904 et
3624 1849 3858 1904 videba-

2157 1940 2254 1989 tur
2281 1932 2422 1987 mihi
2453 1934 2606 2003 quod
2638 1947 2672 1988 a
2700 1934 2928 1989 duobus
2972 1935 3044 1989 ab
3075 1934 3197 2004 ipsa
3228 1937 3533 1992 auferebar
3587 1937 3859 1993 daemoni-

2160 2021 2285 2077 bus.
2318 2024 2585 2091 Cumque
2614 2022 2684 2076 ad
2716 2021 2966 2077 basilicae
3005 2036 3093 2077 me
3154 2023 3443 2094 fastigium
3491 2025 3855 2092 extulissent,

2158 2110 2534 2179 aufugerunt,
2575 2117 2627 2165 et
2674 2111 2953 2166 intactum
2993 2111 3144 2167 intra
3185 2113 3440 2183 ejusdem
3492 2124 3650 2184 septa
3674 2118 3861 2172 eccle-

2158 2198 2256 2254 siae
2286 2198 2649 2254 dimiserunt.
2696 2199 2828 2254 Haec
2855 2199 3166 2268 multoties,
3217 2200 3357 2256 dum
3390 2216 3574 2258 meam
3623 2203 3860 2259 intueor

2159 2285 2735 2357 incorrigibilitatem,
2796 2287 3152 2357 reminiscor,
3206 2297 3259 2345 et
3288 2289 3429 2345 dum
3465 2290 3662 2346 eadem
3718 2306 3860 2362 pec-

2156 2382 2285 2431 cata
2313 2374 2526 2444 sa-pius
2557 2383 2770 2445 repeto,
2821 2375 2933 2431 imo
2966 2376 3223 2445 pessimis
3284 2377 3479 2448 pejora
3533 2379 3856 2448 superfero,

2156 2462 2229 2518 ad
2280 2470 2353 2528 te,
2387 2462 2664 2532 piissima,
2726 2477 2829 2533 pro
2880 2464 3151 2520 evitando
3203 2464 3390 2521 solum
3444 2466 3857 2536 desperationis

2156 2550 2410 2621 periculo
2436 2566 2551 2607 non
2584 2552 2777 2608 nimias
2805 2553 2944 2624 spei,
2967 2561 3070 2610 aut
3096 2554 3345 2626 alicujus
3391 2568 3585 2624 parva
3626 2554 3856 2611 ﬁduciae

2154 2638 2432 2695 abusione
2459 2652 2711 2695 recurro.

2225 2728 2344 2783 Etsi
2394 2728 2548 2783 enim
2608 2742 2830 2799 semper
2883 2742 2957 2785 ex
3018 2730 3273 2803 impulsu
3323 2730 3670 2802 fragilitatis,
3734 2746 3859 2787 non

2154 2814 2438 2886 superbire
2462 2815 2845 2873 obstinatione
2894 2817 3194 2888 delinquo,
3224 2832 3384 2888 spem
3414 2825 3602 2875 tamen
3651 2817 3859 2874 nulla-

2155 2912 2326 2961 tenus
2352 2903 2723 2959 correctionis
2744 2904 2961 2960 amitto.
2996 2904 3212 2976 Septies
3233 2907 3407 2976 plana
3436 2906 3589 2962 cadit
3633 2905 3857 2976 justus,

2153 2999 2211 3048 et
2265 2991 2517 3062 resurgit
2560 2990 2757 3063 (Prov.
2812 3007 2969 3061 xxnv,
3040 2994 3149 3066 16).
3210 2995 3266 3050 Si
3322 2995 3685 3065 septenarius
3754 3009 3862 3064 pro

2154 3080 2530 3137 universitate
2580 3094 2860 3137 numerus
2917 3082 3244 3138 solemniter
3294 3082 3548 3153 ponitur,
3599 3081 3863 3152 quibus-

2154 3182 2388 3239 cunque
2433 3168 2615 3224 modis
2665 3169 2952 3238 peccando
3010 3170 3143 3240 quis
3170 3170 3356 3238 cadat,
3388 3171 3434 3226 si
3476 3169 3861 3226 intentionem

2153 3255 2491 3326 resurgendi
2522 3255 2593 3310 ad
2620 3254 2904 3325 justitiam
2954 3255 3179 3323 habeat,
3235 3257 3505 3327 quamvis
3539 3269 3614 3312 ex
3642 3269 3862 3311 carna-

2152 3344 2311 3401 litate
2362 3343 2611 3411 labatur,
2661 3342 2708 3397 si
2755 3342 3002 3399 dolorem
3035 3351 3187 3399 recte
3215 3344 3543 3414 pmnitentis
3570 3343 3865 3411 :adhibeat

2153 3443 2529 3502 nequaquam
2555 3428 2698 3500 justi
2727 3429 2959 3485 nomine
2988 3445 3109 3487 sese
3162 3432 3371 3501 privat.
3406 3432 3476 3488 Ut
3514 3432 3658 3503 quid
3688 3432 3859 3488 enim

2153 3520 2439 3577 clamatur
2466 3518 2539 3574 ad
2570 3518 2772 3585 Deum,
2811 3525 2876 3574 ut
2900 3518 2971 3574 de
3002 3520 3208 3575 nostris
3241 3534 3343 3576 nos
3373 3520 3863 3577 neccessitatibus

2150 3614 2317 3665 eruat
2350 3606 2535 3677 (Psal.
2594 3620 2753 3672 xxxv,
2789 3607 2890 3676 l7),
2926 3607 3037 3663 nisi
3091 3607 3231 3679 quia
3285 3616 3509 3664 naturae
3554 3608 3867 3677 corruptio

2156 3694 2371 3765 peccati
2427 3693 2660 3750 servitio
2717 3708 2821 3750 nos
2866 3695 3113 3752 velimus
3162 3696 3414 3751 nolimus
3496 3695 3865 3752 addemnat?

2158 3806 2178 3832 ι
2216 3783 2407 3845 Video,
2444 3781 2553 3852 ait,
2577 3782 2872 3853 captivum
2919 3798 3011 3840 me
3035 3784 3337 3841 ducentem
3370 3784 3428 3839 in
3456 3784 3580 3855 lege
3604 3786 3855 3852 peccati,

2154 3884 2286 3942 quae
2337 3876 2423 3926 est
2484 3870 2543 3924 in
2596 3870 2869 3926 membris
2920 3870 3093 3939 meis;
3148 3885 3263 3927 non
3302 3871 3456 3928 enim
3509 3872 3665 3942 quod
3723 3873 3864 3929 volo

2153 3958 2371 4015 bonum
2426 3958 2535 4014 hoc
2587 3971 2716 4029 ago,
2747 3957 2846 4014 sed
2892 3957 3044 4027 quod
3095 3958 3226 4014 nolo
3268 3959 3511 4024 malum,
3556 3959 3662 4014 hoc
3702 3959 3863 4015 facio

2153 4048 2330 4118 (Rom.
2363 4062 2462 4115 vn,
2495 4049 2612 4112 25).
2645 4064 2673 4096 ιι
2708 4046 2810 4101 Est
2838 4052 3031 4102 autem
3064 4045 3413 4115 profundum
3455 4048 3864 4118 quorumdam

2152 4134 2460 4202 malorum,
2520 4133 2581 4189 in
2626 4132 2784 4203 quod
2832 4146 2964 4188 cum
3007 4133 3231 4189 venerit
3264 4133 3495 4204 impius,
3529 4136 3866 4192 contemnit

2148 4225 2346 4297 (Prov.
2404 4237 2568 4290 XVIII,
2638 4222 2712 4292 3),
2765 4227 2819 4277 et
2864 4228 3057 4276 tamen
3107 4235 3283 4292 super
3328 4221 3680 4292 quibusdam
3726 4223 3867 4279 aliis

2150 4312 2451 4384 profundis
2504 4310 2791 4366 clamatur
2836 4308 2910 4364 ad
2961 4309 3168 4378 Deum,
3242 4324 3348 4366 nec
3397 4323 3563 4366 suam
3644 4311 3867 4380 petitor

2074 4405 2123 4462 D
2153 4402 2380 4459 dubitat
2400 4397 2666 4457 exaudiri
2704 4410 2922 4454 vocem.
2981 4398 3081 4454 Est
3105 4398 3390 4469 siquidem
3434 4398 3862 4467 desperationis

2148 4506 2222 4547 ex
2279 4487 2495 4560 peccati
2543 4485 2835 4543 nimietate
2887 4493 3266 4556 contemptus,
3321 4486 3424 4557 qui
3474 4501 3597 4543 esse
3664 4495 3863 4556 potest

2149 4573 2421 4646 profundi
2447 4573 2645 4645 hujus,
2678 4588 2795 4644 quo
2816 4587 2929 4629 non
2959 4582 3045 4630 est
3073 4575 3397 4632 substantia
3424 4574 3612 4647 (Psal.
3645 4590 3861 4646 vam,

2151 4663 2228 4733 3),
2279 4662 2338 4717 in
2372 4676 2502 4732 qua
2560 4661 2791 4718 miseria
2846 4676 2961 4718 non
3012 4662 3376 4734 subsistitur;
3440 4671 3526 4721 est
3589 4663 3861 4737 denique

2151 4749 2501 4821 profundum
2529 4749 2599 4806 de
2624 4764 2741 4819 quo
2776 4749 3051 4807 leremias
3101 4751 3547 4822 panniculorum
3592 4752 3866 4826 subliga-

2150 4838 2303 4895 tione
2342 4838 2699 4909 protrahitur
2756 4837 2902 4909 (ψεῖ.
2953 4853 3151 4904 xxvm,
3212 4840 3322 4909 il),
3405 4840 3561 4910 quod
3635 4854 3861 4910 quam-

2149 4926 2236 4983 vis
2260 4927 2602 4997 (38)..Porro
2632 4925 2877 4983 fundum
2920 4932 3109 4984 tamen
3140 4927 3311 4984 habet
3341 4944 3355 4982 :
3388 4928 3529 4998 quia
3573 4932 3863 4998 quamvis

2149 5014 2480 5086 ingentibus
2537 5014 2610 5071 sit
2643 5028 2806 5070 mens
2833 5013 3069 5070 dimissa
3098 5015 3365 5084 peccatis,
3430 5015 3599 5072 habet
3649 5023 3858 5075 tamen

2146 5104 2493 5176 talecunque
2535 5105 2897 5162 obstaculum
2945 5104 3184 5161 rationis
3212 5111 3277 5161 ut
3308 5119 3420 5161 non
3495 5104 3721 5163 feratur
3758 5124 3867 5180 per

2144 5192 2546 5252 interminatas
2575 5194 2883 5265 voragines
2937 5193 3061 5249 sine
3100 5192 3220 5249 ulla
3251 5193 3658 5264 recogitatione
3680 5199 3869 5254 totius

2146 5280 2490 5351 iniquitatis.

2768 5370 2997 5428 CAPUT
3036 5370 3219 5426 XVIII

2221 5460 2389 5516 Ροεεί
2411 5461 2546 5533 plus
2571 5477 2728 5533 aequo
2776 5460 3093 5515 delectatur
3124 5457 3452 5514 Guibertus.
3499 5488 3567 5497 —
3624 5460 3860 5519 Interea

2147 5561 2281 5603 eum
2305 5548 2670 5606 versiﬁcandi
2694 5547 2885 5606 studio
2911 5548 3068 5604 ultra
3115 5559 3343 5603 omnem
3372 5544 3608 5602 modum
3651 5561 3858 5607 meum

2734 6409 3370 6420 —.__-4-
