3934 6440
67 412 177 464 873

1202 409 1291 464 DE
1333 410 1489 464 VITA
1530 410 1657 466 SUA
1701 410 1886 465 LIBRI
1924 410 2125 466 TRES.
2157 441 2226 450 -——
2256 411 2383 466 LIB.
2427 409 2470 464 Ι.

3497 413 3602 467 874

67 541 349 596 animum
381 539 807 603 immersissem,
839 539 918 596 ita
948 546 1013 596 ut
1057 539 1345 596 universa;
1375 539 1587 596 divinae
1616 541 1786 611 pagi-
1823 542 1868 594 A
1896 540 2104 610 smpius
2155 549 2340 596 tamen
2386 540 2625 596 mentito
2663 547 2917 607 auctore,
2970 541 3095 611 ipsa
3161 541 3376 614 quibus
3442 552 3607 614 pote-

68 644 168 685 nae
201 631 355 685 seria
399 643 502 699 pro
549 637 664 685 tam
714 629 958 684 ridicula
1008 629 1264 685 vanitate
1313 643 1667 698 seponerem,
1720 631 1792 685 ad

72 719 189 772 hoc
275 717 467 788 ipsum
525 717 671 773 duce
738 731 865 772 mea
920 717 1152 772 levitate
1203 717 1323 787 jam
1399 731 1669 774 veneram
1730 725 1794 773 ut

67 806 369 862 ()vidiana
425 813 479 862 et
547 805 947 861 Bucolicorum
1023 806 1174 862 dicta
1230 820 1661 875 praesumerem,
1739 814 1792 861 et

74 896 311 965 lepores
368 896 676 950 amatorios
743 895 798 949 in
865 895 1183 964 specierum
1244 895 1790 962 distributionibus,

73 984 462 1054 epistolisque
556 983 844 1039 nexilibus
926 983 1273 1040 ai‘fectarem.
1355 983 1542 1040 Oblita
1616 986 1795 1054 igitur

80 1088 254 1128 mens
284 1073 457 1128 debiti
509 1071 732 1142 rigoris,
788 1076 843 1127 et
897 1072 1264 1142 professionis
1312 1075 1644 1129 monastica:
1682 1089 1795 1143 pu-

74 1163 228 1218 dore
275 1163 510 1232 rejecto,
564 1161 774 1217 talibus
806 1161 1111 1218 virulenta:
1141 1162 1320 1232 hujus
1360 1162 1600 1218 licentiae
1632 1163 1795 1219 leno-

75 1251 260 1306 ciniis
328 1250 674 1317 laetabatur,
735 1251 840 1305 hoc
895 1251 1081 1306 solum
1153 1251 1462 1318 trutinans,
1505 1251 1551 1307 si
1619 1259 1794 1320 poetae

75 1338 344 1408 cuipiam
377 1339 720 1408 comportari
771 1346 989 1408 poterat
1019 1339 1175 1408 quod
1218 1339 1514 1394 curialiter
1562 1339 1796 1395 diceba-

78 1434 187 1482 tur
236 1442 249 1481 ξ
304 1427 636 1482 nullatenus
696 1440 836 1482 vero
902 1425 1196 1496 pensitans
1243 1434 1600 1497 quantopere
1646 1428 1793 1484 sacri

76 1514 331 1581 ordinis,
381 1515 451 1570 de
482 1528 549 1570 ea
580 1529 712 1585 quae
759 1515 1200 1571 desiderabatur
1248 1515 1553 1582 industria,
1598 1529 1797 1585 propo-

77 1603 266 1658 situm
318 1603 651 1659 lmdebatur.
697 1603 884 1674 Cujus
913 1604 1191 1660 nimirum
1241 1605 1549 1674 utrobique
1595 1611 1795 1673 rapta-

81 1693 194 1747 bar
249 1691 422 1763 [deest
486 1695 627 1759 forte
691 1706 908 1760 amore,
972 1694 1056 1746 vel
1103 1692 1444 1764 voluptate],
1498 1693 1634 1748 dum
1680 1707 1794 1747 non

79 1782 277 1836 solum
310 1781 623 1837 verborum
671 1781 950 1848 dulcium,
984 1796 1115 1851 quze
1158 1796 1192 1836 a
1220 1782 1398 1851 poetis
1438 1795 1789 1852 acceperam,

78 1871 181 1926 sed
223 1878 280 1926 et
321 1885 453 1940 quae
498 1885 604 1940 ego
652 1870 1020 1939 profuderam
1075 1871 1327 1926 lasciviis
1376 1871 1651 1933 irretirer.
1693 1884 1795 1925 ve-
1835 1845 1877 1900 Β

81 1975 219 2016 rum
274 1960 450 2014 etiam
483 1973 582 2027 per
612 1958 821 2014 horum
868 1965 922 2014 et
952 1959 1039 2014 his
1084 1959 1358 2014 similium
1411 1959 1797 2016 revolutiones

85 2047 400 2104 immodica
448 2047 752 2118 aliquoties
795 2048 987 2102 carnis
1017 2062 1156 2103 meae
1202 2048 1520 2103 titillatione
1551 2056 1794 2103 tenerer.

83 2134 377 2202 Quoniam
427 2135 546 2190 haec
581 2135 795 2190 terebat
849 2135 1121 2191 volubilis
1167 2143 1223 2191 et
1276 2137 1451 2192 totius
1481 2136 1800 2192 severitatis

88 2224 432 2294 infrequens
494 2224 744 2290 animus,
825 2224 975 2280 alius
1042 2225 1292 2294 profecto
1358 2240 1469 2280 non
1539 2233 1795 2294 poterat,

87 2327 272 2382 quam
315 2327 490 2383 quem
544 2313 816 2384 cogitatio
870 2321 1254 2385 suggesserat,
1307 2328 1337 2369 e
1383 2313 1550 2370 labiis
1599 2329 1795 2385 proce-

89 2404 222 2458 dere
257 2416 460 2458 sonus.

162 2493 408 2560 Scriptis
457 2496 507 2544 et
544 2490 720 2545 verbis
767 2491 998 2546 obscena
1039 2493 1272 2560 profert.
1326 2492 1480 2558 Quod
1529 2496 1580 2546 et
1604 2492 1798 2561 pateﬁt

89 2581 367 2635 divinitus
412 2582 698 2648 magistro.
750 2610 818 2618 —
866 2580 1004 2635 Inde
1039 2579 1244 2636 accidit
1292 2588 1356 2636 ut
1397 2579 1800 2636 eil‘ervescente

92 2669 353 2726 interiori
388 2668 547 2724 rabie
576 2669 647 2724 ad
677 2668 992 2724 obscenula
1023 2669 1290 2739 quaedam
1325 2669 1498 2725 verba
1531 2669 1796 2725 devolve-

90 2773 200 2825 rer,
255 2765 317 2814 et
365 2757 593 2827 aliquas
641 2757 924 2814 litterulas
957 2758 1150 2814 minus
1197 2758 1356 2827 pensi
1407 2772 1475 2814 ac
1522 2759 1798 2814 moderati

94 2848 393 2913 habentes,
446 2847 557 2901 imo
608 2846 780 2902 totius
829 2847 1142 2902 honestatis
1185 2846 1407 2902 nescias
1455 2847 1795 2903 dictitarem.

89 2937 225 3003 Quae
277 2949 417 2992 cum
475 2935 545 2991 ad
578 2935 838 3005 magistri
873 2935 1125 3005 praedicti
1179 2937 1442 2992 notitiam
1500 2937 1799 3006 pervenis—

92 3032 235 3093 sent,
291 3032 350 3080 et
405 3023 524 3093 ipse
569 3024 868 3095 aegerrime
927 3023 1118 3091 ferret,
1178 3023 1236 3078 in
1291 3024 1444 3080 illius
1488 3025 1797 3080 exacerba-

96 3114 243 3170 tione
297 3112 514 3169 fastidii
560 3127 694 3169 eum
749 3112 990 3183 contigit
1037 3112 1410 3169 obdormisse.
1463 3112 1584 3180 Quo
1632 3127 1798 3183 sopo-

97 3210 217 3258 rato
267 3201 400 3258 talis
449 3202 500 3257 ei
531 3215 588 3258 se
637 3200 872 3272 ingessit
918 3200 1082 3257 visio.
1144 3199 1342 3256 Senior
1387 3201 1614 3257 canitiei
1664 3201 1800 3271 pul-

96 3291 418 3357 cherrimae,
491 3289 604 3346 imo
656 3290 703 3344 is
737 3291 875 3360 ipse,
925 3289 971 3344 si
1004 3289 1191 3345 dicere
1256 3289 1522 3357 audeam,
1591 3289 1694 3360 qui
1740 3289 1800 3344 in

100 3378 260 3434 initio
307 3392 401 3434 me
448 3377 521 3433 ad
565 3377 830 3434 eumdem
874 3377 1246 3447 perduxerat,
1290 3386 1345 3433 et
1375 3391 1627 3432 amorem
1674 3377 1801 3448 ejus

103 3467 239 3522 mihi
289 3480 518 3536 semper
546 3467 618 3522 ad
663 3466 928 3523 futurum
976 3466 1378 3536 spoponderat,
1425 3465 1476 3520 ei
1506 3465 1798 3535 apparuit,

104 3555 579 3626 severissimeque
628 3555 823 3612 intulit
855 3571 868 3610 :
911 3576 931 3603 ι
968 3554 1128 3622 Volo,
1164 3554 1372 3624 inquit,
1408 3561 1473 3610 ut
1505 3554 1574 3609 de
1605 3553 1804 3608 litteris

104 3659 232 3714 quas
263 3645 429 3701 facta:
455 3651 590 3701 sunt
620 3643 763 3699 mihi
787 3643 1066 3699 rationem
1097 3643 1329 3712 reddas;
1362 3657 1565 3698 verum
1592 3656 1804 3698 manus

105 3748 232 3803 quze
279 3733 498 3790 litteras
548 3733 699 3803 ipsas
744 3732 967 3802 scripsit
1016 3746 1131 3788 non
1182 3739 1264 3788 est
1303 3747 1411 3788 sua
1445 3731 1624 3801 ipsius
1670 3746 1802 3801 quae

104 3823 348 3893 scripsit.
388 3845 409 3872 ι
446 3823 608 3889 Quod
655 3837 788 3878 cum
819 3835 852 3877 a
885 3821 1160 3892 magistro
1209 3821 1348 3876 mihi
1380 3821 1623 3876 relatum
1653 3817 1804 3875 fuis-

105 3919 205 3979 set,
235 3926 342 3982 ego
373 3918 428 3968 et
459 3911 578 3980 ipse
607 3910 821 3980 pariter
849 3924 1024 3979 super
1056 3917 1250 3965 tenore
1270 3908 1478 3964 somnii
1509 3922 1623 3964 non
1645 3907 1805 3963 dissi-

107 4001 293 4056 milem
327 3999 722 4069 conjecturam
744 3998 1085 4068 habuimus;
1111 3997 1222 4053 lieti
1241 3998 1393 4053 enim
1416 3997 1804 4067 ingemuimus

108 4087 212 4142 sub
242 4103 340 4158 spe
373 4096 493 4155 tua,
527 4088 784 4155 Domine,
817 4087 947 4143 inde
977 4086 1528 4142 animadversionem
1559 4092 1718 4142 tuam
1744 4085 1802 4141 in

111 4183 220 4232 tam
279 4185 521 4247 paterna
567 4175 912 4232 correctione
970 4175 1250 4240 videntes,
1307 4174 1444 4230 hinc
1497 4174 1802 4244 cujusdam

112 4265 214 4333 pize
275 4265 631 4322 alterationis
675 4264 944 4320 ﬁduciam
992 4263 1133 4320 meis
1180 4262 1511 4320 levitatibus
1557 4271 1804 4319 eventu—

110 4365 230 4409 ram
274 4368 348 4410 ex
395 4353 630 4410 visionis
686 4353 1001 4410 intentione
1053 4359 1339 4423 putantes.
1393 4351 1501 4408 Ubi
1550 4366 1806 4422 namque

1901 643 2024 685 ram
2073 630 2408 697 recitabam,
2445 637 2500 685 et
2551 629 2786 685 laetabar
2824 643 2891 686 ea
2929 643 2965 685 a
3006 630 3124 686 voti
3156 632 3266 687 mei
3325 633 3608 689 consorti-

1902 717 2010 773 bus
2035 718 2373 785 collaudari,
2425 733 2558 788 qua:
2607 732 2734 774 mea
2767 718 2886 774 fore
2917 719 3086 776 rebar
3131 734 3372 790 prorsus
3403 722 3608 777 incon-

1902 806 2138 861 veniens
2189 806 2463 876 proiiteri,
2495 815 2551 862 et
2582 807 2737 876 quod
2769 808 2841 863 ad
2875 807 3125 864 fructum
3174 808 3353 865 ullius
3382 810 3606 866 auctori

1902 909 2008 951 suo
2064 910 2176 950 non
2228 895 2492 965 proderat
2542 895 2751 962 laudis,
2787 897 2907 952 solo
2950 897 3200 953 restabat
3243 897 3459 966 fructu,
3493 899 3608 956 imo

1903 983 2267 1053 turpitudine
2323 985 2576 1055 gaudere
2634 985 2870 1054 peccati.
2919 984 3026 1041 Sed
3082 986 3222 1054 haec,
3276 987 3462 1056 Pater,
3498 1003 3612 1058 pu-

1902 1072 2061 1138 nisti,
2118 1073 2356 1142 quando
2405 1073 2655 1129 voluisti.
2715 1074 3156 1145 Emergentibus
3199 1074 3352 1131 enim
3402 1084 3607 1133 contra

1902 1173 1992 1214 me
2040 1173 2215 1229 super
2272 1159 2368 1216 tali
2400 1174 2574 1230 opera
2620 1160 2969 1227 infortuniis,
3000 1169 3055 1218 et
3116 1163 3300 1218 multa
3344 1165 3605 1222 animum

1900 1255 2238 1319 evagantem
2290 1248 2633 1306 adversitate
2663 1249 2914 1316 cinxisti,
2968 1257 3023 1307 et
3053 1253 3308 1321 corporis
3359 1253 3610 1310 inﬁrmi-

1902 1344 2015 1392 tate
2057 1338 2330 1407 pressisti.
2363 1339 2629 1394 Pervenit
2677 1354 2814 1410 ergo
2847 1347 2987 1396 tunc
3039 1340 3269 1410 gladius
3317 1356 3505 1412 usque
3535 1343 3606 1398 ad

1902 1425 2177 1494 animam,
2206 1427 2344 1484 dum
2369 1428 2599 1484 vexatio
2623 1429 2812 1499 attigit
2845 1429 3296 1500 intelligentiam.

1973 1560 2034 1613 B.
2072 1559 2322 1626 Gregorii
2355 1563 2586 1630 scripta,
2617 1576 2721 1629 quo
2753 1561 3168 1627 intelligentiam
3206 1563 3270 1618 S.
3306 1563 3608 1632 Scriptum

1902 1647 2323 1716 adipisceretur,
2388 1651 2634 1703 revolvit.
2704 1653 2922 1704 Doctore
2982 1652 3042 1704 B.
3101 1652 3358 1706 Anselmo
3395 1652 3609 1707 easdem

1902 1737 2306 1805 interpretandi
2356 1738 2574 1791 modum
2605 1737 2864 1792 addiscit.
2915 1769 2982 1779 —-
3016 1739 3156 1794 Cum
3202 1741 3396 1810 itaque
3442 1755 3611 1810 pains.

1907 1825 2120 1893 peccati
2176 1825 2523 1881 intellectum
2584 1826 2828 1882 dedisset
2881 1827 3129 1896 auditui,
3187 1836 3327 1884 tunc
3375 1830 3609 1886 demum

1909 1914 2128 1969 inutilis
2183 1913 2356 1970 studii
2417 1922 2705 1971 marcente
2755 1916 3033 1982 socordia,
3083 1932 3216 1972 cum
3274 1925 3462 1974 tamen
3509 1920 3609 1974 otii

1909 2001 2214 2072 impatiens
2257 2018 2457 2070 essem,
2509 2004 2674 2073 quasi
2713 2020 2785 2060 ex
2832 2006 3168 2061 necessitate
3211 2007 3432 2077 rejectis
3462 2007 3612 2062 ima-

1907 2090 2320 2162 ginationibus,
2392 2092 2798 2162 spiritualitate
2861 2102 3124 2163 recepta,
3193 2095 3264 2150 ad
3332 2097 3610 2152 exercitia

1906 2180 2296 2236 commodiora
2346 2182 2602 2250 perveni.
2663 2181 2817 2251 (Ζωρὶ
2872 2182 3048 2251 igitur
3095 2184 3218 2252 jam
3268 2198 3392 2240 sero
3439 2185 3509 2240 ad
3553 2185 3608 2240 id

1906 2268 2061 2338 quod
2093 2283 2241 2338 saepe
2268 2283 2301 2324 a
2332 2269 2598 2338 plurimis
2631 2270 2770 2325 mihi
2807 2270 2972 2325 bonis
3001 2271 3334 2328 doctoribus
3361 2273 3610 2342 priestil—

1906 2357 2089 2413 latum
2138 2356 2345 2425 fuerat,
2378 2357 2679 2426 anhelare;
2710 2357 2923 2414 scilicet
2971 2358 3404 2429 Scripturarum
3453 2376 3606 2416 com-

1906 2444 2113 2502 mentis
2147 2446 2458 2512 intendere,
2507 2447 2860 2517 Gregoriana
2905 2448 3076 2515 dicta,
3121 2451 3176 2503 in
3225 2450 3441 2519 quibus
3470 2451 3610 2505 artis

1907 2533 2088 2604 hujus
2134 2535 2492 2604 potissimum
2547 2535 2918 2605 reperiuntur
2967 2535 3175 2602 claves,
3226 2537 3484 2593 crebrius
3522 2544 3611 2592 tc-

1907 2637 2052 2691 rere,
2092 2624 2413 2680 secundum
2463 2632 2725 2680 veterum
2768 2633 3070 2680 auctorum
3118 2625 3370 2695 regulas,
3417 2625 3489 2680 ad
3520 2625 3610 2680 al-

1907 2710 2242 2782 legoricum,
2285 2727 2385 2767 seu
2432 2712 2727 2780 moralem,
2761 2713 2905 2782 quin
2949 2720 3003 2768 et
3044 2714 3430 2784 anagogicum
3479 2727 3609 2768 sen-

1906 2815 2034 2855 sum
2084 2801 2434 2870 proplietica,
2484 2801 2572 2856 vel
2602 2801 2936 2871 evangelica
2986 2802 3161 2857 verba
3202 2803 3606 2872 perstringere.

1908 2889 1972 2943 In
2004 2888 2093 2944 his
2134 2891 2491 2958 praecipuum
2539 2888 2715 2944 habui
2750 2889 3100 2944 incentorcm
3142 2890 3476 2946 Beccensem
3507 2889 3608 2945 ab-

1908 2975 2095 3033 batem
2147 2977 2504 3044 Anselmum,
2555 2984 2749 3046 postea
2791 2977 3266 3033 Cantuariensem
3325 2978 3610 3048 archiepi-

1907 3078 2144 3134 scopum
2179 3079 2251 3120 ex
2285 3063 2657 3133 transalpinis
2703 3065 2982 3134 partibus,
3015 3067 3358 3136 Augustana
3403 3065 3609 3122 videli-

1838 3148 1880 3205 C
1911 3161 1996 3209 cet
2049 3153 2279 3223 regione
2328 3152 2662 3218 oriundum,
2713 3152 2905 3208 virum
2963 3154 3471 3223 incomparabilem
3511 3155 3612 3210 do-

1907 3241 2192 3298 cumentis
2219 3248 2273 3296 et
2314 3241 2434 3296 vita
2465 3241 2912 3296 sanctissimum.
2956 3242 3060 3308 Qui
3093 3257 3227 3298 cum
3258 3242 3316 3297 in
3350 3242 3611 3312 prioratu

1909 3330 2192 3399 praelibati
2239 3329 2480 3386 coenobii
2530 3330 2722 3385 adhuc
2755 3339 2966 3400 ageret,
3017 3345 3135 3387 suze
3168 3346 3257 3387 me
3299 3331 3608 3401 cognitioni

1909 3419 2128 3486 ascivit,
2175 3425 2226 3474 et
2259 3419 2495 3474 omnino
2535 3419 2870 3488 puerulum,
2901 3420 3042 3475 etin
3087 3434 3317 3475 summa
3346 3428 3400 3476 et
3427 3421 3612 3477 aetatis

1908 3515 1964 3563 et
1992 3521 2196 3563 sensus
2243 3507 2626 3563 teneritudine
2673 3507 2939 3576 positum,
2984 3509 3233 3578 qualiter
3280 3509 3609 3566 interiorem

1909 3609 2103 3652 meum
2168 3595 2460 3651 hominem
2507 3609 2758 3666 agerem,
2809 3597 3060 3666 qualiter
3099 3612 3274 3668 super
3333 3599 3614 3668 regimine

1910 3684 2262 3754 corpusculi,
2313 3684 2551 3740 rationis
2576 3685 2715 3756 jura
2745 3685 3124 3753 consulerem,
3173 3685 3358 3741 multa
3387 3702 3477 3742 me
3506 3687 3613 3742 do-

1911 3787 2036 3828 cere
2080 3772 2393 3828 intentione
2440 3773 2753 3843 proposuit.
2799 3772 2903 3840 Qui
2940 3782 3073 3830 ante
3115 3775 3428 3840 abbatiam,
3467 3783 3520 3831 et
3554 3775 3614 3830 in

1911 3859 2145 3916 abbatia
2193 3860 2430 3930 positus,
2465 3876 2597 3916 cum
2629 3861 2702 3916 ad
2747 3861 3132 3930 Flaviacense,
3186 3863 3244 3918 in
3276 3879 3393 3934 quo
3432 3878 3611 3929 eram,

1911 3949 2348 4016 monasterium,
2397 3948 2737 4004 familiarem
2783 3949 3074 4022 religionis
3103 3957 3157 4006 et
3187 3951 3458 4006 doctrinae
3494 3967 3614 4007 suae

1912 4037 2100 4109 gratia
2129 4038 2363 4094 haberet
2392 4037 2730 4106 adventum,
2765 4039 2905 4094 adeo
2932 4039 3127 4094 sedule
3171 4039 3310 4094 mihi
3336 4039 3612 4095 eruditio-

1912 4125 2003 4181 nis
2044 4125 2380 4197 indulgebat
2429 4125 2724 4195 beneficia,
2763 4133 2920 4182 tanta
2966 4127 3037 4182 ad
3078 4127 3133 4182 id
3157 4128 3493 4184 elaborabat
3523 4129 3609 4182 in-

1912 4215 2141 4282 stantia,
2176 4221 2240 4270 ut
2271 4216 2444 4270 unica
2472 4229 2538 4270 ac
2566 4215 2882 4286 singularis
2911 4216 2998 4271 sui
3021 4215 3093 4271 ad
3123 4231 3226 4272 nos
3251 4217 3536 4272 adventus
3558 4223 3614 4272 et

1913 4303 2389 4374 frequentationis
2417 4317 2522 4374 ego
2552 4303 2779 4360 viderer
2805 4305 2962 4361 solus
2987 4319 3106 4362 esse
3127 4320 3321 4360 causa.

110 4454 313 4498 manus
373 4456 506 4513 quae
556 4442 773 4498 litteras
820 4442 1146 4512 scripserat,
1215 4455 1330 4496 non
1378 4442 1505 4512 ejus
1542 4455 1664 4497 esse
1701 4441 1889 4512 quin
1984 4439 2040 4493 ls
2107 4437 2301 4507 itaque
2360 4437 2647 4506 tripartito
2709 4446 2810 4494 aut
2876 4439 3299 4510 quadripartito
3363 4447 3611 4497 mentem

113 4531 413 4600 scripserat
477 4531 720 4598 dicitur,
771 4531 940 4600 plane
998 4545 1114 4586 non
1161 4543 1541 4598 permansura
1586 4530 1643 4586 in
1707 4529 1804 4585 illa

115 4616 488 4688 ignominiosa
550 4634 658 4676 sua
724 4619 945 4676 actione
1003 4619 1240 4675 indubie
1305 4619 1630 4676 denotatur.
1680 4620 1804 4675 Mea

113 4706 261 4762 enim
291 4708 417 4777 fuit,
459 4716 515 4764 et
545 4722 660 4764 non
693 4716 777 4764 est
806 4707 971 4764 sicuti
1014 4706 1226 4777 legitur
1258 4722 1270 4761 :
1307 4729 1328 4756 α
1363 4707 1534 4765 Verte
1579 4707 1800 4778 impios,

115 4800 166 4847 et
212 4810 326 4852 non
377 4804 550 4854 erunt
584 4797 764 4865 (Prov.
808 4813 905 4864 χιι,
955 4797 1034 4866 7),
1073 4817 1094 4843 ι
1130 4796 1270 4852 dum
1317 4809 1386 4852 ea
1415 4810 1546 4866 quae
1579 4796 1638 4851 in
1692 4809 1804 4852 usu

116 4882 234 4938 vitii
297 4899 424 4941 mea
485 4885 612 4953 fuit,
684 4885 920 4942 virtutis
981 4883 1172 4940 studio
1234 4882 1508 4954 applicita
1574 4897 1803 4940 omnem

115 4969 471 5030 efficientiam
531 4974 942 5045 indignissimae
991 4972 1147 5028 illius
1189 4971 1554 5042 proprietatis
1591 4972 1800 5029 amisit.

120 5059 184 5114 Et
232 5068 294 5118 tu
339 5064 486 5120 nosti
531 5071 741 5131 tamen,
789 5063 1047 5130 Domine,
1096 5069 1152 5118 et
1195 5076 1302 5132 ego
1332 5061 1624 5128 confiteor,
1665 5061 1806 5131 quia

121 5154 253 5203 tunc
282 5153 553 5222 temporis
598 5167 704 5208 nec
735 5159 834 5208 tuo
863 5151 1084 5218 timore,
1113 5164 1220 5206 nec
1248 5164 1374 5206 meo
1420 5150 1656 5219 pudore,
1702 5164 1807 5206 nec

121 5249 288 5294 sacrae
347 5240 523 5312 hujus
581 5240 820 5296 visionis
874 5239 1088 5296 honore
1137 5238 1504 5309 castigatiora
1566 5253 1807 5308 perege-

123 5323 244 5380 rim.
313 5329 394 5384 Ea
465 5344 670 5400 nempe
734 5327 1134 5395 irreverentia,
1199 5327 1342 5398 quia
1407 5327 1652 5384 interius
1718 5341 1806 5383 me

125 5412 430 5488 habebam,
487 5429 542 5476 et
609 5417 954 5488 scriptorum
1012 5415 1362 5487 nugantium
1432 5429 1806 5486 nequaquam

123 5506 261 5558 4"
317 5507 766 5564 scurrilitatibus
824 5505 1234 5575 temperabam.
1283 5504 1548 5560 Latenter
1593 5504 1808 5574 quippe

126 5603 249 5648 cum
308 5596 506 5653 eadem
545 5595 804 5652 carmina
841 5594 1134 5659 cuderem,
1181 5600 1236 5649 et
1283 5592 1500 5648 nemini
1558 5599 1660 5647 aut
1707 5592 1807 5647 vix

127 5679 346 5737 omnino
413 5684 553 5740 meis
609 5681 1006 5738 consimilibus
1071 5681 1169 5737 illa
1221 5681 1460 5750 prodere
1509 5681 1804 5748 auderem,

468 5774 745 5837 PATROL.
799 5771 1002 5836 CLVI.

1911 4527 2080 4583 modo
2113 4526 2467 4596 distinguere
2497 4527 2723 4595 docens,
2758 4527 2868 4584 sub
2897 4528 3126 4597 affectu,
3153 4531 3263 4586 sub
3291 4530 3610 4596 voluntate,

1909 4616 2018 4672 sub
2048 4616 2293 4683 ratione,
2344 4616 2455 4672 sub
2487 4615 2778 4672 intellectu
2809 4619 3154 4674 commercia
3199 4619 3374 4674 totius
3403 4618 3612 4675 interni

1912 4702 2170 4773 mysterii
2217 4711 2482 4772 tractare,
2532 4711 2752 4776 etquae
2805 4720 2924 4762 una
2965 4720 3000 4762 a
3032 4707 3322 4778 plerisque
3367 4715 3422 4762 et
3451 4721 3485 4762 a
3523 4721 3614 4762 me

1913 4793 2034 4862 ipso
2099 4793 2458 4862 putabantur
2511 4793 2680 4850 certis
2737 4794 3118 4852 divisionibus
3175 4795 3444 4863 resoluta,
3495 4809 3613 4850 non

1912 4881 2063 4938 idem
2092 4881 2208 4937 duo
2250 4881 2438 4952 prima
2468 4881 2586 4938 fore
2635 4883 3012 4952 monstrabat,
3043 4897 3176 4954 quae
3224 4890 3415 4939 tamen
3459 4897 3616 4939 acce-

1911 4968 2182 5025 dentibus
2223 4976 2432 5039 quarto
2462 4969 2553 5024 vel
2603 4971 2768 5026 tertio
2797 4971 2994 5028 eadem
3028 4985 3162 5027 mox
3189 4985 3307 5027 esse
3337 4971 3616 5042 promptis

1913 5055 2325 5113 assertionibus
2349 5064 2588 5113 constat.
2623 5057 2806 5128 Super
2834 5074 2952 5130 quo
2981 5074 3153 5116 sensu
3180 5074 3314 5116 cum
3344 5061 3613 5131 quaedam

1912 5145 2248 5217 evangelica
2295 5146 2547 5215 capitula
2593 5147 2734 5202 mihi
2763 5148 3144 5217 disseruisset,
3193 5165 3327 5206 cum
3359 5151 3613 5221 primum

1914 5234 2150 5306 quidem
2180 5233 2321 5304 quid
2354 5233 2502 5290 inter
2531 5235 2674 5290 velle
2702 5245 2757 5293 et
2795 5237 2944 5293 afﬁci
2979 5239 3234 5307 distaret,
3277 5240 3616 5297 luculentis-

1914 5323 2054 5378 sime
2083 5321 2428 5391 aperuisset;
2472 5337 2604 5393 quze
2640 5331 2827 5381 tamen
2859 5341 2974 5382 non
3015 5343 3088 5384 ex
3118 5343 3198 5397 se,
3247 5329 3342 5385 sed
3373 5344 3446 5386 ex
3487 5332 3617 5402 qui-

1916 5411 2159 5468 busdam
2213 5410 2505 5480 contiguis
2556 5411 2970 5484 voluminibus,
3022 5425 3080 5472 at
3125 5417 3318 5474 minus
3355 5426 3618 5488 patenter

1916 5499 2150 5571 quidem
2201 5497 2305 5554 ista
2363 5501 2748 5557 tractantibus
2795 5518 2928 5559 eum
2983 5505 3252 5562 habuisse
3297 5515 3610 5579 constaret;

1916 5586 2058 5657 crepi
2090 5586 2453 5656 postmodum
2482 5597 2537 5644 et
2565 5603 2669 5659 ego
2698 5590 2827 5660 ejus
2851 5606 3018 5648 sensa
3049 5595 3407 5658 commentis.
3445 5605 3618 5666 prout

1917 5684 2195 5749 poteram,
2226 5673 2514 5730 similibus
2533 5679 2815 5744 aemulari,
2837 5688 2892 5736 et
2921 5681 3140 5752 ubique
3160 5682 3616 5754 Scripturarum,

3225 5779 3307 5835 28
