3946 6378
379 367 484 424 875

1277 365 1348 423 V.
1389 366 1724 424 GUIBERTI
1757 365 2050 423 ABBATIS
2086 365 2146 422 S.
2189 366 2426 424 MABL/E
2463 367 2556 424 DE
2596 364 2985 423 NOVIGENTO

3777 369 3878 426 876

378 504 428 562 si
481 505 623 576 quid
676 504 800 562 istis
857 504 1151 561 moraliter
1209 503 1507 572 arrideret,
1574 503 1840 561 sensibus
1889 503 2074 560 multa
2109 503 2157 557 Α
2185 503 2338 574 quod
2370 518 2484 560 non
2523 517 2729 574 parum
2774 501 3060 558 commodi
3106 501 3250 557 mihi
3290 503 3570 572 praestitit,
3603 505 3660 561 in
3691 519 3878 576 quan-

379 595 559 652 animi
589 594 906 652 acrimonia
934 593 1304 664 perscrutari.

449 685 763 742 Concionem
805 682 964 737 habet
1009 683 1307 736 Guibertus
1346 680 1571 750 jubente
1627 695 1725 736 suo
1773 680 1972 735 abbate
2016 681 2076 734 in

377 778 598 828 externo
651 771 902 826 canobio.
949 799 1018 811 —
1049 770 1208 827 Unde
1263 768 1479 826 factum
1521 775 1607 826 est
1637 777 1703 826 ut
1747 783 1880 825 cum
1926 783 2075 840 quo-

376 861 511 916 dam
541 860 747 917 abbate
783 873 908 916 meo
937 859 1009 914 ad
1040 857 1273 928 aliquod
1305 857 1616 928 provincia;
1645 863 1854 914 nostrze
1881 871 2077 913 coeno-

381 949 540 1005 bium
589 948 933 1005 devenirem.
969 945 1230 1017 Cumque
1260 945 1342 1002 illi
1373 953 1656 1016 tanquam
1683 945 1948 1016 plurimae
1979 959 2075 1002 re-

380 1037 606 1108 ligionis
646 1036 770 1092 viro
804 1049 1194 1106 suggererem,
1219 1044 1283 1092 ut
1312 1034 1385 1090 ad
1414 1034 1791 1104 capitularem
1822 1047 2072 1090 conven-

377 1134 502 1182 tum
553 1125 808 1191 veniens,
841 1124 984 1180 inibi
1037 1137 1358 1180 sermonem
1407 1123 1637 1189 faceret,
1675 1137 1744 1179 ea
1774 1136 1906 1193 quae
1951 1135 1987 1176 a
2015 1136 2074 1178 se

376 1214 716 1284 petebantur
773 1212 831 1268 in
861 1226 952 1268 me
983 1211 1314 1279 transfudit,
1363 1218 1419 1267 et
1451 1219 1515 1268 ut
1560 1211 1713 1267 vices
1759 1224 1934 1280 super
1968 1209 2074 1266 isto

373 1303 500 1372 ejus
549 1314 897 1372 exsequerer
925 1300 1187 1357 exoravit
1211 1307 1268 1357 et
1287 1299 1479 1370 jussit.
1517 1299 1619 1356 Die
1646 1307 1837 1356 autem
1878 1299 2072 1354 Mariae

374 1389 726 1460 Magdalenen
771 1389 990 1446 Natalis
1019 1389 1348 1446 celebratur
1372 1389 1590 1444 eodem.
1633 1389 1716 1444 Ea
1744 1395 1975 1458 propter
2003 1388 2073 1444 de

371 1479 518 1534 libro
565 1478 864 1548 Sapientia:
897 1477 1157 1533 adhibita
1195 1477 1474 1533 sermonis
1516 1475 1758 1532 materia
1801 1476 1919 1532 solo
1975 1475 2071 1532 illo

371 1567 543 1624 unico
593 1567 768 1622 verbo
819 1566 896 1622 illi
951 1566 1053 1636 qui
1104 1565 1406 1636 petebatur
1451 1566 1720 1620 tractatui
1768 1570 2072 1621 contentus

373 1656 498 1711 fui:
541 1677 561 1704 ι
597 1655 908 1726 Sapientia,
957 1655 1227 1721 videlicet,
1262 1653 1440 1709 vincit
1492 1653 1788 1721 malitiam,
1841 1653 2072 1724 attingit

370 1758 405 1800 a
446 1745 555 1800 fine
595 1757 781 1814 usque
819 1743 890 1798 ad
933 1743 1105 1798 finem
1165 1742 1402 1808 fortiter,
1454 1749 1510 1796 et
1562 1740 1815 1811 disponit
1878 1739 2071 1795 omnia

371 1833 627 1889 suaviter
693 1832 851 1902 (Sap.
906 1847 1022 1899 viu,
1095 1832 1170 1900 l).
1213 1852 1232 1880 ι
1280 1831 1396 1885 Hoc
1434 1843 1565 1885 cum
1615 1843 1734 1899 qua
1772 1837 2070 1899 potueram

369 1921 625 1978 oratione
653 1920 1075 1991 explanassem,
1107 1927 1162 1975 et
1191 1918 1330 1989 ipsis
1357 1917 1722 1974 auditoribus
1759 1931 1860 1988 pro
1889 1917 2068 1974 dicto-

369 2025 500 2068 rum
545 2009 878 2067 eorumdem
923 2008 1321 2064 convenientia
1367 2006 1730 2078 placuissem,
1777 2006 1936 2076 prior
1963 2007 2071 2062 Ec-

369 2100 551 2156 clesize
610 2097 810 2168 ipsius,
871 2097 1197 2154 litterarum
1237 2110 1535 2152 sacrarum
1597 2109 1710 2150 non
1762 2094 2068 2151 minimum

372 2203 474 2258 pro
533 2187 782 2243 scientiae
839 2187 1096 2256 potentia
1139 2185 1451 2252 studiosus,
1504 2183 1860 2240 familiariter
1905 2198 1940 2240 a
1977 2198 2069 2240 me

367 2276 560 2347 exegit
599 2282 662 2332 ut
701 2275 759 2330 id
806 2273 912 2330 sibi
951 2273 1282 2338 scriberem,
1330 2271 1392 2327 in
1455 2287 1573 2342 quo
1622 2271 1920 2327 materiam
1961 2285 2068 2328 su-

368 2363 561 2420 mendi
627 2363 1034 2434 cujuscunque
1099 2359 1381 2417 sermonis
1442 2359 1742 2429 acciperet.
1783 2358 2066 2426 Quoniam

367 2466 505 2522 ergo
536 2450 800 2506 abbatem
827 2463 1044 2517 meum,
1073 2463 1191 2519 quo
1221 2455 1498 2518 praesente
1527 2447 1580 2504 id
1605 2447 1883 2516 dixeram,
1913 2461 2067 2518 aegre

370 2541 622 2596 laturum
675 2538 886 2608 scripta
934 2550 1061 2592 mea
1106 2549 1510 2606 cognoveram,
1546 2543 1714 2592 caute
1762 2535 2068 2607 aggredior

370 2627 677 2694 hominem,
736 2633 790 2682 et
821 2633 886 2682 ut
931 2638 1108 2699 causa
1137 2625 1248 2680 viri
1300 2624 1472 2690 illius,
1505 2638 1680 2694 quem
1725 2638 1785 2680 se
1827 2623 2066 2694 diligere

370 2715 709 2784 testabatur,
777 2714 934 2785 quod
1000 2713 1282 2783 petebam,
1350 2712 1696 2784 indulgeret,
1750 2726 1822 2768 ex
1890 2712 2066 2769 latere

369 2805 537 2878 quasi
579 2819 792 2861 ex......
845 2803 1035 2871 amici,
1068 2810 1123 2861 et
1153 2803 1319 2874 quasi
1365 2802 1566 2859 talium
1597 2802 1794 2858 minus
1839 2803 2064 2859 studio-

364 2911 464 2952 sus
511 2907 727 2966 precor.
769 2893 1104 2964 Suspicatus
1155 2892 1336 2964 igitur
1380 2891 1722 2948 brevissima
1751 2906 1841 2947 me
1869 2891 2063 2948 dictu-

367 2997 518 3050 rum,
553 2980 823 3050 assensit;
859 2980 1030 3052 cujus
1059 2994 1190 3036 cum
1222 2980 1291 3036 de
1321 2994 1417 3036 ore
1447 2980 1691 3036 verbum
1718 2979 2060 3050 rapuissem,

367 3071 510 3142 cmpi
539 3069 792 3127 exerceri
823 3070 881 3124 in
911 3084 978 3125 eo
1008 3069 1163 3140 quod
1197 3083 1623 3138 proposueram.

440 3161 757 3214 Tractatum
791 3159 1036 3225 Qualiter
1079 3173 1250 3212 sermo
1291 3159 1414 3226 ﬁeri
1459 3157 1668 3222 debeat,
1711 3160 1762 3211 et
1799 3171 2062 3212 commen-

366 3246 575 3305 tarium
624 3250 683 3302 in
719 3249 967 3302 Genesim
1017 3246 1213 3301 edidit.
1249 3247 1442 3314 Inique
1483 3247 1666 3300 animo
1713 3245 1775 3298 id
1818 3246 1930 3312 fert
1959 3244 2060 3298 ab-

366 3340 480 3394 bas.
507 3367 581 3380 —
608 3336 967 3406 Propositum
1017 3343 1208 3390 autem
1242 3334 1422 3390 habui
1465 3341 1528 3390 ut
1561 3333 1725 3390 initia
1763 3333 2058 3400 Geneseos,

366 3429 692 3484 Exameron
744 3423 980 3490 scilicet,
1021 3423 1397 3479 commentari
1446 3421 1741 3478 moraliter
1793 3421 2064 3492 aggrede-

363 3531 474 3574 rer.
506 3515 609 3572 Cui
641 3501 964 3570 commento
1011 3511 1298 3581 praeposui
1331 3517 1639 3566 tractatum
1672 3511 1810 3566 satis
1850 3511 2062 3566 medio-

363 3618 516 3662 crem
566 3601 816 3673 qualiter
853 3613 1194 3655 sermonem
1245 3598 1367 3654 fieri
1419 3605 1695 3668 oporteat.
1749 3600 1869 3664 Quo
1911 3612 2064 3669 prae-

365 3692 536 3748 misso
601 3703 703 3745 sex
769 3689 996 3744 dierum
1062 3686 1410 3758 tropologice
1493 3693 1830 3756 prosecutus
1891 3699 2064 3757 opera

365 3780 508 3848 fudi,
546 3777 877 3848 importuno
907 3776 1035 3832 licet
1063 3776 1311 3846 eloquio,
1355 3790 1606 3846 quaeque
1635 3790 1759 3831 meo
1789 3773 2065 3831 sedissent

366 3866 614 3939 ingenio.
669 3865 932 3936 Cumque
974 3865 1224 3936 primum
1271 3865 1449 3935 abbas
1496 3879 1660 3920 meus
1690 3878 1868 3920 sacrae
1906 3863 2064 3920 illius

365 3955 610 4012 historize
675 3953 1058 4023 conspexisset
1123 3953 1384 4008 adnotari
1450 3952 1792 4022 capitulum,
1868 3941 2064 4008 minus

361 4059 502 4101 sano
533 4045 653 4101 haec
683 4043 924 4100 attendit
947 4041 1184 4108 intuitu,
1215 4048 1429 4098 etcum
1452 4055 1543 4096 me
1573 4040 1826 4110 plurima
1846 4040 2066 4096 anima-

362 4133 664 4190 dversione
713 4131 882 4187 finem
919 4130 1147 4201 scriptis
1191 4129 1304 4186 illis
1357 4130 1540 4186 facere
1585 4130 1920 4196 monuisset,
1973 4129 2060 4184 vi-

362 4224 502 4280 dens
533 4221 690 4292 quod
751 4234 866 4276 non
913 4220 1019 4275 nisi
1053 4218 1249 4288 spinas
1295 4225 1477 4288 empta
1509 4217 1644 4273 talia
1700 4217 1881 4274 oculis
1937 4218 2064 4289 ejus

365 4309 722 4381 ingerebant,
773 4323 886 4362 non
921 4307 1106 4363 solum
1139 4306 1287 4377 ejus,
1322 4307 1418 4362 sed
1461 4314 1518 4363 et
1547 4305 1808 4362 omnium
1858 4306 1961 4376 qui
1989 4307 2063 4362 ad

366 4399 423 4454 id
471 4400 660 4468 ipsum
705 4396 926 4452 deferre
981 4402 1241 4464 poterant
1285 4394 1616 4464 praesentias
1666 4392 2060 4464 praecavendo,

365 4487 513 4544 clam
541 4485 686 4542 illud
729 4498 899 4541 omne
929 4483 1142 4554 peregi.
1184 4483 1477 4554 Opuscula
1519 4482 1675 4538 enim
1706 4495 1832 4538 mea
1859 4481 1982 4538 haec
2009 4485 2066 4536 et

363 4577 477 4633 alia
509 4575 597 4647 (⁸⁷)
629 4574 807 4631 nullis
847 4573 1129 4642 impressa
1159 4572 1372 4628 tabulis
1410 4571 1682 4628 dictando
1722 4577 1778 4628 et
1807 4570 2063 4628 scriben-

362 4668 453 4736 do,
487 4663 790 4723 scribenda
833 4661 1006 4719 etiam
1047 4661 1264 4732 pariter
1310 4660 1748 4718 commentando
1797 4661 2064 4716 immuta-

363 4757 552 4813 biliter
600 4753 826 4825 paginis
882 4751 1217 4808 inferebam.
1259 4751 1538 4820 Tempore
1584 4763 1722 4820 ergo
1754 4748 1910 4805 illius
1958 4747 2065 4804 ab-

363 4845 510 4902 batis
533 4842 860 4901 omnimodo
912 4840 1106 4897 studia
1153 4853 1280 4895 mea
1307 4838 1588 4896 delituere
1643 4836 1890 4894 silentio.
1941 4835 2064 4903 Quo

361 4933 686 4998 decedente,
745 4937 952 4987 nactus
1004 4928 1363 4985 occasionem
1427 4927 1565 4982 dum
1623 4933 1850 4996 pastore
1905 4924 2066 4980 locus

365 5022 459 5077 ille
483 5027 736 5082 vacaret,
781 5017 994 5088 impegi
1044 5015 1274 5072 tandem
1322 5019 1471 5070 4'38
1500 5021 1557 5071 et
1595 5013 1757 5070 brevi
1788 5027 1935 5083 opus
1961 5026 2062 5068 ex-

364 5108 534 5180 plevi.
566 5107 729 5175 Quod
755 5107 950 5162 decem
981 5103 1144 5161 libris
1173 5103 1564 5173 complexum,
1597 5101 1918 5158 secundum
1941 5100 2065 5157 illos

363 5205 618 5268 quatuor
665 5185 1112 5266 prmnominatos
1143 5191 1430 5248 interioris
1460 5190 1706 5248 hominis
1747 5195 1954 5254 motus,
1984 5189 2065 5245 ita

363 5284 636 5343 moralem
683 5288 995 5339 exsecutus
1023 5293 1152 5337 sum
1186 5280 1244 5336 in
1281 5279 1552 5336 omnibus
1582 5286 1832 5347 tropum,
1866 5285 1930 5334 ut
1959 5291 2064 5348 pe-

363 5375 522 5431 nitus
563 5372 866 5428 immutato
915 5367 1270 5426 locutionum
1317 5367 1520 5425 ordine
1565 5365 1730 5422 initia
1757 5365 2064 5422 continua-

363 5469 569 5518 rentur
595 5474 665 5516 ac
696 5457 792 5530 [νη
839 5455 936 5529 ad]
991 5470 1352 5527 supremum.
1399 5455 1465 5510 In
1495 5469 1615 5525 quo
1663 5453 1941 5525 opusculo
1987 5469 2065 5512 an

363 5552 640 5622 cuiquam
670 5547 1002 5618 profecerim
1057 5545 1270 5614 nescio,
1309 5543 1588 5614 placuisse
1632 5550 1824 5600 tamen
1857 5542 2062 5614 pleris-

363 5655 478 5711 que
507 5636 826 5709 plurimum
856 5633 1118 5692 litteratis
1146 5647 1263 5690 non
1291 5631 1528 5697 dubito;
1549 5630 1658 5688 hoc
1679 5645 1817 5689 vero
1841 5639 2064 5689 certum

2149 6371 2182 6378 -υ-
2275 6367 2440 6376 ,Δ

2185 599 2309 648 tum
2344 606 2447 656 me,
2477 591 2740 647 ministro
2769 589 3066 656 vitiorum,
3098 589 3364 646 liberavit
3394 591 3468 647 ab
3499 592 3631 648 otio.

2255 681 2520 736 Libellum
2583 681 2650 735 de
2710 681 2991 734 sententiis
3053 678 3287 734 diversis
3352 680 3782 748 Evangeliorum
3833 687 3880 735 et

2182 771 2572 838 prophetarum
2609 771 2926 838 composuit.
2979 768 3161 832 Quare
3204 783 3315 822 non
3366 771 3550 823 sensui
3596 771 3881 838 allegorica

2181 856 2277 911 sed
2321 858 2520 912 morali
2573 857 2808 912 studuit.
2863 886 2933 896 —
2982 855 3194 926 Scripsi
3245 856 3462 913 interea
3506 857 3882 928 capitularem

2182 945 2438 1002 libellum
2469 946 2540 1002 de
2569 945 2814 1002 diversis
2846 944 3292 1016 Evangeliorum
3333 953 3386 1002 et
3420 946 3882 1016 propheticorum

2181 1035 2547 1092 voluminum
2595 1034 2910 1101 sententiis,
2963 1033 3032 1090 de
3064 1033 3210 1089 libro
3249 1033 3506 1102 Numeri,
3537 1036 3727 1103 Iosue,
3770 1036 3884 1092 Ju-

2181 1123 2494 1194 dicumque
2521 1123 2718 1194 aliqua
2751 1123 3020 1189 inserens,
3053 1122 3148 1178 cui
3180 1122 3295 1178 huc
3325 1138 3512 1194 usque
3543 1124 3710 1180 finem
3741 1123 3884 1180 dare

2181 1211 2401 1280 dill'ero,
2439 1213 2580 1282 quia
2631 1211 2717 1268 his
2748 1211 3036 1282 explicitis
3078 1227 3210 1282 quae
3241 1212 3758 1282 impraesentiarum
3792 1221 3884 1269 te—

2181 1314 2306 1365 neo,
2336 1299 2396 1356 in
2445 1301 2732 1357 similibus
2774 1300 3029 1358 exerceri
3076 1300 3378 1372 aliquoties
3429 1301 3498 1370 (si
3528 1302 3646 1358 vita
3692 1316 3885 1358 comes

2181 1388 2376 1458 fuerit)
2405 1389 2519 1445 Deo
2556 1397 2903 1460 suggerente
2927 1389 3200 1446 delibero.
3234 1391 3299 1444 ln
3329 1404 3580 1460 quorum
3612 1390 3886 1460 plurimis

2181 1477 2575 1549 tropologiam,
2611 1477 2669 1532 in
2707 1477 2909 1548 paucis
2953 1477 3288 1548 allegoriam
3317 1486 3566 1546 secutus,
3611 1477 3885 1536 eumdem

2181 1580 2353 1636 quem
2399 1567 2458 1622 in
2507 1566 2708 1623 Genesi
2756 1566 3074 1622 habueram
3121 1581 3338 1623 morem
3391 1567 3553 1638 gessi.
3597 1568 3776 1624 Porro
3822 1568 3886 1624 in

2178 1653 2374 1710 Genesi
2419 1654 2562 1710 adeo
2597 1653 2692 1726 [f.,
2737 1653 2885 1726 ideo]
2937 1655 3296 1724 potissimum
3343 1655 3650 1712 moralitati
3691 1656 3885 1711 inten-

2179 1741 2257 1808 di,
2292 1757 2408 1798 non
2439 1743 2595 1813 quod
2627 1743 2684 1798 in
2729 1757 2900 1799 sensu
2929 1743 3255 1814 allegorice,
3289 1743 3334 1798 si
3370 1745 3583 1813 pariter
3609 1743 3886 1800 elabora-

2181 1845 2322 1895 rem,
2367 1831 2667 1886 sentienda
2731 1831 3060 1900 deficerent,
3121 1831 3219 1888 sed
3267 1833 3420 1902 quod
3477 1832 3698 1902 judicio
3756 1847 3885 1888 meo

2177 1919 2498 1990 allegoricis
2527 1919 2765 1975 moralia
2813 1921 2953 1975 satis
2991 1920 3099 1974 hoc
3141 1927 3394 1989 tempore
3443 1920 3674 1977 utiliora
3706 1930 3882 1992 puta-

2178 2021 2316 2076 rem,
2355 2007 2464 2064 fide
2491 2021 2564 2064 ex
2595 2009 2708 2064 Deo
2747 2007 2819 2064 ad
2850 2007 3138 2078 integrum
3185 2015 3390 2076 stante,
3426 2009 3687 2066 moribus
3737 2026 3885 2081 pene

2177 2096 2440 2152 omnium
2471 2096 2774 2166 multiplici
2819 2095 2958 2152 vitio
2999 2095 3339 2167 proﬂigatis,
3380 2097 3618 2168 etquod
3665 2098 3724 2153 in
3777 2100 3885 2156 im-

2176 2198 2438 2240 mensum
2471 2184 2701 2240 tendere
2743 2199 2890 2254 opus
2919 2199 3034 2240 non
3081 2198 3220 2240 mem
3265 2184 3451 2241 fuerat
3499 2185 3743 2242 licentiae
3777 2195 3886 2245 aut

2173 2272 2508 2329 voluntatis.

2777 2361 3011 2418 CAPUT
3049 2361 3264 2418 XVIII.

2242 2452 2442 2504 lterum
2489 2449 2564 2504 ad
2589 2453 2786 2504 matris
2817 2455 2969 2519 gesta
3015 2452 3178 2504 vertit
3226 2452 3524 2505 orationem
3562 2451 3876 2508 Guibertus.

2169 2565 2243 2579 —
2270 2538 2456 2609 Igitur
2485 2545 2667 2594 mater
2714 2537 2894 2594 bonos
2939 2545 3226 2608 quantum
3273 2538 3343 2593 ad
3375 2539 3672 2595 scientiam
3716 2554 3882 2596 meos

2171 2625 2455 2681 admirata
2501 2641 2820 2694 successus,
2868 2626 3036 2682 valde
3087 2627 3370 2683 aestuabat
3411 2641 3584 2697 super
3635 2628 3883 2684 lubricae

2169 2713 2354 2770 anatis
2404 2728 2551 2784 quos
2593 2715 2905 2771 verebatur
2951 2715 3303 2771 excessibus.
3358 2715 3518 2772 Unde
3560 2724 3614 2772 et
3641 2717 3732 2772 sui
3787 2731 3886 2772 me

2171 2801 2516 2858 imitatorem
2566 2803 2685 2859 ﬁeri
2734 2817 2912 2874 quam
2963 2803 3161 2860 sedulo
3216 2804 3560 2874 postulabat,
3595 2805 3685 2860 cui
3740 2820 3882 2862 cum

2169 2891 2322 2947 Deus
2361 2891 2608 2960 speciem
2639 2898 2936 2961 tantopere
2983 2892 3354 2962 prmStitisset,
3387 2893 3466 2948 ita
3495 2893 3786 2964 quidquid
3818 2896 3882 2950 in

2169 2994 2228 3036 se
2265 2979 2618 3036 laudabatur
2661 2981 3014 3050 posthabuit,
3047 2995 3114 3036 ac
3144 2983 3191 3037 si
3221 2996 3341 3037 sese
3371 2981 3709 3038 nullatenus
3737 2983 3884 3052 pul-

2169 3069 2368 3124 chram
2410 3069 2621 3133 scisset.
2675 3070 2753 3124 ita
2783 3068 3122 3125 viduitatem
3167 3069 3364 3137 coluit,
3413 3083 3480 3126 ac
3508 3069 3552 3126 si
3583 3070 3881 3126 maritalia

2171 3170 2394 3228 semper
2444 3157 2620 3213 debiti
2677 3156 2884 3213 cubilis
2949 3157 3255 3227 impatiens
3307 3158 3646 3214 horruisset.
3710 3159 3880 3216 Nosti

2171 3253 2384 3314 tamen,
2435 3245 2692 3314 Domine,
2736 3245 2879 3316 quid
2929 3245 3078 3314 fidei,
3128 3245 3270 3316 quid
3299 3248 3515 3303 amoris
3562 3248 3733 3304 etiam
3768 3249 3883 3304 de-

2171 3334 2367 3390 functo
2416 3335 2519 3404 ipsi
2557 3349 2662 3390 suo
2719 3333 2906 3405 jugali
2937 3334 3224 3401 detulerit,
3289 3349 3469 3406 quam
3521 3337 3884 3407 quotidianis

2172 3437 2316 3493 pene
2346 3421 2662 3490 sacriﬁciis,
2722 3421 3082 3480 orationibus
3130 3437 3198 3479 ac
3228 3423 3515 3494 lacrymis,
3547 3425 3702 3481 haud
3754 3440 3884 3482 me-

2171 3511 2464 3566 diocribus
2501 3510 2875 3581 eleemosynis
2914 3511 3200 3568 solvendae
3243 3511 3370 3582 ejus
3411 3513 3640 3579 animae,
3691 3528 3882 3584 quam

2172 3599 2422 3668 peccatis
2469 3599 2773 3669 praepediri
2827 3607 3088 3667 noverat,
3147 3601 3534 3658 indesinenter
3577 3602 3880 3660 institerit.

2171 3685 2297 3753 Qua
2325 3700 2398 3742 ex
2429 3701 2490 3742 re
2538 3686 2686 3743 mira
2717 3686 2815 3742 Dei
2845 3687 3268 3758 dispensatione
3307 3688 3497 3758 ﬂebat,
3546 3697 3610 3746 ut
3637 3690 3884 3746 creber-

2173 3772 2335 3828 rimis
2365 3772 2418 3828 ei
2462 3773 2802 3843 visionibus,
2843 3790 2991 3846 quos
3030 3776 3123 3832 ille
3151 3777 3372 3834 dolores
3410 3777 3471 3833 in
3502 3791 3610 3834 sua
3648 3792 3882 3850 purga-

2173 3861 2324 3916 tione
2386 3861 2620 3930 ferebat,
2671 3864 3095 3934 patientissimis
3141 3865 3654 3936 imaginationibus
3701 3881 3881 3924 mon-

2172 3957 2518 4007 strarentur.
2553 3951 2692 4018 Quae
2718 3952 2976 4010 visorum
3017 3967 3228 4024 genera
3258 3955 3415 4011 haud
3445 3955 3692 4012 dubium
3727 3957 3880 4026 quin

2171 4051 2244 4093 ex
2274 4037 2389 4094 Deo
2420 4039 2794 4109 proveniant;
2842 4041 2943 4098 ubi
2971 4041 3124 4097 enim
3168 4041 3332 4098 nulla
3360 4056 3544 4112 prava
3592 4044 3882 4100 securitas

2171 4139 2246 4181 ex
2274 4135 2569 4197 assumpta
2599 4127 2740 4184 falso
2778 4127 3211 4198 pulchritudine
3258 4129 3496 4186 luminis
3533 4130 3726 4198 datur,
3775 4133 3878 4188 sed

2171 4229 2244 4270 ex
2289 4215 2483 4272 oblata
2528 4216 2740 4274 doloris
2791 4229 2859 4272 ac
2913 4230 3215 4286 pinnarum
3269 4221 3450 4288 specie
3495 4219 3773 4277 orationis
3820 4229 3878 4279 et

2171 4302 2667 4375 eleemosynarum
2729 4305 3019 4361 incentiva
3066 4305 3420 4376 praebentur,
3469 4307 3573 4364 ubi
3613 4316 3809 4378 aperte
3841 4324 3878 4366 a

2104 4402 2147 4458 ι)
2177 4392 2440 4460 mortuis,
2490 4392 2604 4448 imo
2651 4392 2723 4448 ab
2753 4392 2992 4463 angelis,
3041 4394 3144 4464 qui
3191 4393 3449 4452 ﬁdelium
3505 4403 3873 4454 mortuorum

2173 4493 2371 4536 curam
2424 4487 2657 4552 gerunt,
2685 4479 2870 4537 divini
2899 4481 3072 4538 ofﬁcii
3127 4483 3383 4540 remedia
3425 4484 3764 4556 exiguntur,
3797 4501 3874 4544 ex

2173 4569 2287 4624 Deo
2329 4569 2453 4625 hinc
2484 4568 2606 4625 fieri
2657 4569 2764 4625 hoc
2804 4570 3098 4626 sufficiens
3150 4572 3471 4642 probationi
3511 4581 3615 4641 est,
3664 4575 3809 4645 quia
3841 4590 3877 4632 a

2171 4656 2530 4713 daemonibus
2585 4671 2890 4727 nunquam
2947 4659 3119 4716 saluti
3186 4659 3514 4731 cuiuspiam
3565 4662 3877 4732 profutura

2171 4751 2539 4813 quaeruntur.
2604 4744 2890 4802 Sollicitus
2941 4746 3122 4818 igitur
3172 4747 3338 4804 bona:
3399 4748 3555 4805 illius
3610 4749 3877 4807 mulieris

2171 4831 2404 4888 animus
2447 4831 2538 4889 his
2585 4832 3106 4906 signiﬁcationibus
3134 4836 3466 4904 recaleiieri,
3511 4851 3581 4894 ac
3609 4836 3876 4895 interno-

2171 4933 2305 4977 rum
2338 4928 2754 4980 tormentorum
2800 4922 2872 4978 ad
2905 4923 3217 4992 profectum
3258 4925 3487 4982 assidue
3534 4940 3634 4996 pro
3665 4927 3876 4985 marito

2171 5009 2467 5079 quondam
2495 5024 2602 5067 suo
2632 5009 3052 5068 intercessionis
3075 5013 3432 5081 portentione
3467 5015 3758 5071 succendi.

2242 5098 2493 5155 Guiberti
2531 5104 2693 5169 pater
2736 5101 3020 5156 Evrardus
3063 5102 3506 5172 nuncupabatur.
3559 5103 3646 5159 Ab
3695 5119 3874 5160 umore

2171 5188 2410 5241 cemitur
2446 5203 2547 5257 per
2592 5191 2790 5246 visum.
2841 5219 2910 5229 —
2960 5190 3119 5247 Unde
3161 5191 3308 5247 inter
3354 5199 3560 5248 caetera
3613 5193 3872 5262 quadam

2171 5284 2357 5343 nocte,
2411 5276 2706 5334 Dominica
2757 5286 2882 5348 post
2928 5279 3268 5346 matutinos,
3318 5281 3530 5336 astatis
3575 5288 3868 5350 tempore,

2172 5379 2306 5422 cum
2345 5365 2606 5422 membra
2631 5380 2868 5423 scamno
2913 5367 3175 5424 cubitum
3215 5369 3627 5438 angustissimo
3655 5377 3870 5427 contu-

2171 5452 2346 5522 lisset,
2407 5469 2543 5510 mox
2603 5455 2664 5512 in
2716 5470 2917 5512 somno
2971 5457 3142 5527 cuapit
3204 5457 3464 5526 deprimi,
3513 5471 3621 5514 sua
3687 5459 3868 5529 ipsius

2174 5543 2369 5600 anima
2410 5543 2479 5600 de
2525 5559 2759 5614 corpore
2801 5545 3147 5602 sensibiliter
3189 5545 3296 5602 sibi
3351 5547 3478 5602 visa
3523 5553 3609 5603 est
3649 5549 3864 5618 egredi.

2171 5631 2434 5703 Cumque
2479 5633 2658 5690 veluti
2693 5647 2795 5704 per
2843 5633 3156 5704 quamdam
3210 5633 3497 5704 porticum
3537 5635 3864 5706 duceretur,
