3946 6396
286 372 391 426 879

1185 368 1250 423 V.
1292 366 1627 424 GUIBERTI
1664 364 1963 423 ABBATIS
2000 365 2056 421 S.
2099 364 2341 422 MARLE
2381 364 2472 420 DE
2510 361 2905 420 NOVIGENTO

3694 363 3799 417 880

286 507 474 563 fuerat
526 505 751 577 ignara,
815 502 1148 574 conjiciens,
1208 502 1267 559 in
1317 502 1478 559 nullo
1520 502 1590 558 de
1654 502 1745 558 his
1788 501 1988 569 dubia,
2028 499 2404 557 Aexterioris
2457 497 2807 555 excellentia;
2862 505 3227 554 excrementa
3283 498 3591 568 mysticum
3646 496 3804 568 regi-

290 601 465 650 totam
515 607 575 649 se
622 593 695 649 ad
737 590 995 648 subsidia
1032 591 1183 661 patri
1231 604 1357 648 meo
1402 591 1635 647 ferenda
1682 591 1986 647 convertit.

289 682 509 738 Similia
561 695 699 752 ergo
763 680 1052 737 similibus
1107 679 1420 750 objectans,
1489 693 1811 750 paucorum
1881 679 1991 734 ad-

288 770 525 827 modum
610 768 895 826 mensium
970 768 1344 837 infantulum,
1419 769 1755 839 parentibus
1815 768 1992 824 orba-

291 866 434 926 tum,
485 858 559 914 ad
623 872 682 913 se
743 856 1093 913 contrahens
1157 857 1381 913 nutrire
1442 856 1671 928 delegit.
1723 852 1797 913 At
1861 855 1990 911 dia—

290 946 458 1003 bolus
518 946 627 1016 piae
692 944 1016 1012 intentioni,
1085 958 1190 1001 nec
1237 947 1433 1002 minus
1480 944 1821 1001 fidelissimae
1890 958 1992 1001 ac—

287 1034 431 1091 tioni
504 1033 791 1100 invidens,
855 1046 987 1088 cum
1057 1032 1184 1089 totis
1246 1033 1450 1091 diebus
1497 1033 1881 1104 placidissime
1932 1046 1992 1089 se

288 1128 501 1192 ageret,
571 1121 821 1177 vicissim
879 1120 1175 1191 jocaretur
1234 1128 1411 1192 atque
1454 1121 1752 1189 dormiret,
1805 1122 1989 1178 nocti-

290 1211 401 1267 bus
446 1217 608 1266 tanta
637 1209 905 1266 vecordia
949 1209 1258 1280 vagituum
1287 1217 1343 1266 et
1383 1210 1702 1267 clamorum
1750 1218 1993 1267 matrem

289 1313 476 1356 meam
532 1307 588 1356 et
640 1312 840 1355 omnes
885 1299 1012 1369 ejus
1057 1299 1397 1356 domesticas
1446 1299 1727 1368 irritabat,
1780 1307 1843 1355 ut
1889 1300 1992 1356 vix

290 1388 350 1443 in
444 1386 642 1443 eadem
716 1385 925 1442 cellula
1016 1385 1272 1456 cuipiam
1355 1401 1622 1443 somnum
1724 1387 1994 1444 habuisse

290 1476 500 1532 liceret.
549 1474 762 1531 Audivi
794 1481 946 1530 certe
978 1473 1050 1529 ab
1081 1488 1149 1530 ea
1179 1475 1359 1545 pretio
1388 1475 1671 1531 obseratas
1715 1475 1989 1543 nutrices,

289 1578 421 1635 quae
464 1562 731 1620 noctibus
792 1577 908 1618 non
943 1562 1279 1620 desisterent
1326 1563 1696 1632 continuatis,
1738 1563 1993 1633 perversi

290 1667 407 1709 non
464 1666 500 1707 a
544 1666 621 1719 se,
668 1651 766 1707 sed
816 1651 889 1707 ab
956 1650 1159 1708 intimo
1206 1651 1560 1723 instigatore,
1629 1651 1786 1708 illius
1828 1652 1991 1722 pueri

291 1747 509 1795 motare
556 1739 901 1809 crepundia;
947 1739 1045 1795 sed
1096 1739 1168 1795 ad
1209 1754 1345 1796 eum
1393 1740 1496 1809 qui
1544 1740 1789 1811 urgebat
1827 1754 1991 1796 ever-

290 1828 528 1884 tendum
561 1827 705 1883 nihil
734 1834 954 1897 poterat
984 1826 1286 1884 muliebris
1317 1827 1548 1884 astutia.

367 1916 709 1987 Augebatur
771 1916 966 1972 dolore
1022 1916 1326 1973 immodico
1392 1917 1488 1987 pia
1552 1916 1785 1985 femina,
1854 1916 1994 1972 dum

300 2005 478 2062 nullis
521 2004 669 2060 inter
723 2011 800 2060 tot
846 2004 1117 2061 stridores
1165 2004 1557 2062 moliminibus
1603 2012 1778 2062 noctu
1819 2004 1997 2061 anxia

298 2093 562 2149 deliniret
623 2101 898 2163 tempora,
950 2108 1056 2150 nec
1098 2093 1254 2151 ullus
1294 2095 1467 2150 etiam
1515 2102 1724 2150 vexato
1768 2094 1998 2165 penitus

298 2195 366 2237 ac
428 2181 710 2261 exhausto
766 2181 937 2251 capiti
1002 2189 1223 2252 poterat
1280 2182 1435 2239 illabi
1489 2197 1745 2251 somnus,
1788 2183 1889 2239 ubi
1943 2190 1999 2239 et

300 2270 637 2326 instimulati
687 2270 1006 2326 forinsecus
1046 2270 1211 2326 furor
1258 2271 1439 2341 pueri,
1491 2279 1546 2328 et
1576 2272 1773 2327 omnia
1818 2272 1996 2328 inter-

298 2358 544 2415 turbans
571 2358 770 2414 aderat
807 2357 1098 2413 inimicus.
1127 2353 1221 2414 'Et
1262 2359 1393 2415 licet
1431 2366 1621 2416 noctes
1663 2360 1745 2415 sic
1778 2359 1853 2416 ab
1903 2360 1999 2416 illa

300 2446 763 2516 transigerentur
791 2446 1098 2513 insomnes,
1140 2454 1197 2502 et
1225 2461 1529 2517 nunquam
1561 2455 1751 2505 tamen
1789 2448 1861 2503 ad
1905 2448 1999 2503 di—

298 2535 435 2590 vina
464 2547 596 2604 quae
626 2540 789 2589 nocte
822 2533 971 2589 fiunt
1015 2533 1205 2589 oflicia
1237 2541 1461 2604 reperta
1492 2543 1580 2591 est
1624 2535 1796 2592 iners.
1840 2534 1998 2602 Quo-

299 2622 455 2679 niam
518 2635 656 2693 ergo
724 2621 1010 2677 molestias
1073 2622 1211 2678 istas
1271 2623 1663 2680 molestiarum
1730 2623 1994 2692 hominis,

299 2725 447 2782 quas
514 2710 574 2765 in
639 2708 859 2766 visione
906 2711 1143 2779 viderat,
1207 2720 1553 2782 cognoverat
1618 2712 1997 2783 purgatrices,

296 2799 541 2856 libenter
570 2798 867 2868 tolerabat,
904 2814 1004 2870 per
1027 2801 1205 2872 quod,
1238 2808 1304 2858 ut
1332 2801 1442 2857 sibi
1469 2802 1797 2870 videbatur,
1843 2802 2000 2872 quod

297 2896 353 2944 et
388 2902 593 2944 verum
639 2895 743 2955 est,
783 2888 939 2945 illius
981 2890 1083 2959 qui
1136 2889 1466 2960 patiebatur
1497 2890 1895 2961 compatiendo
1943 2897 1999 2946 et

300 2976 424 3046 ipsa
470 2974 757 3046 levigabat
804 2988 1068 3047 angores.
1135 2977 1450 3048 Nunquam
1517 2986 1708 3035 tamen
1761 2977 2000 3049 proinde

298 3077 542 3133 puerum
611 3064 779 3119 domo
837 3064 1105 3133 exclusit,
1171 3080 1477 3136 nunquam
1544 3073 1743 3123 contra
1806 3067 1997 3137 ipsum

299 3153 493 3209 minus
540 3153 769 3209 curiosa
814 3153 1062 3221 exstitit;
1114 3155 1226 3210 imo
1276 3161 1433 3211 tanto
1477 3155 1662 3226 magis
1710 3155 1999 3226 quidquid

300 3240 774 3298 inconvenientia:
828 3241 960 3297 inde
1008 3243 1338 3313 emergebat
1383 3249 1552 3312 480,
1594 3243 2001 3315 aequanimiter

299 3329 494 3386 subire
552 3328 781 3400 delegit,
844 3337 1065 3400 quanto
1108 3330 1181 3385 ad
1245 3330 1304 3386 id
1370 3331 1544 3387 studii
1584 3332 1998 3389 destruendum

299 3418 609 3474 adversum
666 3433 726 3473 se
760 3417 1015 3474 atrocius
1049 3418 1346 3475 diabolum
1373 3421 1657 3477 exarsisse
1690 3420 1997 3491 persensit;

299 3510 519 3573 quanto
560 3501 720 3557 enim
754 3501 945 3571 majus
974 3500 1158 3571 ipsius
1192 3502 1549 3560 incentivum
1580 3504 1639 3560 in
1682 3504 2001 3561 irritatione

300 3587 532 3659 pueruli
579 3587 910 3658 contigisset
945 3588 1218 3658 experiri,
1273 3597 1430 3646 tanto
1461 3590 1785 3647 auditiones
1818 3590 2001 3647 malas

299 3676 456 3746 apud
489 3674 707 3748 jugalis
748 3674 841 3732 sui
870 3675 1125 3732 animam
1155 3677 1491 3735 nullatenus
1521 3678 1824 3736 dubitabat
1853 3687 1999 3736 tem-

300 3766 508 3837 perari.

936 3850 1170 3908 CAPUT
1208 3852 1365 3909 XIX.

372 3940 686 3998 Guibertum
722 3939 797 3995 ad
825 3939 1122 4007 dignitates
1149 3941 1369 3998 allicere
1407 3949 1672 3998 conantur
1704 3946 1888 4000 amici.
1928 3973 1999 3984 —

300 4029 482 4087 Multa
546 4028 678 4097 alia,
729 4029 968 4086 Domine
1014 4030 1186 4100 Deus,
1238 4031 1533 4089 ostendisti
1579 4033 1810 4091 famulae
1850 4041 1995 4104 tuae;

298 4126 354 4175 et
399 4117 500 4187 illi,
549 4132 723 4188 quem
764 4124 826 4173 tu
861 4119 1087 4188 proprie
1140 4119 1282 4175 mihi
1314 4121 1677 4190 przestiteras,
1722 4124 1998 4195 magistro

300 4220 443 4274 meo,
493 4206 758 4277 quaedam
793 4221 924 4275 quas
967 4208 1260 4277 jactantiae
1299 4210 1729 4268 ascriberentur
1776 4212 1820 4268 si
1865 4212 2000 4268 scri-

300 4294 515 4362 berem,
572 4294 629 4349 in
670 4295 887 4364 quibus
936 4297 1097 4351 bona:
1144 4297 1201 4353 id
1242 4299 1363 4368 spei
1394 4299 1678 4372 elucebat,
1717 4315 1849 4371 quae
1887 4302 1997 4358 sub

2038 3103 2078 3160 C

2099 602 2231 644 men
2292 587 2610 658 attigerint,
2674 586 2807 642 inde
2871 587 3102 656 turpius
3166 586 3403 653 cadunt,
3463 586 3617 657 quod
3685 599 3804 641 non

2100 675 2367 747 aequalia,
2413 675 2509 731 sed
2569 675 2628 730 in
2680 674 3046 733 mirabilibus
3086 690 3263 745 super
3321 689 3381 731 se
3431 674 3800 731 tentaverint.

2098 764 2171 820 Et
2225 764 2373 820 inter
2420 763 2809 833 appetendum
2856 770 3007 819 certe
3058 776 3131 819 ex
3183 770 3491 833 parentum
3540 774 3805 818 meorum

2099 851 2524 923 procuratione,
2573 850 2778 908 talium
2808 851 3134 908 culminum
3175 851 3667 922 assequendorum
3699 864 3805 905 ru-

2099 940 2360 997 moribus
2424 954 2563 996 meae
2619 940 2833 1010 saepius
2895 939 3314 1010 quatiebantur
3366 953 3568 1010 aures;
3633 936 3809 993 multi

2099 1029 2243 1085 mihi
2271 1029 2681 1097 adulabantur,
2726 1042 2794 1084 ac
2843 1028 3073 1085 factiose
3100 1028 3439 1099 qualitatem
3470 1028 3650 1084 animi
3689 1026 3806 1082 mei

2098 1117 2403 1188 explorare
2454 1117 2732 1182 volentes,
2795 1131 2912 1188 quo
2958 1116 3031 1173 ad
3075 1130 3190 1185 eos,
3242 1118 3345 1187 qui
3399 1131 3488 1173 me
3535 1114 3811 1186 nequiter

2098 1205 2549 1269 aemulabantur,
2584 1204 2843 1260 studium
2871 1218 2993 1261 suae
3024 1203 3325 1261 delationis
3346 1204 3666 1274 explerent,
3700 1208 3810 1258 aut

2101 1294 2414 1365 placituros
2458 1307 2518 1350 se
2564 1307 2638 1349 ex
2678 1292 2791 1349 mei
2829 1292 3065 1349 honoris
3107 1290 3468 1368 affectatione
3509 1298 3808 1362 putantes,

2100 1390 2155 1439 et
2184 1382 2433 1453 quaestui
2480 1397 2587 1438 suo
2619 1382 2919 1438 commoda
2951 1396 3079 1437 mea
3126 1381 3380 1437 valitura
3426 1380 3700 1447 dicentes,
3752 1386 3814 1435 et

2102 1471 2227 1528 ideo
2256 1471 2636 1541 proventibus
2666 1470 2806 1527 meis
2833 1483 3059 1541 semper
3084 1469 3321 1527 meliora
3341 1476 3659 1539 captantes.

2170 1560 2592 1615 Ecclesiasticas
2651 1559 2945 1627 dignitates
2992 1560 3220 1628 refugit.
3272 1588 3337 1599 —
3377 1558 3450 1614 At
3484 1571 3611 1628 ego,
3655 1556 3814 1613 sicut

2103 1655 2166 1705 tu
2214 1648 2384 1718 nosti,
2416 1650 2650 1705 Creator
2684 1663 2870 1716 meus,
2920 1656 3019 1705 tuo
3050 1648 3168 1704 solo
3205 1647 3502 1713 instinctu,
3547 1653 3647 1702 tua
3686 1644 3813 1700 sola
3870 1696 3877 1703 .

2102 1736 2497 1807 inspiratione,
2556 1737 2628 1793 ad
2668 1738 2775 1793 hoc
2825 1738 3117 1804 convalui,
3162 1743 3227 1792 ut
3258 1750 3434 1807 quam
3462 1748 3581 1805 prae
3614 1736 3706 1803 (ﬁ,
3751 1733 3813 1788 id

2033 1804 2073 1859 Β
2106 1804 2242 1896 prae)
2290 1827 2493 1882 timore
2537 1833 2637 1883 tuo
2676 1840 3020 1896 aspernarer
3066 1826 3139 1882 ab
3188 1804 3416 1881 homine
3445 1804 3654 1894 petere,
3702 1830 3810 1878 aut

2104 1913 2324 1969 homini
2385 1914 2442 1970 id
2508 1914 2649 1971 mihi
2709 1914 3041 1985 procuranti
3098 1913 3453 1984 colloquium
3509 1919 3611 1967 aut
3665 1924 3812 1966 con-

2102 2016 2334 2058 sensum
2386 2003 2659 2072 praabere,
2711 2017 2885 2073 super
2924 2018 2990 2059 eo
3020 2002 3175 2074 quod
3207 2003 3290 2059 tui
3329 2001 3507 2058 solius
3537 2006 3621 2056 est
3672 2013 3811 2056 mu-

2103 2090 2278 2160 neris,
2338 2090 2556 2148 honore
2597 2091 2997 2147 ecclesiastico.
3050 2092 3122 2148 Et
3172 2092 3303 2157 scis,
3356 2090 3616 2156 Domine,
3666 2088 3812 2158 quia

2103 2192 2279 2249 super
2322 2179 2432 2235 hac
2477 2180 2765 2237 duntaxat
2811 2195 2872 2237 re
2924 2179 3068 2235 nihil
3099 2180 3333 2236 omnino
3381 2179 3508 2234 volo
3548 2185 3650 2234 aut
3694 2176 3808 2232 ali-

2106 2268 2342 2338 quando
2374 2268 2682 2337 voluerim,
2730 2268 2837 2325 nisi
2871 2268 3026 2339 quod
3056 2282 3092 2324 a
3129 2276 3182 2325 te
3212 2276 3314 2324 aut
3360 2266 3637 2337 accipiam
3686 2266 3809 2321 sive

2104 2358 2442 2427 acceperim.
2480 2357 2623 2415 Volo
2669 2358 2820 2413 enim
2875 2365 2939 2415 ut
2976 2364 3032 2413 et
3074 2358 3133 2413 in
3165 2358 3273 2413 hoc
3317 2357 3465 2413 sicut
3507 2355 3651 2412 alias
3687 2356 3809 2425 ipse

2106 2459 2197 2501 me
2240 2444 2457 2513 feceris,
2501 2460 2617 2501 non
2657 2454 2849 2503 autem
2889 2461 2997 2518 ego
3036 2460 3146 2502 me.
3195 2444 3470 2516 Alioquin
3503 2459 3617 2501 non
3662 2443 3808 2500 bene

2105 2534 2402 2591 lmtaretur
2429 2534 2606 2591 Israel
2636 2534 2696 2590 in
2735 2550 2802 2591 eo
2832 2535 2932 2606 qui
2964 2534 3093 2591 fecit
3123 2549 3258 2591 eum
3296 2534 3463 2605 (Psal.
3505 2549 3684 2599 CXLIX,
3729 2534 3804 2601 2).

2106 2623 2260 2680 Deus
2322 2637 2505 2691 meus,
2568 2631 2712 2695 quot
2760 2624 3229 2692 adversitatibus,
3285 2629 3426 2694 quot
3475 2622 3808 2678 invidentiis

2106 2719 2247 2768 tunc
2296 2713 2568 2782 temporis
2621 2712 3024 2783 opprimebar?
3070 2713 3224 2769 unde
3262 2720 3319 2768 et
3369 2711 3600 2767 animus
3642 2724 3809 2766 meus

2106 2798 2351 2856 latenter
2405 2801 2479 2856 ad
2542 2800 2600 2856 id
2649 2801 2804 2871 quod
2851 2800 3132 2857 exterius
3164 2800 3306 2856 mihi
3360 2799 3803 2872 suggerebatur,

2107 2887 2271 2957 quasi
2320 2888 2393 2943 ad
2448 2889 2776 2945 tentationis
2821 2889 3099 2961 effugium
3148 2888 3459 2959 aestuabat;
3525 2888 3622 2945 sed
3680 2887 3812 2943 licet

2106 2975 2265 3033 intus
2310 2976 2419 3032 ista
2462 2976 2706 3034 ferveret
2747 2978 3001 3045 ambitio,
3045 2991 3353 3047 nunquam
3401 2985 3593 3032 tamen
3632 2983 3810 3033 aestus

2106 3065 2179 3120 ad
2234 3065 2450 3137 linguae
2507 3067 2815 3123 transitum
2872 3067 3238 3137 przevalebat.
3288 3066 3410 3122 Etsi
3461 3065 3613 3121 enim
3672 3072 3809 3121 tur-

2107 3154 2307 3223 babar,
2341 3169 2457 3210 non
2488 3162 2679 3211 tamen
2709 3154 3005 3225 loquebar.
3038 3156 3126 3211 Tu
3155 3155 3284 3223 scis,
3324 3156 3478 3221 Jesu,
3511 3155 3654 3225 quia
3682 3153 3807 3210 cui-

2106 3242 2238 3298 dam
2279 3242 2418 3299 talia
2449 3244 2804 3314 procuranti,
2838 3252 2898 3300 at
2926 3258 3042 3300 non
3076 3259 3200 3300 meo
3232 3242 3509 3299 instinctu
3542 3242 3595 3298 id
3636 3256 3808 3313 pera—

2107 3330 2284 3402 genti,
2340 3332 2513 3387 semel
2565 3340 2796 3402 peccato
2853 3332 3236 3402 praepediente
3291 3329 3685 3389 mandaverim
3741 3336 3809 3385 ut

2106 3419 2262 3490 quod
2300 3421 2507 3491 agebat
2554 3421 2723 3478 citius
2751 3428 2968 3492 ageret.
3020 3421 3107 3477 Tu
3153 3420 3283 3487 scis,
3335 3420 3577 3490 inquam
3626 3432 3809 3490 quam

2104 3522 2257 3579 aegre
2316 3509 2374 3564 id
2423 3508 2638 3565 dixisse
2681 3524 2772 3566 me
2832 3508 3082 3566 tulerim.
3141 3509 3263 3565 Etsi
3308 3508 3464 3564 enim
3518 3508 3811 3564 multoties

2106 3600 2322 3657 nefarie
2360 3600 2503 3656 alias
2546 3601 2659 3656 labi
2712 3600 3047 3671 protulerim
3078 3602 3170 3668 (f.,
3211 3599 3543 3670 potuerim),
3582 3605 3810 3668 emptor

2107 3695 2319 3757 tamen,
2373 3688 2485 3745 imo
2530 3688 2788 3759 proditor
2833 3689 3237 3746 columbarum
3284 3701 3511 3758 semper
3559 3702 3679 3744 esse
3737 3688 3806 3743 ti-

2104 3777 2375 3834 muerim.
2424 3778 2496 3834 Et
2524 3785 2675 3835 certe
2716 3791 2849 3835 cum
2880 3792 2999 3834 una
3026 3777 3101 3834 sit
3141 3776 3428 3845 columba,
3461 3776 3618 3847 apud
3657 3776 3810 3847 ipsos

2104 3866 2277 3923 etiam
2320 3866 2607 3923 cathedras
2656 3873 2792 3923 sunt
2827 3880 2943 3922 non
2985 3866 3275 3923 cathedra.
3315 3864 3608 3936 Quidquid
3652 3865 3806 3921 enim

2105 3954 2165 4011 in
2197 3956 2314 4012 Deo
2355 3963 2411 4012 et
2436 3955 2689 4012 Ecclesia
2718 3955 3019 4023 dividitur,
3065 3968 3182 4010 non
3219 3961 3304 4010 est
3330 3953 3579 4023 profecto
3617 3967 3652 4009 a
3691 3967 3809 4024 quo

2105 4045 2166 4101 in
2210 4059 2277 4102 eo
2324 4045 2561 4116 patitur,
2608 4066 2630 4094 ε
2674 4044 2746 4101 Ut
2783 4044 2918 4113 sint,
2951 4043 3162 4114 inquit,
3212 4057 3400 4100 unum
3429 4043 3579 4098 sicut
3607 4049 3663 4099 et
3702 4055 3807 4097 nos

2105 4146 2292 4191 unum
2346 4148 2551 4190 sumus
2598 4132 2773 4204 (Joan.
2809 4149 2944 4200 xvu,
2997 4134 3110 4200 l2);
3158 4152 3179 4181 ι
3234 4139 3334 4188 et:
3384 4149 3412 4185 ‹
3463 4131 3610 4188 Cum
3653 4130 3806 4186 divi-

2105 4223 2293 4278 siones
2351 4221 2675 4293 gratiarum
2740 4221 2876 4285 sint,
2933 4220 3082 4277 idem
3144 4228 3333 4277 tamen
3391 4228 3478 4277 est
3546 4214 3804 4290 spiritus,

2103 4309 2368 4366 dividens
2407 4309 2656 4381 singulis
2686 4317 2859 4380 prout
2898 4309 3024 4366 vult
3055 4311 3103 4381 (ι
3131 4313 3250 4365 Cor.
3288 4325 3384 4374 xu,
3426 4309 3479 4363 4.
3529 4310 3640 4378 ll),
3686 4329 3708 4356 ι
3751 4313 3808 4363 et

300 4382 805 4453 indulgentissima
849 4383 1030 4440 Matre
1080 4391 1181 4441 tua
1234 4388 1292 4442 in
1322 4401 1498 4459 quam
1540 4390 1827 4461 projectus
1864 4405 1996 4447 sum
2039 4408 2080 4462 ι)
2108 4399 2449 4468 sequentia:
2484 4420 2505 4448 σ
2535 4399 2989 4455 Thronusetiam
3012 4398 3132 4465 Dei,
3166 4419 3187 4447 ι
3213 4412 3331 4453 non
3352 4397 3543 4453 throni
3574 4418 3599 4448 ι
3624 4397 3683 4452 in
3700 4410 3805 4452 sm-

297 4486 372 4530 ex
403 4479 588 4538 utero,
632 4472 766 4527 Jesu
794 4471 999 4541 dulcis,
1036 4474 1320 4547 hodieque
1367 4479 1690 4549 praestolor;
1731 4480 2001 4551 quaedam
2106 4487 2305 4543 culum
2344 4486 2538 4544 saeculi
2580 4487 2776 4558 (Hebr.
2809 4505 2849 4554 ι,
2881 4486 2958 4557 8.)
2997 4506 3017 4536 ι
3049 4488 3158 4543 Ει;
3195 4509 3216 4536 ι
3250 4487 3329 4543 De
3369 4486 3565 4543 fructu
3591 4486 3807 4542 ventris

298 4575 431 4615 cum
480 4574 623 4629 pene
670 4560 862 4617 adhuc
906 4576 1304 4632 puerascerem
1330 4567 1411 4623 eis
1442 4575 1687 4636 ostensa,
1721 4582 1854 4638 quas
1886 4568 2000 4624 mi—
2105 4575 2193 4631 tui
2227 4588 2434 4645 ponam
2475 4589 2650 4646 super
2681 4575 2874 4632 sedem
2908 4582 3068 4631 tuam
3108 4576 3276 4641 (Psal.
3318 4589 3508 4640 cxxxr,
3544 4576 3638 4641 ll;
3673 4577 3802 4627 Λοι.

297 4649 554 4705 rabiliter
607 4663 730 4705 aevo
769 4650 891 4722 jam
949 4660 1367 4710 maturescente
1408 4657 1691 4726 experior.
1742 4658 1997 4716 Tandem

296 4738 679 4808 cupiditatum
720 4752 982 4796 mearum
1013 4740 1204 4798 fervor
1231 4744 1564 4810 excanduit,
1594 4753 1649 4801 et
1677 4746 1999 4802 secundum

295 4828 452 4899 quod
498 4828 751 4886 fomitem
799 4829 1224 4902 cujuscumque
1270 4833 1577 4891 scientiolae
1620 4834 1829 4905 pectori
1868 4850 1997 4893 meo

295 4916 637 4984 inserueras,
687 4925 743 4974 et
790 4932 1094 4989 personam
1139 4921 1212 4977 ad
1244 4922 1523 4978 saeculum
1557 4922 1820 4980 idoneam
1858 4925 1997 4981 satis

295 5018 427 5059 cum
476 5004 761 5062 natalium
818 5006 968 5063 bona
1012 5008 1403 5066 mediocritate
1446 5013 1791 5082 contuleras,
1846 5014 1996 5070 male

295 5091 437 5147 mihi
492 5092 564 5147 ab
603 5093 796 5151 animo
852 5109 997 5163 meo,
1038 5103 1094 5152 et
1145 5098 1217 5154 ab
1256 5098 1383 5154 aliis
1440 5102 1775 5158 necessariis
1830 5102 1990 5173 meis,

294 5179 616 5237 secundum
646 5181 755 5238 hoc
784 5189 974 5239 tamen
1009 5198 1127 5241 non
1156 5185 1343 5252 bonis,
1371 5188 1811 5259 suggerebatur,
1855 5206 1991 5248 con-

296 5268 533 5323 veniens
580 5267 698 5324 fore
727 5277 792 5327 ut
822 5270 883 5325 in
912 5271 1019 5327 hoc
1058 5272 1278 5329 mundo
1322 5274 1556 5332 honoris
1589 5277 1838 5349 alicujus
1865 5294 1993 5351 pro-

293 5356 552 5414 vectione
616 5358 971 5427 proficerem.
1022 5360 1128 5417 Sed
1182 5375 1487 5434 cognosco,
1541 5366 1801 5437 Domine,
1849 5368 1991 5441 quia

294 5444 356 5501 in
416 5443 539 5516 lege
595 5452 697 5503 tua
751 5448 1131 5517 prohibueras
1186 5464 1287 5521 per
1344 5454 1561 5524 gradus
1625 5457 1855 5513 ascendi
1913 5458 1988 5515 ad

294 5532 473 5590 altare
518 5541 716 5607 tuum;
749 5536 831 5592 sic
871 5537 1027 5595 enim
1056 5540 1203 5596 sacri
1234 5542 1557 5612 cujuspiam
1600 5545 1764 5602 ducis
1799 5548 1987 5618 turpi-

2107 4679 2167 4730 u,
2204 4664 2319 4734 30.)
2370 4685 2391 4714 ι
2438 4663 2577 4731 Quae
2605 4679 2743 4735 ergo
2774 4678 2894 4720 una
2936 4666 3074 4719 sunt
3110 4662 3266 4733 apud
3305 4663 3509 4732 Deum,
3556 4676 3658 4733 per
3694 4661 3805 4718 bu-

2105 4765 2290 4809 manae
2320 4752 2710 4823 perversitatis
2736 4752 2887 4809 ﬁunt
2917 4752 3147 4809 diversa
3177 4751 3555 4822 propositum.

2177 4841 2308 4897 Haec
2353 4855 2559 4912 nempe
2600 4842 2989 4909 considerans,
3033 4855 3139 4897 nec
3185 4839 3389 4910 capitis
3433 4839 3807 4910 corporisque

2102 4928 2384 4986 unitatem
2424 4929 2715 5002 ignorans,
2751 4930 2895 4985 nihil
2928 4930 3085 4986 volui
3118 4943 3404 4999 usurpare
3447 4929 3507 4984 in
3544 4943 3803 4999 corpore,

2102 5016 2242 5087 quia
2270 5017 2559 5088 quidquid
2587 5018 2823 5075 aliunde
2844 5033 2903 5075 se
2934 5018 3198 5086 intrudit,
3230 5031 3603 5088 nequaquam
3631 5018 3806 5087 capiti

2102 5105 2352 5175 profecto
2381 5107 2686 5175 consensit,
2725 5114 2780 5165 et
2817 5107 2976 5179 quod
3003 5114 3181 5177 caput
3215 5107 3462 5178 ignorat,
3498 5106 3654 5177 quod
3686 5121 3800 5162 non

2100 5201 2404 5251 censeatur
2461 5194 2521 5251 in
2566 5209 2826 5265 corpore,
2887 5196 3034 5252 nulli
3093 5195 3338 5253 dubium
3393 5202 3635 5253 constat.
3694 5195 3801 5263 Qui

2097 5281 2251 5339 enim
2298 5283 2511 5341 dicturi
2544 5292 2719 5341 sunt:
2754 5306 2775 5334 ι
2818 5284 3023 5341 Nonne
3051 5285 3110 5341 in
3141 5284 3373 5341 nomine
3425 5292 3522 5341 tuo
3564 5285 3804 5355 prophe.

2099 5371 2372 5440 tavimus,
2420 5379 2477 5429 et
2511 5372 2799 5429 daemonia
2841 5373 3153 5445 ejecimus?
3200 5395 3221 5423 ι
3266 5375 3487 5442 (Matth.
3537 5390 3639 5441 vn,
3685 5371 3800 5443 22.)

2097 5459 2366 5530 apostasii
2414 5460 2638 5531 utique,
2679 5467 2746 5517 ut
2782 5461 2864 5518 sic
2906 5461 3175 5529 dixerim,
3227 5476 3345 5518 non
3392 5462 3802 5519 commembres

2097 5557 2254 5618 sunt,
2292 5557 2347 5607 et
2385 5549 2509 5606 ideo
2554 5572 2577 5600 ‹
2617 5550 2816 5607 Nescio
2850 5565 2951 5608 vos
2994 5573 3016 5601 ι
3058 5551 3308 5608 audiunt
3344 5551 3531 5619 (Μαι,
3573 5553 3689 5621 23),
3735 5565 3803 5608 ac

293 5621 551 5679 tudinem
620 5625 863 5683 revelari
911 5641 1071 5698 posse
1132 5629 1426 5688 docueras.
1494 5633 1607 5699 Qui
1670 5636 1825 5691 enim
1884 5651 1987 5708 per
2094 5638 2140 5693 si
2180 5638 2430 5695 diceret:
2478 5639 2601 5696 Non
2631 5653 2728 5695 eos
2763 5640 2820 5695 in
2859 5654 2986 5697 meo
3026 5640 3230 5708 sentio,
3270 5641 3413 5710 quia
3447 5654 3523 5698 ex
3560 5654 3653 5697 me
3685 5653 3801 5697 non
