3946 6398
136 411 243 462 881

1247 407 1336 463 DE
1379 407 1534 464 VITA
1574 409 1702 465 SUA
1744 410 1929 466 LIBRI
1966 411 2163 466 TRES.
2205 441 2272 450 —
2315 413 2442 467 LIB.
2489 413 2529 467 l.

3562 417 3665 468 882

137 540 377 596 vivunt.
427 540 677 596 Levabat
718 539 897 612 igitur
943 540 1232 596 fastidium
1281 554 1406 610 spes
1447 541 1714 611 quamvis
1755 541 1852 597 fri-
1888 541 2241 612 Acognitor,
2323 542 2463 612 quia
2525 543 2634 600 tale
2711 545 2852 615 quid
2915 545 3249 602 nullatenus
3305 545 3662 613 affectabam,

138 629 281 684 vola
324 643 539 697 meum,
581 637 635 685 et
682 629 920 685 orabam
977 637 1048 696 te,
1098 630 1268 694 Deus,
1317 637 1378 686 ut
1425 630 1471 684 si
1508 631 1743 700 quando
1795 630 1848 686 id

139 715 306 784 quod
337 715 405 772 de
433 730 522 772 me
557 716 913 772 tractabatur
942 716 1119 783 fieret,
1150 723 1202 772 te
1233 717 1588 772 solummodo
1619 725 1851 774 auctore

139 804 524 875 contingeret,
573 811 627 860 et
677 804 918 860 taedebat
969 819 1059 859 me
1108 804 1262 875 quod
1314 818 1412 874 per
1460 805 1600 860 alios
1644 806 1845 862 audie-

140 892 300 960 bam,
352 907 386 948 a
435 893 574 948 meis
623 893 762 947 mihi
811 894 1148 962 parentibus
1198 894 1303 949 ista
1353 895 1556 963 qiuari,
1607 901 1662 948 et
1709 894 1852 950 alios

137 994 293 1050 pura
371 980 471 1036 Dei
535 980 860 1048 efficientia,
923 981 1084 1036 nullo
1141 981 1449 1036 carnaliter
1508 989 1850 1051 procurante

137 1070 306 1141 eligi.
357 1071 583 1126 Etenim
630 1070 734 1140 ipsi
767 1078 1032 1141 parentes
1068 1086 1181 1126 non
1216 1079 1329 1126 tam
1361 1071 1501 1126 mihi
1534 1085 1712 1142 quam
1743 1072 1848 1128 sibi

139 1158 201 1214 in
255 1159 598 1229 hujusmodi
651 1173 794 1214 cura
852 1159 1232 1227 providentes,
1283 1174 1508 1216 mecum
1561 1159 1851 1216 ullatenus

136 1263 318 1318 super
367 1248 472 1304 isto
515 1247 744 1318 negotio
792 1262 908 1303 non
941 1249 1208 1318 agebant,
1243 1265 1358 1305 non
1412 1249 1581 1319 plane
1608 1251 1848 1320 juveni-

137 1336 252 1391 lem
302 1337 565 1392 animum
605 1351 778 1406 super
821 1337 930 1394 hac
974 1352 1035 1394 re
1084 1339 1308 1394 irritare
1347 1340 1652 1394 'volebant.
1704 1339 1848 1395 Tan-

136 1424 270 1479 dem
325 1425 440 1480 Deo
488 1440 578 1480 me
633 1425 850 1482 diutius
892 1426 1116 1483 volente
1175 1426 1268 1498 [/.,
1324 1425 1574 1497 nolente]
1628 1425 1842 1495 deludi,

139 1513 617 1582 procuratoribus
682 1515 823 1569 meis
873 1514 1200 1585 inspiravit,
1260 1524 1322 1570 ut
1372 1529 1475 1584 pro
1532 1515 1654 1570 suis
1711 1515 1844 1570 ani-

138 1603 352 1659 mabus
392 1603 686 1660 salvandis
729 1603 872 1659 alias
919 1605 1384 1675 commigrarent,
1442 1613 1496 1660 et
1553 1617 1842 1674 quarum-

137 1689 274 1745 dam
323 1690 690 1771 abbatiarum
740 1692 1056 1758 monachis,
1102 1692 1204 1762 qui
1236 1693 1450 1748 eisdem
1502 1706 1678 1762 super
1716 1706 1842 1748 mea

136 1777 414 1834 electione
458 1778 875 1847 innitebantur,
931 1794 1154 1836 necesse
1201 1781 1307 1837 fuit
1338 1788 1402 1837 ut
1434 1781 1710 1838 aliorsum
1750 1781 1844 1836 di—

134 1875 446 1926 verterent.

215 1960 384 2020 Deus.
420 1957 521 2014 tibi
556 1958 793 2029 gratias,
828 1959 969 2030 quia
1013 1967 1152 2015 tunc
1187 1959 1422 2015 intentio
1452 1958 1524 2014 ad
1551 1958 1839 2030 integrum

139 2045 381 2116 puerilis
425 2047 728 2109 emarcuit,
777 2061 882 2103 nec
925 2047 996 2103 ad
1053 2047 1312 2118 aliquam
1370 2055 1656 2104 terrenam
1706 2048 1842 2104 ulte-

138 2133 264 2189 rius
303 2133 636 2204 dignitatem
681 2135 975 2204 suspicare
1013 2134 1286 2191 collibuit.
1332 2134 1655 2206 Flagellasti
1683 2149 1842 2191 nam-

138 2235 257 2294 que
315 2235 405 2277 me
445 2221 504 2277 in
575 2229 826 2292 tempore
853 2229 994 2278 48I
1047 2223 1160 2291 illo,
1222 2226 1405 2292 Pater,
1463 2231 1518 2280 et
1556 2231 1842 2279 corrector

134 2310 522 2380 cupiditatum
571 2319 624 2368 et
679 2311 980 2368 levitatum
1036 2327 1295 2369 mearum
1336 2314 1506 2381 Deus,
1559 2312 1836 2380 afﬂixisti,

132 2407 191 2455 et
243 2413 331 2454 me
363 2399 435 2454 ad
494 2400 874 2470 cognitionem
905 2401 1191 2472 redegisti,
1229 2402 1307 2457 ita
1338 2410 1400 2457 ut
1429 2416 1519 2457 me
1553 2402 1702 2457 intra
1750 2415 1840 2456 me

133 2489 584 2559 constringeres,
660 2503 937 2558 mensque
994 2489 1274 2546 hactenus
1335 2504 1486 2562 vaga
1546 2505 1838 2560 nusquam

132 2576 414 2644 evolaret,
463 2577 558 2632 sed
607 2577 678 2632 ad
725 2578 905 2633 solam
953 2577 1336 2634 humilitatem
1376 2586 1431 2634 et
1479 2579 1840 2649 cogitationis

132 2667 527 2721 sinceritatem
593 2666 929 2722 medullitus
993 2667 1292 2737 aspirarct.
1363 2667 1658 2738 Coeperam
1713 2667 1837 2738 jam

133 2762 281 2811 tunc
327 2755 602 2825 primum,
652 2754 913 2821 Domine,
946 2755 1216 2824 experiri,
1250 2763 1304 2811 et
1343 2756 1416 2811 ad
1456 2756 1666 2812 bonam
1699 2757 1837 2812 soli-

131 2843 402 2900 tudinem
471 2843 696 2911 mentis,
756 2831 825 2898 in'
863 2857 982 2913 qua
1038 2843 1364 2899 conversari
1413 2851 1476 2900 tu
1526 2845 1688 2911 soles,
1751 2859 1838 2900 me

127 2931 478 2988 contrahere
526 2931 598 2987 ad
649 2932 885 2987 Matrem
932 2932 1174 2987 caelestis
1227 2932 1472 3003 imperii,
1531 2933 1631 2989 Dei
1686 2935 1838 3004 geni-

128 3022 335 3078 tricem
387 3020 642 3088 Mariam,
696 3021 931 3076 unicum
982 3035 1176 3076 meum
1214 3022 1271 3076 in
1317 3022 1475 3077 omni
1504 3023 1838 3086 necessitate

128 3122 462 3176 recursum,
514 3108 688 3164 totius
736 3108 785 3164 ei
847 3108 1054 3164 interni
1104 3109 1348 3164 fervoris
1404 3109 1615 3166 librare
1676 3124 1832 3164 com-
1877 3145 1918 3201 ο

127 3199 391 3270 plexum.
451 3197 784 3254 Delectabar
839 3211 977 3268 ergo
1035 3195 1499 3254 affectuosissime
1542 3213 1662 3255 esse
1729 3213 1840 3254 mo-

130 3288 321 3353 dicus,
380 3285 686 3341 horrebam
741 3286 970 3355 penitus
1015 3293 1070 3342 et
1125 3287 1371 3357 gradum
1429 3287 1725 3357 potiorem,
1783 3295 1837 3344 et

131 3373 335 3443 magni
381 3373 630 3430 nominis
677 3375 945 3431 umbram
997 3375 1052 3429 in
1105 3376 1338 3431 mundo.
1389 3376 1533 3431 Tum
1583 3377 1837 3447 primum

135 3461 344 3518 intimo
389 3461 486 3517 illo
515 3476 714 3531 sapore
743 3462 988 3518 addidici
1020 3463 1068 3518 ei
1103 3462 1243 3533 quid
1275 3464 1590 3521 voluntatis
1624 3465 1833 3532 unitas,

133 3552 281 3622 quid
322 3552 580 3622 ejusdem
625 3553 864 3621 puritas,
914 3552 1056 3623 quid
1103 3553 1275 3609 fuerit
1318 3553 1583 3609 irretlexa
1628 3567 1836 3623 perpe—

133 3648 252 3696 tuae
321 3639 674 3710 paupertatis
740 3639 998 3696 intentio.
1069 3641 1214 3705 Quid
1286 3641 1493 3707 dicam,
1574 3641 1832 3708 Domine,

131 3742 317 3800 quam
347 3735 785 3784 momentaneus
833 3729 934 3785 iste
965 3730 1268 3800 paradisus
1313 3730 1614 3799 exstiterit,
1657 3745 1835 3802 quam

134 3831 321 3888 parva
357 3817 543 3887 quies,
593 3831 770 3888 quam
812 3819 1004 3876 brevis
1039 3826 1094 3875 et
1124 3819 1197 3874 ad
1227 3819 1470 3875 dubium
1503 3826 1676 3876 tautae
1704 3819 1832 3875 dul-

129 3903 352 3961 cedinis
380 3905 622 3960 sensus?

205 3995 416 4048 Invitus
470 3993 638 4048 abbas
694 3996 984 4063 Novigenti
1041 3997 1283 4065 eligitur.
1338 4025 1409 4036 —
1460 3995 1575 4052 Vix
1636 3997 1838 4067 paucis

135 4080 435 4138 mensibus
489 4081 625 4137 talia
683 4091 1190 4154 praagustaveram,
1252 4083 1348 4139 vix
1400 4083 1647 4154 Spiritus
1699 4091 1837 4140 tuus

136 4169 343 4237 bonus,
393 4170 492 4239 qui
545 4170 603 4226 in
647 4177 854 4227 terram
901 4187 991 4228 me
1031 4180 1245 4228 rectam
1295 4172 1616 4228 deduxerat
1661 4173 1828 4242 (Psal.

135 4273 307 4326 exui,
361 4258 469 4330 l2),
520 4259 939 4330 aliquantisper
990 4260 1330 4316 illuminatae
1367 4260 1574 4316 rationi
1626 4261 1837 4318 insede-

135 4355 248 4414 rat,
297 4362 430 4403 cum
478 4363 606 4404 ecce
650 4349 817 4419 quasi
857 4348 1119 4405 diceres:
1175 4347 1317 4404 Cum
1356 4347 1608 4416 voluisti,
1653 4350 1830 4416 volui,

1962 631 2155 701 respui
2203 638 2417 699 tamen,
2459 641 2561 690 aut
2619 635 2917 704 reprohari
2975 636 3118 692 foede
3166 636 3449 703 nolebam,
3501 645 3666 707 teque

1961 720 2408 790 praecordialiter
2457 724 2771 779 exorabam
2833 731 2898 781 ut
2955 725 3036 781 sic
3085 726 3360 782 immunis
3393 741 3427 781 a
3482 733 3664 795 empto

1962 809 2174 875 ﬁerem,
2222 817 2513 879 quatenus
2560 819 2614 867 et
2664 812 3000 880 verendum,
3055 821 3111 869 et
3163 815 3318 884 quod
3365 815 3664 871 immodice

1957 897 2420 967 extimescebam,
2473 916 2622 958 onus
2667 917 2781 958 non
2830 903 3104 970 subirem,
3156 918 3260 960 nec
3310 911 3504 974 utpote
3549 905 3660 960 fra-

1958 987 2088 1057 gilis
2115 1001 2188 1043 ex
2222 990 2329 1045 mei
2364 990 2709 1048 refutatione
2735 993 3061 1049 deficerem.

2028 1079 2099 1130 De
2147 1078 2263 1144 ﬁlii
2317 1080 2565 1135 electione
2614 1081 2756 1136 dolet
2809 1086 3007 1136 mater.
3060 1112 3128 1121 -κ
3179 1082 3303 1138 Non
3355 1089 3409 1139 te
3471 1083 3658 1148 latuit,

1957 1164 2108 1219 Deus
2156 1179 2338 1234 meus,
2390 1182 2567 1237 quam
2607 1169 2771 1235 dure,
2813 1184 2994 1240 quam
3035 1185 3186 1240 agre
3235 1170 3430 1227 tulerit
3480 1179 3663 1228 mater

1956 1264 2083 1306 mea
2141 1251 2473 1309 dilationem
2541 1255 2938 1325 [electionem],
3005 1271 3136 1326 qua)
3183 1256 3309 1312 aliis
3355 1258 3662 1314 videbatur

1955 1338 2206 1405 honoris,
2263 1339 2368 1395 sibi
2421 1350 2616 1397 autem
2662 1343 3003 1399 intolerandi
3047 1345 3326 1413 mceroris,
3377 1361 3481 1402 nec
3521 1342 3672 1403 mihi

1955 1427 2251 1497 quidpiam
2303 1429 2413 1484 tale
2463 1431 2769 1502 contigisse
2817 1432 3064 1498 volebat,
3101 1432 3157 1486 in
3190 1446 3307 1502 quo
3338 1433 3660 1502 periculum

1951 1516 2134 1572 aetatis
2159 1517 2350 1572 adhuc
2377 1517 2581 1574 nesciae
2628 1519 2936 1584 metuebat,
2977 1519 3292 1588 praesertim
3325 1535 3455 1576 cum
3502 1521 3660 1591 igna-

1953 1616 2054 1658 rus
2084 1617 2277 1658 rerum
2319 1603 2632 1660 forensium
2657 1605 2884 1674 penitus
2925 1621 3124 1673 essem,
3174 1608 3453 1664 nimirum
3488 1625 3654 1681 quas,

1951 1689 2085 1745 solis
2113 1690 2316 1746 litteris
2363 1692 2659 1760 quondam
2697 1693 2972 1761 intentus,
2999 1694 3334 1750 nullatenus
3364 1697 3658 1754 addiscere

1951 1777 2324 1834 curavissem.
2377 1780 2464 1834 Ab
2524 1779 2642 1849 ipsa
2699 1787 2910 1848 tamen,
2971 1789 3025 1837 et
3069 1783 3140 1838 ab
3191 1785 3462 1841 omnibus
3511 1801 3654 1856 pene

1951 1867 2053 1938 qui
2080 1867 2436 1924 familiariter
2480 1883 2568 1925 me
2616 1877 2916 1937 noverant,
2970 1870 3110 1926 mihi
3152 1873 3412 1930 crebrius
3462 1874 3656 1932 incan-

1949 1956 2201 2024 tabatur,
2263 1971 2380 2012 non
2427 1957 2527 2014 diu
2576 1973 2666 2014 me
2710 1959 3108 2030 qualicunque
3155 1963 3510 2031 promotione
3553 1978 3654 2020 ca-

1950 2044 2218 2101 riturum.
2283 2047 2369 2101 Tu
2419 2047 2612 2114 etiam,
2684 2048 2940 2115 Domine,
3010 2049 3158 2104 nosti
3224 2065 3340 2121 quo
3399 2050 3653 2108 interiori

1949 2134 2114 2190 oculo
2151 2142 2206 2191 et
2237 2135 2388 2191 bona
2439 2143 2493 2192 et
2525 2136 2695 2204 mala,
2747 2137 2793 2192 si
2836 2138 3060 2208 uspiam
3092 2153 3476 2209 promoverer,
3512 2141 3650 2196 mihi

1947 2230 2228 2278 eventura
2278 2223 2643 2293 loquebatur,
2696 2240 2828 2295 quae
2878 2227 3160 2298 hodieque
3215 2229 3496 2298 experior,
3545 2245 3650 2285 nec

1949 2324 2058 2378 me,
2091 2326 2198 2366 nec
2227 2312 2368 2367 alios
2412 2313 2609 2369 latent.
2641 2314 2977 2371 Visionibus
3015 2331 3248 2386 quoque
3280 2317 3652 2387 quampluri-

1948 2398 2078 2465 mis,
2126 2399 2236 2455 sub
2287 2415 2412 2456 mea
2457 2409 2512 2456 et
2542 2402 2786 2457 aliorum
2822 2403 3026 2472 specie,
3071 2404 3258 2475 longis
3292 2413 3413 2474 post
3453 2405 3652 2461 futura

1949 2488 2304 2558 temporibus
2333 2490 2711 2560 praevidebat;
2745 2506 2996 2562 quorum
3029 2492 3226 2562 aliqua
3259 2493 3496 2549 indubie
3527 2494 3650 2548 ﬁeri

1948 2577 2322 2647 contemplor,
2373 2585 2427 2633 et
2479 2578 2648 2644 facta,
2697 2594 2802 2636 nec
2851 2581 3045 2636 minus
3097 2581 3330 2637 residua
3382 2582 3649 2652 quzedam

1949 2665 2138 2721 ﬂenda
2191 2666 2508 2736 praestoler,
2541 2668 2767 2738 'quibus
2818 2675 3007 2725 tamen
3066 2669 3389 2726 attexendis
3443 2683 3650 2740 super-

1946 2755 2258 2810 sedendum
2285 2769 2354 2810 ex
2387 2755 2673 2812 industria
2704 2771 2849 2813 reor.

2018 2844 2187 2909 Deus,
2259 2843 2474 2913 quibus
2530 2844 2626 2900 illa
2685 2845 2916 2901 monitis
2972 2846 3313 2916 cupiditates
3370 2861 3404 2902 a
3462 2854 3650 2902 mente

1946 2945 2140 2988 arcere
2187 2932 2484 2988 monebat!
2534 2933 2948 2990 adversitatum
3001 2935 3321 2992 infortunia
3363 2949 3496 3005 quae
3544 2949 3646 2990 ex-

1945 3027 2142 3091 pertus
2179 3036 2306 3076 sum
2367 3022 2679 3077 certissime
2729 3023 3048 3092 pollicens:
3092 3023 3374 3079 lubricam
3424 3037 3649 3092 semper

1945 3107 2233 3176 suspirare
2257 3107 2597 3177 juventam;
2622 3123 2722 3178 per
2741 3109 2932 3164 varios
2951 3109 3361 3180 cogitationum
3392 3111 3649 3165 ambitus

1946 3195 2166 3252 animos
2197 3195 2422 3252 frenare
2459 3205 2740 3267 vagantes
2773 3213 2785 3252 :
2843 3205 2906 3254 ut
2937 3212 3064 3254 eam
3095 3199 3162 3253 de
3193 3199 3408 3254 talibus
3440 3199 3646 3269 dispu—

1944 3291 2160 3340 tantem
2217 3299 2335 3340 non
2392 3285 2738 3352 illiteratam,
2788 3287 2942 3356 quod
2991 3293 3132 3354 erat,
3195 3286 3488 3352 feminam,
3547 3288 3643 3342 sed

1945 3371 2379 3427 disertissimum
2450 3371 2780 3442 episcopum
2841 3372 3173 3429 aestimares.
3233 3373 3641 3429 Monasterium

1946 3468 2158 3528 autem,
2228 3459 2296 3515 ad
2364 3461 2536 3531 cujus
2609 3461 2862 3531 regimen
2918 3461 3194 3532 eligebar,
3258 3461 3642 3532 Novigentum

1943 3556 2204 3618 vocatur,
2257 3556 2312 3605 et
2353 3557 2437 3605 est
2494 3551 2742 3606 confinio
2785 3551 3186 3606 Laudunensis
3233 3551 3536 3606 diceceseos
3587 3549 3648 3604 in

1943 3645 2170 3694 tantum
2206 3637 2476 3709 adjacens
2505 3647 2570 3696 ut
2597 3639 2896 3695 mediocris
2927 3640 3182 3710 quidem,
3216 3639 3311 3695 sed
3343 3639 3645 3708 aliquoties

1943 3727 2266 3798 stagnantis
2299 3727 2483 3793 ﬂuvii,
2524 3728 2626 3798 qui
2668 3729 2877 3798 Aquila
2911 3735 3308 3798 nuncupatur,
3343 3727 3646 3783 interstitio

1946 3815 2248 3886 praefatum
2290 3816 2643 3872 territorium
2692 3831 2726 3871 a
2756 3816 3152 3872 Suessionensi
3199 3815 3546 3887 distinguat,
3573 3816 3641 3870 de

1943 3904 2113 3976 cujus
2137 3905 2526 3961 vetustatibus
2553 3904 2609 3976 {si
2651 3905 2802 3960 Deus
2831 3919 2996 3974 opem
3026 3904 3264 3972 dederit,
3300 3905 3358 3960 in
3401 3904 3506 3959 hoc
3545 3918 3647 3959 nos

1942 4006 2110 4062 opere
2138 3999 2487 4049 tractaturos
2516 4006 2742 4063 speram
2752 4008 2838 4049 llS.

2591 4081 2824 4137 CAPUT
2864 4081 2992 4136 XX.

2015 4172 2230 4226 Diversi
2274 4185 2430 4224 casus
2468 4171 2564 4239 qui
2595 4173 2655 4224 in
2701 4170 2942 4227 coenobio
2980 4171 3329 4224 Flaviacensi
3379 4167 3639 4223 accidere.

1945 4257 2242 4328 Suggerius
2269 4261 2426 4327 prior
2448 4261 2564 4313 viso
2595 4259 2832 4313 demam:
2859 4261 3048 4326 furore
3085 4259 3404 4327 corripitur.
3434 4285 3503 4297 —
3538 4255 3640 4312 Sed

1943 4347 2222 4416 quoniam
2271 4347 2330 4402 in
2391 4349 2498 4404 hac
2531 4347 2882 4404 Flaviacensi
2925 4347 3162 4404 ecclesia
3213 4347 3320 4402 sub
3380 4347 3493 4402 Deo
3543 4359 3644 4415 pa-

135 4449 254 4491 non
308 4437 396 4491 vis
453 4437 620 4492 modo
666 4445 720 4493 et
777 4437 876 4493 tibi
935 4437 1212 4508 displicet,
1263 4437 1405 4494 velis
1458 4437 1622 4506 nolis,
1684 4439 1829 4494 habe
1869 4443 2121 4502 orente,
2174 4444 2228 4491 et
2290 4436 2440 4491 beati
2496 4436 2784 4492 Geremari
2854 4436 2960 4492 loci
3020 4436 3278 4507 ejusdem
3335 4434 3648 4491 conditoris

137 4522 312 4593 illud;
381 4526 769 4594 quorumdam
836 4533 1189 4582 remotorum
1248 4533 1302 4581 et
1368 4525 1508 4581 mihi
1576 4525 1836 4582 funditus

137 4611 464 4682 ignotorum
538 4614 768 4670 emersit
823 4614 1039 4669 electio.
1101 4613 1206 4670 Sed
1265 4628 1535 4685 quamam
1601 4614 1834 4671 electio?

137 4699 284 4756 Vere
340 4714 428 4756 me
484 4701 668 4758 fatear
715 4702 1034 4774 egregium,
1091 4717 1224 4758 cum
1283 4703 1429 4759 inter
1481 4717 1680 4758 omnes
1733 4704 1835 4774 qui

138 4788 277 4844 mihi
367 4790 844 4858 obversabantur,
923 4791 1223 4860 sordidior,
1291 4792 1406 4848 imo
1485 4792 1833 4861 teterrimus,

137 4875 303 4941 Deus,
337 4879 446 4934 sub
480 4886 581 4935 tuo
627 4879 946 4936 testimonio
983 4880 1296 4951 judicarer.
1353 4880 1675 4936 Paucarum
1726 4880 1837 4951 igi-

138 4971 235 5021 tur
262 4982 411 5038 quas
451 4968 754 5039 attigeram
789 4969 1138 5036 litterarum,
1180 4976 1234 5024 et
1265 4969 1534 5030 docentis.
1571 4976 1636 5025 ut
1681 4968 1833 5024 dice-

141 5055 328 5123 batur,
409 5059 666 5115 exterius
737 5059 914 5116 litura
994 5073 1272 5130 personae,
1340 5058 1609 5114 electores
1684 5072 1838 5114 meos

138 5144 400 5204 effecerat
449 5149 813 5205 caecutientes
879 5157 934 5205 et
991 5149 1192 5219 lippos.
1246 5149 1398 5204 Deus
1453 5149 1622 5216 bone,
1695 5147 1836 5219 quid

141 5232 393 5290 dicerent
423 5235 468 5290 si
514 5249 642 5291 mea
674 5243 815 5292 tunc
845 5236 1122 5292 interiora
1161 5235 1466 5292 viderent?
1505 5234 1654 5301 Quid
1685 5249 1838 5305 quo-

144 5333 255 5389 que
283 5322 575 5390 sentirent,
627 5322 671 5377 si
714 5322 905 5392 qualis
951 5323 1118 5379 modo
1164 5322 1245 5379 eis
1285 5321 1507 5393 praesim
1563 5336 1836 5394 agnosce-

144 5409 316 5464 rent?
356 5409 442 5465 Tu
473 5409 604 5477 scis,
650 5409 774 5480 qui,
809 5424 926 5480 quo
956 5411 1147 5466 nescio
1173 5410 1413 5481 judicio,
1452 5410 1506 5464 id
1538 5409 1835 5475 ordinasti,

145 5506 430 5564 quantum
483 5497 624 5552 mihi
687 5497 977 5568 indigner,
1034 5506 1321 5570 quantum
1369 5499 1628 5554 horream
1681 5498 1838 5567 quod

148 5585 478 5642 melioribus
523 5598 592 5640 ac
638 5584 1056 5641 honestiorihus
1102 5600 1193 5642 me
1236 5593 1572 5655 praepostere
1604 5585 1839 5639 omnino

146 5675 508 5743 praesideam;
563 5672 672 5729 scis
733 5672 907 5740 enim,
975 5674 1235 5731 cordium
1298 5686 1622 5742 renumque
1687 5686 1838 5742 pra—

1947 4524 2262 4592 patrocinio
2294 4524 2574 4580 coaluisse
2616 4539 2722 4580 nos
2762 4525 3036 4593 diximus,
3073 4525 3338 4595 quaedam
3372 4538 3503 4594 quae
3533 4523 3641 4578 ibi-

1945 4611 2075 4667 dem
2119 4611 2472 4678 audivimus,
2526 4612 2764 4682 fierique
2814 4613 3085 4680 vidimus,
3139 4612 3383 4683 dignum
3428 4619 3493 4667 ut
3542 4625 3647 4666 me-

1946 4699 2143 4755 moriae
2182 4700 2498 4756 tradamus.
2529 4701 2855 4771 iPostquam
2905 4701 2976 4756 ab
3018 4699 3313 4756 eversione
3352 4699 3646 4787 Danorum

1946 4790 2210 4844 restituta
2257 4795 2337 4844 est
2370 4788 2618 4858 praefata
2658 4789 2914 4856 ecclesia,
2966 4788 3204 4859 quidam
3254 4786 3393 4842 inibi
3441 4786 3648 4841 mona-

1946 4877 2091 4933 chus
2136 4891 2340 4949 gerens
2395 4877 2650 4933 officium
2698 4879 3006 4948 prioratus,
3059 4875 3290 4931 nomine
3333 4875 3650 4945 Suggerius

1947 4967 2110 5022 bouis
2149 4980 2207 5022 se
2245 4980 2422 5037 agens
2453 4967 2735 5036 moribus,
2778 4967 2834 5022 in
2879 4967 3003 5035 ipsa
3044 4963 3271 5020 mortali
3309 4962 3650 5033 aegritudine

1945 5055 2342 5112 decumbebat.
2411 5057 2552 5111 Erat
2621 5063 2836 5124 autem,
2889 5055 2964 5126 ini
3025 5049 3211 5121 fallor,
3271 5052 3447 5108 frater
3502 5065 3651 5106 anus

1947 5143 2102 5200 illius
2128 5159 2259 5214 qua:
2287 5144 2344 5199 in
2390 5159 2509 5201 suae
2542 5144 2703 5201 initio
2730 5142 3179 5200 conversationis
3210 5141 3363 5197 circa
3407 5148 3649 5196 matrem

1947 5247 2133 5289 meam
2183 5247 2460 5289 conversa
2517 5241 2620 5290 est.
2688 5232 2793 5290 Cui
2850 5233 3063 5303 jacenti
3114 5229 3307 5301 [astitit
3362 5229 3647 5294 diabolus,

1946 5321 2159 5377 librum
2184 5335 2360 5377 manu
2384 5329 2600 5388 tenens,
2629 5321 2941 5391 dicensque
2966 5336 2978 5375 :
3009 5342 3028 5369 σ
3068 5319 3296 5388 Accipe,
3326 5317 3470 5388 lege,
3494 5317 3652 5373 hunc

1947 5409 2049 5466 tibi
2091 5409 2263 5465 mittit
2292 5411 2536 5480 Jupiter.
2576 5431 2596 5458 ι
2650 5410 2830 5476 Quem
2862 5424 2994 5465 cum
3031 5409 3124 5464 ille
3153 5407 3353 5463 audito
3382 5419 3651 5462 exscera-

1949 5497 2050 5554 bili
2079 5498 2329 5565 nomine,
2364 5498 2777 5564 exhorruisset,
2803 5497 3009 5568 adjecit
3039 5495 3339 5552 diabolus:
3382 5516 3403 5542 ι
3428 5493 3649 5563 Diligis,

1949 5585 2160 5656 inquit,
2193 5587 2428 5643 domum
2452 5585 2964 5656 istam?—Diligo,
2994 5583 3090 5640 ait.
3133 5605 3153 5632 ι
3188 5583 3259 5638 Ει
3282 5583 3404 5638 ille:
3440 5604 3460 5630 ι
3496 5581 3656 5636 Scias

1949 5687 2076 5729 eam
2128 5674 2300 5732 totius
2363 5675 2659 5748 religionis
2714 5674 2903 5746 rigore
2957 5672 3186 5729 sublato
3241 5669 3470 5741 penitus
3527 5675 3656 5738 post
