3946 6398
316 382 419 435 883

1213 380 1275 432 ν.
1318 379 1658 440 GUIBEBTI
1697 385 1988 441 ABBATIS
2024 386 2081 441 S.
2123 383 2368 439 MARI/E
2407 383 2497 438 DE
2534 380 2941 439 NOVIGENTO

3725 382 3827 437 884

309 523 542 582 tempus
563 508 801 579 aliquod
819 508 1294 566 exordiuandam.
1320 530 1350 561 »
1377 510 1514 579 Qua
1528 513 1707 571 verba
1727 513 2016 586 loquentis
2051 516 2097 569 Α
2125 526 2246 571 sua
2288 512 2597 570 discrimen
2641 512 2699 568 in
2729 510 3056 569 catulorum
3102 511 3471 569 distractione
3500 513 3825 585 subjungit.

315 598 539 656 Satana
568 612 703 655 cum
733 597 1053 654 monachus
1098 597 1289 669 dignis
1325 600 1828 673 objurgationibus
1874 618 2017 660 con-

314 686 619 755 fundisset,
668 684 898 742 recessit
938 685 1039 756 qui
1090 686 1289 744 aderat
1318 688 1515 757 hostis,
1563 692 1660 748 sed
1699 693 2018 750 monachus

317 774 500 832 relato
543 775 700 845 quod
748 774 973 832 viderat
1018 773 1078 831 in
1105 776 1419 833 amentiam
1469 792 1672 836 versus
1707 788 1811 849 est,
1845 779 1925 836 ita
1953 786 2017 836 ut

316 863 751 935 manciparetur
782 861 1051 919 vinculis.
1086 863 1193 932 Qui
1243 871 1436 922 tamen
1467 875 1780 939 antequam
1821 869 2013 939 exspi-

314 958 487 1020 raret,
520 951 699 1008 menti
726 965 847 1008 sua
878 951 1060 1017 rediit,
1091 958 1148 1008 et
1193 951 1345 1009 diem
1376 959 1525 1009 «ιβ’
1556 954 1701 1012 bene
1737 956 2017 1012 conﬁtens

314 1040 473 1098 obiit.
521 1041 666 1098 Cum
707 1055 845 1111 ergo
902 1039 1155 1098 sciamus
1211 1041 1507 1099 diabolum
1557 1044 1910 1113 mendacem,
1960 1051 2016 1101 et

315 1128 709 1202 patremfejus
751 1143 825 1186 ex
872 1129 1036 1186 solita
1085 1128 1406 1188 invidentia
1443 1131 1662 1191 dictum
1687 1134 2012 1202 credamus,

316 1218 575 1290 alioquin
623 1232 697 1275 ne
748 1232 953 1276 verum
1004 1219 1122 1288 ﬁat,
1179 1226 1405 1278 avertat
1451 1221 1630 1279 Deus!
1691 1224 1802 1280 Res
1860 1223 2014 1280 enim

317 1307 683 1380 postmodum
720 1306 970 1365 ecclesia
1001 1308 1145 1365 bene
1176 1316 1467 1380 provecta,
1498 1310 1615 1368 huc
1660 1325 1847 1384 usque
1871 1312 2016 1370 bene

318 1396 681 1469 provehitur.

949 1483 1183 1543 CAPUT
1223 1486 1378 1543 XXI.

386 1573 647 1631 Monacho
698 1574 797 1642 qui
861 1574 1030 1627 inscio
1082 1574 1281 1628 abbate
1324 1576 1585 1643 pecunias
1630 1575 2012 1644 absconderat,

314 1661 452 1734 quid
488 1662 738 1717 evenerit.
771 1689 841 1700 —
882 1660 1005 1717 Vidi
1044 1667 1102 1718 et
1136 1660 1351 1718 ibidem
1395 1662 1505 1719 sub
1537 1670 1733 1720 nostro
1760 1670 2016 1736 tempore

311 1765 381 1808 ex
412 1749 590 1807 milite
616 1748 966 1806 monachum
1007 1748 1284 1817 moribus,
1329 1758 1394 1807 ut
1411 1749 1838 1823 iastimabatur,
1872 1754 2013 1810 sim-

2123 602 2229 660 Cui
2258 602 2355 659 illa
2381 618 2394 657 :
2421 623 2442 651 ι
2478 600 2655 669 Sclas,
2680 600 2891 672 inquit,
2921 600 3209 657 damones
3237 615 3377 668 esse,
3409 600 3513 672 qui
3540 616 3712 673 super
3731 601 3833 657 illa

2124 690 2406 748 diabolica
2448 689 2693 762 pecunia
2739 689 3151 761 jocundantur,
3210 696 3266 747 et
3322 690 3373 746 ei
3432 690 3598 761 quasi
3655 704 3830 748 suum

2124 786 2598 851 recognoscentes
2629 778 2867 835 instant.
2921 800 2943 829 ι
2981 780 3098 835 Hoc
3123 778 3370 836 maritus
3399 779 3647 852 cognito,
3697 779 3834 835 licet

2124 867 2365 938 invitus,
2395 874 2450 924 et
2478 866 2731 937 plurima
2770 866 3072 924 vexatione
3111 868 3421 937 cruciatus,
3454 876 3520 924 ut
3551 869 3633 924 sic
3658 868 3833 924 dixe-

2124 955 2257 1026 rim,
2303 969 2407 1012 seu
2459 955 2539 1024 vi,
2597 969 2700 1013 seu
2745 955 2916 1022 clam,
2975 969 3079 1012 seu
3135 957 3417 1027 precario,
3475 957 3628 1014 istud
3668 955 3830 1027 quod

2124 1044 2510 1116 repetebatur,
2568 1043 2790 1113 effudit,
2848 1051 2906 1101 et
2956 1044 3286 1101 damonum
3346 1059 3525 1116 quam
3584 1044 3833 1115 proinde

2124 1133 2455 1204 patiebatur
2527 1133 2945 1191 infestationem
3023 1146 3141 1189 non
3207 1133 3407 1190 tacuit.
3477 1132 3834 1191 Audivimns

2124 1222 2267 1293 quia
2296 1222 2390 1279 cui
2418 1221 2545 1280 vult
2572 1223 2724 1280 Deus
2757 1223 3083 1287 miseretur,
3117 1228 3173 1278 et
3214 1235 3389 1292 quem
3419 1222 3549 1279 vult
3588 1222 3834 1278 indurat

2124 1310 2295 1382 (Rom.
2344 1325 2464 1379 vni,
2513 1309 2626 1380 18),
2680 1309 2945 1381 colligere
2982 1323 3056 1366 ex
3089 1309 3349 1381 subjecto
3389 1309 3722 1380 poterimus.
3758 1309 3836 1365 Et

2122 1414 2156 1457 ο
2185 1399 2287 1456 Dei
2332 1398 2673 1457 admiranda
2714 1397 2966 1469 judicia!
3027 1397 3075 1454 is
3122 1397 3410 1468 siquidem
3453 1397 3523 1454 de
3570 1412 3687 1468 quo
3737 1411 3834 1453 re-

2122 1488 2385 1555 tulimus,
2449 1494 2624 1545 totam
2690 1487 2749 1543 in
2803 1486 3210 1543 exercitatione
3267 1485 3523 1557 equestri
3576 1492 3833 1554 atatem,

2122 1584 2562 1647 scortorumque
2631 1575 2881 1633 foeditate
2951 1575 3307 1643 deduxerat;
3370 1574 3464 1631 ille
3534 1588 3695 1642 vero,
3760 1575 3838 1631 de

2124 1678 2241 1736 quo
2276 1678 2406 1721 sum
2453 1663 2765 1733 relaturus,
2808 1662 3107 1719 acediosus
3135 1662 3369 1733 quidem
3402 1661 3833 1733 aliquantisper

2125 1753 2329 1821 fuerat,
2376 1752 2474 1810 sed
2521 1750 2666 1808 nihil
2717 1750 3002 1808 inhonesti
3048 1751 3190 1807 alias
3232 1751 3301 1808 de
3351 1751 3471 1821 ipso
3515 1751 3831 1807 claruerat.

313 1840 540 1911 plicem,
567 1852 692 1895 avo
720 1845 1078 1909 provectum,
1124 1838 1229 1910 qui
1268 1815 1331 1895 in
1363 1815 1579 1911 pagum
1606 1815 2017 1900 Vulcassinum
2058 1815 2100 1870 Β
2125 1843 2224 1897 Est
2252 1815 2421 1912 plane
2458 1841 2564 1897 hoc
2614 1840 2984 1912 philargyria
3036 1839 3247 1896 vitium
3297 1815 3625 1896 in-tantum
3669 1840 3834 1909 apud

312 1929 387 1985 ad
417 1927 684 1995 cellulam
725 1927 1040 1998 quamdam
1088 1927 1359 1995 ecclesia,
1392 1928 1533 1999 quia
1563 1929 1697 1986 inde
1733 1931 2018 1989 oriundus

310 2023 453 2086 erat,
516 2017 589 2073 ab
653 2016 859 2073 abbate
908 2030 1014 2085 suo
1069 2016 1407 2085 destinatus,
1474 2031 1744 2089 aggerem
1803 2021 2015 2090 publici

312 2105 553 2175 itineris,
613 2105 717 2176 qui
778 2112 1088 2176 corruptus
1157 2112 1300 2173 erat,
1373 2105 1602 2163 licentia
1668 2108 1873 2178 prioris
1926 2110 2015 2166 sui

312 2200 639 2250 restaurare
678 2192 994 2263 proposuit.
1039 2192 1380 2249 Muneribus
1419 2207 1559 2266 ergo
1588 2194 1843 2252 ﬁdelium
1870 2210 2017 2267 opus

312 2281 457 2338 illud
499 2280 801 2352 explicuit,
835 2295 953 2351 quo
994 2280 1317 2352 profligato,
1370 2282 1639 2352 quadam
1685 2284 1918 2342 residua
1945 2286 2017 2343 de

310 2370 510 2428 eadem
537 2369 841 2441 largitione
872 2368 1134 2426 retinuit.
1174 2370 1401 2427 Interea
1440 2370 1637 2428 lethali
1686 2371 2015 2431 inﬁrmitate

311 2457 642 2528 corripitur,
676 2471 783 2513 nec
827 2464 1021 2514 tamen
1055 2458 1211 2528 quod
1252 2458 1398 2516 male
1446 2459 1670 2518 celabat
1713 2461 1835 2518 ulia
1877 2477 2012 2519 con-

313 2547 557 2603 fessione
629 2544 850 2616 retegit.
919 2544 1185 2602 Defertur
1250 2546 1324 2602 ad
1379 2548 1795 2606 monasterium
1846 2551 2015 2622 cujus

312 2641 436 2692 erat
465 2634 815 2704 monachus;
867 2647 986 2689 non
1030 2633 1246 2704 abbati,
1296 2649 1414 2692 non
1463 2636 1637 2707 priori
1687 2638 2013 2708 conﬁtetur,

315 2722 587 2795 quamvis
614 2722 755 2779 dira
793 2722 865 2778 ab
903 2736 969 2778 eo
1001 2722 1293 2792 tortiones,
1334 2723 1535 2781 mortis
1571 2725 1830 2783 videlicet
1866 2740 2014 2796 pra-

313 2811 482 2869 conia
510 2811 882 2877 sentirentur,
934 2810 1033 2867 sed
1076 2810 1292 2868 famulo
1332 2812 1585 2883 cuidam,
1618 2814 1721 2884 qui
1768 2814 2016 2872 inﬁrmis

311 2900 697 2969 ministrabat,
747 2899 972 2971 argenti
1020 2898 1116 2956 illa
1154 2900 1452 2972 quantitas
1494 2902 1568 2959 ab
1616 2902 1711 2959 illo
1758 2904 2014 2961 commit-

316 2988 480 3046 titur.

384 3077 587 3174 Itaque
630 3074 936 3174 cujusdarn
984 3075 1387 3174 intempestivo
1428 3077 1614 3135 noctis
1659 3078 2013 3138 increscente
2051 3117 2093 3174 ο

313 3164 575 3222 molestia
640 3179 672 3222 e
739 3165 1004 3222 sensibus
1074 3165 1339 3236 eripitur,
1413 3181 1515 3237 pro
1560 3175 1790 3225 mortuo
1846 3172 2013 3227 terra

312 3253 677 3323 distenditur,
730 3267 834 3310 nos
881 3253 1053 3310 etiam
1100 3251 1190 3326 (³⁸)
1246 3255 1410 3327 signo
1455 3256 1771 3326 crepitante
1826 3259 2014 3316 vocati

311 3342 625 3411 adfuimus,
658 3342 927 3413 psalmos,
959 3343 1276 3407 iurationes,
1309 3352 1363 3400 et
1390 3345 1789 3403 convenientia
1816 3347 2014 3404 obitu-

312 3432 392 3487 ris
421 3430 802 3502 explevimus.
856 3431 982 3497 Quo
1023 3431 1191 3501 facto,
1223 3432 1514 3489 hominem
1564 3433 1669 3503 (⁸9),
1714 3444 1777 3491 ut
1807 3450 2013 3492 mona-

290 3519 437 3575 ‘stici
478 3519 653 3576 moris
687 3526 790 3587 est,
844 3517 1029 3574 cilicio
1067 3519 1457 3589 suppositum,
1504 3528 1568 3577 ut
1597 3522 1907 3580 videbatur
1953 3524 2013 3579 in

310 3607 585 3664 extremis
613 3606 961 3665 stridoribus
1005 3606 1108 3663 vix
1138 3606 1453 3676 efflantem,
1499 3609 1864 3681 reliquimus,
1919 3612 2012 3669 cui

310 3696 513 3753 nullus
557 3695 756 3765 vitam,
811 3709 1009 3753 omnes
1053 3695 1242 3753 solum
1289 3700 1640 3767 pramortuo
1698 3713 1833 3756 mox
1874 3701 2015 3757 ulti-

311 3799 475 3843 mum
532 3784 834 3841 lavacrum
898 3785 1348 3855 spondebamus.
1424 3786 1541 3844 Nec
1592 3802 1775 3854 mora,
1850 3789 2014 3846 nobis

312 3873 662 3931 abeuntibus
694 3872 786 3929 ille
815 3873 1089 3944 respirat;
1126 3874 1372 3944 priorem
1404 3873 1562 3948 (nam
1581 3876 1763 3934 abbas
1791 3877 2017 3950 aberat)

310 3969 547 4030 evocat;
605 3961 674 4018 de
727 3976 793 4018 eo
846 3962 1002 4033 quod
1045 3962 1437 4032 fraudaverat,
1491 3972 1546 4022 et
1598 3966 1692 4022 cui
1753 3966 2011 4025 fraudem

311 4051 695 4119 commiserat,
751 4050 987 4107 indicat.
1042 4051 1220 4121 Dixit,
1260 4059 1316 4108 et
1363 4066 1397 4108 a
1426 4053 1612 4124 priore
1654 4054 2012 4112 absolutione

311 4147 553 4210 recepta,
586 4145 713 4209 post
752 4139 1056 4209 paululum
1088 4140 1340 4211 repetitis
1362 4141 1714 4214 singultibus
1746 4145 2014 4215 exspira-

311 4228 414 4285 vit.
450 4229 590 4284 Erat
618 4227 780 4298 prior
810 4235 953 4284 tunc
981 4228 1254 4299 temporis
1280 4230 1553 4301 magister
1587 4245 1766 4301 meus,
1799 4233 1868 4290 de
1896 4248 2012 4305 quo

312 4315 526 4386 sapius
557 4329 685 4386 ago.
729 4314 873 4371 Ecce
905 4315 1314 4374 misericordia
1362 4318 1590 4375 Domini
1624 4320 1843 4391 multa,
1874 4321 2014 4392 quia

2125 1930 2437 1987 monachos
2485 1929 2891 2001 perniciosum,
2952 1937 3148 2000 utpote
3193 1929 3389 1986 minus
3435 1928 3720 1997 naturale,
3766 1934 3836 1984 ut

2123 2019 2227 2076 vix
2260 2019 2495 2090 aliquod
2526 2010 2744 2075 crimen
2787 2018 3130 2088 reperiatur,
3170 2018 3266 2075 cui
3297 2024 3591 2088 tantopere
3620 2016 3833 2073 diabo-

2123 2107 2216 2165 lus
2243 2107 2613 2178 subripiendo
2644 2106 2967 2163 insidietur.

2747 2194 2975 2253 CAPUT
3013 2196 3200 2252 XXII.

2190 2288 2266 2341 De
2310 2285 2566 2341 monacho
2611 2289 2834 2355 propter
2885 2286 3156 2355 peculium
3192 2286 3251 2339 in
3297 2285 3448 2354 agris
3483 2280 3827 2352 humata:—

2120 2371 2280 2429 Alter
2333 2372 2573 2444 quidam
2628 2387 2700 2430 ex
2758 2372 2969 2429 nostris
3028 2373 3364 2440 monachus,
3433 2379 3488 2428 et
3553 2371 3824 2428 sacerdos

2120 2460 2342 2530 ordine,
2376 2460 2472 2517 cui
2516 2460 2660 2517 nihil
2711 2468 2917 2531 prater
2957 2460 3257 2531 equitandi
3288 2460 3618 2517 aviditatem
3662 2466 3832 2530 pote-

2120 2553 2211 2603 rat
2284 2547 2532 2605 levitatis
2592 2548 2821 2617 ascribi,
2885 2563 2921 2604 a
2976 2557 3241 2605 matrona
3313 2549 3568 2619 quadam
3644 2547 3830 2604 nobili

2121 2634 2269 2691 duos
2313 2644 2607 2707 acceperat
2646 2636 2883 2708 solidos;
2925 2637 3027 2708 qui
3073 2651 3231 2704 mox,
3289 2636 3617 2708 dysenteria
3663 2648 3832 2691 com—

2120 2723 2454 2794 prehensus,
2506 2725 2662 2795 apud
2704 2724 2977 2782 Sanctum
3024 2725 3367 2793 Quintinum
3393 2723 3617 2781 Belvaci
3661 2723 3829 2779 dece-

2120 2812 2301 2868 derat.
2337 2811 2458 2881 Quo
2499 2813 2751 2869 Flaviaci
2799 2814 3047 2885 cognito,
3094 2814 3264 2885 jussu
3309 2814 3536 2871 abbatis
3580 2812 3651 2869 ad
3683 2825 3830 2883 pro-

2121 2900 2307 2970 priam
2365 2902 2662 2959 ecclesiam
2732 2910 2816 2959 est
2883 2903 3116 2959 relatus.
3179 2903 3441 2974 Cumque
3507 2902 3827 2973 plurimum

2121 2988 2333 3058 ederet,
2375 2997 2430 3047 et
2478 2991 2743 3061 protinus
2785 2989 3178 3047 indifferenter
3203 2990 3483 3061 efﬂueret,
3525 2989 3733 3047 accidit
3762 2996 3835 3045 ut

2121 3078 2300 3136 abbas
2344 3093 2488 3135 suus
2539 3078 2763 3149 uspiam
2813 3078 3176 3151 migraturus
3228 3079 3300 3135 ad
3347 3093 3483 3139 eum
3523 3078 3831 3135 locuturus

2121 3166 2434 3235 accederet,
2477 3181 2683 3225 verens
2712 3182 2784 3224 ne
2840 3182 2899 3224 se
2952 3167 3189 3224 absente
3241 3167 3551 3224 decederet.
3594 3167 3677 3235 ,At
3732 3166 3828 3222 ille

2121 3256 2229 3313 sub
2261 3256 2490 3313 abbatis
2529 3257 2786 3313 adventu
2826 3257 2901 3312 ad
2942 3257 3223 3327 requisita
3262 3263 3489 3313 natura
3523 3269 3827 3312 concesse-

2122 3351 2231 3400 rat.
2291 3344 2473 3412 Quem
2521 3344 2704 3415 posito
2762 3344 2871 3401 sibi
2917 3344 3089 3413 dolio,
3157 3345 3298 3415 quia
3343 3345 3650 3415 procedere
3705 3358 3828 3400 non

2123 3439 2362 3503 poterat,
2420 3446 2555 3489 cum
2602 3440 2860 3489 cerneret
2906 3432 3253 3490 incidentem
3313 3434 3404 3505 [f.,
3458 3433 3825 3503 insidentem]

2123 3520 2272 3577 mira
2324 3520 2685 3578 deformitate
2730 3521 3088 3591 horribilem,
3120 3522 3465 3580 alterutrum
3494 3522 3731 3593 quidem
3765 3535 3830 3578 se

2123 3616 2261 3666 sunt
2303 3609 2519 3676 intuiti,
2575 3618 2630 3667 et
2659 3610 2925 3667 abbatem
2967 3611 3176 3682 puduit
3223 3611 3324 3668 tali
3354 3612 3415 3667 in
3463 3611 3585 3667 loco
3629 3609 3827 3666 homi-

2122 3712 2253 3755 nem
2306 3698 2631 3768 convenire,
2687 3707 2742 3756 et
2784 3700 2994 3757 misero
3024 3715 3138 3756 non
3191 3700 3355 3758 licuit
3396 3699 3675 3766 conﬁteri,
3710 3698 3828 3754 imo

2121 3800 2237 3843 non
2287 3786 2477 3856 libuit,
2525 3802 2631 3844 nec
2676 3788 2893 3845 absolvi
2935 3802 2971 3843 a
3017 3788 3276 3846 crimine.
3328 3789 3526 3846 Abbas
3568 3787 3825 3855 recessit,

2120 3882 2176 3931 et
2203 3874 2296 3932 ille
2333 3890 2367 3931 a
2406 3876 2556 3933 dolio
2588 3877 2661 3933 ad
2704 3877 2979 3935 lectulum
3024 3878 3191 3948 quasi
3223 3877 3595 3948 requieturus
3631 3889 3827 3933 acces-

2121 3963 2214 4031 sit,
2265 3964 2324 4020 in
2352 3979 2470 4035 quo
2498 3964 2597 4021 ubi
2640 3972 2725 4022 est
2763 3965 3155 4036 resupinatus,
3187 3979 3219 4021 a
3250 3965 3477 4022 diabolo
3515 3972 3599 4021 est
3643 3962 3823 4021 suffo-

2121 4058 2304 4107 catus.
2351 4051 2585 4109 Videres
2628 4053 2979 4110 horribiliter
3023 4054 3241 4110 harere
3297 4053 3506 4124 pectori
3558 4058 3824 4109 mentum

2119 4147 2175 4196 et
2201 4139 2498 4212 jugulum,
2528 4155 2597 4198 ac
2639 4142 2687 4198 si
2716 4156 2790 4198 ex
2819 4140 3072 4198 violenta
3099 4142 3460 4212 depressione
3488 4141 3818 4198 subactum.

2121 4228 2486 4285 Inconfessus
2538 4229 2720 4300 igitur
2768 4237 2823 4287 et
2854 4230 3147 4299 inunctus,
3193 4238 3250 4287 et
3304 4244 3480 4300 super
3519 4228 3822 4287 maledicto

2122 4315 2217 4371 illo
2271 4330 2375 4372 suo
2423 4317 2648 4387 peculio
2678 4317 2982 4375 intestatus
3026 4318 3291 4375 moritur.
3349 4317 3578 4374 Nudato
3624 4316 3822 4387 itaque

311 4418 428 4460 non
456 4417 661 4459 sumus
681 4403 1007 4474 consumpti
1038 4404 1262 4473 (Thren.
1295 4421 1375 4476 in,
1407 4405 1525 4479 22),
1554 4407 1658 4479 qui
1686 4422 1862 4480 quem
1887 4409 2013 4467 vult
2051 4418 2096 4474 ι)
2126 4403 2197 4459 ad
2223 4403 2540 4461 lavandum
2602 4404 2903 4472 cadavere,
2943 4405 3225 4475 reperitur
3273 4405 3526 4475 pendens
3563 4403 3637 4459 ab
3705 4402 3819 4458 hu-

310 4492 517 4550 liberat
541 4491 610 4547 de
631 4505 729 4548 ore
759 4499 1006 4564 angusto
1035 4492 1328 4552 latissime.

380 4580 600 4637 Exacto
638 4579 818 4651 igitur
845 4592 881 4635 a
923 4582 1303 4651 prasentibus
1351 4582 1604 4653 homine,
1637 4585 1880 4657 quastio
1913 4599 2011 4656 pe-

308 4667 497 4726 cunia
528 4668 589 4724 in
619 4666 904 4726 famulum
937 4674 1051 4725 tota
1080 4669 1435 4728 devolvitur.
1474 4672 1601 4743 Ipse
1630 4681 1826 4731 autem
1849 4686 2012 4730 mas-

309 4771 432 4814 sam
455 4748 628 4814 ‘illam
658 4756 717 4812 in
748 4756 1025 4814 stramine
1052 4772 1340 4816 cunarum
1372 4760 1678 4832 cujusdam
1726 4776 1847 4819 sua
1874 4775 2014 4832 par-

307 4843 461 4902 vula
515 4844 753 4901 infantis
815 4844 1217 4903 absconderat.
1274 4846 1347 4903 At
1402 4856 1569 4904 nocte
1637 4862 1770 4905 cum
1825 4848 2015 4905 infans

309 4932 571 4990 cubitum
601 4932 909 5003 locaretur,
959 4948 1088 4991 ecce
1135 4934 1422 4992 damones
1463 4936 1647 4993 instar
1686 4936 2013 4994 catulorum

309 5033 342 5076 a
373 5020 549 5077 latere
592 5027 648 5077 et
692 5034 728 5077 a
777 5027 936 5094 tergo
985 5022 1271 5092 insiliunt,
1314 5030 1369 5080 et
1425 5024 1562 5080 hinc
1612 5024 1745 5082 inde
1793 5010 2010 5082 circum

306 5108 459 5164 circa
527 5107 839 5178 pulsantes,
894 5117 951 5167 et
1017 5110 1322 5181 aliquoties
1369 5111 1717 5181 vellicantes,
1763 5112 1825 5168 in
1891 5113 2013 5168 cla—

309 5209 498 5253 mores
528 5202 585 5252 et
614 5195 898 5267 lacrymas
942 5199 1330 5256 concitabant.
1370 5198 1635 5270 Cumque
1663 5200 1736 5257 ab
1768 5209 2013 5273 utroque

308 5284 766 5356 interrogaretur
828 5284 971 5357 quid
1043 5285 1223 5355 ﬂeret,
1295 5301 1355 5343 se
1433 5301 1468 5343 a
1523 5288 1731 5345 catulis
1792 5289 2012 5346 comedi

309 5371 710 5443 respondebat.
753 5372 902 5430 Tum
949 5381 1151 5442 mater,
1199 5389 1330 5445 qua
1378 5375 1581 5433 matris
1625 5391 1765 5434 mea
1801 5378 2009 5434 ancilla

306 5467 363 5519 et
400 5460 716 5532 aliquando
754 5460 1099 5533 pedissequa
1133 5462 1448 5533 exstiterat,
1488 5464 1559 5521 ad
1603 5465 1782 5536 ipsam
1823 5466 2009 5523 domi-

306 5564 442 5606 nam
471 5563 659 5618 suam,
708 5557 950 5608 matrem
997 5550 1259 5609 videlicet
1290 5566 1496 5623 meam,
1542 5554 1855 5623 concurrit,
1902 5555 2007 5612 de-

308 5637 492 5710 posita
520 5638 621 5696 illa
669 5639 894 5696 rufaria
934 5640 1087 5711 apud
1117 5655 1178 5698 se
1222 5641 1470 5713 reposita
1496 5641 1654 5711 dicit,
1689 5649 1743 5700 et
1772 5641 2006 5701 infantis

1878 6381 2105 6392 7--

2121 4506 2281 4550 mero
2333 4493 2698 4564 marsupium
2753 4493 2863 4550 sub
2910 4493 3099 4550 axella
3144 4493 3358 4551 labere.
3406 4492 3531 4561 Quo
3574 4498 3816 4562 reperto,

2120 4594 2403 4637 concussa
2444 4582 2547 4653 qui
2599 4582 2900 4638 invenerat
2948 4582 3020 4638 ad
3058 4588 3270 4638 terram
3296 4594 3431 4638 cum
3462 4580 3655 4637 furore
3682 4592 3818 4634 cru-

2121 4682 2309 4737 mena,
2361 4669 2750 4740 manibusque
2777 4669 3081 4740 complosis
3128 4668 3391 4726 cucurrit
3410 4673 3561 4723 488
3586 4666 3662 4723 ad
3689 4680 3815 4722 mo-

2122 4757 2356 4824 nachos,
2398 4757 2690 4815 insolitum
2734 4773 2936 4815 eorum
2979 4757 3224 4815 auribus
3254 4771 3545 4814 rumorem
3573 4755 3816 4812 invexit.

2120 4846 2454 4902 Inauditum
2488 4846 2655 4917 plane
2703 4845 2893 4905 fuerat
2932 4846 3090 4917 apud
3134 4845 3301 4917 ipsos,
3334 4858 3573 4903 suorum
3621 4858 3819 4916 quem-

2120 4934 2276 5004 piam
2302 4934 2383 4990 sic
2403 4934 2628 4991 obiisse.

2191 5022 2360 5079 Mittit
2398 5023 2594 5095 itaque
2644 5030 2769 5095 post
2824 5023 3114 5094 abbatem,
3170 5024 3274 5095 qui
3303 5023 3531 5081 duobus
3559 5020 3818 5078 millibus

2119 5118 2279 5169 trans
2317 5112 2623 5168 Belvacum
2659 5113 2815 5184 apud
2853 5114 3168 5185 quamdam
3204 5113 3400 5169 villam
3437 5126 3603 5169 suam
3634 5124 3815 5181 pran-

2118 5200 2253 5257 dere
2296 5200 2420 5272 jam
2464 5209 2734 5272 caperat.
2790 5202 2897 5258 Per
2939 5202 3122 5259 alium
3169 5209 3361 5259 autem
3405 5200 3666 5268 missum,
3711 5198 3811 5269 qui

2118 5287 2235 5345 huc
2309 5296 2670 5358 pervenerat,
2736 5289 3086 5361 jamdudum
3165 5289 3346 5346 abbas
3414 5302 3550 5345 eum
3609 5286 3813 5344 abiisse

2117 5384 2434 5447 acceperat,
2485 5378 2583 5434 sed
2628 5378 2698 5434 de
2745 5378 2941 5436 solidis
3000 5378 3083 5436 nil
3130 5379 3398 5444 sciverat,
3437 5377 3514 5434 nil
3566 5376 3809 5432 dixerat.

2116 5465 2325 5522 Missus
2352 5479 2492 5537 ergo
2518 5465 2753 5523 veniens
2780 5481 2854 5522 ex
2895 5474 3058 5537 parte
3089 5466 3334 5523 fratrum
3378 5464 3481 5537 qui
3512 5464 3808 5531 miserant,

2115 5553 2362 5611 consulit
2389 5554 2657 5611 abbatem
2686 5555 2828 5626 quid
2858 5555 3007 5613 facto
3038 5569 3184 5625 opus
3218 5555 3308 5624 sit,
3342 5568 3417 5610 an
3456 5553 3586 5610 aliis
3608 5565 3810 5608 conse—

2117 5641 2283 5713 peliri
2331 5641 2542 5710 liceret,
2589 5642 2691 5713 qui
2741 5649 2854 5699 tam
2908 5643 3115 5700 misere
3164 5642 3238 5699 ab
3283 5641 3529 5699 aliorum
3555 5653 3810 5697 commu-
