3946 6418
88 374 218 426 885

1231 379 1320 433 DE
1365 379 1522 432 VITA
1561 379 1694 434 SUA
1740 376 1926 430 LIBRI
1967 376 2162 431 TRES.
2202 406 2271 418 —-
2311 379 2436 432 LIB.
2477 380 2518 432 Ι.

3544 383 3646 434 886

83 507 304 562 nitate
361 509 700 566 desciverat.
747 511 1180 568 Communicato
1231 513 1426 583 itaque
1479 513 1659 569 abbas
1699 526 1832 568 cum
1871 513 1918 564 A
1948 510 2092 580 quid
2137 511 2388 584 fregerit.
2436 512 2506 568 Ut
2552 512 2738 568 simile
2777 513 2992 568 factum
3041 513 3100 568 in
3148 515 3390 570 Francia
3447 522 3641 570 nostra

81 595 264 651 viris
327 597 718 667 prudentibus
779 599 1039 666 consilio,
1099 602 1362 671 praecepit
1429 601 1716 672 agrariam
1779 602 1830 657 ei

90 683 244 739 ﬁeri
280 687 664 755 sepulturam,
695 695 750 744 et
791 689 863 744 ab
891 690 1146 745 oratione
1176 699 1229 746 et
1263 691 1492 760 psalmis
1522 699 1828 758 exsortem,

85 779 168 827 et
217 775 437 841 pectori
483 775 610 845 ejus
652 778 965 846 superponi
1010 779 1330 847 pecuniam.
1372 780 1601 835 Privata
1642 787 1830 835 tamen

89 874 226 928 pro
277 875 346 918 eo
389 862 636 920 fratrum
685 880 800 920 non
843 866 1046 922 defecit
1075 867 1276 934 oratio,
1321 868 1432 924 imo
1485 869 1665 924 multo
1707 883 1830 923 am-

85 948 281 1018 plius
344 951 696 1021 institerunt,
757 969 873 1024 quo
926 956 1114 1026 magis
1157 965 1438 1013 noverant
1485 973 1616 1013 eum
1664 973 1831 1028 egere

89 1038 410 1094 subsidio.
467 1042 555 1096 Ex
609 1042 785 1113 hujus
830 1043 1010 1113 igitur
1053 1053 1232 1101 morte
1274 1048 1592 1115 repentina,
1643 1046 1830 1102 caeleri

85 1125 283 1182 circa
368 1131 659 1197 peculium
745 1132 1136 1202 castigatiores
1211 1135 1436 1190 redditi.
1508 1136 1832 1192 Audiamus

90 1214 325 1272 adhuc
350 1219 598 1287 qualiter
627 1220 741 1275 sint
769 1221 913 1276 alias
942 1228 997 1277 et
1023 1237 1124 1290 pro
1156 1223 1284 1278 aliis
1313 1223 1604 1294 ﬂagellati.

740 1307 972 1365 CAPUT
1013 1310 1223 1365 XXIII.

192 1392 465 1448 Tom'lruo
504 1399 553 1448 et
593 1397 826 1461 fulmine
867 1398 1046 1452 clades
1095 1402 1339 1454 maxima
1391 1404 1448 1454 in
1495 1402 1833 1456 Flaviacensi

90 1479 373 1534 ecclesia.
405 1511 462 1522 —
511 1483 624 1538 Vix
659 1499 858 1553 paucae
890 1487 1273 1543 hebdomades
1303 1503 1549 1544 emensae
1580 1491 1826 1559 fuerant,

90 1578 260 1619 cum
307 1573 453 1621 esset
514 1567 714 1636 vigilia
760 1578 1081 1639 martyrum
1129 1573 1384 1628 Gervasii
1425 1581 1480 1629 et
1527 1575 1827 1642 Prothasii,

93 1666 308 1722 parvo
337 1665 662 1726 emergente
700 1658 973 1727 tonitruo,
1016 1674 1120 1715 nec
1151 1662 1540 1718 crebrescente
1570 1678 1824 1729 corusco,

98 1743 502 1810 tempestuosi
536 1744 684 1799 aeris
721 1746 961 1802 nubilus
990 1748 1296 1804 eminebat.
1344 1750 1509 1806 Mane
1540 1764 1674 1820 ergo
1718 1765 1829 1806 no-

102 1830 210 1884 bis
253 1833 632 1901 surgentibus
669 1848 846 1903 parvo
877 1836 1191 1892 admodum
1231 1837 1413 1906 spatio
1445 1838 1644 1907 primae
1675 1840 1829 1894 horae

98 1917 368 1988 signum
411 1919 764 1978 insonuerat.
819 1924 904 1979 Ad
932 1924 1228 1980 ecclesiam
1274 1927 1500 1981 insolita
1549 1927 1833 1983 celeritate

100 2008 526 2076 convenimus,
577 2018 702 2080 post
750 2012 1145 2069 brevissimam
1193 2014 1546 2070 orationem:
1598 2037 1619 2064 ι
1657 2016 1828 2083 Deus,

107 2095 176 2149 in
214 2095 581 2165 adjutorium
613 2113 806 2155 meum
837 2100 1065 2156 intende
1100 2124 1120 2149 ι
1156 2102 1524 2173 dixeramus;
1566 2105 1663 2159 sed
1698 2119 1830 2160 cum

107 2183 414 2241 vellemus
446 2188 683 2257 aggredi
722 2191 1040 2258 sequentia,
1085 2191 1202 2246 ictu
1233 2200 1433 2248 ruente
1481 2193 1831 2263 grandisono

106 2271 392 2329 fulminis
439 2275 545 2331 hoc
575 2277 740 2332 modo
770 2287 1107 2346 penetratur
1140 2281 1396 2336 ecclesia.
1428 2281 1676 2348 Gallum,
1727 2282 1830 2352 qui

108 2375 309 2431 super
348 2365 496 2419 turri
543 2373 686 2432 erat,
735 2381 985 2430 crucem,
1026 2368 1333 2439 columque
1383 2377 1484 2426 aut
1530 2370 1827 2442 dispergit,

105 2458 225 2505 aut
272 2460 508 2515 cremat,
543 2455 760 2510 trabem
805 2457 898 2511 cui
929 2457 1050 2512 haec
1091 2457 1413 2514 insidebant
1457 2458 1733 2526 debilitat,
1777 2468 1830 2515 et

107 2539 427 2595 scindulas
501 2542 681 2598 clavis
751 2544 958 2600 affixas
1037 2547 1406 2602 semiurendo
1481 2549 1826 2615 convellens,

110 2642 222 2697 per
279 2630 692 2687 occidentalem
755 2634 931 2688 turris
995 2634 1235 2690 vitream
1297 2636 1491 2690 intrat.
1554 2636 1828 2692 Cruciﬁxi

107 2717 358 2772 Domini
434 2719 745 2790 imaginem
820 2722 1020 2779 subter
1095 2732 1356 2785 stantem,
1426 2724 1568 2780 illiso
1643 2740 1829 2795 usque

106 2808 183 2862 ad
253 2807 492 2863 ruinam
549 2811 757 2879 capite,
813 2812 1045 2882 ﬁxoque
1097 2813 1271 2869 latere
1317 2814 1538 2881 dextro,
1590 2813 1825 2886 frangit,

107 2911 235 2951 non
333 2897 570 2965 ustulat,
655 2899 922 2955 dextrum
988 2916 1124 2957 vero
1196 2902 1501 2958 brachium
1567 2910 1621 2958 et
1694 2918 1827 2959 cru-

109 2983 196 3038 cis
269 2990 333 3040 et
395 2984 662 3056 imaginis
725 2987 806 3043 sic
874 2989 991 3044 urit
1051 2996 1105 3044 et
1173 2999 1420 3056 truncat,
1491 2998 1556 3046 ut
1625 2999 1829 3060 praeter

108 3086 343 3128 manus
398 3074 659 3143 pollicem
716 3076 785 3130 de
851 3084 964 3133 toto
1016 3078 1250 3134 brachio
1310 3078 1610 3148 quidpiam
1661 3094 1828 3135 nemo

111 3161 397 3230 reperiat.

188 3252 588 3305 Percutiuntur
630 3252 736 3307 duo
765 3256 1032 3308 monachi.
1080 3285 1147 3294 —
1175 3255 1348 3322 Quasi
1380 3270 1517 3325 ergo
1558 3270 1826 3325 percusso

117 3345 354 3408 pastore
375 3339 793 3412 disperguntur
821 3343 1004 3414 plagis
1034 3357 1101 3400 ac
1132 3345 1412 3400 mortibus
1439 3359 1574 3400 oves
1605 3344 1821 3414 (Matth.

116 3443 268 3491 nm,
337 3430 446 3493 3t).
501 3430 880 3486 Dextrorsum
924 3432 1078 3488 enim
1133 3447 1235 3502 per
1279 3447 1512 3499 arcum,_
1545 3433 1641 3488 cui
1691 3447 1824 3502 per-

119 3530 295 3572 cussa
353 3517 544 3587 imago
593 3518 846 3584 suberat,
903 3519 1385 3587 flammalabens
1441 3521 1499 3575 in
1552 3529 1825 3578 caemento

119 3619 298 3662 arcus
343 3606 735 3663 descendendo
775 3607 1059 3664 bifurcam
1090 3609 1406 3680 nigredinis
1435 3609 1620 3679 rigam
1663 3610 1822 3681 fecit;

119 3700 176 3748 et
224 3693 285 3748 in
337 3693 581 3749 chorum
629 3695 986 3763 perveniens,
1029 3696 1176 3751 duos
1216 3696 1352 3751 hinc
1385 3704 1440 3751 et
1477 3696 1608 3752 inde
1655 3711 1826 3753 arcus

122 3789 346 3838 stantes
397 3782 708 3839 monachos
759 3785 1026 3853 percutit,
1076 3792 1130 3840 et
1180 3785 1236 3839 in
1290 3793 1574 3841 momento
1615 3787 1825 3841 exani—

122 3885 243 3926 mes
291 3870 496 3926 reddit.
551 3871 956 3928 Sinistrorsum
1003 3880 1197 3929 autem
1243 3874 1588 3930 altrinsecus
1649 3889 1825 3930 ruens

123 3958 338 4014 abrasa
387 3973 488 4028 per
534 3961 750 4030 gradus
793 3976 910 4016 non
950 3962 1158 4031 passim
1208 3963 1469 4018 caementi
1518 3962 1710 4030 litura,
1758 3978 1826 4019 ac

124 4045 170 4100 si
218 4060 434 4103 saxum
481 4048 618 4105 inibi
679 4050 1026 4118 volveretur,
1085 4052 1434 4107 monachum
1482 4053 1652 4107 etiam
1712 4053 1827 4108 illic

126 4141 372 4192 stantem
422 4137 659 4205 tutudit,
711 4139 840 4195 licet
888 4155 1077 4210 neque
1118 4141 1176 4195 in
1224 4141 1472 4210 duobus,
1525 4155 1714 4211 neque
1767 4142 1826 4196 in

129 4222 235 4279 hoc
267 4240 385 4281 uno
411 4226 709 4296 quidpiam
741 4227 990 4283 laesionis
1020 4236 1212 4298 aperte
1232 4230 1497 4298 patuerit,
1529 4229 1640 4285 nisi
1671 4231 1824 4299 quod

132 4311 189 4367 in
243 4315 461 4370 eversis
526 4315 705 4387 hujus
751 4317 934 4374 oculis
996 4318 1068 4373 ab
1131 4331 1272 4374 arcu
1320 4318 1587 4374 decidens
1639 4319 1828 4388 pulvis

1870 1811 1908 1863 B

1939 614 2107 654 nemo
2135 607 2299 656 aetate
2327 600 2604 656 didicerit.
2641 601 2792 668 Vidi,
2828 602 3010 658 Deum
3044 609 3236 668 testor,
3275 609 3398 672 post
3438 603 3640 658 horam

1940 702 2059 757 qua
2121 689 2238 744 haec
2291 690 2638 756 acciderant,
2687 690 2864 745 beata)
2921 691 3021 746 Dei
3071 690 3376 747 Genitricis
3430 691 3640 763 imagi-

1939 791 2090 845 nem,
2133 793 2264 848 quze
2312 778 2461 833 infra
2508 778 2857 834 crucifixum
2903 779 3091 835 stabat
3125 780 3292 836 vultu
3325 781 3467 836 adeo
3516 788 3640 836 tur-

1940 864 2175 921 hulento
2230 874 2285 921 et
2333 880 2366 921 a
2421 867 2586 922 solita
2641 867 2942 922 serenitate
2993 875 3232 936 mutato,
3296 876 3358 925 ut
3413 869 3641 939 penitus

1937 953 2177 1009 alterata
2225 954 2534 1011 videretur.
2581 955 2689 1021 Qui
2738 970 2869 1010 cum
2912 971 3035 1011 meo
3082 957 3316 1013 intuitui
3366 973 3481 1013 non
3512 973 3640 1014 cre—

1937 1042 2152 1110 derem,
2217 1044 2339 1100 haec
2399 1045 2520 1114 ipsa.
2567 1045 2739 1100 etiam
2797 1045 2870 1099 ab
2937 1045 3063 1101 aliis
3125 1054 3317 1102 notata
3373 1049 3635 1119 cognovi.

1938 1130 2249 1200 Postquam
2281 1141 2472 1187 autem
2513 1147 2546 1188 a
2579 1141 2828 1202 stupore,
2867 1133 2971 1202 qui
3011 1148 3082 1189 ex
3113 1142 3323 1190 eventu
3359 1135 3453 1190 illo
3483 1137 3640 1191 acci-

1937 1218 2115 1282 derat,
2152 1220 2470 1289 experrecti
2510 1236 2732 1288 sumus,
2785 1231 2838 1276 et
2887 1222 3235 1278 confessione
3271 1223 3438 1288 facta,
3493 1226 3636 1294 quid

1939 1321 2040 1377 pro
2089 1310 2332 1377 peccatis
2363 1310 2572 1365 nostris
2603 1310 2753 1379 passi
2791 1325 3044 1378 eramus,
3092 1319 3271 1380 supra
3304 1326 3482 1382 quam
3527 1313 3638 1367 dici

1937 1397 2010 1451 ab
2052 1397 2282 1453 homine
2315 1406 2515 1467 potest,
2561 1398 2750 1454 tristes
2795 1413 3036 1468 pensare
3084 1400 3380 1468 coepimus,
3423 1408 3477 1456 et
3522 1409 3638 1456 sta-

1941 1485 2048 1540 tuti
2105 1500 2139 1540 a
2178 1487 2290 1542 Deo
2346 1493 2546 1541 contra
2597 1487 2764 1541 facies
2813 1494 3039 1542 nostras
3085 1501 3156 1542 ex
3199 1496 3459 1556 respectu
3507 1504 3639 1544 con-

1937 1573 2308 1629 scientiarum
2359 1582 2687 1629 nostrarum
2737 1575 3044 1630 didicimus
3086 1589 3262 1644 quam
3299 1577 3453 1646 juste
3506 1592 3639 1646 per-

1939 1662 2259 1729 tulerimus,
2334 1662 2482 1718 illico
2545 1663 2652 1733 piae
2732 1663 2922 1718 Matris
2977 1664 3179 1719 faciem
3241 1666 3297 1719 in
3368 1680 3634 1720 serenum

1939 1763 2165 1805 versam
2215 1751 2490 1806 vidimus.
2522 1750 2761 1806 Omnem
2801 1765 2938 1806 sane
2980 1752 3148 1806 ﬁdem
3195 1762 3428 1822 superat
3477 1754 3640 1810 dolor

1938 1845 1991 1894 et
2026 1840 2230 1908 pudor,
2267 1840 2370 1910 qui
2400 1840 2458 1894 in
2485 1841 2649 1895 nobis
2678 1840 3022 1910 aliquandiu
3061 1840 3188 1897 fuit.

2009 1929 2218 1982 Iterum
2259 1928 2325 1981 de
2369 1930 2619 1994 fulmine.
2659 1957 2732 1969 —
2765 1930 2892 1984 Post
2925 1942 3138 1997 paucos
3167 1930 3477 1986 admodum
3527 1946 3639 1986 an—

1939 2029 2043 2071 nos
2089 2030 2222 2072 cum
2286 2017 2464 2087 hujus
2500 2018 2623 2086 jam
2667 2017 2943 2072 memoria
2992 2017 3124 2072 facti
3182 2019 3444 2074 omnium
3499 2035 3638 2088 pene

1937 2105 2366 2161 oblitteraretur
2395 2107 2467 2162 ab
2495 2106 2710 2173 animo,
2744 2106 2926 2162 simile
2959 2107 3110 2162 Deus
3133 2107 3634 2162 commonitorium

1938 2193 2220 2261 repetivit,
2254 2201 2490 2263 excepto
2536 2195 2691 2264 quod
2736 2195 3025 2250 neminem
3059 2195 3227 2250 lzesit.
3287 2195 3430 2250 Nam
3465 2195 3639 2264 juxta

1937 2280 2279 2335 eminentem
2326 2295 2566 2337 camerze
2615 2282 2919 2352 cujusdam
2952 2283 3242 2339 caminum
3281 2297 3428 2353 pavo
3475 2292 3638 2339 nocte

1936 2368 2275 2423 substiterat
2303 2368 2630 2437 quieturus,
2666 2369 2722 2424 in
2751 2377 2980 2425 tantum
3011 2377 3074 2426 ut
3101 2385 3159 2426 se
3189 2379 3372 2426 totum
3413 2371 3462 2425 ei
3496 2375 3633 2426 dum

1936 2470 2137 2510 somno
2201 2456 2618 2526 deprimeretur
2663 2458 3046 2527 imprimeret.
3097 2460 3398 2514 Festivitas
3452 2459 3637 2514 sancti

1933 2545 2130 2600 Jacobi
2185 2545 2448 2614 apostoli,
2528 2553 2582 2601 et
2648 2547 2860 2614 pariter
2921 2547 3214 2602 Dominica
3280 2547 3636 2618 habebatur;

1936 2648 2070 2690 cum
2119 2642 2284 2688 nocte
2328 2635 2522 2704 gravis
2555 2635 2801 2690 tonitrus
2845 2635 3039 2706 fragor
3068 2637 3371 2703 insisteret,
3417 2636 3635 2692 fulmen

1935 2723 2161 2778 camino
2196 2723 2386 2790 irruit,
2420 2723 2709 2794 quidquid
2739 2724 2864 2794 ejus
2898 2740 3142 2782 camera
3169 2726 3460 2781 eminebat
3497 2726 3632 2780 sub-

1936 2812 2072 2872 ruit,
2122 2824 2268 2880 pavo
2315 2811 2366 2866 ei
2409 2811 2750 2867 incumbens
2798 2813 3102 2869 immobilis
3133 2815 3305 2882 stetit,
3353 2813 3637 2883 puerulus

1937 2900 2256 2955 monachus
2310 2899 2508 2955 subter
2562 2900 2852 2956 dormiens
2903 2917 2974 2957 ne
3030 2917 3064 2957 a
3128 2916 3329 2958 somno
3399 2902 3635 2971 quidem

1935 2994 2027 3042 est
2076 2987 2330 3056 excitus;
2384 2987 2637 3044 famulus
2666 2996 2860 3044 autem
2903 2990 3140 3060 quidam
3187 2998 3421 3060 stupore
3471 2990 3635 3060 capi-

1937 3076 2006 3131 tis
2034 3089 2102 3131 ac
2145 3076 2538 3131 membrorum
2569 3076 2714 3131 dure
2752 3084 2835 3131 est
2864 3077 3161 3132 attonitus.
3194 3079 3372 3134 Juxta
3401 3077 3634 3132 beatum

1935 3165 2354 3235 Augustinum,
2403 3164 2560 3234 (non)
2594 3164 2838 3232 1frustra
2893 3173 3114 3221 montes
3171 3167 3323 3221 Deus
3379 3177 3480 3224 aut
3554 3165 3637 3222 in-

1935 3253 2227 3308 sensibilia
2254 3253 2517 3322 percutit,
2541 3253 2638 3308 sed
2671 3260 2733 3308 ut
2751 3254 2968 3309 anobis
2995 3261 3268 3323 pensetur
3293 3258 3468 3326 quod,
3494 3257 3632 3312 dum

1933 3355 2021 3407 ea,
2063 3356 2194 3411 quae
2239 3356 2352 3396 non
2401 3349 2656 3411 peccant,
2707 3342 2789 3397 sic
2826 3342 3062 3410 impetit,
3108 3357 3384 3413 magnum
3429 3344 3632 3414 judicii

1934 3431 2242 3486 discrimen
2341 3431 2711 3499 peccantibus
2805 3430 3066 3498 intendit,
3160 3431 3444 3487 nutricem
3533 3446 3634 3502 pro

1933 3518 2193 3588 exemplo
2273 3519 2525 3575 inferens
2591 3524 2742 3573 484
2810 3534 2941 3589 quae
3023 3519 3169 3575 fuste
3233 3527 3444 3575 terram
3515 3534 3636 3576 ver-

1932 3609 2114 3675 berat,
2139 3615 2202 3663 ut
2230 3608 2583 3664 infantulum
2616 3608 2688 3662 ab
2721 3607 3156 3676 importunitate
3183 3617 3525 3678 compescat.

2005 3697 2089 3751 Dc
2139 3699 2537 3752 conversatione
2592 3696 2976 3750 monachorum
3047 3698 3278 3762 fulmine
3345 3701 3629 3751 tactorum.

1930 3813 2003 3826 —
2030 3785 2310 3841 Prwteriit
2354 3799 2461 3853 me,
2495 3785 2633 3840 dum
2671 3785 2740 3840 de
2774 3785 2951 3854 priori
2988 3785 3305 3842 infortunio
3346 3785 3631 3856 loquerer.

1934 3874 2003 3930 de
2052 3873 2229 3930 trium
2277 3873 2507 3930 illorum
2532 3873 2635 3944 qui
2685 3873 2960 3943 perempti
3001 3881 3136 3929 sunt
3162 3875 3422 3930 moribus
3453 3874 3630 3943 loqui.

1935 3963 2060 4018 Duo
2125 3962 2411 4032 siquidem
2482 3962 2683 4018 novitii
2745 3963 2845 4016 vix
2902 3969 3028 4017 octo
3090 3963 3146 4016 in
3203 3963 3635 4018 conversatione

1935 4063 2157 4105 menses
2207 4049 2608 4120 impleverant,
2653 4064 2902 4120 quorum
2949 4049 3094 4105 alter
3122 4050 3231 4105 sub
3279 4049 3466 4106 colore
3501 4064 3632 4120 gra-

1933 4139 2127 4194 vitatis
2177 4139 2372 4194 minus
2414 4139 2569 4208 apud
2613 4153 2672 4194 se
2717 4138 2957 4194 idoneus
2998 4145 3141 4206 erat,
3184 4138 3328 4194 alter
3365 4138 3474 4194 sub
3523 4138 3635 4193 levi

1935 4227 2272 4283 habitudine
2328 4227 2408 4283 nil
2464 4227 2636 4282 nimis
2686 4226 2896 4282 odibile
2947 4227 3104 4282 intus
3153 4227 3309 4296 quod
3357 4227 3634 4283 sciremus

1937 4315 2199 4371 habebat.
2232 4315 2318 4382 Hi,
2351 4316 2534 4384 pridie
2563 4329 2740 4385 quam
2769 4322 3123 4384 paterentur,
3158 4315 3406 4371 multum
3435 4315 3544 4372 sub
3567 4329 3635 4370 ea

130 4402 421 4471 apparuit.
457 4403 604 4460 lllud
635 4406 846 4460 mirum
879 4406 1111 4476 quidem
1141 4406 1267 4472 fuit,
1301 4406 1456 4476 quod
1489 4407 1590 4476 qui
1613 4408 1822 4462 mortui
1863 4411 1906 4463 D
1933 4417 2109 4473 quam
2168 4403 2290 4459 dixi
2349 4404 2678 4469 diversitate
2732 4418 2791 4459 se
2848 4412 3160 4475 gesserant,
3222 4418 3390 4460 mane
3438 4405 3631 4470 etiam,

131 4498 265 4546 sunt
333 4492 638 4549 substitere
714 4495 999 4566 sedentes;
1059 4510 1162 4551 nos
1219 4510 1354 4552 vero
1412 4499 1512 4566 qui
1566 4496 1826 4553 fulminis

132 4580 492 4638 vehementia
556 4590 946 4653 stupescentes
1009 4599 1151 4654 pene
1214 4584 1508 4640 examines
1571 4600 1821 4652 eramus,

136 4669 295 4736 proni
324 4670 382 4725 in
412 4671 718 4727 alterutros
755 4687 1077 4730 rucramus.
1112 4673 1308 4743 Aliqui
1337 4681 1530 4729 autem
1564 4681 1824 4730 nostrum

136 4757 231 4825 qui
267 4759 594 4828 cecidimus,
643 4775 678 4816 a
724 4762 958 4832 cingulo
1005 4762 1246 4818 inferius
1289 4777 1524 4818 sensum
1572 4764 1826 4832 corporis

139 4857 357 4904 omnem
410 4849 792 4918 perdidimus;
835 4850 1016 4920 aliqui
1054 4851 1194 4907 adeo
1232 4850 1350 4906 laasi
1389 4858 1526 4906 sunt
1557 4859 1622 4907 ut
1667 4859 1825 4908 metu

141 4935 333 4988 mortis
381 4949 542 4991 sacro
596 4937 888 4992 confestim
952 4937 1072 4992 oleo
1126 4951 1221 4992 eos
1272 4937 1706 5007 inungeremus.
1759 4939 1824 4993 In

143 5023 518 5086 quorumdam
561 5023 722 5080 sinus
770 5025 1004 5080 ﬂamma
1039 5025 1372 5082 subintroiit
1409 5033 1464 5081 et
1511 5026 1655 5095 pilos
1701 5027 1827 5082 uni-

142 5119 328 5164 versos
368 5111 638 5180 adurens,
669 5119 724 5169 et
754 5113 1117 5182 ascellarum,
1147 5129 1278 5184 quae
1304 5114 1606 5170 subhircos
1637 5115 1826 5170 nomi-

142 5203 296 5263 nant,
353 5208 746 5256 succrementa
804 5201 1189 5272 conﬂagrans,
1244 5202 1476 5271 pedules
1526 5216 1594 5258 ac
1645 5203 1828 5259 soleas

154 5287 491 5349 pertusando
530 5303 632 5358 per
659 5297 920 5346 extrema
945 5291 1329 5362 progreditur.

214 5374 456 5443 Deipa'm
510 5381 768 5449 imaginis
824 5381 993 5441 facies
1050 5382 1229 5435 tristis
1275 5384 1524 5449 apparet.
1586 5409 1655 5419 —
1707 5379 1828 5434 Dici

151 5472 257 5514 non
290 5472 463 5532 potest
503 5481 682 5536 quam
707 5467 1060 5537 judicialiter
1090 5469 1149 5524 in
1182 5475 1467 5524 momento
1504 5467 1598 5523 illo
1623 5467 1819 5524 coeles-

151 5545 218 5602 tis
278 5550 580 5624 disciplina
642 5555 908 5623 savierit,
979 5568 1077 5624 per
1145 5569 1291 5625 quos
1358 5555 1654 5611 anfractus
1715 5555 1832 5612 huc

157 5632 392 5710 illucque
474 5643 830 5710 discurrerit,
917 5645 1058 5713 quid
1128 5644 1354 5712 laeserit,
1427 5644 1568 5713 quid
1600 5643 1828 5711 usserit,

1933 4506 2050 4563 quo
2094 4493 2215 4548 haec
2263 4494 2649 4565 contigerunt,
2684 4507 2816 4548 cum
2848 4493 3088 4549 tonitrui
3125 4508 3290 4550 voces
3333 4493 3428 4550 ille
3473 4502 3630 4550 exte-

1935 4581 2058 4637 rius
2113 4582 2254 4638 levis
2324 4584 2596 4651 audisset,
2649 4583 2826 4639 verba
2876 4583 3085 4638 exinde
3147 4583 3336 4639 dicere
3389 4583 3635 4640 ridicula

1933 4671 2120 4740 coepit,
2197 4672 2506 4741 statimque
2571 4673 2796 4728 intrans
2871 4671 3164 4729 ecclesiam
3227 4673 3404 4728 ictum
3472 4672 3633 4728 illum

1934 4773 2108 4829 quem
2161 4760 2284 4815 risit
2329 4760 2568 4829 excepit.
2617 4760 2689 4816 At
2737 4760 2939 4816 tertius
3002 4760 3280 4815 vocabulo
3331 4759 3629 4824 Robertus,

1934 4848 2035 4918 qui
2062 4855 2115 4903 et
2148 4848 2204 4902 in
2236 4849 2447 4905 saeculo
2491 4849 2770 4905 Columba
2818 4847 3356 4919 cognominabatur,
3406 4847 3478 4903 ob
3510 4847 3634 4903 sin-

1935 4950 2123 4992 ceram
2175 4951 2352 5007 quam
2407 4938 2652 4993 habebat
2712 4937 3157 5007 simplicitatem,
3214 4935 3448 5006 juvenis
3495 4943 3634 4992 tunc

1935 5025 2138 5095 primis
2216 5026 2378 5096 genis
2461 5027 2930 5097 pubescentibus,
3014 5025 3074 5079 in
3139 5025 3292 5080 omni
3369 5025 3637 5095 cognitus

1937 5114 2251 5180 honestate,
2292 5116 2350 5169 in
2393 5115 2771 5170 ecclesiastico
2815 5128 2882 5170 ac
2930 5114 3182 5169 fraterno
3214 5113 3400 5169 officio
3450 5121 3636 5170 tanto-

1939 5215 2070 5272 pere
2108 5210 2232 5258 erat
2272 5204 2575 5273 expeditus
2615 5211 2668 5259 et
2708 5203 2887 5260 solers
2915 5206 2982 5258 ut
3022 5202 3278 5259 vicarius
3309 5217 3450 5272 pene
3490 5217 3635 5273 quo-

1938 5290 2074 5347 tidie
2124 5292 2382 5346 omnium
2433 5293 2764 5348 haberetur.
2825 5292 3109 5363 Attigerat
3156 5300 3348 5348 autem
3397 5299 3452 5348 et
3496 5292 3639 5347 bene

1939 5379 2396 5450 grammaticam.
2434 5382 2486 5437 Is
2517 5383 2800 5438 matutina
2829 5381 2926 5437 illa
2955 5382 3118 5447 hora,
3144 5396 3275 5451 quae
3306 5381 3382 5438 ibi
3413 5382 3640 5438 fovebat

1938 5467 2202 5534 exitium,
2237 5482 2371 5523 cum
2425 5483 2514 5524 me
2557 5477 2908 5541 surgentem,
2959 5484 3029 5525 ne
3070 5470 3274 5526 solitus
3302 5477 3444 5537 erat,
3488 5485 3637 5540 prae-

1939 5555 2188 5612 venisset
2239 5556 2296 5610 in
2346 5556 2598 5613 claustro
2634 5557 2849 5624 sedere,
2899 5557 3250 5628 significavit
3293 5557 3436 5613 mihi
3483 5559 3639 5628 quod

1941 5642 2276 5713 ingentibus
2348 5652 2403 5700 et
2461 5645 2684 5716 reliquo
2758 5660 2994 5716 corpore
3061 5647 3290 5717 magnis
3348 5646 3642 5703 doloribus
