3946 6420
300 356 400 407 887
1198 352 1257 404 V.
1302 351 1637 409 GUIBERTI
1676 351 1971 407 ABBATIS
2009 353 2065 405 S.
2111 351 2351 407 MARLE
2391 350 2482 407 DE
2523 350 2918 408 NOVIGENTO
3736 356 3858 408 888

298 491 631 560 angeretur.
688 487 762 544 Et
802 486 1049 543 subinde
1103 494 1453 544 commotum
1513 485 1873 557 respectabat
1930 484 2003 543 ad
2041 488 2089 540 Α
2118 492 2248 542 ctus
2307 486 2536 543 horruit
2583 486 2858 558 seipsum,
2914 486 3012 543 sed
3056 494 3372 559 antequam
3431 488 3855 556 conﬁteretur,

298 590 509 643 aerem,
556 590 630 632 ex
659 589 776 647 quo
814 582 870 632 et
918 589 1054 631 mox
1083 575 1375 632 occubuit.
1416 575 1558 631 Ecce
1597 581 1729 631 ante
1771 574 2005 631 ruinam
2113 575 2270 632 subit
2321 575 2658 647 hujusmodi
2714 590 2849 633 cum
2895 577 3116 633 caeteris
3160 577 3434 634 omnibus
3470 577 3852 648 periculum,

299 679 399 722 cor
443 664 673 721 illorum
722 663 979 720 duorum
1027 664 1419 733 exaltabatur,
1464 677 1737 733 quorum,
1779 669 1845 719 ut
1883 677 2004 719 cre-
2116 665 2217 735 qui
2258 664 2550 722 confessus
2592 665 2735 737 justi
2776 665 2980 736 judicii
3012 679 3293 737 magnum
3335 667 3488 722 dedit
3517 665 3852 722 indicium.

300 752 512 820 dimus,
572 752 633 808 in
684 751 787 809 Dei
839 751 1060 823 judicio
1131 751 1386 808 severior
1442 766 1577 808 mox
1629 758 1753 807 erat
1807 751 2008 807 futura
2114 755 2223 810 Pro
2266 769 2383 825 quo
2423 754 2547 826 jam
2589 762 2953 811 consternato
2987 754 3341 821 discrimine,
3388 753 3479 810 die
3529 769 3653 825 quo
3712 755 3857 810 haec

300 840 612 911 sententia;
663 839 906 912 gloriam
948 854 1087 897 vero
1136 841 1194 896 in
1245 841 1348 897 isto
1399 840 1759 911 praecedebat
1812 839 2005 896 humi-
2118 842 2372 912 primum
2422 843 2699 910 accidere,
2734 842 3011 913 perennia
3038 843 3351 913 quotannis
3378 850 3516 898 sunt
3554 842 3859 899 instituta

303 930 452 998 litas,
503 929 599 986 cui
646 936 703 986 et
748 928 900 985 illico
945 928 1092 987 nulli
1132 929 1377 985 dubium
1421 928 1567 1000 quin
1614 929 1814 985 divina
1866 928 2008 985 foret
2111 930 2356 1002 jejunia,
2392 931 3007 1001 eleemosynarumque
3055 930 3349 987 beneﬁcia.
3405 929 3497 1002 (5*)
3545 932 3735 988 Missa
3773 932 3859 987 ad

202 1012 209 1021 ’
302 1032 607 1075 accessura
650 1017 996 1075 sublimitas.
1044 1017 1190 1074 Nam
1230 1017 1463 1075 cuidam
1513 1032 1647 1073 mox
1688 1017 2006 1074 revelatum
2116 1019 2342 1075 beatam
2407 1019 2649 1077 Mariam
2720 1026 2776 1075 et
2845 1019 2916 1075 de
2982 1019 3106 1089 ipsa
3173 1020 3534 1090 quotidiana,
3615 1028 3867 1091 praeter

300 1114 383 1163 est
430 1106 571 1178 quia
616 1106 676 1162 hi
713 1114 827 1163 tres
857 1107 1101 1163 Romam
1146 1106 1221 1162 ad
1254 1105 1529 1163 Sanctum
1564 1106 1797 1162 Petrum
1845 1105 2007 1176 pari-
2116 1107 2267 1163 hanc
2292 1122 2529 1178 quoque
2572 1107 2748 1163 missa
2772 1107 2841 1163 de
2870 1107 3060 1164 Natali
3091 1108 3321 1165 Domini
3364 1109 3435 1165 ad
3463 1109 3645 1165 altare
3682 1109 3865 1165 San-

304 1204 390 1253 ter
431 1196 900 1267 commigrarent,
947 1195 1045 1252 sed
1098 1195 1213 1252 duo
1261 1195 1619 1263 umbratiles,
1672 1202 1727 1251 et
1760 1194 1862 1265 qui
1907 1194 2008 1250 vix
2118 1195 2193 1252 cti
2248 1195 2543 1253 Michaelis
2577 1194 2732 1252 omni
2776 1195 3096 1252 Dominica.
3146 1196 3254 1253 Sed
3291 1196 3413 1267 jam
3447 1211 3862 1268 properemus

303 1284 488 1341 videri
532 1291 783 1355 possent,
814 1283 1019 1341 tertius
1067 1283 1163 1340 ille
1200 1283 1451 1351 albatus,
1496 1290 1552 1340 et
1580 1284 1747 1340 solita
1788 1282 2010 1355 sagaci-
2116 1281 2192 1337 ad
2231 1281 2366 1338 alia.

305 1380 421 1431 tate
450 1372 649 1440 vivax,
683 1385 753 1429 ac
778 1372 1005 1463 mobilis
1037 1371 1402 1463 properabat.
1539 1460 1552 1463 _
1759 1420 1773 1433 .
1942 1458 1952 1463 _
2727 1403 2962 1462 CAPUT
2997 1405 3212 1463 xxw,

374 1463 627 1520 Accessit
700 1470 826 1533 post
883 1462 1105 1532 aliquot
1152 1475 1336 1516 annos
1376 1460 1500 1532 jam
1539 1460 1749 1517 horum
1798 1458 2008 1528 oblitis,

302 1559 359 1609 et
410 1550 714 1609 securitate
773 1549 1154 1620 torpentibus,
1210 1548 1378 1605 tertia
1425 1548 1719 1605 correctio.
1762 1549 1889 1605 Jam
1936 1548 2009 1604 ab
2194 1550 2471 1604 Daemones
2525 1552 2728 1603 terrent
2781 1548 3102 1604 monachum
3146 1552 3313 1605 morti
3347 1552 3697 1620 proximum,
3750 1567 3866 1621 qui

304 1640 542 1698 ecclesia
597 1640 799 1697 eadem
848 1639 1072 1694 fueram
1131 1636 1449 1707 digressus.
1509 1637 1676 1693 Mane
1733 1636 2007 1707 quodam,
2117 1639 2260 1693 malo
2330 1641 2436 1708 ﬁne
2488 1639 2675 1708 periit.
2727 1668 2797 1678 —
2843 1638 2925 1694 Eo
2982 1652 3156 1706 anno,
3216 1639 3330 1696 imo
3386 1645 3513 1709 post
3570 1646 3861 1708 quatuor

308 1743 426 1800 quo
473 1728 630 1785 ﬁeret
675 1734 1056 1797 tempestuosa
1101 1726 1428 1791 commotio,
1479 1724 1552 1781 ad
1592 1725 1783 1796 majus
1828 1725 2009 1781 altare
2048 1788 2086 1800 _
2119 1725 2291 1796 primi
2319 1740 2490 1782 casus
2534 1739 2781 1793 menses,
2823 1725 3065 1797 quidam
3108 1727 3433 1783 monachus
3462 1725 3671 1782 ordine
3704 1741 3855 1796 pre-

308 1788 539 1874 litanias
584 1788 875 1873 cantaturi
921 1820 1336 1885 processerant.
1379 1815 1442 1868 In
1500 1814 1672 1869 choro
1721 1813 1896 1881 enim,
1948 1813 2007 1869 in
2047 1788 2087 1842 Β
2116 1815 2330 1885 sbyter,
2364 1814 2565 1870 matris
2606 1828 2746 1870 meae
2780 1788 3076 1885 quondam
3126 1813 3183 1869 in
3214 1814 3423 1872 saeculo
3465 1815 3850 1884 capellanus,

308 1921 425 1976 quo
483 1905 737 1976 primum
793 1903 1094 1971 ceciderat,
1150 1901 1464 1958 subsistere
1520 1915 1636 1957 non
1695 1902 2008 1969 audebant,
2116 1902 2209 1959 vir
2253 1903 2328 1959 ad
2372 1903 2607 1959 oculum
2661 1911 2804 1960 tunc
2843 1901 3171 1974 religiosus,
3220 1903 3319 1959 sed
3365 1909 3506 1958 tunc
3561 1909 3617 1958 et
3671 1911 3853 1973 post-

312 2007 446 2050 cum
492 1993 683 2049 subito
721 1991 956 2048 ﬂamma
1002 2003 1254 2060 superna
1299 1987 1437 2055 ruit,
1478 1995 1553 2057 et,
1602 1988 1772 2045 sicuti
1821 1989 1861 2045 ii
1908 1990 2011 2061 qui
2117 1990 2357 2047 modum
2400 1991 2553 2047 vitiis
2570 1991 2923 2059 enormibus,
2958 2004 2993 2045 a
3030 1989 3247 2061 quibus
3273 1990 3534 2046 custodia
3567 1990 3853 2047 humana

314 2082 509 2138 videre
565 2080 753 2137 testati
821 2086 977 2147 sunt,
1050 2092 1238 2149 usque
1284 2078 1358 2133 ad
1404 2076 1603 2134 altaris
1663 2078 2011 2149 crepidinem
2119 2079 2394 2137 abstineri
2448 2094 2565 2136 non
2623 2086 2858 2149 poterat,
2920 2079 3412 2136 irretractabiliter
3449 2080 3706 2147 deditus,
3764 2080 3854 2136 fa-

313 2169 735 2238 descendendo,‘
767 2168 1077 2224 circuitum
1117 2166 1244 2237 ejus
1276 2173 1424 2222 tetra
1465 2166 1539 2222 ad
1586 2166 1887 2237 sulphuris
1925 2168 2012 2224 in-
2119 2168 2227 2225 cile
2283 2175 2530 2238 coeperat
2585 2167 2887 2223 inﬁrmari.
2947 2167 3055 2233 Qui
3120 2168 3473 2238 insperatam
3529 2167 3591 2223 in
3656 2168 3849 2225 biduo

313 2262 435 2311 star
493 2255 768 2326 implevit.
828 2255 1073 2312 Cuidam
1118 2255 1399 2311 monacho
1444 2254 1770 2326 presbytero
1819 2257 2015 2313 oculos
2121 2256 2436 2326 perductus
2486 2256 2560 2312 ad
2608 2262 2872 2319 mortem,
2912 2254 3080 2325 coepit
3121 2255 3390 2312 atrociter
3436 2256 3546 2311 hac
3583 2256 3850 2327 illacque

318 2344 398 2400 ibi
452 2343 717 2411 obduxit,
766 2343 995 2399 duobus
1051 2342 1246 2413 pueris
1305 2343 1376 2399 ad
1435 2343 1633 2401 altaris
1692 2344 2015 2415 pedaneum
2121 2350 2273 2400 485
2322 2344 2631 2415 despicere.
2690 2348 2956 2415 Cumque
3011 2344 3085 2400 ab
3133 2344 3201 2401 iis
3244 2343 3347 2415 qui
3386 2358 3506 2400 esse
3546 2344 3678 2415 ejus
3727 2360 3848 2401 no-

322 2431 512 2501 capita
555 2430 918 2498 habentibus,
977 2444 1046 2486 ac
1096 2430 1411 2500 prostratis,
1463 2445 1713 2502 quorum
1758 2432 1903 2488 alter
1943 2446 2017 2488 ex
2125 2441 2327 2490 verant
2357 2441 2667 2505 rogaretur
2708 2433 2847 2503 quid
2881 2440 3160 2499 cerneret,
3197 2433 3537 2503 respondit:
3584 2434 3849 2490 Domum

324 2520 522 2576 Judmo
553 2533 887 2587 conversus,
932 2518 1031 2575 sed
1066 2519 1509 2589 praecordialiter
1538 2519 1719 2576 ﬁdelis
1752 2527 1894 2589 erat,
1946 2521 2017 2577 ab
2124 2522 2354 2593 plenam
2394 2521 2661 2579 barbaris
2704 2521 3059 2579 hominibus.
3112 2522 3376 2592 Cumque
3418 2521 3496 2577 illi
3546 2521 3845 2593 intellige-

327 2609 495 2665 altari
563 2607 825 2676 sublatis,
882 2607 1199 2678 proculque
1257 2608 1582 2676 transactis,
1634 2609 1804 2678 pedes
1857 2623 2019 2666 aram
2127 2617 2257 2666 rent
2301 2610 2410 2666 sibi
2463 2625 2559 2667 eos
2608 2611 2711 2681 qui
2755 2610 3102 2667 videbantur
3138 2625 3255 2666 non
3306 2610 3448 2666 alios
3496 2624 3675 2680 quam
3727 2611 3847 2667 dte-

329 2710 550 2764 versus,
599 2702 773 2766 caput
814 2695 886 2751 ab
914 2695 1111 2752 abside
1159 2697 1433 2766 parietem
1465 2696 1604 2767 ipsis
1631 2697 2021 2755 nescientibus
2126 2713 2324 2755 mones
2396 2698 2717 2765 imminere,
2794 2706 3094 2769 cmperunt
3158 2698 3209 2755 ei
3264 2713 3575 2770 suggerere
3641 2706 3706 2755 ut
3775 2714 3843 2755 se

322 2792 515 2840 motus
554 2784 646 2840 ille
689 2784 987 2841 convertit.
1035 2783 1266 2852 Arcam,
1312 2799 1445 2855 quae
1476 2791 1604 2855 post
1650 2784 1831 2842 altare
1875 2793 2019 2854 erat,
2129 2788 2403 2859 signaret,
2439 2795 2495 2843 et
2536 2787 2761 2843 beatam
2787 2788 2889 2844 Dei
2924 2787 3275 2844 Genitricem
3319 2788 3589 2843 invocare
3626 2801 3838 2857 spera-

329 2886 431 2942 per
472 2872 601 2929 loca
657 2872 963 2928 debilitans
1007 2872 1226 2928 fulmen
1273 2872 1509 2941 introiit,
1551 2873 1839 2943 planetam
1890 2888 2023 2945 quae
2130 2882 2254 2931 ret:
2312 2896 2332 2924 ι
2369 2874 2557 2945 Spem,
2603 2875 2817 2946 inquit,
2857 2882 2912 2931 et
2955 2874 3229 2931 ﬁduciam
3280 2875 3340 2929 in
3383 2874 3509 2944 ipsa
3554 2874 3837 2930 haberem

324 2960 625 3032 pretiosior
664 2960 1000 3032 putabatur,
1041 2975 1175 3017 cum
1202 2974 1336 3030 pars
1369 2961 1620 3031 plurima
1650 2962 1726 3018 ibi
1766 2962 2023 3020 thesauri
2131 2963 2240 3020 nisi
2266 2964 2512 3020 barones
2541 2963 2634 3020 isti
2664 2963 3013 3020 insisterent.
3049 2984 3069 3012 ι
3105 2963 3317 3020 Mirum
3348 2963 3507 3019 dictu
3536 2963 3690 3033 quod
3723 2963 3836 3019 ba-

324 3055 471 3106 esset
507 3048 778 3116 ecclesiae,
831 3048 1011 3105 solam
1059 3048 1169 3105 ﬁde
1205 3049 1482 3120 corrupit.
1531 3049 1712 3122 Cujus
1755 3050 1878 3107 haec
1915 3050 2024 3106 mi-
2063 3094 2105 3148 Ο
2132 3067 2300 3110 rones
2355 3066 2450 3109 eos
2510 3051 2823 3118 vocaverit,
2882 3051 3040 3122 quod
3095 3066 3171 3108 ex
3239 3051 3437 3108 Graeca
3488 3050 3835 3121 etymologia

324 3137 509 3194 randa
536 3138 683 3194 ratio
711 3144 815 3194 est.
2067 3137 2105 3148 “”
2132 3155 2340 3212 graves
2389 3139 2696 3211 signiﬁcat.
2756 3140 2845 3207 Et,
2896 3154 2929 3195 o
2973 3152 3151 3209 quam
3198 3138 3347 3195 male
3395 3153 3605 3210 graves
3645 3145 3829 3205 erant,

392 3231 442 3282 A
487 3242 622 3299 rege
650 3227 993 3299 Anglorum,
1027 3226 1152 3284 viro
1194 3241 1432 3298 prorsus
1460 3228 1773 3300 illegitimo,
1818 3236 1874 3286 et
1910 3231 2024 3285 Ec—
2132 3229 2236 3300 qui
2301 3243 2419 3285 non
2472 3229 2594 3299 jam
2663 3226 2999 3297 poenitentia
3063 3234 3164 3283 aut
3222 3227 3581 3284 invocatione
3633 3227 3834 3297 aliqua

323 3316 511 3374 clesiis
556 3316 798 3385 infenso,
833 3315 934 3387 qui
965 3315 1172 3384 Rufus,
1206 3317 1363 3386 quod
1391 3323 1446 3372 et
1482 3325 1626 3383 erat,
1657 3319 2026 3388 cognomina-
2132 3316 2356 3374 amoliri
2432 3316 2768 3373 valuerant!
2838 3316 3207 3387 Interrogant
3270 3316 3520 3386 denique
3585 3316 3643 3371 in
3713 3330 3834 3386 quo

325 3406 498 3463 batur
555 3405 687 3476 (40),
742 3419 920 3476 quem
964 3405 1118 3461 Deus
1170 3404 1260 3459 sui
1307 3404 1489 3473 ipsius
1539 3405 1742 3462 amasii
1793 3406 2021 3477 sagitta,
2132 3405 2494 3476 potissimum
2523 3411 2857 3476 angeretur.
2892 3404 3213 3474 Respondet
3252 3404 3347 3460 ille
3375 3404 3456 3461 sic
3492 3418 3551 3461 se
3598 3404 3827 3472 sentire,

323 3495 467 3551 dum
526 3502 856 3561 venaretur,
910 3492 1137 3560 occidit,
1201 3491 1428 3562 planeta
1488 3493 1614 3563 ipsa
1668 3508 1743 3550 ex
1794 3494 2026 3551 nomine
2133 3508 2201 3550 ac
2252 3494 2300 3549 si
2347 3493 2551 3564 ingens
2583 3492 2903 3562 productile
2953 3484 3172 3549 ferrum‘
3216 3500 3421 3565 guttur
3445 3493 3572 3564 ejus
3594 3500 3648 3549 et
3679 3507 3831 3563 prae-

327 3582 499 3653 petita
534 3589 638 3639 est.
691 3581 797 3646 Qui
849 3580 1108 3651 proprios
1153 3593 1286 3635 cum
1319 3579 1495 3635 nollet
1530 3580 1846 3638 exhaurire
1894 3581 2027 3638 the-
2133 3582 2349 3651 cordia,
2383 3582 2618 3638 ﬂamma
2660 3582 3130 3649 excandescente,
3181 3588 3496 3652 perureret.
3554 3581 3693 3637 Cum
3731 3594 3832 3637 au-

328 3685 554 3737 sauros,
602 3669 954 3725 monachum
1003 3667 1183 3739 hujus
1243 3668 1325 3723 rei
1366 3676 1734 3725 executorem
1774 3669 2026 3727 destina-
2133 3679 2247 3728 tem
2277 3678 2422 3727 esset
2451 3684 2569 3726 nox
2611 3669 2985 3741 quietissima,
3019 3676 3185 3726 utne
3219 3669 3548 3726 venticulus
3594 3669 3828 3726 audire-

329 3760 411 3817 vit
455 3759 529 3814 ad
562 3758 826 3815 abbatem
876 3755 1208 3813 monasterii
1254 3755 1355 3828 (0°)
1394 3757 1552 3827 quod
1594 3758 1911 3815 vocabatur
1958 3758 2027 3815 de
2134 3765 2252 3826 tur,
2306 3764 2605 3829 cmperunt
2649 3757 2911 3813 fenestrae
2967 3757 3174 3813 domus
3232 3756 3549 3826 parietibus
3601 3756 3820 3827 appelli,

330 3847 503 3915 Bello,
567 3846 851 3902 mandans
902 3844 953 3901 ei
1012 3852 1079 3902 ut
1134 3844 1466 3915 quindecim
1523 3860 1748 3903 marcas
1802 3849 2027 3919 argenti
2133 3855 2189 3904 et
2218 3845 2387 3917 quasi
2414 3861 2488 3902 ex
2524 3846 2723 3917 aliqua
2753 3845 3096 3902 intrantium
3138 3844 3466 3915 frequentia
3495 3844 3693 3900 crebro
3735 3858 3822 3900 re-

329 3936 438 4008 ipsi
500 3935 788 3992 monacho
847 3933 1024 3991 daret.
1087 3934 1309 3991 Abbate
1368 3948 1504 3991 vero
1560 3942 1858 4003 renuente,
1926 3950 2028 4007 per
2136 3934 2377 4007 percuti.
2428 3936 2557 3992 Duo
2595 3948 2731 3991 eum
2773 3933 3060 4000 monachi,
3103 3932 3322 3989 caeteris
3383 3933 3443 3989 in
3476 3933 3642 3990 domo
3690 3933 3823 3989 dor-

329 4024 482 4097 regis
523 4024 856 4080 violentiam
894 4022 1224 4079 monasterii
1273 4023 1463 4093 praeda
1492 4023 1758 4091 abducta,
1801 4032 1857 4080 et
1893 4039 2026 4081 mox
2134 4023 2468 4091 mientibus,
2528 4023 2923 4091 asservabant,
2961 4030 3037 4091 et,
3088 4021 3300 4078 conscii
3339 4022 3496 4092 quod
3530 4021 3665 4078 talia
3708 4036 3821 4078 non

328 4112 540 4169 marcis
569 4109 919 4183 quindecim,
958 4110 1131 4168 vellet
1159 4110 1352 4180 nollet,
1382 4111 1453 4168 ab
1479 4111 1678 4168 eodem
1712 4112 1915 4169 abbate
1944 4120 2029 4169 est
2133 4126 2206 4169 ex
2256 4112 2405 4168 bono
2449 4112 2671 4180 ﬁerent,
2721 4111 3065 4168 aastuabant.
3098 4112 3255 4166 Inter
3281 4110 3378 4166 illa
3405 4123 3544 4181 ergo
3574 4124 3700 4181 quaa
3739 4110 3820 4166 di-

330 4201 641 4271 redempta.
697 4199 837 4255 Inde
890 4198 1188 4271 sacrilega,
1248 4199 1363 4256 imo
1400 4214 1501 4270 per
1546 4200 1851 4272 sacrilegos
1899 4200 2028 4271 pla-
2132 4202 2329 4257 ximus
2361 4201 2541 4258 verba
2569 4200 2807 4257 efﬂavit.
2839 4202 2979 4257 Erat
3008 4206 3205 4257 autem
3250 4199 3419 4255 homo
3449 4198 3645 4255 multis
3670 4197 3821 4254 indi-

330 4296 465 4345 neta
511 4295 667 4344 tanta
722 4295 808 4344 est
864 4287 1039 4344 etiam
1096 4287 1301 4345 fraude
1340 4296 1621 4359 coempta,
1667 4303 1773 4346 nec
1820 4288 2028 4345 minori
2136 4290 2455 4361 guitatibus
2496 4290 2778 4357 addictus,
2811 4289 2967 4347 unde
3007 4296 3063 4345 et
3095 4288 3265 4345 talem
3313 4286 3492 4344 vitam
3540 4286 3666 4343 talis
3699 4301 3821 4343 con-

331 4375 537 4433 fraude
581 4374 915 4445 composita,
959 4381 1021 4431 ut
1047 4374 1107 4431 in
1138 4377 1524 4446 procurando,
1568 4377 1627 4433 in
1656 4378 1919 4446 emendo,
1966 4385 2030 4434 ut
2068 4394 2113 4449 ι)
2138 4385 2371 4436 secutus
2392 4382 2480 4436 est
2507 4378 2719 4435 exitus.

331 4462 728 4533 componendo
773 4468 891 4518 tota
937 4469 1156 4519 constet
1201 4462 1262 4519 in
1308 4464 1703 4521 maledictione
1753 4465 2028 4533 conﬂata;
2211 4470 2278 4524 In
2325 4467 2648 4525 coemeterio
2692 4466 2945 4523 ecclesiaa
3003 4465 3158 4522 illius
3204 4465 3536 4536 sepulcrum
3596 4462 3814 4519 cuidam

331 4566 439 4609 nec
477 4550 631 4608 enim
663 4550 919 4607 medium
948 4550 1133 4621 pretii,
1170 4559 1477 4624 postquam
1508 4560 1632 4624 post
1657 4555 1816 4611 hunc
1854 4568 2028 4611 even-
2138 4555 2407 4613 defuncto
2448 4555 2731 4611 monacho
2762 4554 3115 4625 parabatur;
3146 4568 3253 4610 nec
3288 4553 3403 4622 ille,
3445 4552 3539 4609 cui
3569 4551 3623 4607 id
3657 4549 3815 4608 ofﬁcii

336 4649 457 4699 tum
489 4640 549 4696 in
576 4646 769 4711 partes
802 4639 979 4696 missa
1007 4639 1366 4698 considerata
1396 4641 1527 4712 fuit,
1557 4650 1643 4699 est
1670 4643 1862 4700 valere
1898 4657 2031 4713 pro-
2138 4644 2437 4713 attinebat,
2470 4643 2798 4701 meminisse
2832 4658 2948 4700 non
2997 4649 3235 4713 poterat,
3268 4657 3334 4698 eo
3363 4656 3423 4698 se
3464 4641 3525 4696 in
3567 4640 3681 4696 loco
3723 4646 3815 4697 tu-

333 4732 486 4788 bata.
519 4730 587 4787 In
626 4729 751 4801 ipsa
793 4728 965 4800 plane
1004 4729 1133 4800 ejus
1162 4730 1568 4801 compositione
1597 4732 1779 4789 multa
1802 4738 2031 4802 empto-
2138 4732 2364 4790 mulum
2386 4732 2657 4789 effecisse.
2710 4731 2874 4788 Fodit
2912 4731 3114 4803 igitur,
3152 4738 3209 4788 et
3246 4745 3378 4787 cum
3410 4730 3613 4786 altiora
3651 4729 3811 4799 petis-

331 4820 411 4877 ris
477 4819 638 4877 fraus
697 4818 918 4876 detecta
981 4826 1125 4877 tunc
1182 4826 1287 4876 est.
1355 4819 1488 4876 Haec
1552 4819 1732 4891 igitur
1793 4819 2031 4891 integris
2138 4830 2241 4890 set,
2275 4822 2533 4879 tabulam
2563 4836 2695 4892 quae
2733 4820 2977 4892 supponi
3021 4819 3163 4876 solet
3200 4819 3556 4890 sarcophago
3604 4818 3808 4887 reperit,

330 4910 551 4967 caeteris
596 4907 952 4966 ornamentis
985 4908 1068 4964 sic
1112 4916 1198 4965 est
1233 4908 1367 4979 jure
1407 4908 1700 4978 damnata,
1756 4908 1886 4966 licet
1923 4923 2030 4966 suo
2139 4925 2259 4982 qua
2295 4910 2529 4978 dimota,
2579 4923 2835 4966 vacuum
2885 4922 3028 4978 pene
3057 4906 3387 4977 sepulcrum
3440 4905 3675 4972 invenit,
3712 4905 3811 4959 nisi

331 4996 636 5055 mercatori
664 4996 838 5053 simili
869 5010 1110 5068 parsum
1136 4996 1403 5053 videatur
1424 5011 1457 5051 a
1484 5010 1671 5066 poena.
2138 4999 2295 5072 quod
2324 4998 2620 5056 cucullum
2648 4997 2761 5069 (θ’),
2796 5011 2970 5068 quem
3017 5008 3353 5066 caperonem
3386 4994 3563 5064 vulgo
3610 4994 3811 5064 (chape—

401 5083 643 5141 Cuidam
692 5089 887 5140 autem
919 5082 1201 5140 monacho
1248 5083 1573 5139 mordacem
1622 5082 1845 5155 gerenti
1885 5096 2028 5139 con-
2136 5104 2254 5157 ron,
2285 5095 2341 5144 et
2379 5085 2678 5158 capuchon)
2726 5093 2956 5151 vocant,
2990 5096 3124 5141 cum
3166 5084 3352 5154 capite
3395 5082 3697 5139 introrsum
3728 5095 3807 5137 re-

330 5172 630 5231 scientiam
659 5178 793 5229 ante
818 5172 926 5229 hoc
949 5172 1166 5228 factum
1199 5171 1308 5228 tale
1332 5171 1473 5243 quid
1499 5171 1806 5243 apparuit:
1831 5172 2030 5243 lmaga
2138 5174 2340 5245 posito,
2380 5182 2436 5232 et
2469 5174 2727 5244 crepides
2759 5173 2883 5230 feno
2915 5171 3258 5243 semiplenas
3295 5171 3475 5242 (quod
3505 5169 3637 5226 olim
3680 5176 3803 5225 tem-

333 5261 558 5319 Domini
610 5259 871 5317 cruciﬁxi
899 5259 972 5317 de
1010 5274 1180 5318 cruce
1207 5261 1545 5318 descendere
1582 5260 1908 5328 videbatur,
1957 5261 2027 5317 de
2140 5276 2275 5333 pore
2319 5262 2634 5333 sepulturae
2673 5262 2890 5318 factum
2918 5268 3021 5329 est,
3058 5268 3121 5318 ut
3148 5259 3339 5330 magis
3367 5259 3621 5315 haereant
3662 5258 3805 5327 pedi-

332 5350 623 5419 manibus,
674 5349 868 5413 latere,
933 5362 1002 5404 ac
1046 5347 1287 5419 pedibus
1345 5348 1630 5422 sanguine
1676 5348 2022 5405 exstillante.
2137 5351 2265 5415 bus)
2304 5351 2378 5407 ad
2431 5350 2602 5421 pedes
2658 5350 3003 5421 sarcophagi
3060 5349 3289 5420 reperit,
3343 5348 3397 5403 in
3461 5355 3578 5404 toto
3638 5353 3802 5403 autem

332 5440 439 5498 Per
502 5438 663 5495 chori
730 5437 985 5496 medium
1045 5437 1311 5496 incedens
1364 5438 1553 5496 dicere
1611 5437 1960 5495 audiebatur
2008 5452 2021 5493 :
2137 5439 2325 5496 medio
2371 5439 2540 5495 nihil.
2585 5437 2745 5506 Quod
2788 5453 2925 5495 cum
2974 5438 3157 5509 aliqui
3197 5437 3494 5503 vidissent,
3547 5434 3797 5505 nobisque

339 5551 361 5579 ι
407 5528 527 5587 Nisi
583 5526 822 5585 confessn
856 5526 1096 5597 fueritis,
1136 5528 1480 5587 moriemini.
1528 5548 1557 5578 ››
1606 5526 1716 5594 Qui
1761 5540 2028 5597 experre-
2136 5529 2481 5596 retulissent,
2524 5528 2624 5585 Dei
2664 5525 3237 5597 incomprehensibile
3294 5523 3582 5596 judicium
3631 5522 3793 5580 mirati

404 5617 513 5689 (4ο)
545 5615 884 5675 Guillelmus
912 5615 984 5672 ΙΙ.
