3946 6414
71 385 202 438 889

1205 387 1294 442 DE
1335 387 1496 443 VITA
1533 387 1667 444 SUA
1704 385 1893 442 LIBRI
1927 386 2132 443 TRES.
2178 417 2248 427 —-
2288 386 2411 442 LIB.
2456 387 2498 441 Ι.

3521 397 3624 449 890

71 533 310 577 sumus
343 539 356 576 :
389 536 523 593 qua
571 529 688 579 tam
718 523 938 580 occulte
974 536 1041 580 ac
1069 523 1358 581 subtiliter
1388 523 1507 580 fieri
1541 521 1808 594 pervide-
1846 525 1892 578 A
1922 523 2026 578 sibi
2058 522 2268 578 obvius
2315 521 2442 590 fuit,
2475 530 2529 579 et
2583 523 2732 580 fuste
2789 523 3008 580 elevato
3061 527 3409 584 monachum
3456 529 3622 600 quasi

74 621 257 665 mus.
292 610 358 666 In
398 625 515 681 quo
546 610 686 667 illud
721 612 966 682 dignum
995 619 1079 668 est
1117 613 1416 681 miraculo,
1449 613 1606 683 quod
1636 618 1811 683 caput

77 696 181 752 ibi
221 697 546 756 dimissum.
601 699 821 770 Corpus
869 709 1063 757 autem
1093 716 1210 772 quo
1254 703 1366 758 Deo
1398 700 1611 771 placuit
1642 715 1676 756 a
1705 715 1810 756 suo

75 785 230 842 loco
287 795 654 858 exportatum
702 796 804 844 est.
857 788 961 847 Cui
1019 790 1203 846 simile
1244 790 1521 861 quiddam
1571 804 1605 844 a
1648 790 1810 845 bona

77 875 401 932 memoria
429 877 689 933 Manasse
720 878 1170 948 archiepiscopo,
1201 878 1303 949 qui
1335 886 1467 934 ante
1497 879 1600 933 hos
1629 891 1811 932 annos

79 961 434 1019 fidelissime
503 965 772 1034 decessit,
833 975 887 1023 et
949 967 1162 1022 certius
1200 980 1234 1023 a
1298 966 1597 1022 monachis
1661 964 1811 1020 beati

77 1051 349 1122 Remigii
385 1053 442 1108 in
472 1053 736 1110 Remensi
769 1055 911 1111 urbe
950 1054 1218 1110 addidici.
1269 1054 1541 1110 Artaldus
1571 1053 1811 1123 quidam

75 1139 286 1209 hujus
316 1139 564 1196 civitatis
588 1143 1054 1212 archiepiscopus
1084 1144 1154 1198 ad
1186 1144 1354 1213 pedes
1393 1143 1542 1198 beati
1571 1141 1811 1211 Remigii

75 1227 402 1297 quondam
435 1228 625 1286 fuerat
654 1231 916 1300 sepultus
950 1246 962 1286 :
994 1231 1095 1301 qui
1129 1239 1252 1301 post
1280 1231 1530 1301 plurima
1556 1238 1812 1300 tempora

73 1329 164 1370 ex
235 1316 613 1374 adiﬁciorum
681 1319 1094 1376 mutandorum
1151 1320 1484 1375 necessitate
1541 1325 1806 1381 retectus,

74 1417 241 1459 cum
275 1405 403 1473 ejus
433 1407 766 1475 sepulcrum
816 1408 1016 1464 fuisset
1046 1416 1332 1478 apertum,
1369 1408 1511 1464 nihil
1562 1407 1700 1463 inibi
1741 1407 1812 1464 de

76 1492 235 1562 ejus
277 1508 512 1563 corpore
543 1503 626 1550 est
674 1496 909 1552 omnino
955 1505 1267 1566 repertum,
1318 1497 1546 1566 planeta
1593 1497 1713 1552 sola
1743 1496 1811 1551 de

37 1582 233 1651 .ejus
276 1582 535 1638 vestibus
568 1583 682 1638 illic
734 1585 967 1640 residua
1017 1587 1306 1654 apparuit,
1360 1600 1538 1655 quam
1591 1591 1812 1640 constat

79 1670 248 1740 quia
306 1685 440 1726 cum
494 1671 622 1742 ejus
675 1687 908 1742 corpore
959 1688 1075 1729 non
1127 1673 1332 1738 tabuit,
1380 1674 1523 1744 quia
1576 1687 1812 1743 prorsus

82 1759 286 1814 illaesa
313 1759 516 1828 patuit.
554 1761 626 1816 Et
650 1768 800 1816 certe
829 1761 876 1816 si
907 1761 1034 1832 ejus
1062 1775 1274 1832 corpus
1304 1761 1512 1818 ibidem
1545 1762 1809 1832 putruis-

1919 625 2306 682 percussurus
2356 611 2616 681 impetiit.
2675 614 2845 668 Fores
2895 627 3152 685 namque
3211 614 3357 672 inter
3403 617 3620 674 clerum

1919 708 1974 756 et
2001 699 2282 770 populum
2314 699 2595 770 interjecti
2627 700 2860 770 parietis
2906 711 3230 772 aperuerat,
3262 711 3316 760 et
3358 705 3429 760 ad
3459 706 3618 774 alias,

1920 803 2021 858 per
2050 803 2200 859 quas
2226 788 2400 844 intrat
2432 789 2700 858 populus,
2737 791 3075 846 reserandas
3101 793 3458 861 procedebat,
3490 809 3620 850 cum

1920 884 2149 947 repente
2203 877 2586 934 exterioribus
2633 879 2909 935 obseratis
2950 879 3008 934 in
3057 881 3220 936 exitu
3269 881 3621 938 anteriorum

1919 980 1954 1021 a
1998 966 2184 1022 medio
2252 965 2500 1022 basilica
2553 966 2643 1022 ille
2689 967 2972 1023 simulans
3010 983 3069 1024 se
3135 969 3301 1024 ferire
3358 970 3619 1039 prosiliit.

1919 1055 2181 1125 Cumque
2212 1055 2303 1110 ille
2335 1056 2668 1124 pavefactus
2701 1056 2976 1122 cessisset,
3016 1056 3305 1112 hominem
3333 1057 3623 1114 astimans

1920 1156 2092 1212 quem
2128 1142 2392 1198 hesterno
2422 1144 2716 1205 arcuisset,
2750 1144 2805 1198 in
2839 1159 2896 1198 se
2922 1143 3149 1199 tandem
3178 1145 3360 1210 rediit,
3393 1154 3445 1200 et
3482 1146 3618 1200 dum

1919 1231 2064 1287 ostia
2093 1231 2374 1287 forinseca
2403 1231 2598 1287 clausa
2625 1239 2842 1301 pensat,
2874 1232 3170 1287 diabolum
3196 1233 3426 1288 tandem
3450 1233 3622 1290 fuisse

1919 1320 2180 1385 credidit,
2204 1320 2304 1390 qui
2325 1321 2429 1376 hoc
2450 1320 2616 1391 signo
2634 1335 2806 1376 suum
2823 1335 2969 1390 opus
2987 1320 3042 1376 in
3067 1320 3293 1377 homine
3307 1321 3617 1378 denotavit.

1991 1411 2262 1464 Molestius
2306 1412 2562 1478 ingerunt
2607 1409 2870 1464 damones
2914 1411 3251 1478 agonizanti.
3295 1441 3362 1448 —
3396 1410 3459 1464 In
3495 1410 3620 1465 hie-

1921 1495 2056 1551 mali
2088 1503 2340 1566 tempore
2385 1497 2524 1552 dum
2556 1497 2626 1551 ad
2659 1505 2884 1552 natura
2915 1497 3193 1567 requisita
3223 1505 3618 1567 consurgeret,

1919 1584 2098 1640 solitis
2131 1585 2290 1641 indui
2326 1586 2610 1655 pigritans
2652 1586 2773 1640 sola
2808 1585 3039 1640 cuculla
3068 1591 3218 1640 488
3246 1585 3617 1652 vestiebatur,

1918 1681 1974 1728 et
2033 1674 2180 1728 inter
2237 1687 2428 1729 moras
2493 1673 2620 1729 illas
2677 1673 2890 1744 frigore
2951 1673 3240 1729 mortifero
3274 1673 3616 1743 angebatur.

1919 1760 2033 1816 Nec
2079 1760 2260 1816 multo
2307 1768 2432 1830 post
2479 1769 2874 1817 extremarum
2923 1761 3178 1830 corporis
3225 1760 3477 1830 partium
3527 1767 3623 1816 tu-

81 1855 204 1915 set,
259 1826 420 1903 tabes
468 1849 672 1919 utique
699 1826 956 1905 casulam
1004 1826 1374 1919 corrupisset.
1413 1826 1690 1907 Videmus
1721 1849 1810 1905 his
1851 1826 1888 1879 Β
1921 1861 2079 1905 more
2131 1826 2446 1919 perductus
2499 1849 2570 1904 ad
2617 1856 2878 1916 mortem,
2934 1826 3141 1905 nomen
3195 1826 3383 1918 ipsum
3425 1848 3623 1904 mortis

85 1937 483 2020 temporibus,
508 1953 638 2008 qua
665 1939 819 2008 apud
853 1939 1081 1995 beatum
1110 1939 1450 2010 Gregorium
1481 1937 1814 1994 referuntur

85 2039 287 2096 super
331 2026 644 2082 noxiorum
692 2028 1071 2083 cadaveribus
1113 2027 1212 2082 Dei
1268 2027 1489 2097 judicia
1521 2025 1808 2092 innovari,

84 2128 256 2186 quos
291 2128 390 2183 per
417 2128 581 2169 sacra
611 2115 732 2170 loca
761 2122 982 2171 constat
1013 2115 1260 2171 indebite
1298 2113 1595 2171 tumulari.

167 2203 438 2257 Monialis
471 2218 590 2272 qua
634 2206 806 2258 vitam
843 2203 994 2270 {aede
1039 2209 1378 2271 transegerat
1407 2220 1501 2258 nec
1547 2205 1814 2273 paenitue-

84 2298 213 2357 rat,
272 2297 400 2360 post
427 2297 657 2346 mortem
701 2295 820 2347 visa
852 2298 929 2346 est
977 2296 1236 2362 torqueri.
1277 2323 1335 2334 —
1373 2295 1435 2348 In
1467 2293 1812 2349 monasterio

84 2379 407 2451 virginum
437 2379 673 2437 Cadomi
703 2383 1032 2449 constituto,
1068 2382 1225 2452 quod
1255 2396 1287 2438 a
1320 2382 1577 2438 Mathildi
1605 2381 1813 2452 Anglo-

84 2483 234 2526 rum
309 2469 509 2539 regiua
576 2477 977 2526 constructum
1042 2479 1144 2538 est,
1205 2485 1336 2541 qua
1401 2470 1689 2527 Guillelmi
1739 2485 1812 2527 ex

86 2558 642 2614 Northmaunorum
696 2559 903 2615 comite
959 2560 1109 2630 regis
1153 2558 1278 2630 (qui
1320 2559 1534 2630 Anglos
1586 2560 1812 2616 eosdem

86 2647 438 2718 subegerat)
491 2662 640 2703 uxor
687 2647 816 2707 fuit.
868 2649 1152 2704 mouaeha
1203 2649 1470 2719 quadam
1517 2649 1644 2714 fuit,
1681 2663 1813 2719 qua

87 2737 207 2792 sub
272 2735 520 2805 peccatis
574 2737 873 2806 aliquibus
931 2737 1092 2793 foedis
1161 2751 1282 2793 sese
1341 2744 1652 2806 receperat,
1711 2752 1815 2794 nec

89 2839 464 2894 quocunque
519 2825 743 2881 monitu
795 2826 868 2881 ad
915 2826 1308 2882 confitendum
1355 2826 1479 2898 cogi
1525 2833 1810 2896 potuerat.

91 2915 268 2970 Hanc
321 2914 432 2970 sub
461 2928 529 2969 ea
575 2914 957 2970 obstinatione
1006 2915 1151 2970 mori
1204 2923 1341 2971 tunc
1388 2914 1646 2984 contigit,
1680 2931 1813 2986 qua

90 3018 204 3058 nec
234 3001 394 3058 inter
422 3002 786 3058 moriendum
818 3003 957 3058 utile
987 3003 1313 3074 quidquam
1353 3003 1519 3060 dixit.
1549 3004 1813 3076 Cumque

90 3104 219 3146 una
249 3105 327 3146 ex
362 3092 660 3146 sororibus
679 3091 740 3146 in
771 3091 984 3148 cellula
1017 3105 1136 3162 qua
1163 3092 1258 3147 illa
1291 3092 1527 3161 obierat,
1559 3093 1812 3163 quadam

92 3187 268 3236 nocte
312 3179 608 3247 dormiret,
665 3180 819 3236 videt
850 3179 906 3235 in
939 3181 1155 3236 somnis
1200 3181 1256 3236 in
1308 3181 1426 3251 ipso
1457 3181 1682 3236 camino
1712 3181 1812 3237 do-

91 3283 230 3325 mus
264 3268 478 3324 nimios
511 3270 673 3339 ignes
699 3268 953 3336 accendi,
987 3283 1234 3339 eamque
1265 3271 1323 3324 in
1355 3270 1540 3325 medio
1570 3271 1812 3339 positam

95 3371 215 3412 non
262 3355 454 3412 solum
511 3357 882 3427 conflagrari,
933 3371 1136 3414 verum
1193 3371 1226 3413 a
1265 3357 1493 3413 duobus
1542 3357 1812 3429 malignis

93 3443 406 3514 spiritibus
455 3444 590 3500 hinc
635 3452 690 3501 et
745 3445 876 3501 inde
922 3445 1175 3502 duorum
1224 3445 1563 3501 malleorum
1606 3445 1813 3501 ictibus

96 3534 292 3589 tuudi.
326 3533 464 3600 Qua
511 3548 645 3590 cum
693 3542 884 3591 tantas
926 3535 1146 3591 misera
1177 3535 1335 3591 illius
1382 3535 1641 3591 mulieris
1693 3542 1812 3591 tor-

98 3622 289 3679 tiones
323 3623 658 3691 attenderet,
709 3624 959 3680 scintilla
990 3638 1108 3680 una
1145 3624 1561 3680 considerantis
1590 3624 1648 3679 in
1675 3639 1816 3680 ocu-

99 3711 225 3766 lum
274 3725 352 3767 ex
400 3711 768 3780 percussione
816 3713 1007 3769 mallei
1055 3713 1179 3769 visa
1222 3719 1306 3769 est
1343 3712 1616 3769 evolasse.
1652 3712 1813 3769 Unde

97 3808 154 3855 et
202 3815 280 3856 ex
332 3800 584 3856 coctione
628 3800 928 3858 insidentis
977 3801 1213 3873 igniculi
1261 3815 1389 3857 eam
1420 3800 1656 3872 contigit
1687 3801 1813 3856 evi-

101 3888 338 3958 gilasse.
389 3887 516 3955 Qua
564 3902 637 3945 ex
688 3903 751 3946 re
780 3890 998 3946 factum
1025 3897 1111 3946 est
1160 3897 1243 3958 ut,
1293 3889 1448 3960 quod
1492 3890 1714 3945 viderat
1751 3888 1812 3944 in

100 3975 335 4046 spiritu,
402 3983 697 4046 pateretur
752 3977 811 4032 iu
864 3991 1120 4047 corpore,
1180 3985 1236 4033 et
1299 3977 1530 4034 veritati
1577 3976 1814 4034 visionis

99 4078 285 4120 verax
317 4073 664 4136 congrueret
694 4065 1084 4122 testimonium
1112 4065 1384 4122 lasionis.

729 4207 962 4265 CAPUT
1000 4199 1184 4265 XXV.

173 4329 454 4397 Edituus,
482 4331 580 4400 qui
606 4345 900 4400 pauperem
925 4331 1118 4386 durius
1144 4333 1453 4401 pepulerat,
1487 4333 1809 4399 castigatur.

1921 1938 2052 2008 plus
2104 1941 2261 2009 justo
2306 1939 2539 1994 moleste
2587 1937 2820 1994 ferebat.
2885 1938 3149 2008 Cumque
3211 1937 3618 2005 indesinenter,

1920 2028 2062 2086 heu!
2094 2028 2198 2085 sibi
2241 2029 2350 2085 sub
2409 2029 2582 2085 tantis
2624 2027 2967 2084 maroribus
3015 2027 3354 2095 clamitaret,
3403 2027 3473 2082 ad
3517 2042 3622 2082 ex-

1921 2120 2161 2172 tremam
2209 2117 2438 2172 devenit
2483 2117 2706 2172 horam.
2739 2116 2847 2183 Qui
2893 2123 3124 2186 sumpta
3176 2115 3617 2182 communione,

1917 2213 1972 2262 et
2020 2221 2122 2275 per
2177 2205 2276 2261 Dei
2309 2205 2554 2276 gratiam
2608 2212 2845 2272 retenta,
2905 2213 3112 2260 eatera
3157 2205 3312 2261 enim
3356 2203 3622 2260 redibant

1919 2295 1992 2350 ad
2021 2293 2325 2361 vomitum,
2358 2293 2625 2364 spiritum
2649 2294 2769 2364 jam
2796 2293 3097 2348 laborabat
3126 2293 3441 2348 absolvere.
3478 2292 3623 2347 lute-

1919 2396 2019 2439 rea
2068 2397 2200 2438 cum
2249 2383 2372 2438 hac
2427 2381 2616 2452 prima
2649 2383 2846 2438 tierent
2901 2382 3043 2438 hora
3095 2382 3300 2447 noctis,
3344 2389 3398 2436 et
3429 2387 3622 2437 custos

1918 2471 2170 2528 ecclesia
2219 2471 2310 2527 vir
2369 2471 2555 2527 bonus
2603 2485 2722 2526 sese
2779 2471 3043 2527 cubitum
3091 2470 3438 2535 collocasset,
3493 2485 3621 2525 ecce

1920 2560 2081 2616 audit
2135 2560 2194 2615 iu
2223 2561 2564 2626 cameterio,
2621 2561 2777 2629 quod
2830 2560 3003 2631 juxta
3031 2567 3174 2618 erat,
3213 2560 3478 2624 fratrum,
3532 2559 3618 2615 iu-

1919 2649 2340 2705 numerabilem
2407 2649 2732 2705 damonum
2820 2649 3202 2719 frequentiam
3278 2648 3616 2703 consedisse.

1919 2737 2028 2804 Qui
2081 2752 2214 2793 cum
2249 2737 2492 2794 liberum
2553 2738 2625 2793 ad
2675 2738 2796 2793 hac
2835 2737 3129 2793 sentienda
3181 2736 3416 2792 haberet
3448 2735 3619 2791 intel-

1920 2827 2152 2894 lectum,
2217 2826 2469 2896 potentia
2521 2833 2711 2882 tamen
2767 2825 3020 2897 quadam
3079 2825 3367 2895 spirituali
3423 2823 3619 2894 depri-

1920 2921 2176 2969 meretur
2205 2914 2277 2969 ad
2307 2914 2523 2985 lingua
2551 2921 2606 2969 et
2637 2913 2891 2984 corporis
2921 2920 3160 2980 motum,
3199 2912 3495 2969 introeunt
3532 2926 3620 2967 ec-

1920 3002 2171 3070 clesiam,
2221 3009 2277 3058 et
2306 3010 2439 3058 ante
2479 3003 2689 3058 lectum
2719 3003 2845 3073 ejus
2872 3009 3252 3068 transeuntes,
3300 3002 3446 3057 inter
3477 3001 3620 3055 cho-

1921 3105 2052 3147 rum
2091 3099 2145 3147 et
2197 3091 2376 3148 altare
2423 3105 2541 3147 sese
2589 3091 2940 3161 proripiunt,
2991 3098 3047 3146 et
3093 3091 3166 3145 ad
3214 3089 3451 3145 domum
3502 3104 3622 3159 qua

1921 3179 2300 3236 decumbebat
2347 3186 2600 3251 agrotus
2659 3179 2986 3234 intendunt.
3038 3178 3300 3248 Cumque
3358 3177 3472 3246 ille,
3519 3177 3622 3247 qui

1921 3270 2028 3325 ista
2060 3269 2382 3325 mentaliter
2412 3268 2534 3324 fieri
2567 3268 2866 3335 sentiebat,
2918 3269 3100 3324 Deum
3133 3274 3194 3322 ut
3225 3267 3298 3322 ab
3331 3267 3396 3321 iis
3426 3265 3622 3322 salva-

1921 3365 2082 3414 retur
2113 3359 2170 3412 in
2215 3357 2422 3427 spiritu
2468 3363 2753 3423 exoraret,
2809 3371 2915 3411 nec
2945 3369 3121 3412 causa
3152 3356 3351 3410 mortis
3394 3362 3620 3410 tantum

1919 3445 2044 3515 cogi
2073 3445 2393 3501 exercitum
2439 3446 2750 3516 ignoraret,
2799 3458 2934 3500 mox
2968 3451 3030 3500 ut
3069 3443 3140 3499 ad
3184 3443 3454 3499 cellulam
3486 3457 3621 3514 ago-

1920 3533 2118 3588 nizans
2165 3533 2259 3605 [f.,
2293 3531 2674 3604 agonizantis]
2719 3531 3034 3603 attingunt,
3085 3532 3308 3600 fratres,
3339 3532 3439 3602 qui
3471 3532 3624 3587 circa

1918 3621 2258 3678 morientem
2307 3623 2557 3689 fuerant,
2592 3622 2663 3676 ad
2711 3621 3150 3677 convocandum
3191 3621 3437 3676 aliorum
3482 3635 3623 3676 con-

1917 3717 2160 3766 ventum
2188 3710 2448 3767 tabulam
2481 3725 2552 3766 ex
2589 3724 2746 3766 more
2778 3711 3128 3780 percutiunt.
3161 3709 3284 3777 Quo
3309 3710 3448 3766 dum
3482 3723 3624 3764 con-

1918 3800 2170 3864 venitur,
2237 3798 2328 3855 ille
2393 3813 2498 3855 nec
2555 3811 2718 3854 mora
2787 3797 3114 3854 resolvitur.
3185 3797 3345 3863 Quod
3411 3798 3625 3853 idcirco

1919 3887 2240 3953 retulerim,
2271 3901 2382 3944 non
2417 3887 2572 3957 quod
2617 3887 2675 3941 in
2709 3886 3023 3956 malignam
3058 3887 3212 3941 illam
3239 3894 3462 3956 partem
3490 3901 3624 3942 eum

1920 3977 2151 4032 cessisse
2207 3975 2568 4044 crediderim,
2618 3976 2715 4031 sed
2768 3975 2922 4044 quod
2953 3989 3153 4031 omnes
3205 3989 3432 4031 mecum
3483 3990 3621 4046 pen-

1919 4077 2047 4120 sare
2093 4079 2511 4131 commoueam,
2569 4065 2726 4136 quod
2779 4063 3042 4133 princeps
3089 4063 3294 4119 mundi
3351 4063 3508 4119 venit
3550 4064 3622 4119 ad

1923 4153 2134 4210 Filium
2163 4155 2282 4222 Dei,
2328 4155 2386 4210 in
2415 4168 2530 4224 quo
2559 4168 2676 4209 non
2707 4153 2954 4209 habebat
2985 4151 3328 4222 quidquam.
3362 4153 3433 4209 Et
3472 4151 3518 4208 si
3552 4153 3623 4207 ad

1921 4241 2106 4309 illum,
2153 4243 2226 4298 ad
2265 4257 2369 4299 nos
2417 4255 2594 4312 quam
2627 4242 2817 4312 potius
2868 4240 2929 4314 [l.
2967 4239 3156 4310 potius
3185 4255 3361 4310 quam
3395 4241 3465 4297 ad
3493 4239 3620 4314 nos]

1920 4329 1981 4386 in
2010 4331 2228 4401 quibus
2271 4345 2414 4400 pene
2444 4337 2627 4386 totum
2668 4329 2860 4397 habet,
2907 4328 3247 4384 diabolicam
3279 4334 3500 4385 certum
3543 4332 3624 4382 est

104 4448 176 4456 —
204 4418 450 4482 Quidam
505 4419 886 4476 Flaviacensis
917 4421 1239 4477 monachus
1273 4419 1602 4476 Otmundus
1632 4432 1809 4474 voca-
1849 4437 1892 4491 ι)
1920 4419 2137 4489 rapidis
2168 4417 2469 4475 affectibus
2497 4418 2804 4474 convenire
2835 4417 3202 4473 dementiam.

105 4505 301 4575 batur,
336 4508 438 4578 qui
482 4522 613 4564 cum
659 4508 852 4565 adhuc
880 4508 1122 4565 clericus
1165 4508 1418 4579 plurima
1465 4508 1810 4564 monasterio

106 4595 461 4663 contulisset,
495 4596 565 4652 ad
595 4604 922 4653 extremum
965 4611 1088 4653 sese
1116 4597 1377 4654 contulit.
1411 4596 1519 4663 Qui
1547 4605 1810 4666 suscepto

108 4685 461 4742 mouachatu
489 4685 658 4755 capti
687 4685 821 4741 boni
857 4685 1158 4755 paenitens,
1194 4699 1346 4757 agre
1376 4684 1624 4744 nimium
1654 4685 1810 4756 quod

113 4770 340 4841 fecerat,
372 4773 520 4831 tulit.
587 4773 692 4830 Sed
755 4788 952 4830 moxa
994 4775 1108 4830 Deo
1159 4774 1494 4830 infirmitate
1557 4773 1813 4843 corporis

112 4861 461 4932 castigatus,
525 4862 739 4930 sensit,
808 4863 1043 4933 egitque
1097 4862 1461 4933 postmodum
1526 4861 1812 4918 viciniora

111 4947 304 5016 saluti,
372 4965 480 5006 nec
535 4965 766 5008 sacrum
815 4952 938 5022 jam
974 4950 1236 5007 ordinem
1293 4949 1646 5018 necessitate,
1714 4949 1811 5005 sed

113 5036 287 5093 coluit
313 5039 627 5096 voluntate.
665 5040 719 5095 ls
750 5039 837 5095 ira
865 5039 1094 5096 mobilis
1125 5053 1259 5096 cum
1285 5053 1455 5110 aquo
1480 5038 1612 5108 plus
1642 5045 1808 5106 esset,

114 5121 298 5181 factus
343 5128 592 5184 ecclesia
640 5128 890 5185 adituus
943 5127 1080 5200 (41),
1143 5127 1564 5199 pauperculam
1619 5127 1813 5183 homi-

115 5225 263 5281 nem,
297 5217 398 5286 qui
433 5230 466 5270 a
493 5231 552 5272 se
580 5216 998 5286 eleemosynam
1035 5217 1361 5287 importune
1388 5215 1635 5286 petebat,
1669 5215 1813 5271 dure

115 5299 419 5372 plusquam
467 5305 745 5362 debuerat
798 5306 870 5362 ab
899 5305 1138 5362 ecclesia
1185 5305 1430 5375 expulit.
1463 5304 1587 5372 Quo
1634 5306 1813 5361 inter-

118 5387 216 5445 diu
263 5391 426 5462 facto,
460 5408 594 5450 cum
639 5401 802 5450 nocte
831 5396 1093 5466 sequenti
1125 5393 1350 5465 vigilias
1377 5393 1814 5464 significaturus

119 5476 189 5530 ad
218 5481 359 5536 ostia
388 5482 698 5552 aperienda
745 5483 1012 5553 prodiret,
1046 5497 1175 5538 ecce
1204 5482 1485 5548 diabolus,
1521 5481 1578 5536 in
1628 5482 1813 5551 specie

121 5562 364 5626 hominis
413 5570 682 5641 pauperis
729 5586 904 5642 quem
958 5572 1141 5641 pridie
1197 5571 1345 5626 male
1391 5568 1810 5639 eliminaverat,

191 5653 298 5726 (41)
331 5657 442 5716 Seu
470 5659 778 5730 aditimns,
810 5661 980 5732 quasi
1008 5660 1158 5718 ades
1187 5667 1372 5718 tuens.

1989 4509 2188 4563 Mulier
2243 4509 2453 4575 infanti
2502 4510 2804 4577 imprecata
2862 4507 3078 4562 diabolo
3134 4507 3500 4575 mancipatur.
3554 4533 3622 4542 -—

1919 4595 2217 4652 Mulierem
2247 4595 2386 4652 inibi
2416 4595 2554 4663 vidi,
2586 4609 2718 4666 qua
2751 4609 2884 4652 cum
2915 4609 3020 4651 suo
3046 4595 3291 4664 parvulo
3320 4593 3436 4648 filio
3467 4600 3623 4647 atro-

1920 4684 2144 4740 cissime
2200 4685 2565 4752 irasceretur,
2636 4685 2784 4740 inter
2843 4684 2957 4739 alia
3017 4683 3344 4750 maledicta,
3409 4681 3625 4751 quibus

1921 4773 2280 4830 innocentem
2301 4773 2690 4844 jaculabatur,
2724 4771 3077 4828 infantulum
3110 4770 3396 4840 baptisma
3424 4769 3621 4835 etiam,

1919 4862 2016 4918 cui
2075 4862 2352 4918 intinctus
2406 4862 2615 4928 fuerat,
2669 4875 2766 4918 ore
2827 4860 3045 4916 nefario
3098 4858 3417 4914 maledixit.
3485 4857 3624 4923 Qua

1920 4943 2218 5007 confestim
2266 4958 2496 5020 arrepta
2525 4965 2560 5005 a
2589 4949 2872 5006 damouio
2917 4947 3187 5004 bacchari
3241 4945 3621 5011 insanissime,

1919 5046 1975 5096 et
2019 5039 2376 5095 detestabilia
2430 5039 2589 5109 loqui
2629 5046 2684 5094 et
2725 5051 2895 5108 agere
2928 5037 3118 5106 capit.
3176 5035 3316 5102 Qua
3347 5034 3625 5104 perducta

1920 5127 1994 5183 ad
2022 5127 2339 5195 ecclesiam,
2387 5134 2443 5183 et
2472 5126 2751 5183 fratribus
2793 5125 3074 5192 exhibita,
3121 5137 3222 5194 per
3254 5123 3540 5178 orationes
3569 5128 3623 5177 et

1919 5216 2308 5272 exorcismum
2361 5215 2554 5272 sensui
2604 5215 2845 5282 reddita,
2905 5227 2978 5268 ex
3038 5213 3345 5269 vexatione
3391 5209 3624 5266 edidicit

1921 5304 2220 5362 Dominica
2249 5320 2365 5360 non
2392 5303 2730 5360 maledicere
2757 5309 3140 5359 sacramenta.

1991 5396 2372 5461 Energumena
2400 5392 2651 5448 monachi
2675 5408 2877 5462 pravos
2903 5406 3073 5446 mores
3103 5393 3334 5460 appetit.
3366 5418 3434 5427 —
3461 5387 3626 5443 Puel-

1923 5481 2101 5538 lulam
2134 5481 2326 5537 itidem
2359 5481 2476 5537 vidi
2509 5495 2960 5552 energumenam
3005 5479 3076 5536 ad
3109 5477 3446 5535 memoriam
3483 5475 3626 5532 inibi

1922 5570 2213 5629 Geremari
2272 5569 2616 5628 confessoris
2667 5570 2997 5627 adductam.
3047 5568 3186 5636 Qua
3239 5580 3371 5624 cum
3423 5565 3628 5622 diebus
