3946 6420
308 350 401 402 89l
1197 344 1257 398 V.
1300 341 1632 399 GUIBERTI
1673 343 1963 399 ABBATIS
2000 344 2057 398 S.
2101 343 2339 399 MABLE
2380 344 2469 400 DE
2512 344 2906 401 NOVIGENTO
3716 351 3856 404 89?.

308 478 529 548 aliquot
576 481 930 532 commorata
960 473 1161 531 fuisset
1207 472 1437 542 ibidem,
1470 472 1722 544 quadam
1750 471 1842 528 die
1880 478 2005 529 tra-
2041 477 2087 532 Α
2116 472 2214 543 ait,
2244 472 2302 529 in
2330 487 2637 531 occursum
2661 473 2961 543 venientis,
2989 488 3287 547 nusquam
3313 477 3519 535 dextra
3550 479 3856 550 laevaque

309 572 401 622 cta
429 569 516 621 est
544 578 579 620 a
628 563 968 635 parentibus
1010 563 1083 619 ad
1131 562 1332 618 altare.
1362 561 1467 618 Cui
1515 574 1649 616 cum
1696 559 2000 626 assisteret,
2111 561 2439 633 respiciens,
2469 563 2551 619 nil
2589 564 2860 620 verearis.
2894 564 3147 622 Credidit
3192 566 3402 623 femina
3433 576 3488 624 et
3518 569 3847 639 processit.

312 660 520 710 retorto
573 653 646 709 ad
700 653 941 709 chorum
1002 651 1188 722 capite
1246 650 1402 706 videt
1447 663 1656 720 pueros
1694 649 2007 705 monachos
2113 651 2213 708 Ille
2263 667 2397 708 vero
2451 652 2705 709 substitit
2751 654 2807 709 in
2851 653 3014 721 ostio,
3069 661 3124 711 et
3172 663 3535 725 praecantans
3584 660 3632 713 ei
3683 672 3851 728 quae

313 749 437 813 post
466 756 525 798 se
556 748 790 810 stantes,
820 748 875 797 et
904 741 984 797 ait
1015 756 1028 795 :
1062 762 1084 790 ι
1118 739 1303 807 Quam
1331 738 1621 809 pulchros,
1647 738 1799 794 Deus
1823 751 2003 806 meus,
2113 742 2407 811 didicerat,
2460 744 2519 798 iu
2558 756 2758 800 canem
2806 757 2932 799 eam
2982 745 3261 801 convertit
3306 746 3849 802 immanissimum.

305 828 686 901 juvenculOs!
719 830 816 885 sed
846 837 929 885 est
960 829 1107 885 inter
1149 828 1275 884 illos
1305 841 1459 883 unus
1486 826 1589 897 qui
1633 839 2006 898 nequaquam
2112 831 2250 900 Quae
2280 847 2414 889 cum
2451 832 2713 888 redeunti
2744 832 3027 889 monacho
3060 834 3504 904 propiuquasset
3537 850 3550 889 :
3587 856 3615 885 «
3645 836 3799 890 Heu
3833 832 3851 886 ι

312 917 393 972 eis
447 917 776 974 cohabitare
827 917 1076 973 deberet
1142 937 1163 965 ι
1200 914 1322 982 Quo
1371 914 1569 970 ἃιιάίῐο
1620 914 1787 970 valde
1818 914 2009 970 mirati
2114 921 2325 992 inquit,
2359 921 2513 977 unde
2560 928 2758 977 tantus
2800 922 2962 977 canis
2990 922 3257 978 advenit?
3289 942 3317 972 ››
3346 928 3491 978 48!
3544 924 3650 979 Illa
3680 936 3857 979 vero

314 1019 537 1074 sumus,
604 1018 883 1076 quorsum
945 1004 1076 1060 talis
1139 1002 1420 1059 sententia
1484 1008 1848 1072 respectaret-
1895 1001 2011 1058 Nec
2116 1010 2363 1067 multum
2418 1008 2716 1079 pavefacta
2760 1009 3110 1079 pertransiit,
3164 1016 3390 1066 tantum
3429 1025 3500 1067 ex
3540 1026 3607 1068 eo
3635 1012 3856 1069 verbo

314 1107 477 1149 mora
509 1094 746 1165 quidam
772 1108 845 1150 ex
875 1093 1015 1165 ipsis
1051 1093 1191 1164 fuga
1218 1091 1487 1161 elabitur,
1520 1100 1575 1147 et
1600 1091 1751 1147 inter
1775 1088 2007 1161 fugien-
2115 1098 2225 1156 sub
2258 1111 2376 1168 qua
2394 1098 2582 1168 specie
2608 1097 2898 1165 evasisset,
2930 1098 3186 1169 agnovit.
3220 1099 3534 1156 Monachus
3562 1100 3858 1170 denique

315 1181 455 1238 dum
520 1196 701 1253 prava
767 1183 895 1254 ejus
957 1182 1077 1238 vita
1142 1180 1437 1239 moriendo
1474 1179 1699 1236 deserta
1737 1178 2012 1251 religione
2115 1190 2171 1240 et
2213 1184 2334 1255 ipse
2380 1185 2617 1242 domum
2671 1187 2909 1243 veniens
2955 1187 3166 1257 rogitat
3197 1188 3352 1243 unde
3411 1196 3524 1244 tam
3575 1189 3855 1245 insolitae

315 1270 617 1341 detegitur.
2116 1273 2535 1345 magnitudinis
2580 1274 2739 1331 canis
2769 1277 3082 1332 emerserit.
3119 1297 3147 1326 ‹‹
3179 1275 3365 1333 Vicini
3401 1276 3608 1348 inquit,
3660 1277 3859 1333 illius

915 1394 1147 1452 CAPUT
1195 1393 1404 1452 XXVI.
2118 1362 2298 1419 nostri
2327 1369 2430 1419 est.
2459 1363 2661 1420 Nonne
2693 1378 2829 1421 eum
2851 1366 2973 1436 jam
3002 1364 3223 1421 dudum
3260 1366 3444 1422 nosti?
3478 1387 3499 1414 ι
3538 1366 3627 1421 Sic
3657 1365 3858 1422 siluit

1039 1503 1045 1508 .
2118 1452 2257 1508 dum
2290 1466 2429 1509 vera
2452 1460 2635 1523 putat.
2673 1454 2784 1510 Diu
2813 1455 2991 1525 igitur
3017 1454 3141 1509 sine
3186 1455 3299 1509 Deo
3329 1455 3548 1522 vivens,
3582 1455 3857 1511 demum

385 1538 479 1594 Ad
507 1540 790 1607 sortilegia
833 1537 1172 1593 addiscenda
1215 1538 1395 1591 Satan
1436 1536 1685 1591 admittit
1723 1538 2010 1604 neminem,
2120 1541 2286 1613 gravi
2338 1542 2556 1608 morbo,
2610 1542 2722 1597 Deo
2766 1542 3132 1611 propitiante,
3181 1545 3519 1612 percutitur,
3566 1550 3639 1606 et,
3684 1542 3857 1598 velit

315 1629 429 1682 nisi
451 1629 613 1697 prius
659 1628 989 1684 Christiana.o
1011 1627 1347 1696 professioni
1371 1625 1732 1679 abrenuntiet.
1765 1655 1835 1664 ——
1860 1624 2011 1693 Quo-
2121 1629 2281 1697 nolit,
2316 1630 2472 1701 quod
2502 1638 2752 1701 gesserat
2794 1631 3117 1687 conﬁtetur.
3164 1632 3272 1687 Res
3302 1632 3375 1686 ad
3398 1631 3690 1702 judicium
3723 1643 3857 1685 sa-

316 1716 473 1771 niam
505 1716 574 1772 de
620 1715 979 1773 daemonibus
1023 1727 1193 1785 agere
1222 1715 1520 1783 coepimus,
1571 1713 1839 1783 quaedam
1868 1713 2014 1770 sub-
2054 1783 2087 1788 _
2120 1718 2422 1788 pientium,
2453 1726 2508 1775 et
2537 1718 2789 1775 maxime
2822 1718 3071 1774 Anselmi
3105 1718 3537 1775 Cantuariensis
3566 1724 3856 1788 postmo-

317 1810 539 1860 nectere
588 1804 860 1861 idoneum
909 1783 1263 1875 iudicamus,
1329 1815 1579 1872 quorum
1643 1800 1904 1872 exemplo
1959 1809 2015 1858 et
2054 1783 2262 1864 Bdum
2316 1783 2749 1877 archiepiscopi,
2803 1813 2941 1863 tunc
2973 1807 3267 1862 Beccensis
3310 1783 3857 1876 abbatis-provo-

315 1906 516 1950 eosum
576 1892 830 1961 oracula,
894 1906 1213 1963 eorumque
1271 1891 1370 1961 qui
1427 1890 1510 1946 eis
1567 1890 2016 1948 contabulantur
2122 1902 2307 1963 catur,
2353 1902 2408 1951 et
2453 1896 2560 1951 sub
2623 1896 2750 1965 ejus
2808 1894 3168 1965 potissimum
3219 1909 3484 1963 censura,
3539 1896 3613 1951 ab
3661 1892 3853 1951 omni

317 1981 554 2038 consilia
601 1981 785 2039 vitare
841 1983 1145 2052 possimus.
1214 1978 1511 2037 Neminem
1564 1979 1719 2035 enim
1778 1978 1853 2035 ad
1906 1992 2016 2035 sua
2122 1983 2454 2040 divinorum
2485 1983 2889 2054 mysteriorum
2936 1984 3248 2040 ministerio
3277 1998 3477 2040 eorum
3511 1983 3853 2055 spurcissi-

316 2069 600 2127 maleﬁcia
663 2070 1010 2127 addiscenda
1068 2068 1401 2136 admittunt,
1443 2068 1557 2125 nisi
1620 2082 1792 2139 quem
1842 2068 2016 2124 totius
2123 2087 2253 2129 mus
2301 2071 2633 2143 profanator
2661 2071 2953 2142 abjicitur.
2993 2073 3059 2128 in
3088 2086 3206 2142 qua
3234 2079 3425 2129 tamen
3463 2073 3854 2130 abstentione

319 2172 439 2215 suae
494 2158 943 2216 Christianitatis
989 2158 1206 2215 honore
1252 2157 1570 2214 detestabili
1616 2158 1871 2227 primum
1917 2169 2016 2211 sa-
2121 2161 2358 2233 positus,
2395 2174 2699 2231 nunquam
2741 2160 2813 2216 ab
2842 2160 2971 2231 ejus
3000 2160 3194 2216 animo
3226 2161 3547 2217 oblitterari
3577 2168 3846 2231 poterat,

318 2247 551 2318 crilegio
594 2256 841 2304 exuunt.
892 2249 958 2302 In
989 2248 1241 2317 quodam
1284 2246 1465 2302 nobili
1510 2245 1859 2302 monasterio
1887 2259 2015 2300 mo-
2123 2249 2269 2319 quin
2316 2248 2508 2305 adhuc
2554 2249 2789 2306 futurus
2835 2255 2981 2305 esset
3040 2249 3362 2319 episcopus.
3413 2249 3598 2317 Quam
3662 2264 3851 2319 spem

318 2336 544 2393 nachus
581 2337 822 2406 quidam
868 2336 943 2392 ab
1000 2335 1236 2391 ineunte
1285 2341 1451 2391 aetate
1501 2334 1759 2390 nutritus
1804 2333 2013 2403 fuerat,
2125 2337 2360 2393 induhie
2409 2345 2703 2407 acceperat
2735 2351 2770 2392 a
2798 2336 3181 2399 daemonibus,
3216 2352 3437 2408 semper
3465 2338 3722 2408 quidem,
3781 2344 3847 2394 et

321 2427 874 2495 grammaticamque
932 2424 1352 2494 aliquantisper
1418 2422 1726 2495 attigerat;
1776 2424 1879 2495 qui
1943 2423 2016 2479 ad
2124 2425 2217 2481 hic
2246 2439 2480 2496 quoque
2508 2424 2902 2493 mendacibus,
2933 2425 3073 2495 quia
3101 2433 3232 2481 ante
3260 2439 3471 2496 paucos
3498 2440 3679 2482 annos
3705 2440 3847 2482 non

320 2512 521 2568 cellam
562 2512 812 2568 ecclesiae
860 2512 1233 2583 appendicem
1264 2526 1298 2568 a
1346 2526 1451 2569 suo
1489 2513 1699 2569 abbate
1742 2513 2013 2579 directus,
2124 2514 2289 2570 modo
2350 2512 2538 2587 [nom]
2598 2514 2875 2584 pontifex,
2922 2514 3017 2570 sed
3068 2514 3127 2571 in
3178 2524 3461 2571 aeternum
3507 2514 3843 2585 expresby-

320 2614 453 2656 cum
520 2600 658 2657 inihi
723 2608 1074 2669 moraretur,
1136 2600 1193 2657 in
1262 2602 1530 2658 morbum
1586 2601 1805 2670 incidit,
1847 2602 2018 2672 cujus
2125 2609 2210 2658 ter
2229 2610 2312 2658 est
2341 2602 2668 2658 defunctus.

321 2702 498 2746 causa
519 2703 651 2745 cum
675 2689 874 2769 Iudaeo
895 2690 1168 2760 quodam,
1193 2704 1374 2761 gnaro
1394 2690 1714 2757 medicinae,
1743 2690 2018 2761 loquendi
2194 2693 2430 2749 Clericus
2481 2692 2770 2746 daemonem
2800 2706 2958 2760 quem
3002 2692 3344 2747 consulturus
3390 2691 3628 2754 adierat,
3667 2694 3842 2747 invo-

320 2777 472 2834 malo
519 2791 624 2833 suo
669 2778 1022 2835 occasionem
1074 2779 1337 2849 sumpsit.
1388 2780 1476 2835 Ex
1505 2786 1713 2835 mutua
1757 2793 1893 2851 ergo
1931 2779 2015 2834 fa-
2123 2785 2243 2836 cato
2290 2782 2482 2835 Mariae
2545 2782 2776 2846 nomine,
2832 2783 3016 2849 fugat.
3081 2810 3149 2820 —
3194 2782 3463 2837 Attexam
3511 2780 3837 2851 cujusdam

321 2864 648 2923 miliaritate
697 2875 988 2924 sumentes
1047 2868 1368 2936 audaciam,
1419 2883 1529 2925 sua
1568 2868 1678 2925 sibi
1730 2868 2018 2939 incipiunt
2126 2869 2375 2936 initium,
2417 2869 2514 2924 sed
2554 2869 2773 2924 meliori
2804 2869 2918 2924 fine
2956 2869 3317 2926 conclusum.
3372 2868 3615 2935 Quidam
3663 2868 3843 2925 cleri-

322 2954 580 3011 revelare
624 2955 914 3027 mysteria.
949 2958 1152 3027 Itaque
1199 2958 1449 3014 sentiens
1478 2959 1798 3014 monachus
1830 2957 2016 3014 mala-
2124 2972 2227 3014 cus
2258 2956 2317 3012 in
2343 2956 2674 3013 Belvacensi
2703 2970 2850 3028 pago
2879 2958 3193 3028 scriptandi
3217 2965 3339 3014 arte
3368 2958 3618 3027 vivebat,
3649 2972 3837 3029 quem

322 3057 453 3099 rum
485 3045 698 3101 artium
729 3047 991 3103 curiosus
1017 3046 1285 3103 Judaeum
1327 3047 1605 3103 maleﬁcia
1637 3062 1818 3116 nosse,
1856 3047 2011 3104 mul-
2051 3083 2092 3139 Ο
2125 3050 2181 3100 et
2215 3058 2321 3116 ego
2371 3058 2645 3101 noveram
2715 3046 2868 3114 (nam
2916 3045 3168 3102 Flaviaci
3214 3046 3273 3101 in
3322 3047 3429 3103 hoc
3492 3046 3610 3117 ipso
3657 3060 3843 3116 opere

321 3139 446 3188 tum
490 3133 537 3190 ei
587 3134 808 3191 institit.
861 3136 1118 3192 Assensit
1158 3136 1415 3204 Iudaeus,
1449 3144 1506 3192 et
1554 3144 1918 3207 sequestrum
1961 3136 2014 3193 ei
2061 3133 2092 3139 '
2126 3133 2446 3190 conductus
2490 3134 2922 3205 laboraverat);
2971 3134 3074 3204 qui
3119 3135 3479 3204 postmodum
3530 3134 3687 3205 apud
3729 3148 3843 3190 ca-

320 3221 472 3290 apud
503 3222 795 3279 diabolum
842 3238 902 3280 se
934 3223 1198 3281 futurum
1241 3224 1560 3295 pollicetur.
1596 3225 1884 3282 Statuitur
1929 3225 2019 3282 lo-
2124 3228 2310 3277 strum
2341 3222 2640 3278 Britoilum
2674 3236 2808 3279 cum
2839 3223 3016 3278 altero
3040 3223 3299 3280 maleﬁco
3330 3223 3587 3280 fabulam
3609 3223 3842 3280 habens

320 3324 425 3367 cus
461 3311 849 3384 colloquiique
879 3313 1014 3370 dies.
1067 3313 1321 3369 Tandem
1350 3328 1416 3369 eo
1450 3314 1758 3370 mediatore
1798 3314 2021 3370 sistitur
2126 3309 2349 3375 clerico,
2380 3311 2489 3366 tale
2523 3311 2661 3381 quid
2681 3310 2933 3367 audivit:
2967 3311 3018 3366 Si
3043 3312 3291 3381 quaestui
3314 3312 3842 3383 mihiesset,quid—

321 3406 453 3456 ante
498 3399 824 3468 diabolum;
856 3402 993 3471 petit
1040 3415 1100 3458 se
1125 3402 1399 3458 doctrinae
1447 3403 1626 3473 hujus
1662 3417 1728 3458 eo
1762 3402 1881 3459 ﬁeri
1914 3413 2017 3459 au-
2126 3397 2260 3453 dam
2284 3405 2336 3455 te
2362 3398 2644 3467 docerem,
2678 3399 2834 3469 quod
2878 3414 3010 3455 cum
3038 3399 3272 3466 faceres,
3313 3399 3670 3470 quotidiana,
3704 3396 3843 3450 sine

322 3496 477 3545 ctore
514 3489 870 3560 participem.
904 3489 1095 3546 Refert
1139 3504 1348 3559 praeses
1379 3490 1473 3546 ille
1502 3490 1791 3547 nefandus
1831 3491 2019 3547 neuti—
2129 3486 2251 3543 ulla
2314 3486 2813 3543 administratione
2879 3487 3148 3552 hominis,
3225 3488 3601 3557 pecuniarum
3672 3486 3841 3541 dona

321 3590 499 3648 quam
550 3578 659 3634 hoc
710 3578 854 3646 ﬁeri,
899 3577 1005 3633 nisi
1056 3577 1484 3635 Christianitale
1527 3587 1735 3650 negata
1784 3579 1895 3635 sibi
1924 3593 2023 3635 sa-
2129 3574 2468 3645 perciperes.
2520 3575 2737 3642 Quaerit
2766 3576 2858 3633 ille
2888 3577 3029 3647 quid
3077 3576 3223 3633 facto
3253 3590 3397 3646 opus
3433 3583 3597 3632 esset.
3650 3574 3840 3631 Infert

322 3665 605 3722 oriﬁcium
689 3665 1000 3723 deferatur.
1082 3667 1409 3738 Interrogat
1473 3666 1566 3723 ille
1631 3668 1807 3738 quod.
1861 3667 2023 3734 Quod
2128 3663 2427 3720 maleficus
2478 3664 2618 3735 quia
2670 3664 2780 3720 civi
2844 3665 3225 3729 infernorum,
3296 3665 3510 3721 scilicet
3574 3664 3833 3731 diabolo,

323 3753 717 3811 delectabilius
768 3761 851 3812 est
902 3754 961 3811 in
1019 3755 1270 3812 homine.
1332 3756 1494 3823 Quod
1552 3756 1741 3813 illud?
1789 3755 2025 3826 Sperma
2129 3752 2415 3809 litandum
2478 3752 2589 3809 sibi
2629 3752 2790 3809 foret.
2857 3752 2998 3821 Qua.
3046 3754 3257 3824 inquit,
3314 3754 3591 3810 victima?
3643 3752 3833 3820 Gallo,

326 3839 555 3909 libabis,
584 3841 662 3897 ait
693 3882 708 3909 ,
744 3848 942 3911 tuum;
970 3843 1285 3914 quodcum
1326 3842 1468 3898 mihi
1501 3841 1844 3912 profuderis,
1892 3841 2025 3897 inde
2129 3840 2340 3912 inquit,
2409 3841 2489 3898 ita
2551 3849 2619 3898 ut
2664 3857 2863 3908 ovum,
2913 3843 2985 3899 de
3043 3858 3161 3914 quo
3208 3850 3511 3899 concretus
3571 3848 3677 3908 est,
3736 3840 3837 3896 die

324 3929 480 4000 quod
512 3930 975 3988 sacrificantibus
1019 3939 1104 3989 est
1134 3931 1390 3987 debitum
1441 3929 1839 4002 praegustabis.
1874 3930 2024 3986 Proh
2129 3930 2288 3988 Jovis
2336 3930 2396 3985 in
2458 3945 2655 3987 mense
2719 3931 2924 3988 Martio
2988 3945 3024 3988 a
3089 3932 3305 4003 gallina
3357 3938 3574 3987 constet
3609 3929 3837 3999 exposi-

322 4018 543 4074 scelus!
595 4019 741 4075 Proh
792 4017 1014 4090 pudori
1067 4021 1139 4076 Et
1170 4019 1273 4075 isa
1303 4034 1419 4090 quo
1467 4019 1592 4075 haec
1637 4019 2026 4090 exigebantur
2131 4026 2276 4075 tum.
2316 4020 2483 4076 Hunc
2533 4034 2669 4091 ergo
2705 4028 3013 4091 postquam
3046 4019 3340 4087 torrueris,
3387 4020 3448 4075 in
3498 4019 3618 4089 ipso
3647 4018 3839 4073 noctis

323 4114 446 4164 erat
493 4109 800 4179 presbyter.
853 4110 925 4165 Et
954 4109 1077 4165 haec
1104 4108 1176 4165 ad
1228 4109 1310 4164 tui
1341 4108 1562 4165 ordinis
1603 4114 1659 4162 et
1688 4114 1801 4164 tua;
1852 4106 2024 4162 bene-
2132 4107 2410 4179 principio
2454 4115 2644 4164 tecum
2686 4122 2940 4175 sumens,
2976 4108 3059 4163 uti
3092 4115 3275 4164 tostus
3311 4114 3414 4175 est,
3460 4121 3605 4163 veru
3636 4105 3838 4160 adhuc

323 4193 489 4250 dictae
536 4196 735 4252 hostiae
783 4197 1123 4268 sacrilegam
1156 4196 1535 4268 ignominiam
1562 4196 1717 4252 fecit
1758 4202 1895 4252 tuus
1923 4209 2026 4250 an-
2130 4196 2181 4253 ei
2210 4197 2417 4266 intuso,
2449 4198 2522 4253 ad
2551 4197 2880 4268 proximum
2916 4196 3207 4252 vivarium
3241 4209 3470 4252 mecum
3500 4195 3629 4251 ibis.
3657 4193 3837 4261 Quid-

328 4282 528 4351 tiquus
571 4283 772 4350 hostis,
806 4285 1066 4342 Domine.
1099 4285 1180 4341 Ne
1206 4285 1396 4351 sileas,
1428 4298 1618 4356 neque
1647 4282 2028 4353 compescaris
2131 4285 2273 4355 quid
2320 4292 2513 4342 autem
2542 4285 2619 4342 ibi
2667 4285 2883 4352 videas,
2916 4284 3140 4353 audias,
3187 4284 3421 4351 sentias,
3458 4298 3573 4339 non
3618 4284 3828 4344 Deum.

324 4384 360 4426 a
388 4370 663 4438 vindicta,
692 4371 845 4428 Deus
887 4373 1062 4441 (Psal.
1092 4389 1291 4441 Lxxxn,
1323 4374 1403 4443 2).
1434 4372 1583 4440 Quid
1609 4373 1845 4428 dicam?
1871 4370 2023 4438 Quo-
2064 4384 2108 4439 Ι)
2133 4389 2249 4430 non
2306 4374 2531 4430 beatam
2589 4374 2852 4439 Mariam,
2914 4389 3030 4430 non
3085 4374 3235 4430 ullos
3281 4380 3509 4429 sanctos
3559 4371 3834 4427 invocare

326 4458 496 4514 modo
552 4458 738 4514 dicam
763 4460 792 4514 ?
847 4460 998 4517 Fecit
1044 4461 1198 4533 quod
1242 4462 1544 4532 petebatur
1592 4460 1811 4528 infelix,
1844 4474 2015 4531 quem
2126 4478 2461 4534 praesumas.
2498 4465 2672 4530 Faxo,
2708 4462 2918 4534 inquit.
2953 4462 3215 4519 Mirabile
3243 4459 3494 4518 factum!
3527 4460 3609 4517 Ad
3641 4460 3832 4516 locum

326 4553 410 4611 tu,
443 4561 476 4603 o
506 4547 729 4605 utinam
768 4548 841 4605 ad
870 4551 1131 4620 tempus!
1166 4550 1521 4606 deserueras.
1549 4549 1637 4606 Fit
1660 4549 1856 4620 itaque
1885 4564 2020 4606 cum
2126 4568 2264 4624 ergo
2292 4560 2467 4609 noctu
2515 4552 2776 4621 veniunt,
2829 4560 2884 4609 et
2916 4552 3158 4608 hostiam
3213 4550 3311 4606 tali
3361 4552 3471 4606 Deo
3510 4561 3832 4617 congruam

327 4636 584 4693 horribili
628 4636 937 4695 libamenta
966 4652 1142 4709 super
1170 4638 1301 4695 ﬁdei
1349 4637 1696 4709 relegatione
1724 4637 2016 4708 professio.
2128 4655 2323 4699 secum
2381 4640 2591 4697 ferunt.
2658 4640 2923 4710 Cumque
2968 4639 3061 4695 ille
3109 4653 3184 4695 ex
3230 4639 3463 4695 nomine
3511 4637 3835 4693 invocasset

324 4724 478 4793 Quas
519 4734 713 4784 autem
751 4734 903 4785 artes
939 4727 1273 4785 exsecrabili
1319 4728 1426 4784 hoc
1461 4727 1832 4785 mercimonio
1859 4742 2021 4785 com-
2127 4729 2498 4797 daemonium,
2530 4736 2585 4785 et
2611 4740 2830 4798 pravus
2867 4726 2961 4783 ille
2990 4725 3310 4796 discipulus
3342 4732 3558 4782 teneret
3585 4723 3830 4795 gallum,

326 4815 545 4886 pararit
573 4816 723 4873 facto
751 4817 1112 4875 notiﬁcemus
1141 4817 1200 4873 in
1232 4831 1349 4873 uno
1382 4832 1396 4872 :
2128 4820 2401 4877 suscitato
2445 4817 2677 4873 turbine
2736 4816 2960 4872 daemon
2993 4816 3194 4884 astitit,
3245 4815 3464 4887 gallum
3507 4813 3615 4870 sibi
3656 4813 3831 4869 corri-

401 4905 592 4961 Mulier
617 4909 677 4960 in
719 4922 903 4962 canem
952 4908 1298 4962 convertitur.
1331 4933 1405 4947 —
1445 4905 1765 4973 Quamdam
1809 4906 2020 4978 cogniti
2129 4907 2274 4979 puit,
2306 4905 2620 4963 exterritus
2650 4903 2745 4960 ille
2774 4904 2876 4975 qui
2907 4904 3251 4971 ducebatur,
3283 4910 3543 4960 sanctam
3592 4901 3833 4959 Mariam

327 4992 552 5062 generis
608 4995 950 5051 monacham
1001 4994 1287 5064 colloquio
1330 5009 1435 5050 suo
1486 5002 1833 5051 assueverat.
1885 4996 2025 5051 Erat
2131 4995 2485 5051 inclamavit.
2531 4992 2712 5064 Cujus
2740 4993 2981 5063 potentis
3013 4992 3268 5048 Dominae
3298 4990 3497 5047 audito
3528 4990 3621 5046 ille
3650 4988 3832 5044 nomi-

326 5085 522 5135 autem
583 5079 643 5136 in
689 5082 899 5139 cellula
959 5096 1349 5149 commanens,
1401 5096 1519 5139 uno
1556 5090 1795 5140 tantum
1845 5082 2025 5140 sodali
2133 5094 2205 5136 ne
2235 5093 2365 5135 cum
2400 5077 2550 5149 gallo
2575 5091 2680 5133 suo
2714 5077 2963 5148 aufugit,
2998 5076 3077 5133 ita
3101 5083 3166 5133 ut
3194 5075 3458 5132 eumdem
3491 5073 3690 5130 efferre
3716 5085 3832 5129 non

328 5168 631 5238 monacho,
688 5171 790 5240 qui
851 5171 1086 5242 quidem
1139 5172 1423 5228 exteriora
1472 5172 1729 5237 curabat,
1770 5172 1817 5229 is
1871 5172 2025 5229 domi
2134 5168 2442 5233 sufﬁceret,
2468 5166 2573 5229 sed
2621 5180 2755 5223 eum
2789 5166 2849 5221 in
2893 5165 3146 5235 quadam
3196 5164 3410 5220 vivarii
3454 5163 3647 5219 insula
3675 5162 3828 5232 quis-

328 5256 575 5313 vacabat
615 5258 860 5329 ineptiis.
912 5260 1015 5317 Die
1043 5274 1180 5331 ergo
1222 5261 1476 5332 quadam
1522 5276 1626 5318 suo
1652 5276 1786 5318 cum
1830 5269 2029 5318 contu-
2140 5257 2290 5329 piam
2334 5258 2403 5313 de
2448 5256 2838 5327 piscatoribus
2884 5255 3155 5325 postridie
3185 5252 3483 5323 reperiret.
3515 5252 3560 5308 Ο
3612 5250 3828 5321 regium

329 5345 553 5402 bcrnali
582 5359 616 5402 a
645 5350 877 5419 negotio
907 5349 1182 5406 redeunte
1200 5349 1349 5407 domi
1371 5350 1664 5419 sedebant,
1697 5365 1871 5421 quem
1894 5364 2029 5406 cum
2138 5353 2192 5403 et
2238 5345 2404 5402 dulce
2452 5344 2567 5401 tuis
2597 5359 2826 5411 nomen,
2880 5343 3155 5415 malignis
3208 5341 3471 5412 partibus
3517 5340 3599 5396 sic
3627 5352 3829 5409 paven-

329 5447 496 5505 porro
545 5435 843 5505 vidissent,
898 5438 1306 5496 diverticulum
1357 5438 1586 5497 mulieri
1646 5452 1763 5495 nou
1820 5439 2026 5508 patuit,
2139 5435 2280 5490 dum
2306 5432 2317 5487 ι
2348 5434 2537 5490 Iratus
2564 5440 2649 5490 est
2677 5441 2870 5489 autem
2902 5432 3200 5488 maleﬁcus
3229 5431 3509 5487 adversus
3541 5427 3822 5492 clericum,

332 5522 429 5579 sed
457 5523 651 5580 exitus
677 5523 806 5595 ejus
848 5526 1097 5583 reditum
1144 5526 1414 5584 monachi
1444 5524 1789 5583 offendebat.
1840 5526 2032 5596 Trepi-
2141 5537 2248 5578 cur
2272 5529 2491 5579 tantam
2522 5522 2633 5578 sub
2675 5521 2774 5578 tali
2804 5521 3036 5591 negotio
3066 5520 3341 5576 feminam
3388 5518 3721 5574 invocasset.
3760 5516 3827 5571 At

329 5610 460 5668 dam
503 5610 700 5682 itaque
749 5626 935 5671 novus
968 5614 1292 5671 incantator
1342 5614 1572 5670 intuens
1600 5612 1835 5678 sociam,
1865 5612 2031 5681 vade,
2145 5611 2239 5668 ille
2288 5610 2620 5682 poenitentia
2647 5617 2811 5667 actus
2850 5608 2944 5680 (“)
2977 5608 3052 5666 ad
3082 5608 3407 5669 Lisiardum
3441 5606 3824 5665 Belvacensem
