  <div class='ocr_page' id='page_1' title='image "/cluster/home/n/w/nwhite01/storage/ocr_20150623/156-157/uc1.31175010662024/452.png"; bbox 0 0 3946 6392; ppageno 0'>
   <div class='ocr_carea' id='block_1_1' title="bbox 43 363 172 413">
    <p class='ocr_par' dir='ltr' id='par_1_1' title="bbox 43 363 172 413">
     <span class='ocr_line' id='line_1_1' title="bbox 43 363 172 413; baseline 0.008 -1"><span class='ocrx_word' id='word_1_1' title='bbox 43 363 172 413; x_wconf 83' lang='grc'>893</span> 
     </span>
    </p>
   </div>
   <div class='ocr_carea' id='block_1_2' title="bbox 1144 365 2451 423">
    <p class='ocr_par' dir='ltr' id='par_1_2' title="bbox 1144 365 2451 423">
     <span class='ocr_line' id='line_1_2' title="bbox 1144 365 2451 423; baseline -0.001 -3"><span class='ocrx_word' id='word_1_2' title='bbox 1144 366 1236 422; x_wconf 87' lang='lat' dir='ltr'><strong>DE</strong></span> <span class='ocrx_word' id='word_1_3' title='bbox 1277 367 1433 422; x_wconf 84' lang='lat' dir='ltr'><strong>VITA</strong></span> <span class='ocrx_word' id='word_1_4' title='bbox 1470 367 1600 423; x_wconf 86' lang='lat' dir='ltr'><strong>SUA</strong></span> <span class='ocrx_word' id='word_1_5' title='bbox 1640 365 1824 422; x_wconf 82' lang='lat' dir='ltr'><strong>LIBRI</strong></span> <span class='ocrx_word' id='word_1_6' title='bbox 1863 366 2061 422; x_wconf 82' lang='lat' dir='ltr'>TRES.</span> <span class='ocrx_word' id='word_1_7' title='bbox 2103 393 2174 406; x_wconf 90' lang='lat'>—</span> <span class='ocrx_word' id='word_1_8' title='bbox 2211 366 2340 422; x_wconf 86' lang='lat' dir='ltr'>LIB.</span> <span class='ocrx_word' id='word_1_9' title='bbox 2381 365 2451 422; x_wconf 86' lang='lat' dir='ltr'><strong>II.</strong></span> 
     </span>
    </p>
   </div>
   <div class='ocr_carea' id='block_1_3' title="bbox 3482 366 3588 420">
    <p class='ocr_par' dir='ltr' id='par_1_3' title="bbox 3482 366 3588 420">
     <span class='ocr_line' id='line_1_3' title="bbox 3482 366 3588 420; baseline 0 0"><span class='ocrx_word' id='word_1_10' title='bbox 3482 366 3588 420; x_wconf 78' lang='grc'>894</span> 
     </span>
    </p>
   </div>
   <div class='ocr_carea' id='block_1_4' title="bbox 41 492 3582 568">
    <p class='ocr_par' dir='ltr' id='par_1_4' title="bbox 41 492 3582 568">
     <span class='ocr_line' id='line_1_4' title="bbox 41 492 3582 568; baseline 0.002 -22"><span class='ocrx_word' id='word_1_11' title='bbox 41 492 548 551; x_wconf 86' lang='lat' dir='ltr'>archidiaconum</span> <span class='ocrx_word' id='word_1_12' title='bbox 568 494 1368 565; x_wconf 90' lang='lat' dir='ltr'>avunculummeum;virum</span> <span class='ocrx_word' id='word_1_13' title='bbox 1389 497 1778 568; x_wconf 87' lang='lat' dir='ltr'>undecunque</span> <span class='ocrx_word' id='word_1_14' title='bbox 1816 499 1861 552; x_wconf 81' lang='grc' dir='ltr'><strong>Α</strong></span> <span class='ocrx_word' id='word_1_15' title='bbox 1890 504 1992 554; x_wconf 92' lang='lat' dir='ltr'>aut</span> <span class='ocrx_word' id='word_1_16' title='bbox 2036 496 2320 553; x_wconf 83' lang='lat' dir='ltr'>audierim</span> <span class='ocrx_word' id='word_1_17' title='bbox 2370 496 2582 553; x_wconf 82' lang='lat' dir='ltr'>dixisse</span> <span class='ocrx_word' id='word_1_18' title='bbox 2633 495 2942 553; x_wconf 83' lang='lat' dir='ltr'>sufﬁciant.</span> <span class='ocrx_word' id='word_1_19' title='bbox 2999 496 3073 553; x_wconf 90' lang='lat' dir='ltr'>At</span> <span class='ocrx_word' id='word_1_20' title='bbox 3119 496 3402 567; x_wconf 87' lang='lat' dir='ltr'>deinceps,</span> <span class='ocrx_word' id='word_1_21' title='bbox 3450 511 3582 553; x_wconf 94' lang='lat' dir='ltr'>cum</span> 
     </span>
    </p>
   </div>
   <div class='ocr_carea' id='block_1_5' title="bbox 41 578 1779 653">
    <p class='ocr_par' dir='ltr' id='par_1_5' title="bbox 41 578 1779 653">
     <span class='ocr_line' id='line_1_5' title="bbox 41 578 1779 653; baseline 0.005 -19"><span class='ocrx_word' id='word_1_22' title='bbox 41 578 414 650; x_wconf 80' lang='lat' dir='ltr'>litteratum,</span> <span class='ocrx_word' id='word_1_23' title='bbox 458 582 821 653; x_wconf 83' lang='lat' dir='ltr'>prudentem,</span> <span class='ocrx_word' id='word_1_24' title='bbox 873 593 927 640; x_wconf 92' lang='lat' dir='ltr'>et</span> <span class='ocrx_word' id='word_1_25' title='bbox 967 584 1039 640; x_wconf 89' lang='lat' dir='ltr'>ad</span> <span class='ocrx_word' id='word_1_26' title='bbox 1090 585 1226 640; x_wconf 89' lang='lat' dir='ltr'>talia</span> <span class='ocrx_word' id='word_1_27' title='bbox 1275 586 1552 642; x_wconf 90' lang='lat' dir='ltr'>curialem</span> <span class='ocrx_word' id='word_1_28' title='bbox 1601 600 1668 642; x_wconf 92' lang='lat' dir='ltr'>ac</span> <span class='ocrx_word' id='word_1_29' title='bbox 1701 586 1779 642; x_wconf 84' lang='lat' dir='ltr'>fa-</span> 
     </span>
    </p>
   </div>
   <div class='ocr_carea' id='block_1_6' title="bbox 41 671 1815 746">
    <p class='ocr_par' dir='ltr' id='par_1_6' title="bbox 41 671 1815 746">
     <span class='ocr_line' id='line_1_6' title="bbox 41 671 1815 746; baseline 0.005 -22"><span class='ocrx_word' id='word_1_30' title='bbox 41 683 325 738; x_wconf 88' lang='lat' dir='ltr'>mosum,</span> <span class='ocrx_word' id='word_1_31' title='bbox 375 671 640 741; x_wconf 87' lang='lat' dir='ltr'>accessit;</span> <span class='ocrx_word' id='word_1_32' title='bbox 675 673 1087 744; x_wconf 82' lang='lat' dir='ltr'>confessusque</span> <span class='ocrx_word' id='word_1_33' title='bbox 1117 675 1272 745; x_wconf 88' lang='lat' dir='ltr'>quod</span> <span class='ocrx_word' id='word_1_34' title='bbox 1318 675 1511 746; x_wconf 82' lang='lat' dir='ltr'>gessit,</span> <span class='ocrx_word' id='word_1_35' title='bbox 1557 676 1815 732; x_wconf 85' lang='lat' dir='ltr'>oratio-&#39;</span> 
     </span>
    </p>
   </div>
   <div class='ocr_carea' id='block_1_7' title="bbox 41 756 1778 836">
    <p class='ocr_par' dir='ltr' id='par_1_7' title="bbox 41 756 1778 836">
     <span class='ocr_line' id='line_1_7' title="bbox 41 756 1778 836; baseline 0.005 -25"><span class='ocrx_word' id='word_1_36' title='bbox 41 756 247 814; x_wconf 87' lang='lat' dir='ltr'>nibus</span> <span class='ocrx_word' id='word_1_37' title='bbox 278 772 347 815; x_wconf 91' lang='lat' dir='ltr'>ac</span> <span class='ocrx_word' id='word_1_38' title='bbox 387 759 628 830; x_wconf 91' lang='lat' dir='ltr'>jejuniis</span> <span class='ocrx_word' id='word_1_39' title='bbox 671 775 788 817; x_wconf 85' lang='lat' dir='ltr'>sese</span> <span class='ocrx_word' id='word_1_40' title='bbox 816 763 888 818; x_wconf 89' lang='lat' dir='ltr'>ad</span> <span class='ocrx_word' id='word_1_41' title='bbox 937 763 1352 833; x_wconf 68' lang='lat' dir='ltr'>paenitudinem</span> <span class='ocrx_word' id='word_1_42' title='bbox 1384 765 1506 834; x_wconf 91' lang='lat' dir='ltr'>ipso</span> <span class='ocrx_word' id='word_1_43' title='bbox 1539 765 1778 836; x_wconf 91' lang='lat' dir='ltr'>jubente</span> 
     </span>
    </p>
   </div>
   <div class='ocr_carea' id='block_1_8' title="bbox 41 846 1773 922">
    <p class='ocr_par' dir='ltr' id='par_1_8' title="bbox 41 846 1773 922">
     <span class='ocr_line' id='line_1_8' title="bbox 41 846 1773 922; baseline 0.006 -22"><span class='ocrx_word' id='word_1_44' title='bbox 41 846 370 917; x_wconf 87' lang='lat' dir='ltr'>depressit.</span> <span class='ocrx_word' id='word_1_45' title='bbox 424 849 558 905; x_wconf 70' lang='lat' dir='ltr'>Haec</span> <span class='ocrx_word' id='word_1_46' title='bbox 603 850 672 906; x_wconf 90' lang='lat' dir='ltr'>de</span> <span class='ocrx_word' id='word_1_47' title='bbox 730 850 798 906; x_wconf 91' lang='lat' dir='ltr'>iis</span> <span class='ocrx_word' id='word_1_48' title='bbox 843 866 975 922; x_wconf 67' lang='lat' dir='ltr'>quae</span> <span class='ocrx_word' id='word_1_49' title='bbox 1031 851 1089 908; x_wconf 91' lang='lat' dir='ltr'>in</span> <span class='ocrx_word' id='word_1_50' title='bbox 1135 855 1478 910; x_wconf 87' lang='lat' dir='ltr'>monasterio</span> <span class='ocrx_word' id='word_1_51' title='bbox 1534 854 1773 910; x_wconf 87' lang='lat' dir='ltr'>viderim</span> 
     </span>
    </p>
   </div>
   <div class='ocr_carea' id='block_1_9' title="bbox 1885 585 3586 658">
    <p class='ocr_par' dir='ltr' id='par_1_9' title="bbox 1885 585 3586 658">
     <span class='ocr_line' id='line_1_9' title="bbox 1885 585 3586 658; baseline -0.002 -14"><span class='ocrx_word' id='word_1_52' title='bbox 1885 587 2157 658; x_wconf 89' lang='lat' dir='ltr'>superius</span> <span class='ocrx_word' id='word_1_53' title='bbox 2185 586 2254 642; x_wconf 93' lang='lat' dir='ltr'>de</span> <span class='ocrx_word' id='word_1_54' title='bbox 2279 586 2374 641; x_wconf 90' lang='lat' dir='ltr'>illa</span> <span class='ocrx_word' id='word_1_55' title='bbox 2405 593 2601 642; x_wconf 89' lang='lat' dir='ltr'>nostra</span> <span class='ocrx_word' id='word_1_56' title='bbox 2659 586 3057 658; x_wconf 86' lang='lat' dir='ltr'>qualicunque</span> <span class='ocrx_word' id='word_1_57' title='bbox 3081 585 3353 641; x_wconf 91' lang='lat' dir='ltr'>electione</span> <span class='ocrx_word' id='word_1_58' title='bbox 3383 585 3586 641; x_wconf 79' lang='lat' dir='ltr'>dixeri-</span> 
     </span>
    </p>
   </div>
   <div class='ocr_carea' id='block_1_10' title="bbox 1887 675 3585 747">
    <p class='ocr_par' dir='ltr' id='par_1_10' title="bbox 1887 675 3585 747">
     <span class='ocr_line' id='line_1_10' title="bbox 1887 675 3585 747; baseline -0.002 -15"><span class='ocrx_word' id='word_1_59' title='bbox 1887 691 2038 742; x_wconf 91' lang='lat' dir='ltr'>mus,</span> <span class='ocrx_word' id='word_1_60' title='bbox 2068 675 2200 747; x_wconf 89' lang='lat' dir='ltr'>quis</span> <span class='ocrx_word' id='word_1_61' title='bbox 2231 675 2348 745; x_wconf 89' lang='lat' dir='ltr'>ipse</span> <span class='ocrx_word' id='word_1_62' title='bbox 2387 677 2565 742; x_wconf 91' lang='lat' dir='ltr'>locus,</span> <span class='ocrx_word' id='word_1_63' title='bbox 2599 675 2850 745; x_wconf 86' lang='lat' dir='ltr'>qualiter</span> <span class='ocrx_word' id='word_1_64' title='bbox 2892 675 3206 741; x_wconf 91' lang='lat' dir='ltr'>institutus,</span> <span class='ocrx_word' id='word_1_65' title='bbox 3239 688 3388 744; x_wconf 90' lang='lat' dir='ltr'>quas</span> <span class='ocrx_word' id='word_1_66' title='bbox 3428 675 3585 730; x_wconf 89' lang='lat' dir='ltr'>anti-</span> 
     </span>
    </p>
   </div>
   <div class='ocr_carea' id='block_1_11' title="bbox 1887 763 3588 836">
    <p class='ocr_par' dir='ltr' id='par_1_11' title="bbox 1887 763 3588 836">
     <span class='ocr_line' id='line_1_11' title="bbox 1887 763 3588 836; baseline -0.001 -15"><span class='ocrx_word' id='word_1_67' title='bbox 1887 768 2136 836; x_wconf 90' lang='lat' dir='ltr'>quitates</span> <span class='ocrx_word' id='word_1_68' title='bbox 2186 765 2470 831; x_wconf 83' lang='lat' dir='ltr'>habuerit,</span> <span class='ocrx_word' id='word_1_69' title='bbox 2530 764 2602 819; x_wconf 90' lang='lat' dir='ltr'>ad</span> <span class='ocrx_word' id='word_1_70' title='bbox 2651 778 2826 834; x_wconf 89' lang='lat' dir='ltr'>quem</span> <span class='ocrx_word' id='word_1_71' title='bbox 2878 763 3138 820; x_wconf 86' lang='lat' dir='ltr'>translati</span> <span class='ocrx_word' id='word_1_72' title='bbox 3193 764 3308 818; x_wconf 92' lang='lat' dir='ltr'>Dco</span> <span class='ocrx_word' id='word_1_73' title='bbox 3356 771 3588 820; x_wconf 89' lang='lat' dir='ltr'>auctore</span> 
     </span>
    </p>
   </div>
   <div class='ocr_carea' id='block_1_12' title="bbox 1885 852 3180 924">
    <p class='ocr_par' dir='ltr' id='par_1_12' title="bbox 1885 852 3180 924">
     <span class='ocr_line' id='line_1_12' title="bbox 1885 852 3180 924; baseline -0.001 -15"><span class='ocrx_word' id='word_1_74' title='bbox 1885 867 2108 921; x_wconf 92' lang='lat' dir='ltr'>sumus,</span> <span class='ocrx_word' id='word_1_75' title='bbox 2136 853 2373 909; x_wconf 85' lang='lat' dir='ltr'>alterius</span> <span class='ocrx_word' id='word_1_76' title='bbox 2402 852 2580 908; x_wconf 91' lang='lat' dir='ltr'>libelli</span> <span class='ocrx_word' id='word_1_77' title='bbox 2616 852 2776 908; x_wconf 90' lang='lat' dir='ltr'>initio</span> <span class='ocrx_word' id='word_1_78' title='bbox 2808 853 3180 924; x_wconf 85' lang='lat' dir='ltr'>attingamus.</span> 
     </span>
    </p>
   </div>
   <div class='ocr_carea' id='block_1_13' title="bbox 1236 1154 2419 1242">
    <p class='ocr_par' dir='ltr' id='par_1_13' title="bbox 1236 1154 2419 1242">
     <span class='ocr_line' id='line_1_13' title="bbox 1236 1154 2419 1242; baseline -0.001 -2"><span class='ocrx_word' id='word_1_79' title='bbox 1236 1155 1635 1242; x_wconf 83' lang='lat' dir='ltr'>LIBER</span> <span class='ocrx_word' id='word_1_80' title='bbox 1693 1154 2419 1242; x_wconf 89' lang='lat' dir='ltr'>SECUNDUS.</span> 
     </span>
    </p>
   </div>
   <div class='ocr_carea' id='block_1_14' title="bbox 595 1367 3065 1416">
    <p class='ocr_par' dir='ltr' id='par_1_14' title="bbox 595 1367 3065 1416">
     <span class='ocr_line' id='line_1_14' title="bbox 595 1367 3065 1416; baseline 0.001 -5"><span class='ocrx_word' id='word_1_81' title='bbox 595 1367 795 1412; x_wconf 83' lang='lat' dir='ltr'><strong>INITIA</strong></span> <span class='ocrx_word' id='word_1_82' title='bbox 841 1368 918 1412; x_wconf 84' lang='lat' dir='ltr'>ET</span> <span class='ocrx_word' id='word_1_83' title='bbox 965 1367 1357 1414; x_wconf 77' lang='lat' dir='ltr'>PROGBESSUS</span> <span class='ocrx_word' id='word_1_84' title='bbox 1402 1369 1684 1414; x_wconf 73' lang='lat' dir='ltr'>ABBATUE</span> <span class='ocrx_word' id='word_1_85' title='bbox 1731 1371 1790 1414; x_wconf 87' lang='grc' dir='ltr'>Β.</span> <span class='ocrx_word' id='word_1_86' title='bbox 1835 1369 2050 1414; x_wconf 69' lang='lat' dir='ltr'>MARIIE</span> <span class='ocrx_word' id='word_1_87' title='bbox 2098 1370 2178 1415; x_wconf 87' lang='lat' dir='ltr'>DE</span> <span class='ocrx_word' id='word_1_88' title='bbox 2224 1369 2588 1415; x_wconf 82' lang='lat' dir='ltr'>NOVIGENTO</span> <span class='ocrx_word' id='word_1_89' title='bbox 2639 1370 3065 1416; x_wconf 77' lang='lat' dir='ltr'>REFERUNTUR.</span> 
     </span>
    </p>
   </div>
   <div class='ocr_carea' id='block_1_15' title="bbox 647 1652 1226 1712">
    <p class='ocr_par' dir='ltr' id='par_1_15' title="bbox 647 1652 1226 1712">
     <span class='ocr_line' id='line_1_15' title="bbox 647 1652 1226 1712; baseline 0 -3"><span class='ocrx_word' id='word_1_90' title='bbox 647 1652 880 1710; x_wconf 85' lang='lat' dir='ltr'>CAPUT</span> <span class='ocrx_word' id='word_1_91' title='bbox 924 1654 1226 1712; x_wconf 84' lang='lat' dir='ltr'>PRIMUM.</span> 
     </span>
    </p>
   </div>
   <div class='ocr_carea' id='block_1_16' title="bbox 130 1739 1780 1816">
    <p class='ocr_par' dir='ltr' id='par_1_16' title="bbox 130 1739 1780 1816">
     <span class='ocr_line' id='line_1_16' title="bbox 130 1739 1780 1816; baseline -0.002 -15"><span class='ocrx_word' id='word_1_92' title='bbox 130 1739 245 1813; x_wconf 71' lang='grc'>(⁵⁸⁸)</span> <span class='ocrx_word' id='word_1_93' title='bbox 294 1740 554 1799; x_wconf 85' lang='lat' dir='ltr'>Vocatur</span> <span class='ocrx_word' id='word_1_94' title='bbox 589 1742 874 1813; x_wconf 87' lang='lat' dir='ltr'>siquidem</span> <span class='ocrx_word' id='word_1_95' title='bbox 915 1743 1303 1814; x_wconf 86' lang='lat' dir='ltr'>Novigentum</span> <span class='ocrx_word' id='word_1_96' title='bbox 1330 1743 1527 1816; x_wconf 85' lang='lat' dir='ltr'>(vulgo</span> <span class='ocrx_word' id='word_1_97' title='bbox 1551 1745 1780 1812; x_wconf 81' lang='lat' dir='ltr'>Nogent-</span> 
     </span>
    </p>
   </div>
   <div class='ocr_carea' id='block_1_17' title="bbox 39 1831 1776 1904">
    <p class='ocr_par' dir='ltr' id='par_1_17' title="bbox 39 1831 1776 1904">
     <span class='ocr_line' id='line_1_17' title="bbox 39 1831 1776 1904; baseline 0.002 -18"><span class='ocrx_word' id='word_1_98' title='bbox 39 1831 443 1902; x_wconf 84' lang='lat' dir='ltr'>sous-Coucy).</span> <span class='ocrx_word' id='word_1_99' title='bbox 478 1831 584 1898; x_wconf 91' lang='lat' dir='ltr'>Qui</span> <span class='ocrx_word' id='word_1_100' title='bbox 633 1839 921 1902; x_wconf 91' lang='lat' dir='ltr'>quantum</span> <span class='ocrx_word' id='word_1_101' title='bbox 973 1832 1045 1888; x_wconf 90' lang='lat' dir='ltr'>ad</span> <span class='ocrx_word' id='word_1_102' title='bbox 1104 1832 1516 1890; x_wconf 88' lang='lat' dir='ltr'>habitationem</span> <span class='ocrx_word' id='word_1_103' title='bbox 1558 1841 1776 1904; x_wconf 84' lang='lat' dir='ltr'>spectat</span> 
     </span>
    </p>
   </div>
   <div class='ocr_carea' id='block_1_18' title="bbox 47 1919 1781 1990">
    <p class='ocr_par' dir='ltr' id='par_1_18' title="bbox 47 1919 1781 1990">
     <span class='ocr_line' id='line_1_18' title="bbox 47 1919 1781 1990; baseline 0.002 -14"><span class='ocrx_word' id='word_1_104' title='bbox 47 1919 448 1976; x_wconf 89' lang='lat' dir='ltr'>monasticam</span> <span class='ocrx_word' id='word_1_105' title='bbox 499 1934 723 1990; x_wconf 82' lang='lat' dir='ltr'>novus;</span> <span class='ocrx_word' id='word_1_106' title='bbox 772 1928 1060 1990; x_wconf 88' lang='lat' dir='ltr'>quantum</span> <span class='ocrx_word' id='word_1_107' title='bbox 1109 1935 1244 1978; x_wconf 90' lang='lat' dir='ltr'>vero</span> <span class='ocrx_word' id='word_1_108' title='bbox 1285 1922 1357 1977; x_wconf 91' lang='lat' dir='ltr'>ad</span> <span class='ocrx_word' id='word_1_109' title='bbox 1397 1936 1570 1978; x_wconf 92' lang='lat' dir='ltr'>usum</span> <span class='ocrx_word' id='word_1_110' title='bbox 1609 1937 1781 1979; x_wconf 63' lang='lat' dir='ltr'>saecu-</span> 
     </span>
    </p>
   </div>
   <div class='ocr_carea' id='block_1_19' title="bbox 46 2007 1778 2080">
    <p class='ocr_par' dir='ltr' id='par_1_19' title="bbox 46 2007 1778 2080">
     <span class='ocr_line' id='line_1_19' title="bbox 46 2007 1778 2080; baseline 0.001 -16"><span class='ocrx_word' id='word_1_111' title='bbox 46 2009 249 2065; x_wconf 88' lang='lat' dir='ltr'>larem</span> <span class='ocrx_word' id='word_1_112' title='bbox 333 2007 716 2064; x_wconf 89' lang='lat' dir='ltr'>vetustissime</span> <span class='ocrx_word' id='word_1_113' title='bbox 784 2008 996 2064; x_wconf 91' lang='lat' dir='ltr'>cultus.</span> <span class='ocrx_word' id='word_1_114' title='bbox 1071 2008 1252 2075; x_wconf 83' lang='lat' dir='ltr'>Quam</span> <span class='ocrx_word' id='word_1_115' title='bbox 1312 2009 1660 2080; x_wconf 90' lang='lat' dir='ltr'>&#39;opinionem</span> <span class='ocrx_word' id='word_1_116' title='bbox 1731 2011 1778 2067; x_wconf 91' lang='lat' dir='ltr'>si</span> 
     </span>
    </p>
   </div>
   <div class='ocr_carea' id='block_1_20' title="bbox 47 2096 1778 2169">
    <p class='ocr_par' dir='ltr' id='par_1_20' title="bbox 47 2096 1778 2169">
     <span class='ocr_line' id='line_1_20' title="bbox 47 2096 1778 2169; baseline 0.002 -16"><span class='ocrx_word' id='word_1_117' title='bbox 47 2096 236 2153; x_wconf 85' lang='lat' dir='ltr'>nulla</span> <span class='ocrx_word' id='word_1_118' title='bbox 280 2096 540 2152; x_wconf 89' lang='lat' dir='ltr'>litteralis</span> <span class='ocrx_word' id='word_1_119' title='bbox 587 2098 820 2169; x_wconf 87' lang='lat' dir='ltr'>juvaret</span> <span class='ocrx_word' id='word_1_120' title='bbox 862 2097 1110 2165; x_wconf 88' lang='lat' dir='ltr'>traditio,</span> <span class='ocrx_word' id='word_1_121' title='bbox 1162 2103 1486 2168; x_wconf 87' lang='lat' dir='ltr'>suppeteret</span> <span class='ocrx_word' id='word_1_122' title='bbox 1528 2099 1778 2169; x_wconf 87' lang='lat' dir='ltr'>profecto</span> 
     </span>
    </p>
   </div>
   <div class='ocr_carea' id='block_1_21' title="bbox 50 2184 1779 2257">
    <p class='ocr_par' dir='ltr' id='par_1_21' title="bbox 50 2184 1779 2257">
     <span class='ocr_line' id='line_1_21' title="bbox 50 2184 1779 2257; baseline 0.001 -16"><span class='ocrx_word' id='word_1_123' title='bbox 50 2184 293 2241; x_wconf 70' lang='lat' dir='ltr'>affatim</span> <span class='ocrx_word' id='word_1_124' title='bbox 325 2185 652 2257; x_wconf 89' lang='lat' dir='ltr'>peregrina,</span> <span class='ocrx_word' id='word_1_125' title='bbox 678 2193 732 2241; x_wconf 90' lang='lat' dir='ltr'>et</span> <span class='ocrx_word' id='word_1_126' title='bbox 762 2200 897 2256; x_wconf 91' lang='lat' dir='ltr'>non,</span> <span class='ocrx_word' id='word_1_127' title='bbox 922 2193 1216 2256; x_wconf 88' lang='lat' dir='ltr'>putamus,</span> <span class='ocrx_word' id='word_1_128' title='bbox 1245 2187 1555 2243; x_wconf 84' lang='lat' dir='ltr'>Christiani</span> <span class='ocrx_word' id='word_1_129' title='bbox 1588 2189 1779 2244; x_wconf 89' lang='lat' dir='ltr'>nomi-</span> 
     </span>
    </p>
   </div>
   <div class='ocr_carea' id='block_1_22' title="bbox 49 2273 1774 2344">
    <p class='ocr_par' dir='ltr' id='par_1_22' title="bbox 49 2273 1774 2344">
     <span class='ocr_line' id='line_1_22' title="bbox 49 2273 1774 2344; baseline 0.002 -15"><span class='ocrx_word' id='word_1_130' title='bbox 49 2275 154 2329; x_wconf 89' lang='lat' dir='ltr'>nis</span> <span class='ocrx_word' id='word_1_131' title='bbox 227 2273 673 2344; x_wconf 91' lang='lat' dir='ltr'>sepulchrorum</span> <span class='ocrx_word' id='word_1_132' title='bbox 745 2274 978 2330; x_wconf 90' lang='lat' dir='ltr'>inventa</span> <span class='ocrx_word' id='word_1_133' title='bbox 1042 2276 1350 2332; x_wconf 89' lang='lat' dir='ltr'>contextio.</span> <span class='ocrx_word' id='word_1_134' title='bbox 1415 2276 1579 2332; x_wconf 91' lang='lat' dir='ltr'>Circa</span> <span class='ocrx_word' id='word_1_135' title='bbox 1624 2277 1774 2333; x_wconf 91' lang='lat' dir='ltr'>enim</span> 
     </span>
    </p>
   </div>
   <div class='ocr_carea' id='block_1_23' title="bbox 52 2363 1777 2437">
    <p class='ocr_par' dir='ltr' id='par_1_23' title="bbox 52 2363 1777 2437">
     <span class='ocr_line' id='line_1_23' title="bbox 52 2363 1777 2437; baseline 0.002 -19"><span class='ocrx_word' id='word_1_136' title='bbox 52 2363 276 2434; x_wconf 89' lang='lat' dir='ltr'>ipsam,</span> <span class='ocrx_word' id='word_1_137' title='bbox 329 2370 384 2418; x_wconf 89' lang='lat' dir='ltr'>et</span> <span class='ocrx_word' id='word_1_138' title='bbox 431 2363 490 2419; x_wconf 93' lang='lat' dir='ltr'>in</span> <span class='ocrx_word' id='word_1_139' title='bbox 541 2363 662 2433; x_wconf 90' lang='lat' dir='ltr'>ipsa</span> <span class='ocrx_word' id='word_1_140' title='bbox 711 2364 945 2420; x_wconf 90' lang='lat' dir='ltr'>basilica</span> <span class='ocrx_word' id='word_1_141' title='bbox 1007 2371 1225 2420; x_wconf 88' lang='lat' dir='ltr'>tantam</span> <span class='ocrx_word' id='word_1_142' title='bbox 1283 2366 1777 2437; x_wconf 87' lang='lat' dir='ltr'>sarcophagorum</span> 
     </span>
    </p>
   </div>
   <div class='ocr_carea' id='block_1_24' title="bbox 51 2452 1779 2523">
    <p class='ocr_par' dir='ltr' id='par_1_24' title="bbox 51 2452 1779 2523">
     <span class='ocr_line' id='line_1_24' title="bbox 51 2452 1779 2523; baseline 0.001 -14"><span class='ocrx_word' id='word_1_143' title='bbox 51 2452 300 2523; x_wconf 89' lang='lat' dir='ltr'>copiam</span> <span class='ocrx_word' id='word_1_144' title='bbox 335 2453 638 2522; x_wconf 85' lang='lat' dir='ltr'>conjunxit</span> <span class='ocrx_word' id='word_1_145' title='bbox 670 2453 1006 2522; x_wconf 87' lang='lat' dir='ltr'>antiquitas,</span> <span class='ocrx_word' id='word_1_146' title='bbox 1043 2453 1098 2508; x_wconf 94' lang='lat' dir='ltr'>in</span> <span class='ocrx_word' id='word_1_147' title='bbox 1129 2454 1369 2509; x_wconf 92' lang='lat' dir='ltr'>multam</span> <span class='ocrx_word' id='word_1_148' title='bbox 1402 2454 1508 2510; x_wconf 92' lang='lat' dir='ltr'>loci</span> <span class='ocrx_word' id='word_1_149' title='bbox 1541 2455 1779 2510; x_wconf 85' lang='lat' dir='ltr'>famosi—</span> 
     </span>
    </p>
   </div>
   <div class='ocr_carea' id='block_1_25' title="bbox 56 2542 1780 2616">
    <p class='ocr_par' dir='ltr' id='par_1_25' title="bbox 56 2542 1780 2616">
     <span class='ocr_line' id='line_1_25' title="bbox 56 2542 1780 2616; baseline 0.001 -17"><span class='ocrx_word' id='word_1_150' title='bbox 56 2549 247 2599; x_wconf 90' lang='lat' dir='ltr'>tatem</span> <span class='ocrx_word' id='word_1_151' title='bbox 303 2548 599 2611; x_wconf 88' lang='lat' dir='ltr'>tantopere</span> <span class='ocrx_word' id='word_1_152' title='bbox 630 2542 890 2612; x_wconf 83' lang='lat' dir='ltr'>expetiti,</span> <span class='ocrx_word' id='word_1_153' title='bbox 925 2542 1275 2598; x_wconf 85' lang='lat' dir='ltr'>cadaverum</span> <span class='ocrx_word' id='word_1_154' title='bbox 1317 2543 1456 2598; x_wconf 90' lang='lat' dir='ltr'>inibi</span> <span class='ocrx_word' id='word_1_155' title='bbox 1493 2552 1780 2616; x_wconf 87' lang='lat' dir='ltr'>congesto-</span> 
     </span>
    </p>
   </div>
   <div class='ocr_carea' id='block_1_26' title="bbox 60 2630 1781 2698">
    <p class='ocr_par' dir='ltr' id='par_1_26' title="bbox 60 2630 1781 2698">
     <span class='ocr_line' id='line_1_26' title="bbox 60 2630 1781 2698; baseline 0.001 -12"><span class='ocrx_word' id='word_1_156' title='bbox 60 2645 208 2686; x_wconf 89' lang='lat' dir='ltr'>rum</span> <span class='ocrx_word' id='word_1_157' title='bbox 271 2631 630 2686; x_wconf 89' lang='lat' dir='ltr'>commendat</span> <span class='ocrx_word' id='word_1_158' title='bbox 682 2630 958 2685; x_wconf 84' lang='lat' dir='ltr'>inﬁnitas.</span> <span class='ocrx_word' id='word_1_159' title='bbox 1004 2630 1149 2698; x_wconf 88' lang='lat' dir='ltr'>Quia</span> <span class='ocrx_word' id='word_1_160' title='bbox 1192 2631 1344 2687; x_wconf 90' lang='lat' dir='ltr'>enim</span> <span class='ocrx_word' id='word_1_161' title='bbox 1393 2647 1506 2688; x_wconf 92' lang='lat' dir='ltr'>non</span> <span class='ocrx_word' id='word_1_162' title='bbox 1554 2634 1612 2688; x_wconf 91' lang='lat' dir='ltr'>in</span> <span class='ocrx_word' id='word_1_163' title='bbox 1667 2647 1781 2688; x_wconf 93' lang='lat' dir='ltr'>mo-</span> 
     </span>
    </p>
   </div>
   <div class='ocr_carea' id='block_1_27' title="bbox 54 2719 1778 2791">
    <p class='ocr_par' dir='ltr' id='par_1_27' title="bbox 54 2719 1778 2791">
     <span class='ocr_line' id='line_1_27' title="bbox 54 2719 1778 2791; baseline 0.001 -15"><span class='ocrx_word' id='word_1_164' title='bbox 54 2734 186 2776; x_wconf 87' lang='lat' dir='ltr'>rem</span> <span class='ocrx_word' id='word_1_165' title='bbox 255 2726 585 2774; x_wconf 88' lang='lat' dir='ltr'>nostrorum</span> <span class='ocrx_word' id='word_1_166' title='bbox 636 2719 777 2775; x_wconf 90' lang='lat' dir='ltr'>ordo</span> <span class='ocrx_word' id='word_1_167' title='bbox 837 2719 1162 2789; x_wconf 86' lang='lat' dir='ltr'>disponitur</span> <span class='ocrx_word' id='word_1_168' title='bbox 1215 2721 1631 2791; x_wconf 87' lang='lat' dir='ltr'>sepulcrorum,</span> <span class='ocrx_word' id='word_1_169' title='bbox 1680 2722 1778 2778; x_wconf 91' lang='lat' dir='ltr'>sed</span> 
     </span>
    </p>
   </div>
   <div class='ocr_carea' id='block_1_28' title="bbox 54 2808 1780 2880">
    <p class='ocr_par' dir='ltr' id='par_1_28' title="bbox 54 2808 1780 2880">
     <span class='ocr_line' id='line_1_28' title="bbox 54 2808 1780 2880; baseline 0.001 -15"><span class='ocrx_word' id='word_1_170' title='bbox 54 2808 402 2865; x_wconf 88' lang='lat' dir='ltr'>circulatim</span> <span class='ocrx_word' id='word_1_171' title='bbox 480 2808 538 2863; x_wconf 93' lang='lat' dir='ltr'>in</span> <span class='ocrx_word' id='word_1_172' title='bbox 605 2809 841 2865; x_wconf 91' lang='lat' dir='ltr'>modum</span> <span class='ocrx_word' id='word_1_173' title='bbox 915 2809 1141 2865; x_wconf 65' lang='lat' dir='ltr'>corollae</span> <span class='ocrx_word' id='word_1_174' title='bbox 1209 2809 1542 2880; x_wconf 90' lang='lat' dir='ltr'>sepulcrum</span> <span class='ocrx_word' id='word_1_175' title='bbox 1604 2810 1780 2866; x_wconf 90' lang='lat' dir='ltr'>unius</span> 
     </span>
    </p>
   </div>
   <div class='ocr_carea' id='block_1_29' title="bbox 56 2897 1782 2969">
    <p class='ocr_par' dir='ltr' id='par_1_29' title="bbox 56 2897 1782 2969">
     <span class='ocr_line' id='line_1_29' title="bbox 56 2897 1782 2969; baseline -0.001 -15"><span class='ocrx_word' id='word_1_176' title='bbox 56 2897 262 2954; x_wconf 85' lang='lat' dir='ltr'>multa</span> <span class='ocrx_word' id='word_1_177' title='bbox 328 2897 614 2960; x_wconf 89' lang='lat' dir='ltr'>ambiunt,</span> <span class='ocrx_word' id='word_1_178' title='bbox 685 2898 740 2952; x_wconf 91' lang='lat' dir='ltr'>in</span> <span class='ocrx_word' id='word_1_179' title='bbox 795 2897 1013 2968; x_wconf 90' lang='lat' dir='ltr'>quibus</span> <span class='ocrx_word' id='word_1_180' title='bbox 1077 2899 1346 2969; x_wconf 63' lang='lat' dir='ltr'>quaedam</span> <span class='ocrx_word' id='word_1_181' title='bbox 1409 2898 1782 2968; x_wconf 89' lang='lat' dir='ltr'>reperiuntur</span> 
     </span>
    </p>
   </div>
   <div class='ocr_carea' id='block_1_30' title="bbox 56 2962 1862 3057">
    <p class='ocr_par' dir='ltr' id='par_1_30' title="bbox 56 2962 1862 3057">
     <span class='ocr_line' id='line_1_30' title="bbox 56 2962 1862 3057; baseline 0 -16"><span class='ocrx_word' id='word_1_182' title='bbox 56 3000 234 3054; x_wconf 89' lang='lat' dir='ltr'>vasa,</span> <span class='ocrx_word' id='word_1_183' title='bbox 283 3000 534 3056; x_wconf 92' lang='lat' dir='ltr'>quorum</span> <span class='ocrx_word' id='word_1_184' title='bbox 565 3000 800 3042; x_wconf 87' lang='lat' dir='ltr'>causam</span> <span class='ocrx_word' id='word_1_185' title='bbox 835 2986 1096 3043; x_wconf 90' lang='lat' dir='ltr'>nesciunt</span> <span class='ocrx_word' id='word_1_186' title='bbox 1139 2987 1468 3043; x_wconf 90' lang='lat' dir='ltr'>Christiana</span> <span class='ocrx_word' id='word_1_187' title='bbox 1500 2994 1777 3057; x_wconf 88' lang='lat' dir='ltr'>tempora.</span> <span class='ocrx_word' id='word_1_188' title='bbox 1821 2962 1862 3017; x_wconf 65' lang='grc' dir='ltr'>Ο</span> 
     </span>
    </p>
   </div>
   <div class='ocr_carea' id='block_1_31' title="bbox 0 3075 1782 3148">
    <p class='ocr_par' dir='ltr' id='par_1_31' title="bbox 0 3075 1782 3148">
     <span class='ocr_line' id='line_1_31' title="bbox 0 3075 1782 3148; baseline -0.001 -17"><span class='ocrx_word' id='word_1_189' title='bbox 0 3141 4 3148; x_wconf 27' lang='grc' dir='ltr'>ι</span> <span class='ocrx_word' id='word_1_190' title='bbox 57 3075 192 3131; x_wconf 86' lang='lat' dir='ltr'>Non</span> <span class='ocrx_word' id='word_1_191' title='bbox 225 3088 540 3146; x_wconf 86' lang='lat' dir='ltr'>possumus</span> <span class='ocrx_word' id='word_1_192' title='bbox 581 3075 738 3131; x_wconf 90' lang='lat' dir='ltr'>aliud</span> <span class='ocrx_word' id='word_1_193' title='bbox 769 3075 998 3131; x_wconf 86' lang='lat' dir='ltr'>credere</span> <span class='ocrx_word' id='word_1_194' title='bbox 1028 3075 1136 3131; x_wconf 92' lang='lat' dir='ltr'>nisi</span> <span class='ocrx_word' id='word_1_195' title='bbox 1169 3076 1325 3145; x_wconf 87' lang='lat' dir='ltr'>quod</span> <span class='ocrx_word' id='word_1_196' title='bbox 1367 3075 1604 3132; x_wconf 88' lang='lat' dir='ltr'>fuerunt</span> <span class='ocrx_word' id='word_1_197' title='bbox 1637 3091 1782 3147; x_wconf 90' lang='lat' dir='ltr'>gen-</span> 
     </span>
    </p>
   </div>
   <div class='ocr_carea' id='block_1_32' title="bbox 63 3164 1781 3234">
    <p class='ocr_par' dir='ltr' id='par_1_32' title="bbox 63 3164 1781 3234">
     <span class='ocr_line' id='line_1_32' title="bbox 63 3164 1781 3234; baseline -0.001 -14"><span class='ocrx_word' id='word_1_198' title='bbox 63 3164 242 3232; x_wconf 89' lang='lat' dir='ltr'>tium,</span> <span class='ocrx_word' id='word_1_199' title='bbox 279 3171 381 3220; x_wconf 89' lang='lat' dir='ltr'>aut</span> <span class='ocrx_word' id='word_1_200' title='bbox 405 3165 808 3234; x_wconf 87' lang='lat' dir='ltr'>antiquissima</span> <span class='ocrx_word' id='word_1_201' title='bbox 833 3170 981 3219; x_wconf 78' lang='lat'>488</span> <span class='ocrx_word' id='word_1_202' title='bbox 1013 3164 1488 3232; x_wconf 88' lang='lat' dir='ltr'>Christianorum,</span> <span class='ocrx_word' id='word_1_203' title='bbox 1515 3165 1609 3220; x_wconf 88' lang='lat' dir='ltr'>sed</span> <span class='ocrx_word' id='word_1_204' title='bbox 1634 3165 1781 3220; x_wconf 83' lang='lat' dir='ltr'>facta</span> 
     </span>
    </p>
   </div>
   <div class='ocr_carea' id='block_1_33' title="bbox 62 3252 1783 3325">
    <p class='ocr_par' dir='ltr' id='par_1_33' title="bbox 62 3252 1783 3325">
     <span class='ocr_line' id='line_1_33' title="bbox 62 3252 1783 3325; baseline -0.001 -15"><span class='ocrx_word' id='word_1_205' title='bbox 62 3252 284 3325; x_wconf 86' lang='lat' dir='ltr'>gentili</span> <span class='ocrx_word' id='word_1_206' title='bbox 315 3267 488 3308; x_wconf 92' lang='lat' dir='ltr'>more.</span> <span class='ocrx_word' id='word_1_207' title='bbox 521 3253 795 3320; x_wconf 62' lang='lat' dir='ltr'>Quadam</span> <span class='ocrx_word' id='word_1_208' title='bbox 840 3261 1034 3309; x_wconf 89' lang='lat' dir='ltr'>autem</span> <span class='ocrx_word' id='word_1_209' title='bbox 1064 3261 1201 3310; x_wconf 93' lang='lat' dir='ltr'>sunt</span> <span class='ocrx_word' id='word_1_210' title='bbox 1233 3253 1288 3309; x_wconf 92' lang='lat' dir='ltr'>in</span> <span class='ocrx_word' id='word_1_211' title='bbox 1321 3254 1516 3310; x_wconf 89' lang='lat' dir='ltr'>eadem</span> <span class='ocrx_word' id='word_1_212' title='bbox 1545 3253 1783 3309; x_wconf 86' lang='lat' dir='ltr'>ecclesia</span> 
     </span>
    </p>
   </div>
   <div class='ocr_carea' id='block_1_34' title="bbox 63 3342 1783 3413">
    <p class='ocr_par' dir='ltr' id='par_1_34' title="bbox 63 3342 1783 3413">
     <span class='ocr_line' id='line_1_34' title="bbox 63 3342 1783 3413; baseline -0.001 -15"><span class='ocrx_word' id='word_1_213' title='bbox 63 3343 279 3399; x_wconf 68' lang='lat' dir='ltr'>litterae</span> <span class='ocrx_word' id='word_1_214' title='bbox 310 3350 490 3398; x_wconf 91' lang='lat' dir='ltr'>metro</span> <span class='ocrx_word' id='word_1_215' title='bbox 521 3343 864 3412; x_wconf 73' lang='lat' dir='ltr'>compositae,</span> <span class='ocrx_word' id='word_1_216' title='bbox 902 3343 1117 3412; x_wconf 90' lang='lat' dir='ltr'>quibus</span> <span class='ocrx_word' id='word_1_217' title='bbox 1159 3357 1264 3413; x_wconf 88' lang='lat' dir='ltr'>ego</span> <span class='ocrx_word' id='word_1_218' title='bbox 1303 3343 1465 3398; x_wconf 89' lang='lat' dir='ltr'>nulla</span> <span class='ocrx_word' id='word_1_219' title='bbox 1495 3342 1783 3398; x_wconf 90' lang='lat' dir='ltr'>adnitercr</span> 
     </span>
    </p>
   </div>
   <div class='ocr_carea' id='block_1_35' title="bbox 66 3431 1782 3502">
    <p class='ocr_par' dir='ltr' id='par_1_35' title="bbox 66 3431 1782 3502">
     <span class='ocr_line' id='line_1_35' title="bbox 66 3431 1782 3502; baseline -0.001 -14"><span class='ocrx_word' id='word_1_220' title='bbox 66 3432 436 3494; x_wconf 84' lang='lat' dir='ltr'>auctoritate,</span> <span class='ocrx_word' id='word_1_221' title='bbox 471 3431 580 3487; x_wconf 91' lang='lat' dir='ltr'>nisi</span> <span class='ocrx_word' id='word_1_222' title='bbox 613 3432 900 3501; x_wconf 66' lang='lat' dir='ltr'>quaedam,</span> <span class='ocrx_word' id='word_1_223' title='bbox 943 3447 1075 3502; x_wconf 74' lang='lat' dir='ltr'>quae</span> <span class='ocrx_word' id='word_1_224' title='bbox 1107 3431 1426 3502; x_wconf 89' lang='lat' dir='ltr'>plurimum</span> <span class='ocrx_word' id='word_1_225' title='bbox 1451 3445 1651 3487; x_wconf 91' lang='lat' dir='ltr'>eorum</span> <span class='ocrx_word' id='word_1_226' title='bbox 1683 3445 1782 3487; x_wconf 94' lang='lat' dir='ltr'>ro-</span> 
     </span>
    </p>
   </div>
   <div class='ocr_carea' id='block_1_36' title="bbox 68 3520 1783 3591">
    <p class='ocr_par' dir='ltr' id='par_1_36' title="bbox 68 3520 1783 3591">
     <span class='ocr_line' id='line_1_36' title="bbox 68 3520 1783 3591; baseline -0.002 -14"><span class='ocrx_word' id='word_1_227' title='bbox 68 3521 288 3578; x_wconf 89' lang='lat' dir='ltr'>borant</span> <span class='ocrx_word' id='word_1_228' title='bbox 328 3521 517 3588; x_wconf 83' lang='lat' dir='ltr'>ﬁdem,</span> <span class='ocrx_word' id='word_1_229' title='bbox 562 3521 816 3576; x_wconf 88' lang='lat' dir='ltr'>viderem</span> <span class='ocrx_word' id='word_1_230' title='bbox 865 3521 1150 3591; x_wconf 89' lang='lat' dir='ltr'>hodieque</span> <span class='ocrx_word' id='word_1_231' title='bbox 1198 3529 1476 3576; x_wconf 89' lang='lat' dir='ltr'>constare.</span> <span class='ocrx_word' id='word_1_232' title='bbox 1511 3520 1649 3587; x_wconf 74' lang='lat' dir='ltr'>Quae</span> <span class='ocrx_word' id='word_1_233' title='bbox 1692 3520 1783 3575; x_wconf 92' lang='lat' dir='ltr'>hi-</span> 
     </span>
    </p>
   </div>
   <div class='ocr_carea' id='block_1_37' title="bbox 67 3609 1782 3681">
    <p class='ocr_par' dir='ltr' id='par_1_37' title="bbox 67 3609 1782 3681">
     <span class='ocr_line' id='line_1_37' title="bbox 67 3609 1782 3681; baseline -0.001 -16"><span class='ocrx_word' id='word_1_234' title='bbox 67 3610 252 3666; x_wconf 91' lang='lat' dir='ltr'>storia</span> <span class='ocrx_word' id='word_1_235' title='bbox 281 3609 364 3664; x_wconf 91' lang='lat' dir='ltr'>sic</span> <span class='ocrx_word' id='word_1_236' title='bbox 393 3623 453 3665; x_wconf 89' lang='lat' dir='ltr'>se</span> <span class='ocrx_word' id='word_1_237' title='bbox 500 3609 713 3666; x_wconf 89' lang='lat' dir='ltr'>habere</span> <span class='ocrx_word' id='word_1_238' title='bbox 757 3610 1078 3666; x_wconf 89' lang='lat' dir='ltr'>secundum</span> <span class='ocrx_word' id='word_1_239' title='bbox 1130 3610 1436 3680; x_wconf 61' lang='lat' dir='ltr'>scripturae</span> <span class='ocrx_word' id='word_1_240' title='bbox 1479 3610 1656 3681; x_wconf 88' lang='lat' dir='ltr'>hujus</span> <span class='ocrx_word' id='word_1_241' title='bbox 1688 3623 1782 3664; x_wconf 84' lang='lat' dir='ltr'>se-</span> 
     </span>
    </p>
   </div>
   <div class='ocr_carea' id='block_1_38' title="bbox 69 3697 550 3754">
    <p class='ocr_par' dir='ltr' id='par_1_38' title="bbox 69 3697 550 3754">
     <span class='ocr_line' id='line_1_38' title="bbox 69 3697 550 3754; baseline -0.004 0"><span class='ocrx_word' id='word_1_242' title='bbox 69 3700 219 3754; x_wconf 90' lang='lat' dir='ltr'>riem</span> <span class='ocrx_word' id='word_1_243' title='bbox 253 3697 506 3754; x_wconf 90' lang='lat' dir='ltr'>traditur</span> <span class='ocrx_word' id='word_1_244' title='bbox 538 3713 550 3752; x_wconf 91' lang='lat'><em>:</em></span> 
     </span>
    </p>
   </div>
   <div class='ocr_carea' id='block_1_39' title="bbox 145 3784 1782 3857">
    <p class='ocr_par' dir='ltr' id='par_1_39' title="bbox 145 3784 1782 3857">
     <span class='ocr_line' id='line_1_39' title="bbox 145 3784 1782 3857; baseline -0.001 -14"><span class='ocrx_word' id='word_1_245' title='bbox 145 3784 249 3857; x_wconf 71' lang='lat'>(‘5)</span> <span class='ocrx_word' id='word_1_246' title='bbox 280 3788 429 3842; x_wconf 78' lang='lat' dir='ltr'>Mira</span> <span class='ocrx_word' id='word_1_247' title='bbox 458 3786 531 3841; x_wconf 72' lang='lat' dir='ltr'>de</span> <span class='ocrx_word' id='word_1_248' title='bbox 557 3801 681 3856; x_wconf 83' lang='lat' dir='ltr'>rege</span> <span class='ocrx_word' id='word_1_249' title='bbox 734 3786 1221 3844; x_wconf 71' lang='lat' dir='ltr'>Brito-Samonum.</span> <span class='ocrx_word' id='word_1_250' title='bbox 1257 3817 1326 3827; x_wconf 90' lang='grc'><strong><em>-</em></strong></span> <span class='ocrx_word' id='word_1_251' title='bbox 1357 3787 1526 3857; x_wconf 88' lang='lat' dir='ltr'>Apud</span> <span class='ocrx_word' id='word_1_252' title='bbox 1571 3785 1782 3857; x_wconf 86' lang='lat' dir='ltr'>Anglos</span> 
     </span>
    </p>
   </div>
   <div class='ocr_carea' id='block_1_40' title="bbox 71 3875 1782 3945">
    <p class='ocr_par' dir='ltr' id='par_1_40' title="bbox 71 3875 1782 3945">
     <span class='ocr_line' id='line_1_40' title="bbox 71 3875 1782 3945; baseline -0.001 -15"><span class='ocrx_word' id='word_1_253' title='bbox 71 3882 209 3931; x_wconf 89' lang='lat' dir='ltr'>ante</span> <span class='ocrx_word' id='word_1_254' title='bbox 240 3875 528 3932; x_wconf 89' lang='lat' dir='ltr'>incarnati</span> <span class='ocrx_word' id='word_1_255' title='bbox 555 3875 726 3932; x_wconf 90' lang='lat' dir='ltr'>Verbi</span> <span class='ocrx_word' id='word_1_256' title='bbox 761 3875 821 3930; x_wconf 92' lang='lat' dir='ltr'>in</span> <span class='ocrx_word' id='word_1_257' title='bbox 855 3876 1063 3932; x_wconf 74' lang='lat' dir='ltr'>cmlum</span> <span class='ocrx_word' id='word_1_258' title='bbox 1095 3875 1564 3945; x_wconf 89' lang='lat' dir='ltr'>assumptionem,</span> <span class='ocrx_word' id='word_1_259' title='bbox 1590 3888 1782 3945; x_wconf 84' lang='lat' dir='ltr'>regem</span> 
     </span>
    </p>
   </div>
   <div class='ocr_carea' id='block_1_41' title="bbox 71 3963 1779 4036">
    <p class='ocr_par' dir='ltr' id='par_1_41' title="bbox 71 3963 1779 4036">
     <span class='ocr_line' id='line_1_41' title="bbox 71 3963 1779 4036; baseline -0.001 -17"><span class='ocrx_word' id='word_1_260' title='bbox 71 3963 395 4032; x_wconf 88' lang='lat' dir='ltr'>quemdam</span> <span class='ocrx_word' id='word_1_261' title='bbox 426 3963 710 4020; x_wconf 90' lang='lat' dir='ltr'>exstitisse</span> <span class='ocrx_word' id='word_1_262' title='bbox 749 3963 939 4032; x_wconf 84' lang='lat' dir='ltr'>refert,</span> <span class='ocrx_word' id='word_1_263' title='bbox 990 3964 1090 4036; x_wconf 91' lang='lat' dir='ltr'>qui</span> <span class='ocrx_word' id='word_1_264' title='bbox 1141 3964 1374 4034; x_wconf 87' lang='lat' dir='ltr'>quidem</span> <span class='ocrx_word' id='word_1_265' title='bbox 1424 3978 1540 4020; x_wconf 94' lang='lat' dir='ltr'>non</span> <span class='ocrx_word' id='word_1_266' title='bbox 1585 3963 1779 4034; x_wconf 85' lang='lat' dir='ltr'>Angli,</span> 
     </span>
    </p>
   </div>
   <div class='ocr_carea' id='block_1_42' title="bbox 74 4053 1780 4124">
    <p class='ocr_par' dir='ltr' id='par_1_42' title="bbox 74 4053 1780 4124">
     <span class='ocr_line' id='line_1_42' title="bbox 74 4053 1780 4124; baseline 0 -16"><span class='ocrx_word' id='word_1_267' title='bbox 74 4053 237 4122; x_wconf 92' lang='lat' dir='ltr'>quod</span> <span class='ocrx_word' id='word_1_268' title='bbox 269 4053 478 4109; x_wconf 90' lang='lat' dir='ltr'>novius</span> <span class='ocrx_word' id='word_1_269' title='bbox 523 4067 731 4109; x_wconf 89' lang='lat' dir='ltr'>nomen</span> <span class='ocrx_word' id='word_1_270' title='bbox 775 4061 876 4121; x_wconf 91' lang='lat' dir='ltr'>est,</span> <span class='ocrx_word' id='word_1_271' title='bbox 923 4067 957 4108; x_wconf 90' lang='lat' dir='ltr'>a</span> <span class='ocrx_word' id='word_1_272' title='bbox 986 4054 1241 4124; x_wconf 90' lang='lat' dir='ltr'>quadam</span> <span class='ocrx_word' id='word_1_273' title='bbox 1274 4061 1435 4123; x_wconf 89' lang='lat' dir='ltr'>parte</span> <span class='ocrx_word' id='word_1_274' title='bbox 1463 4053 1780 4120; x_wconf 86' lang='lat' dir='ltr'>Saxonum,</span> 
     </span>
    </p>
   </div>
   <div class='ocr_carea' id='block_1_43' title="bbox 75 4141 1783 4213">
    <p class='ocr_par' dir='ltr' id='par_1_43' title="bbox 75 4141 1783 4213">
     <span class='ocr_line' id='line_1_43' title="bbox 75 4141 1783 4213; baseline -0.001 -16"><span class='ocrx_word' id='word_1_275' title='bbox 75 4141 182 4210; x_wconf 87' lang='lat' dir='ltr'>qui</span> <span class='ocrx_word' id='word_1_276' title='bbox 211 4143 338 4198; x_wconf 90' lang='lat' dir='ltr'>illas</span> <span class='ocrx_word' id='word_1_277' title='bbox 372 4143 737 4213; x_wconf 90' lang='lat' dir='ltr'>postmodum</span> <span class='ocrx_word' id='word_1_278' title='bbox 767 4149 1128 4213; x_wconf 88' lang='lat' dir='ltr'>usurparunt</span> <span class='ocrx_word' id='word_1_279' title='bbox 1159 4152 1360 4210; x_wconf 89' lang='lat' dir='ltr'>terras,</span> <span class='ocrx_word' id='word_1_280' title='bbox 1394 4143 1488 4198; x_wconf 91' lang='lat' dir='ltr'>sed</span> <span class='ocrx_word' id='word_1_281' title='bbox 1524 4143 1783 4198; x_wconf 89' lang='lat' dir='ltr'>Britones</span> 
     </span>
    </p>
   </div>
   <div class='ocr_carea' id='block_1_44' title="bbox 77 4229 1779 4302">
    <p class='ocr_par' dir='ltr' id='par_1_44' title="bbox 77 4229 1779 4302">
     <span class='ocr_line' id='line_1_44' title="bbox 77 4229 1779 4302; baseline 0 -18"><span class='ocrx_word' id='word_1_282' title='bbox 77 4229 152 4284; x_wconf 91' lang='lat' dir='ltr'>ab</span> <span class='ocrx_word' id='word_1_283' title='bbox 183 4230 428 4300; x_wconf 85' lang='lat' dir='ltr'>antiquo</span> <span class='ocrx_word' id='word_1_284' title='bbox 461 4237 764 4286; x_wconf 87' lang='lat' dir='ltr'>vocantur.</span> <span class='ocrx_word' id='word_1_285' title='bbox 800 4231 864 4286; x_wconf 92' lang='lat' dir='ltr'>In</span> <span class='ocrx_word' id='word_1_286' title='bbox 897 4230 1019 4301; x_wconf 91' lang='lat' dir='ltr'>ipsa</span> <span class='ocrx_word' id='word_1_287' title='bbox 1047 4245 1186 4302; x_wconf 90' lang='lat' dir='ltr'>ergo</span> <span class='ocrx_word' id='word_1_288' title='bbox 1221 4230 1539 4298; x_wconf 89' lang='lat' dir='ltr'>Britannia,</span> <span class='ocrx_word' id='word_1_289' title='bbox 1571 4229 1779 4287; x_wconf 86' lang='lat' dir='ltr'>Oceani</span> 
     </span>
    </p>
   </div>
   <div class='ocr_carea' id='block_1_45' title="bbox 75 4317 1782 4390">
    <p class='ocr_par' dir='ltr' id='par_1_45' title="bbox 75 4317 1782 4390">
     <span class='ocr_line' id='line_1_45' title="bbox 75 4317 1782 4390; baseline 0.002 -19"><span class='ocrx_word' id='word_1_290' title='bbox 75 4317 346 4374; x_wconf 89' lang='lat' dir='ltr'>videlicet</span> <span class='ocrx_word' id='word_1_291' title='bbox 384 4318 594 4387; x_wconf 90' lang='lat' dir='ltr'>insula,</span> <span class='ocrx_word' id='word_1_292' title='bbox 637 4333 739 4374; x_wconf 91' lang='lat' dir='ltr'>rex</span> <span class='ocrx_word' id='word_1_293' title='bbox 767 4319 924 4390; x_wconf 55' lang='lat' dir='ltr'>Lidem</span> <span class='ocrx_word' id='word_1_294' title='bbox 971 4320 1158 4375; x_wconf 78' lang='lat' dir='ltr'>fuerat</span> <span class='ocrx_word' id='word_1_295' title='bbox 1192 4319 1392 4376; x_wconf 89' lang='lat' dir='ltr'>litteris</span> <span class='ocrx_word' id='word_1_296' title='bbox 1433 4318 1665 4388; x_wconf 81' lang='lat' dir='ltr'>poeticis</span> <span class='ocrx_word' id='word_1_297' title='bbox 1715 4332 1782 4374; x_wconf 89' lang='lat' dir='ltr'>ac</span> 
     </span>
    </p>
   </div>
   <div class='ocr_carea' id='block_1_46' title="bbox 76 4406 1781 4477">
    <p class='ocr_par' dir='ltr' id='par_1_46' title="bbox 76 4406 1781 4477">
     <span class='ocr_line' id='line_1_46' title="bbox 76 4406 1781 4477; baseline 0 -15"><span class='ocrx_word' id='word_1_298' title='bbox 76 4406 491 4477; x_wconf 90' lang='lat' dir='ltr'>philosophicis</span> <span class='ocrx_word' id='word_1_299' title='bbox 523 4408 814 4464; x_wconf 89' lang='lat' dir='ltr'>uberrime</span> <span class='ocrx_word' id='word_1_300' title='bbox 846 4408 1046 4477; x_wconf 88' lang='lat' dir='ltr'>fultus,</span> <span class='ocrx_word' id='word_1_301' title='bbox 1079 4417 1132 4465; x_wconf 91' lang='lat' dir='ltr'>et</span> <span class='ocrx_word' id='word_1_302' title='bbox 1161 4409 1231 4464; x_wconf 90' lang='lat' dir='ltr'>ad</span> <span class='ocrx_word' id='word_1_303' title='bbox 1277 4409 1400 4464; x_wconf 65' lang='lat' dir='ltr'>haec</span> <span class='ocrx_word' id='word_1_304' title='bbox 1441 4407 1781 4464; x_wconf 90' lang='lat' dir='ltr'>naturaliter</span> 
     </span>
    </p>
   </div>
   <div class='ocr_carea' id='block_1_47' title="bbox 79 4495 1778 4568">
    <p class='ocr_par' dir='ltr' id='par_1_47' title="bbox 79 4495 1778 4568">
     <span class='ocr_line' id='line_1_47' title="bbox 79 4495 1778 4568; baseline 0.001 -20"><span class='ocrx_word' id='word_1_305' title='bbox 79 4495 187 4550; x_wconf 90' lang='lat' dir='ltr'>sibi</span> <span class='ocrx_word' id='word_1_306' title='bbox 238 4495 408 4552; x_wconf 88' lang='lat' dir='ltr'>insita</span> <span class='ocrx_word' id='word_1_307' title='bbox 469 4497 719 4553; x_wconf 88' lang='lat' dir='ltr'>bonitate</span> <span class='ocrx_word' id='word_1_308' title='bbox 781 4498 853 4553; x_wconf 90' lang='lat' dir='ltr'>ad</span> <span class='ocrx_word' id='word_1_309' title='bbox 904 4497 1310 4554; x_wconf 68' lang='lat' dir='ltr'>misericordiae</span> <span class='ocrx_word' id='word_1_310' title='bbox 1365 4512 1539 4568; x_wconf 89' lang='lat' dir='ltr'>opera</span> <span class='ocrx_word' id='word_1_311' title='bbox 1594 4496 1778 4553; x_wconf 87' lang='lat' dir='ltr'>fusus.</span> 
     </span>
    </p>
   </div>
   <div class='ocr_carea' id='block_1_48' title="bbox 78 4583 1780 4657">
    <p class='ocr_par' dir='ltr' id='par_1_48' title="bbox 78 4583 1780 4657">
     <span class='ocr_line' id='line_1_48' title="bbox 78 4583 1780 4657; baseline 0.002 -19"><span class='ocrx_word' id='word_1_312' title='bbox 78 4583 347 4655; x_wconf 88' lang='lat' dir='ltr'>Cumque</span> <span class='ocrx_word' id='word_1_313' title='bbox 383 4600 577 4657; x_wconf 67' lang='lat' dir='ltr'>egente</span> <span class='ocrx_word' id='word_1_314' title='bbox 625 4587 826 4643; x_wconf 90' lang='lat' dir='ltr'>manui</span> <span class='ocrx_word' id='word_1_315' title='bbox 871 4601 985 4643; x_wconf 93' lang='lat' dir='ltr'>non</span> <span class='ocrx_word' id='word_1_316' title='bbox 1017 4586 1137 4654; x_wconf 90' lang='lat' dir='ltr'>Dei,</span> <span class='ocrx_word' id='word_1_317' title='bbox 1172 4601 1343 4657; x_wconf 89' lang='lat' dir='ltr'>quem</span> <span class='ocrx_word' id='word_1_318' title='bbox 1392 4587 1584 4642; x_wconf 89' lang='lat' dir='ltr'>adhuc</span> <span class='ocrx_word' id='word_1_319' title='bbox 1613 4586 1780 4655; x_wconf 85' lang='lat' dir='ltr'>igno—</span> 
     </span>
    </p>
   </div>
   <div class='ocr_carea' id='block_1_49' title="bbox 81 4672 1777 4745">
    <p class='ocr_par' dir='ltr' id='par_1_49' title="bbox 81 4672 1777 4745">
     <span class='ocr_line' id='line_1_49' title="bbox 81 4672 1777 4745; baseline 0.002 -18"><span class='ocrx_word' id='word_1_320' title='bbox 81 4672 269 4738; x_wconf 90' lang='lat' dir='ltr'>rabat,</span> <span class='ocrx_word' id='word_1_321' title='bbox 318 4675 548 4740; x_wconf 91' lang='lat' dir='ltr'>intuitu,</span> <span class='ocrx_word' id='word_1_322' title='bbox 583 4675 678 4730; x_wconf 90' lang='lat' dir='ltr'>sed</span> <span class='ocrx_word' id='word_1_323' title='bbox 711 4674 1092 4730; x_wconf 89' lang='lat' dir='ltr'>humanitatis</span> <span class='ocrx_word' id='word_1_324' title='bbox 1131 4675 1376 4743; x_wconf 72' lang='lat' dir='ltr'>eximiae,</span> <span class='ocrx_word' id='word_1_325' title='bbox 1421 4688 1539 4745; x_wconf 90' lang='lat' dir='ltr'>qua</span> <span class='ocrx_word' id='word_1_326' title='bbox 1569 4673 1777 4730; x_wconf 83' lang='lat' dir='ltr'>afﬂue-</span> 
     </span>
    </p>
   </div>
   <div class='ocr_carea' id='block_1_50' title="bbox 81 4759 1781 4835">
    <p class='ocr_par' dir='ltr' id='par_1_50' title="bbox 81 4759 1781 4835">
     <span class='ocr_line' id='line_1_50' title="bbox 81 4759 1781 4835; baseline 0.004 -22"><span class='ocrx_word' id='word_1_327' title='bbox 81 4759 199 4827; x_wconf 87' lang='lat' dir='ltr'>hat,</span> <span class='ocrx_word' id='word_1_328' title='bbox 234 4761 512 4832; x_wconf 89' lang='lat' dir='ltr'>impulsu,</span> <span class='ocrx_word' id='word_1_329' title='bbox 544 4763 820 4833; x_wconf 90' lang='lat' dir='ltr'>dapsilem</span> <span class='ocrx_word' id='word_1_330' title='bbox 854 4777 913 4818; x_wconf 91' lang='lat' dir='ltr'>se</span> <span class='ocrx_word' id='word_1_331' title='bbox 948 4763 1246 4833; x_wconf 62' lang='lat' dir='ltr'>prmberet,</span> <span class='ocrx_word' id='word_1_332' title='bbox 1279 4763 1520 4835; x_wconf 88' lang='lat' dir='ltr'>dignum</span> <span class='ocrx_word' id='word_1_333' title='bbox 1564 4763 1673 4818; x_wconf 86' lang='lat' dir='ltr'>fuit</span> <span class='ocrx_word' id='word_1_334' title='bbox 1718 4769 1781 4819; x_wconf 91' lang='lat' dir='ltr'>ut</span> 
     </span>
    </p>
   </div>
   <div class='ocr_carea' id='block_1_51' title="bbox 83 4848 1782 4923">
    <p class='ocr_par' dir='ltr' id='par_1_51' title="bbox 83 4848 1782 4923">
     <span class='ocr_line' id='line_1_51' title="bbox 83 4848 1782 4923; baseline 0.004 -21"><span class='ocrx_word' id='word_1_335' title='bbox 83 4848 192 4917; x_wconf 68' lang='lat' dir='ltr'>piae</span> <span class='ocrx_word' id='word_1_336' title='bbox 237 4859 458 4907; x_wconf 78' lang='lat' dir='ltr'>naturae</span> <span class='ocrx_word' id='word_1_337' title='bbox 507 4853 776 4908; x_wconf 89' lang='lat' dir='ltr'>exercitio</span> <span class='ocrx_word' id='word_1_338' title='bbox 826 4851 1086 4908; x_wconf 91' lang='lat' dir='ltr'>clarioris</span> <span class='ocrx_word' id='word_1_339' title='bbox 1126 4852 1516 4923; x_wconf 61' lang='lat' dir='ltr'>intelligentia;</span> <span class='ocrx_word' id='word_1_340' title='bbox 1566 4866 1782 4909; x_wconf 90' lang='lat' dir='ltr'>munus</span> 
     </span>
    </p>
   </div>
   <div class='ocr_carea' id='block_1_52' title="bbox 83 4939 1784 5012">
    <p class='ocr_par' dir='ltr' id='par_1_52' title="bbox 83 4939 1784 5012">
     <span class='ocr_line' id='line_1_52' title="bbox 83 4939 1784 5012; baseline 0.002 -20"><span class='ocrx_word' id='word_1_341' title='bbox 83 4939 393 4995; x_wconf 86' lang='lat' dir='ltr'>accederet.</span> <span class='ocrx_word' id='word_1_342' title='bbox 469 4939 652 5011; x_wconf 64' lang='lat' dir='ltr'>Coepit</span> <span class='ocrx_word' id='word_1_343' title='bbox 703 4941 857 4997; x_wconf 91' lang='lat' dir='ltr'>enim</span> <span class='ocrx_word' id='word_1_344' title='bbox 915 4941 1302 4998; x_wconf 90' lang='lat' dir='ltr'>disertissimis</span> <span class='ocrx_word' id='word_1_345' title='bbox 1351 4941 1504 5012; x_wconf 88' lang='lat' dir='ltr'>apud</span> <span class='ocrx_word' id='word_1_346' title='bbox 1548 4956 1606 4997; x_wconf 91' lang='lat' dir='ltr'>se</span> <span class='ocrx_word' id='word_1_347' title='bbox 1652 4955 1784 4997; x_wconf 92' lang='lat' dir='ltr'>con-</span> 
     </span>
    </p>
   </div>
   <div class='ocr_carea' id='block_1_53' title="bbox 80 5025 1779 5101">
    <p class='ocr_par' dir='ltr' id='par_1_53' title="bbox 80 5025 1779 5101">
     <span class='ocr_line' id='line_1_53' title="bbox 80 5025 1779 5101; baseline 0.003 -20"><span class='ocrx_word' id='word_1_348' title='bbox 80 5025 320 5096; x_wconf 90' lang='lat' dir='ltr'>jecturis</span> <span class='ocrx_word' id='word_1_349' title='bbox 366 5031 687 5087; x_wconf 90' lang='lat' dir='ltr'>discurrere</span> <span class='ocrx_word' id='word_1_350' title='bbox 735 5029 876 5101; x_wconf 91' lang='lat' dir='ltr'>quid</span> <span class='ocrx_word' id='word_1_351' title='bbox 931 5031 1080 5087; x_wconf 90' lang='lat' dir='ltr'>inter</span> <span class='ocrx_word' id='word_1_352' title='bbox 1128 5037 1207 5087; x_wconf 90' lang='lat' dir='ltr'>tot</span> <span class='ocrx_word' id='word_1_353' title='bbox 1255 5030 1493 5088; x_wconf 91' lang='lat' dir='ltr'>deorum</span> <span class='ocrx_word' id='word_1_354' title='bbox 1541 5044 1779 5086; x_wconf 90' lang='lat' dir='ltr'>suorum</span> 
     </span>
    </p>
   </div>
   <div class='ocr_carea' id='block_1_54' title="bbox 84 5114 1784 5190">
    <p class='ocr_par' dir='ltr' id='par_1_54' title="bbox 84 5114 1784 5190">
     <span class='ocr_line' id='line_1_54' title="bbox 84 5114 1784 5190; baseline 0.004 -21"><span class='ocrx_word' id='word_1_355' title='bbox 84 5114 361 5175; x_wconf 85' lang='lat' dir='ltr'>formulas</span> <span class='ocrx_word' id='word_1_356' title='bbox 417 5121 551 5176; x_wconf 89' lang='lat' dir='ltr'>certi</span> <span class='ocrx_word' id='word_1_357' title='bbox 615 5120 874 5178; x_wconf 91' lang='lat' dir='ltr'>numinis</span> <span class='ocrx_word' id='word_1_358' title='bbox 931 5134 1162 5190; x_wconf 89' lang='lat' dir='ltr'>sperare</span> <span class='ocrx_word' id='word_1_359' title='bbox 1218 5119 1467 5176; x_wconf 90' lang='lat' dir='ltr'>deberet.</span> <span class='ocrx_word' id='word_1_360' title='bbox 1534 5119 1784 5176; x_wconf 90' lang='lat' dir='ltr'>Pensans</span> 
     </span>
    </p>
   </div>
   <div class='ocr_carea' id='block_1_55' title="bbox 87 5204 1784 5278">
    <p class='ocr_par' dir='ltr' id='par_1_55' title="bbox 87 5204 1784 5278">
     <span class='ocr_line' id='line_1_55' title="bbox 87 5204 1784 5278; baseline 0.004 -21"><span class='ocrx_word' id='word_1_361' title='bbox 87 5204 237 5261; x_wconf 90' lang='lat' dir='ltr'>enim</span> <span class='ocrx_word' id='word_1_362' title='bbox 284 5222 551 5278; x_wconf 73' lang='lat' dir='ltr'>quaenam</span> <span class='ocrx_word' id='word_1_363' title='bbox 581 5207 639 5264; x_wconf 92' lang='lat' dir='ltr'>in</span> <span class='ocrx_word' id='word_1_364' title='bbox 687 5208 1078 5265; x_wconf 91' lang='lat' dir='ltr'>moderatione</span> <span class='ocrx_word' id='word_1_365' title='bbox 1117 5208 1242 5264; x_wconf 68' lang='lat' dir='ltr'>caeli</span> <span class='ocrx_word' id='word_1_366' title='bbox 1274 5215 1329 5263; x_wconf 91' lang='lat' dir='ltr'>et</span> <span class='ocrx_word' id='word_1_367' title='bbox 1367 5215 1533 5264; x_wconf 58' lang='lat' dir='ltr'>terra</span> <span class='ocrx_word' id='word_1_368' title='bbox 1563 5214 1784 5277; x_wconf 88' lang='lat' dir='ltr'>poterat</span> 
     </span>
    </p>
   </div>
   <div class='ocr_carea' id='block_1_56' title="bbox 89 5291 1783 5367">
    <p class='ocr_par' dir='ltr' id='par_1_56' title="bbox 89 5291 1783 5367">
     <span class='ocr_line' id='line_1_56' title="bbox 89 5291 1783 5367; baseline 0.004 -21"><span class='ocrx_word' id='word_1_369' title='bbox 89 5291 236 5350; x_wconf 90' lang='lat' dir='ltr'>inter</span> <span class='ocrx_word' id='word_1_370' title='bbox 291 5310 385 5352; x_wconf 92' lang='lat' dir='ltr'>eos</span> <span class='ocrx_word' id='word_1_371' title='bbox 434 5311 555 5353; x_wconf 89' lang='lat' dir='ltr'>esse</span> <span class='ocrx_word' id='word_1_372' title='bbox 602 5297 928 5365; x_wconf 88' lang='lat' dir='ltr'>concordia,</span> <span class='ocrx_word' id='word_1_373' title='bbox 978 5311 1113 5353; x_wconf 92' lang='lat' dir='ltr'>cum</span> <span class='ocrx_word' id='word_1_374' title='bbox 1168 5296 1226 5351; x_wconf 93' lang='lat' dir='ltr'>in</span> <span class='ocrx_word' id='word_1_375' title='bbox 1283 5295 1591 5367; x_wconf 85' lang='lat' dir='ltr'>conjugiis,</span> <span class='ocrx_word' id='word_1_376' title='bbox 1644 5297 1783 5352; x_wconf 92' lang='lat' dir='ltr'>dum</span> 
     </span>
    </p>
   </div>
   <div class='ocr_carea' id='block_1_57' title="bbox 89 5379 1787 5454">
    <p class='ocr_par' dir='ltr' id='par_1_57' title="bbox 89 5379 1787 5454">
     <span class='ocr_line' id='line_1_57' title="bbox 89 5379 1787 5454; baseline 0.004 -21"><span class='ocrx_word' id='word_1_377' title='bbox 89 5379 444 5449; x_wconf 88' lang='lat' dir='ltr'>adviverent,</span> <span class='ocrx_word' id='word_1_378' title='bbox 515 5383 634 5440; x_wconf 89' lang='lat' dir='ltr'>suis</span> <span class='ocrx_word' id='word_1_379' title='bbox 689 5384 862 5440; x_wconf 75' lang='lat' dir='ltr'>fuerit</span> <span class='ocrx_word' id='word_1_380' title='bbox 926 5391 981 5440; x_wconf 93' lang='lat' dir='ltr'>et</span> <span class='ocrx_word' id='word_1_381' title='bbox 1029 5384 1336 5454; x_wconf 88' lang='lat' dir='ltr'>impuritas</span> <span class='ocrx_word' id='word_1_382' title='bbox 1397 5397 1465 5440; x_wconf 92' lang='lat' dir='ltr'>ac</span> <span class='ocrx_word' id='word_1_383' title='bbox 1524 5383 1787 5439; x_wconf 88' lang='lat' dir='ltr'>simultas</span> 
     </span>
    </p>
   </div>
   <div class='ocr_carea' id='block_1_58' title="bbox 91 5465 1783 5541">
    <p class='ocr_par' dir='ltr' id='par_1_58' title="bbox 91 5465 1783 5541">
     <span class='ocr_line' id='line_1_58' title="bbox 91 5465 1783 5541; baseline 0.003 -20"><span class='ocrx_word' id='word_1_384' title='bbox 91 5465 354 5541; x_wconf 87' lang='lat' dir='ltr'>indubia;</span> <span class='ocrx_word' id='word_1_385' title='bbox 401 5479 456 5527; x_wconf 91' lang='lat' dir='ltr'>et</span> <span class='ocrx_word' id='word_1_386' title='bbox 503 5472 561 5526; x_wconf 91' lang='lat' dir='ltr'>in</span> <span class='ocrx_word' id='word_1_387' title='bbox 606 5472 874 5528; x_wconf 88' lang='lat' dir='ltr'>dominiis</span> <span class='ocrx_word' id='word_1_388' title='bbox 923 5480 1208 5529; x_wconf 90' lang='lat' dir='ltr'>terrarum</span> <span class='ocrx_word' id='word_1_389' title='bbox 1237 5486 1499 5538; x_wconf 89' lang='lat' dir='ltr'>suarum,</span> <span class='ocrx_word' id='word_1_390' title='bbox 1535 5471 1783 5526; x_wconf 83' lang='lat' dir='ltr'>tiliorum</span> 
     </span>
    </p>
   </div>
   <div class='ocr_carea' id='block_1_59' title="bbox 93 5557 1788 5632">
    <p class='ocr_par' dir='ltr' id='par_1_59' title="bbox 93 5557 1788 5632">
     <span class='ocr_line' id='line_1_59' title="bbox 93 5557 1788 5632; baseline 0.002 -20"><span class='ocrx_word' id='word_1_391' title='bbox 93 5557 150 5612; x_wconf 92' lang='lat' dir='ltr'>in</span> <span class='ocrx_word' id='word_1_392' title='bbox 198 5569 405 5630; x_wconf 87' lang='lat' dir='ltr'>patres,</span> <span class='ocrx_word' id='word_1_393' title='bbox 441 5568 671 5631; x_wconf 91' lang='lat' dir='ltr'>patrum</span> <span class='ocrx_word' id='word_1_394' title='bbox 711 5561 771 5616; x_wconf 91' lang='lat' dir='ltr'>in</span> <span class='ocrx_word' id='word_1_395' title='bbox 826 5561 971 5618; x_wconf 82' lang='lat' dir='ltr'>ﬁlios</span> <span class='ocrx_word' id='word_1_396' title='bbox 1013 5576 1198 5632; x_wconf 88' lang='lat' dir='ltr'>usque</span> <span class='ocrx_word' id='word_1_397' title='bbox 1245 5562 1316 5617; x_wconf 90' lang='lat' dir='ltr'>ad</span> <span class='ocrx_word' id='word_1_398' title='bbox 1353 5561 1632 5617; x_wconf 87' lang='lat' dir='ltr'>vicariam</span> <span class='ocrx_word' id='word_1_399' title='bbox 1687 5569 1788 5616; x_wconf 91' lang='lat' dir='ltr'>aut</span> 
     </span>
    </p>
   </div>
   <div class='ocr_carea' id='block_1_60' title="bbox 91 5646 1789 5719">
    <p class='ocr_par' dir='ltr' id='par_1_60' title="bbox 91 5646 1789 5719">
     <span class='ocr_line' id='line_1_60' title="bbox 91 5646 1789 5719; baseline 0.003 -21"><span class='ocrx_word' id='word_1_400' title='bbox 91 5646 483 5706; x_wconf 85' lang='lat' dir='ltr'>exclusionem</span> <span class='ocrx_word' id='word_1_401' title='bbox 529 5655 635 5704; x_wconf 90' lang='lat' dir='ltr'>aut</span> <span class='ocrx_word' id='word_1_402' title='bbox 689 5654 930 5705; x_wconf 91' lang='lat' dir='ltr'>mortem</span> <span class='ocrx_word' id='word_1_403' title='bbox 967 5647 1219 5719; x_wconf 88' lang='lat' dir='ltr'>patuerit</span> <span class='ocrx_word' id='word_1_404' title='bbox 1270 5647 1416 5704; x_wconf 91' lang='lat' dir='ltr'>inter</span> <span class='ocrx_word' id='word_1_405' title='bbox 1453 5647 1606 5717; x_wconf 92' lang='lat' dir='ltr'>ipsos</span> <span class='ocrx_word' id='word_1_406' title='bbox 1647 5660 1789 5703; x_wconf 83' lang='lat' dir='ltr'>cru-</span> 
     </span>
    </p>
   </div>
   <div class='ocr_carea' id='block_1_61' title="bbox 1822 1655 3589 1731">
    <p class='ocr_par' dir='ltr' id='par_1_61' title="bbox 1822 1655 3589 1731">
     <span class='ocr_line' id='line_1_61' title="bbox 1822 1655 3589 1731; baseline 0.001 -17"><span class='ocrx_word' id='word_1_407' title='bbox 1822 1661 1861 1714; x_wconf 91' lang='lat' dir='ltr'><strong>B</strong></span> <span class='ocrx_word' id='word_1_408' title='bbox 1887 1655 2026 1712; x_wconf 91' lang='lat' dir='ltr'>delis</span> <span class='ocrx_word' id='word_1_409' title='bbox 2080 1655 2319 1724; x_wconf 90' lang='lat' dir='ltr'>invidia,</span> <span class='ocrx_word' id='word_1_410' title='bbox 2352 1663 2406 1712; x_wconf 93' lang='lat' dir='ltr'>et</span> <span class='ocrx_word' id='word_1_411' title='bbox 2459 1670 2594 1712; x_wconf 92' lang='lat' dir='ltr'>cum</span> <span class='ocrx_word' id='word_1_412' title='bbox 2633 1657 2702 1712; x_wconf 92' lang='lat' dir='ltr'>de</span> <span class='ocrx_word' id='word_1_413' title='bbox 2758 1657 2896 1727; x_wconf 92' lang='lat' dir='ltr'>ipsis</span> <span class='ocrx_word' id='word_1_414' title='bbox 2937 1658 3162 1714; x_wconf 90' lang='lat' dir='ltr'>cunctis</span> <span class='ocrx_word' id='word_1_415' title='bbox 3206 1673 3346 1728; x_wconf 90' lang='lat' dir='ltr'>pene</span> <span class='ocrx_word' id='word_1_416' title='bbox 3395 1659 3589 1731; x_wconf 89' lang='lat' dir='ltr'>pejora</span> 
     </span>
    </p>
   </div>
   <div class='ocr_carea' id='block_1_62' title="bbox 1889 1744 3590 1812">
    <p class='ocr_par' dir='ltr' id='par_1_62' title="bbox 1889 1744 3590 1812">
     <span class='ocr_line' id='line_1_62' title="bbox 1889 1744 3590 1812; baseline 0.002 -11"><span class='ocrx_word' id='word_1_417' title='bbox 1889 1745 2227 1802; x_wconf 89' lang='lat' dir='ltr'>mortalibus</span> <span class='ocrx_word' id='word_1_418' title='bbox 2274 1744 2647 1812; x_wconf 88' lang='lat' dir='ltr'>cantitentur,</span> <span class='ocrx_word' id='word_1_419' title='bbox 2701 1746 2999 1802; x_wconf 77' lang='lat' dir='ltr'>dementiae</span> <span class='ocrx_word' id='word_1_420' title='bbox 3053 1748 3448 1804; x_wconf 87' lang='lat' dir='ltr'>arbitrabatur</span> <span class='ocrx_word' id='word_1_421' title='bbox 3493 1764 3590 1805; x_wconf 89' lang='lat' dir='ltr'>ex-</span> 
     </span>
    </p>
   </div>
   <div class='ocr_carea' id='block_1_63' title="bbox 1890 1833 3586 1910">
    <p class='ocr_par' dir='ltr' id='par_1_63' title="bbox 1890 1833 3586 1910">
     <span class='ocr_line' id='line_1_63' title="bbox 1890 1833 3586 1910; baseline 0.004 -22"><span class='ocrx_word' id='word_1_422' title='bbox 1890 1840 2085 1888; x_wconf 74' lang='lat' dir='ltr'>tremae</span> <span class='ocrx_word' id='word_1_423' title='bbox 2143 1833 2191 1888; x_wconf 92' lang='lat' dir='ltr'>si</span> <span class='ocrx_word' id='word_1_424' title='bbox 2240 1833 2449 1890; x_wconf 91' lang='lat' dir='ltr'>talibus</span> <span class='ocrx_word' id='word_1_425' title='bbox 2493 1841 2678 1902; x_wconf 58' lang='lat' dir='ltr'>terrae,</span> <span class='ocrx_word' id='word_1_426' title='bbox 2744 1835 2959 1891; x_wconf 86' lang='lat' dir='ltr'>nedum</span> <span class='ocrx_word' id='word_1_427' title='bbox 3007 1836 3280 1893; x_wconf 75' lang='lat' dir='ltr'>caelorum</span> <span class='ocrx_word' id='word_1_428' title='bbox 3333 1838 3586 1910; x_wconf 86' lang='lat' dir='ltr'>regimen</span> 
     </span>
    </p>
   </div>
   <div class='ocr_carea' id='block_1_64' title="bbox 1889 1921 3589 1995">
    <p class='ocr_par' dir='ltr' id='par_1_64' title="bbox 1889 1921 3589 1995">
     <span class='ocr_line' id='line_1_64' title="bbox 1889 1921 3589 1995; baseline 0.004 -18"><span class='ocrx_word' id='word_1_429' title='bbox 1889 1921 2233 1978; x_wconf 89' lang='lat' dir='ltr'>ascribatur.</span> <span class='ocrx_word' id='word_1_430' title='bbox 2286 1923 2356 1978; x_wconf 90' lang='lat' dir='ltr'>Et</span> <span class='ocrx_word' id='word_1_431' title='bbox 2387 1922 2518 1992; x_wconf 87' lang='lat' dir='ltr'>quis</span> <span class='ocrx_word' id='word_1_432' title='bbox 2546 1937 2641 1978; x_wconf 89' lang='lat' dir='ltr'>eos</span> <span class='ocrx_word' id='word_1_433' title='bbox 2670 1923 2742 1978; x_wconf 91' lang='lat' dir='ltr'>ad</span> <span class='ocrx_word' id='word_1_434' title='bbox 2771 1938 3025 1993; x_wconf 90' lang='lat' dir='ltr'>superna</span> <span class='ocrx_word' id='word_1_435' title='bbox 3078 1924 3430 1995; x_wconf 86' lang='lat' dir='ltr'>disponenda</span> <span class='ocrx_word' id='word_1_436' title='bbox 3479 1935 3589 1983; x_wconf 89' lang='lat' dir='ltr'>tra-</span> 
     </span>
    </p>
   </div>
   <div class='ocr_carea' id='block_1_65' title="bbox 1889 2006 3587 2078">
    <p class='ocr_par' dir='ltr' id='par_1_65' title="bbox 1889 2006 3587 2078">
     <span class='ocr_line' id='line_1_65' title="bbox 1889 2006 3587 2078; baseline 0.002 -16"><span class='ocrx_word' id='word_1_437' title='bbox 1889 2006 2080 2071; x_wconf 88' lang='lat' dir='ltr'>ducat,</span> <span class='ocrx_word' id='word_1_438' title='bbox 2135 2021 2386 2076; x_wconf 90' lang='lat' dir='ltr'>quorum</span> <span class='ocrx_word' id='word_1_439' title='bbox 2418 2008 2714 2076; x_wconf 89' lang='lat' dir='ltr'>quondam</span> <span class='ocrx_word' id='word_1_440' title='bbox 2745 2007 3072 2064; x_wconf 86' lang='lat' dir='ltr'>miseranda</span> <span class='ocrx_word' id='word_1_441' title='bbox 3109 2010 3361 2078; x_wconf 89' lang='lat' dir='ltr'>potentia</span> <span class='ocrx_word' id='word_1_442' title='bbox 3400 2018 3587 2067; x_wconf 89' lang='lat' dir='ltr'>terra-</span> 
     </span>
    </p>
   </div>
   <div class='ocr_carea' id='block_1_66' title="bbox 1888 2095 3587 2168">
    <p class='ocr_par' dir='ltr' id='par_1_66' title="bbox 1888 2095 3587 2168">
     <span class='ocr_line' id='line_1_66' title="bbox 1888 2095 3587 2168; baseline 0.002 -18"><span class='ocrx_word' id='word_1_443' title='bbox 1888 2108 2020 2151; x_wconf 92' lang='lat' dir='ltr'>rum</span> <span class='ocrx_word' id='word_1_444' title='bbox 2080 2095 2392 2166; x_wconf 86' lang='lat' dir='ltr'>particulas</span> <span class='ocrx_word' id='word_1_445' title='bbox 2440 2095 2878 2167; x_wconf 89' lang='lat' dir='ltr'>qualescunque</span> <span class='ocrx_word' id='word_1_446' title='bbox 2937 2096 3059 2153; x_wconf 91' lang='lat' dir='ltr'>sine</span> <span class='ocrx_word' id='word_1_447' title='bbox 3102 2097 3256 2168; x_wconf 91' lang='lat' dir='ltr'>turpi</span> <span class='ocrx_word' id='word_1_448' title='bbox 3315 2098 3587 2154; x_wconf 82' lang='lat' dir='ltr'>commis-</span> 
     </span>
    </p>
   </div>
   <div class='ocr_carea' id='block_1_67' title="bbox 1887 2183 2701 2255">
    <p class='ocr_par' dir='ltr' id='par_1_67' title="bbox 1887 2183 2701 2255">
     <span class='ocr_line' id='line_1_67' title="bbox 1887 2183 2701 2255; baseline 0.002 -17"><span class='ocrx_word' id='word_1_449' title='bbox 1887 2183 2046 2239; x_wconf 90' lang='lat' dir='ltr'>sione</span> <span class='ocrx_word' id='word_1_450' title='bbox 2075 2192 2267 2240; x_wconf 90' lang='lat' dir='ltr'>tenere</span> <span class='ocrx_word' id='word_1_451' title='bbox 2297 2199 2411 2240; x_wconf 89' lang='lat' dir='ltr'>non</span> <span class='ocrx_word' id='word_1_452' title='bbox 2444 2184 2701 2255; x_wconf 82' lang='lat' dir='ltr'>poterat?</span> 
     </span>
    </p>
   </div>
   <div class='ocr_carea' id='block_1_68' title="bbox 1959 2274 3589 2331">
    <p class='ocr_par' dir='ltr' id='par_1_68' title="bbox 1959 2274 3589 2331">
     <span class='ocr_line' id='line_1_68' title="bbox 1959 2274 3589 2331; baseline 0.003 -5"><span class='ocrx_word' id='word_1_453' title='bbox 1959 2274 2186 2328; x_wconf 72' lang='lat' dir='ltr'>Caelesti</span> <span class='ocrx_word' id='word_1_454' title='bbox 2243 2275 2444 2328; x_wconf 78' lang='lat' dir='ltr'>lumine</span> <span class='ocrx_word' id='word_1_455' title='bbox 2504 2275 2837 2328; x_wconf 76' lang='lat' dir='ltr'>illustratur.</span> <span class='ocrx_word' id='word_1_456' title='bbox 2909 2302 2956 2314; x_wconf 90' lang='lat'><strong>-</strong></span> <span class='ocrx_word' id='word_1_457' title='bbox 3016 2274 3148 2329; x_wconf 70' lang='lat' dir='ltr'>Hmc</span> <span class='ocrx_word' id='word_1_458' title='bbox 3205 2274 3372 2330; x_wconf 91' lang='lat' dir='ltr'>homo</span> <span class='ocrx_word' id='word_1_459' title='bbox 3429 2274 3589 2331; x_wconf 88' lang='lat' dir='ltr'>simi-</span> 
     </span>
    </p>
   </div>
   <div class='ocr_carea' id='block_1_69' title="bbox 1887 2361 3589 2434">
    <p class='ocr_par' dir='ltr' id='par_1_69' title="bbox 1887 2361 3589 2434">
     <span class='ocr_line' id='line_1_69' title="bbox 1887 2361 3589 2434; baseline 0.001 -16"><span class='ocrx_word' id='word_1_460' title='bbox 1887 2361 2082 2432; x_wconf 90' lang='lat' dir='ltr'>liaque</span> <span class='ocrx_word' id='word_1_461' title='bbox 2129 2363 2448 2429; x_wconf 88' lang='lat' dir='ltr'>revolvens,</span> <span class='ocrx_word' id='word_1_462' title='bbox 2483 2363 2734 2418; x_wconf 87' lang='lat' dir='ltr'>exclusis</span> <span class='ocrx_word' id='word_1_463' title='bbox 2775 2376 2807 2417; x_wconf 89' lang='lat' dir='ltr'>a</span> <span class='ocrx_word' id='word_1_464' title='bbox 2839 2363 3006 2417; x_wconf 91' lang='lat' dir='ltr'>corde</span> <span class='ocrx_word' id='word_1_465' title='bbox 3065 2364 3322 2421; x_wconf 90' lang='lat' dir='ltr'>inanium</span> <span class='ocrx_word' id='word_1_466' title='bbox 3347 2364 3487 2434; x_wconf 89' lang='lat' dir='ltr'>jam,</span> <span class='ocrx_word' id='word_1_467' title='bbox 3525 2372 3589 2420; x_wconf 91' lang='lat' dir='ltr'>ut</span> 
     </span>
    </p>
   </div>
   <div class='ocr_carea' id='block_1_70' title="bbox 1888 2450 3588 2522">
    <p class='ocr_par' dir='ltr' id='par_1_70' title="bbox 1888 2450 3588 2522">
     <span class='ocr_line' id='line_1_70' title="bbox 1888 2450 3588 2522; baseline 0.002 -16"><span class='ocrx_word' id='word_1_468' title='bbox 1888 2450 2149 2520; x_wconf 88' lang='lat' dir='ltr'>putabat,</span> <span class='ocrx_word' id='word_1_469' title='bbox 2184 2451 2494 2507; x_wconf 91' lang='lat' dir='ltr'>numinum</span> <span class='ocrx_word' id='word_1_470' title='bbox 2526 2451 2898 2522; x_wconf 88' lang='lat' dir='ltr'>imaginibus,</span> <span class='ocrx_word' id='word_1_471' title='bbox 2933 2452 3005 2506; x_wconf 91' lang='lat' dir='ltr'>ad</span> <span class='ocrx_word' id='word_1_472' title='bbox 3036 2466 3216 2507; x_wconf 94' lang='lat' dir='ltr'>unum</span> <span class='ocrx_word' id='word_1_473' title='bbox 3265 2453 3588 2522; x_wconf 90' lang='lat' dir='ltr'>incompre-</span> 
     </span>
    </p>
   </div>
   <div class='ocr_carea' id='block_1_71' title="bbox 1888 2538 3585 2611">
    <p class='ocr_par' dir='ltr' id='par_1_71' title="bbox 1888 2538 3585 2611">
     <span class='ocr_line' id='line_1_71' title="bbox 1888 2538 3585 2611; baseline 0.001 -17"><span class='ocrx_word' id='word_1_474' title='bbox 1888 2539 2247 2607; x_wconf 89' lang='lat' dir='ltr'>hensibilem,</span> <span class='ocrx_word' id='word_1_475' title='bbox 2280 2554 2452 2610; x_wconf 91' lang='lat' dir='ltr'>quem</span> <span class='ocrx_word' id='word_1_476' title='bbox 2485 2539 2610 2595; x_wconf 88' lang='lat' dir='ltr'>sine</span> <span class='ocrx_word' id='word_1_477' title='bbox 2648 2539 2831 2594; x_wconf 81' lang='lat' dir='ltr'>forma</span> <span class='ocrx_word' id='word_1_478' title='bbox 2859 2538 2966 2595; x_wconf 90' lang='lat' dir='ltr'>coli</span> <span class='ocrx_word' id='word_1_479' title='bbox 2999 2547 3275 2609; x_wconf 86' lang='lat' dir='ltr'>oporteat,</span> <span class='ocrx_word' id='word_1_480' title='bbox 3320 2541 3418 2611; x_wconf 92' lang='lat' dir='ltr'>qui</span> <span class='ocrx_word' id='word_1_481' title='bbox 3466 2555 3585 2596; x_wconf 89' lang='lat' dir='ltr'>om-</span> 
     </span>
    </p>
   </div>
   <div class='ocr_carea' id='block_1_72' title="bbox 1889 2628 3589 2698">
    <p class='ocr_par' dir='ltr' id='par_1_72' title="bbox 1889 2628 3589 2698">
     <span class='ocr_line' id='line_1_72' title="bbox 1889 2628 3589 2698; baseline -0.001 -14"><span class='ocrx_word' id='word_1_482' title='bbox 1889 2628 1987 2684; x_wconf 92' lang='lat' dir='ltr'>nia</span> <span class='ocrx_word' id='word_1_483' title='bbox 2032 2644 2186 2685; x_wconf 89' lang='lat' dir='ltr'>unus</span> <span class='ocrx_word' id='word_1_484' title='bbox 2218 2642 2337 2684; x_wconf 90' lang='lat' dir='ltr'>una</span> <span class='ocrx_word' id='word_1_485' title='bbox 2383 2629 2692 2684; x_wconf 86' lang='lat' dir='ltr'>concordia</span> <span class='ocrx_word' id='word_1_486' title='bbox 2737 2628 3121 2694; x_wconf 82' lang='lat' dir='ltr'>administrat,</span> <span class='ocrx_word' id='word_1_487' title='bbox 3174 2629 3343 2698; x_wconf 83' lang='lat' dir='ltr'>cujus</span> <span class='ocrx_word' id='word_1_488' title='bbox 3397 2628 3589 2683; x_wconf 89' lang='lat' dir='ltr'>invisi-</span> 
     </span>
    </p>
   </div>
   <div class='ocr_carea' id='block_1_73' title="bbox 1889 2717 3586 2788">
    <p class='ocr_par' dir='ltr' id='par_1_73' title="bbox 1889 2717 3586 2788">
     <span class='ocr_line' id='line_1_73' title="bbox 1889 2717 3586 2788; baseline -0.001 -15"><span class='ocrx_word' id='word_1_489' title='bbox 1889 2717 2026 2773; x_wconf 92' lang='lat' dir='ltr'>bilia</span> <span class='ocrx_word' id='word_1_490' title='bbox 2072 2731 2172 2787; x_wconf 88' lang='lat' dir='ltr'>per</span> <span class='ocrx_word' id='word_1_491' title='bbox 2209 2732 2278 2774; x_wconf 92' lang='lat' dir='ltr'>ca</span> <span class='ocrx_word' id='word_1_492' title='bbox 2309 2732 2441 2788; x_wconf 70' lang='lat' dir='ltr'>qum</span> <span class='ocrx_word' id='word_1_493' title='bbox 2474 2717 2622 2772; x_wconf 81' lang='lat' dir='ltr'>facta</span> <span class='ocrx_word' id='word_1_494' title='bbox 2666 2724 2803 2773; x_wconf 91' lang='lat' dir='ltr'>sunt</span> <span class='ocrx_word' id='word_1_495' title='bbox 2846 2717 2968 2788; x_wconf 89' lang='lat' dir='ltr'>jam</span> <span class='ocrx_word' id='word_1_496' title='bbox 3021 2717 3304 2773; x_wconf 90' lang='lat' dir='ltr'>intellecta</span> <span class='ocrx_word' id='word_1_497' title='bbox 3347 2732 3586 2787; x_wconf 91' lang='lat' dir='ltr'>conspe-</span> 
     </span>
    </p>
   </div>
   <div class='ocr_carea' id='block_1_74' title="bbox 1888 2805 3587 2877">
    <p class='ocr_par' dir='ltr' id='par_1_74' title="bbox 1888 2805 3587 2877">
     <span class='ocr_line' id='line_1_74' title="bbox 1888 2805 3587 2877; baseline 0 -16"><span class='ocrx_word' id='word_1_498' title='bbox 1888 2813 2054 2862; x_wconf 88' lang='lat' dir='ltr'>xerat</span> <span class='ocrx_word' id='word_1_499' title='bbox 2107 2808 2282 2875; x_wconf 86' lang='lat' dir='ltr'>(Rom.</span> <span class='ocrx_word' id='word_1_500' title='bbox 2325 2821 2362 2874; x_wconf 82' lang='grc' dir='ltr'>ι,</span> <span class='ocrx_word' id='word_1_501' title='bbox 2403 2805 2494 2876; x_wconf 82' lang='lat'>20)</span> <span class='ocrx_word' id='word_1_502' title='bbox 2523 2805 2828 2862; x_wconf 91' lang='lat' dir='ltr'>colendum</span> <span class='ocrx_word' id='word_1_503' title='bbox 2859 2820 2919 2861; x_wconf 89' lang='lat' dir='ltr'>se</span> <span class='ocrx_word' id='word_1_504' title='bbox 2949 2806 3138 2862; x_wconf 90' lang='lat' dir='ltr'>vertit.</span> <span class='ocrx_word' id='word_1_505' title='bbox 3172 2806 3314 2862; x_wconf 91' lang='lat' dir='ltr'>Cum</span> <span class='ocrx_word' id='word_1_506' title='bbox 3341 2821 3477 2877; x_wconf 90' lang='lat' dir='ltr'>ergo</span> <span class='ocrx_word' id='word_1_507' title='bbox 3528 2806 3587 2861; x_wconf 90' lang='lat' dir='ltr'>in</span> 
     </span>
    </p>
   </div>
   <div class='ocr_carea' id='block_1_75' title="bbox 1889 2893 3589 2964">
    <p class='ocr_par' dir='ltr' id='par_1_75' title="bbox 1889 2893 3589 2964">
     <span class='ocr_line' id='line_1_75' title="bbox 1889 2893 3589 2964; baseline 0.001 -15"><span class='ocrx_word' id='word_1_508' title='bbox 1889 2894 1979 2950; x_wconf 91' lang='lat' dir='ltr'>his</span> <span class='ocrx_word' id='word_1_509' title='bbox 2012 2893 2253 2950; x_wconf 90' lang='lat' dir='ltr'>utilibus</span> <span class='ocrx_word' id='word_1_510' title='bbox 2294 2894 2652 2964; x_wconf 87' lang='lat' dir='ltr'>argumentis</span> <span class='ocrx_word' id='word_1_511' title='bbox 2698 2893 2808 2949; x_wconf 89' lang='lat' dir='ltr'>sub</span> <span class='ocrx_word' id='word_1_512' title='bbox 2863 2894 3213 2964; x_wconf 86' lang='lat' dir='ltr'>quibusdam</span> <span class='ocrx_word' id='word_1_513' title='bbox 3247 2902 3436 2950; x_wconf 89' lang='lat' dir='ltr'>tamen</span> <span class='ocrx_word' id='word_1_514' title='bbox 3472 2895 3589 2950; x_wconf 72' lang='lat' dir='ltr'>hae-</span> 
     </span>
    </p>
   </div>
   <div class='ocr_carea' id='block_1_76' title="bbox 1890 2983 3588 3054">
    <p class='ocr_par' dir='ltr' id='par_1_76' title="bbox 1890 2983 3588 3054">
     <span class='ocr_line' id='line_1_76' title="bbox 1890 2983 3588 3054; baseline 0 -16"><span class='ocrx_word' id='word_1_515' title='bbox 1890 2983 2086 3039; x_wconf 89' lang='lat' dir='ltr'>sitaret</span> <span class='ocrx_word' id='word_1_516' title='bbox 2129 2983 2493 3054; x_wconf 90' lang='lat' dir='ltr'>ambagibus,</span> <span class='ocrx_word' id='word_1_517' title='bbox 2533 2983 2701 3048; x_wconf 85' lang='lat' dir='ltr'>Deus,</span> <span class='ocrx_word' id='word_1_518' title='bbox 2737 2983 2836 3052; x_wconf 92' lang='lat' dir='ltr'>qui</span> <span class='ocrx_word' id='word_1_519' title='bbox 2884 2983 3174 3039; x_wconf 90' lang='lat' dir='ltr'>benevolis</span> <span class='ocrx_word' id='word_1_520' title='bbox 3214 2983 3450 3040; x_wconf 91' lang='lat' dir='ltr'>meliora</span> <span class='ocrx_word' id='word_1_521' title='bbox 3492 2984 3588 3042; x_wconf 90' lang='lat' dir='ltr'>de-</span> 
     </span>
    </p>
   </div>
   <div class='ocr_carea' id='block_1_77' title="bbox 1889 3069 3589 3139">
    <p class='ocr_par' dir='ltr' id='par_1_77' title="bbox 1889 3069 3589 3139">
     <span class='ocr_line' id='line_1_77' title="bbox 1889 3069 3589 3139; baseline -0.001 -12"><span class='ocrx_word' id='word_1_522' title='bbox 1889 3072 2089 3139; x_wconf 89' lang='lat' dir='ltr'>clarat,</span> <span class='ocrx_word' id='word_1_523' title='bbox 2143 3071 2433 3126; x_wconf 91' lang='lat' dir='ltr'>hominem</span> <span class='ocrx_word' id='word_1_524' title='bbox 2481 3070 2640 3126; x_wconf 90' lang='lat' dir='ltr'>hunc</span> <span class='ocrx_word' id='word_1_525' title='bbox 2685 3069 2894 3125; x_wconf 80' lang='lat' dir='ltr'>caelesti</span> <span class='ocrx_word' id='word_1_526' title='bbox 2942 3071 3116 3126; x_wconf 88' lang='lat' dir='ltr'>missa</span> <span class='ocrx_word' id='word_1_527' title='bbox 3162 3071 3230 3126; x_wconf 88' lang='lat' dir='ltr'>ad</span> <span class='ocrx_word' id='word_1_528' title='bbox 3271 3086 3404 3127; x_wconf 93' lang='lat' dir='ltr'>eum</span> <span class='ocrx_word' id='word_1_529' title='bbox 3457 3086 3589 3127; x_wconf 89' lang='lat' dir='ltr'>voce</span> 
     </span>
    </p>
   </div>
   <div class='ocr_carea' id='block_1_78' title="bbox 1891 3159 3590 3228">
    <p class='ocr_par' dir='ltr' id='par_1_78' title="bbox 1891 3159 3590 3228">
     <span class='ocr_line' id='line_1_78' title="bbox 1891 3159 3590 3228; baseline -0.001 -12"><span class='ocrx_word' id='word_1_530' title='bbox 1891 3160 2155 3216; x_wconf 91' lang='lat' dir='ltr'>sollicitat</span> <span class='ocrx_word' id='word_1_531' title='bbox 2194 3160 2276 3216; x_wconf 92' lang='lat' dir='ltr'>uti</span> <span class='ocrx_word' id='word_1_532' title='bbox 2319 3159 2769 3228; x_wconf 88' lang='lat' dir='ltr'>Hierosolymam</span> <span class='ocrx_word' id='word_1_533' title='bbox 2806 3172 2994 3227; x_wconf 84' lang='lat' dir='ltr'>usque</span> <span class='ocrx_word' id='word_1_534' title='bbox 3041 3159 3329 3228; x_wconf 90' lang='lat' dir='ltr'>procedat,</span> <span class='ocrx_word' id='word_1_535' title='bbox 3383 3159 3460 3215; x_wconf 90' lang='lat' dir='ltr'>ibi</span> <span class='ocrx_word' id='word_1_536' title='bbox 3491 3174 3590 3215; x_wconf 91' lang='lat' dir='ltr'>au-</span> 
     </span>
    </p>
   </div>
   <div class='ocr_carea' id='block_1_79' title="bbox 1889 3246 3588 3318">
    <p class='ocr_par' dir='ltr' id='par_1_79' title="bbox 1889 3246 3588 3318">
     <span class='ocr_line' id='line_1_79' title="bbox 1889 3246 3588 3318; baseline -0.002 -13"><span class='ocrx_word' id='word_1_537' title='bbox 1889 3249 2122 3305; x_wconf 88' lang='lat' dir='ltr'>diturus</span> <span class='ocrx_word' id='word_1_538' title='bbox 2169 3249 2309 3318; x_wconf 89' lang='lat' dir='ltr'>quid</span> <span class='ocrx_word' id='word_1_539' title='bbox 2357 3249 2426 3305; x_wconf 90' lang='lat' dir='ltr'>de</span> <span class='ocrx_word' id='word_1_540' title='bbox 2473 3250 2587 3304; x_wconf 89' lang='lat' dir='ltr'>Deo</span> <span class='ocrx_word' id='word_1_541' title='bbox 2635 3247 2833 3302; x_wconf 89' lang='lat' dir='ltr'>sentiri</span> <span class='ocrx_word' id='word_1_542' title='bbox 2885 3246 3099 3315; x_wconf 88' lang='lat' dir='ltr'>deceat,</span> <span class='ocrx_word' id='word_1_543' title='bbox 3134 3247 3444 3318; x_wconf 85' lang='lat' dir='ltr'>qualitera</span> <span class='ocrx_word' id='word_1_544' title='bbox 3474 3248 3588 3302; x_wconf 91' lang='lat' dir='ltr'>Deo</span> 
     </span>
    </p>
   </div>
   <div class='ocr_carea' id='block_1_80' title="bbox 1890 3336 3588 3406">
    <p class='ocr_par' dir='ltr' id='par_1_80' title="bbox 1890 3336 3588 3406">
     <span class='ocr_line' id='line_1_80' title="bbox 1890 3336 3588 3406; baseline -0.003 -12"><span class='ocrx_word' id='word_1_545' title='bbox 1890 3337 1989 3394; x_wconf 92' lang='lat' dir='ltr'>Dci</span> <span class='ocrx_word' id='word_1_546' title='bbox 2017 3338 2215 3394; x_wconf 85' lang='lat' dir='ltr'>exiens</span> <span class='ocrx_word' id='word_1_547' title='bbox 2245 3337 2424 3394; x_wconf 86' lang='lat' dir='ltr'>Filius</span> <span class='ocrx_word' id='word_1_548' title='bbox 2474 3339 2622 3393; x_wconf 89' lang='lat' dir='ltr'>inter</span> <span class='ocrx_word' id='word_1_549' title='bbox 2671 3336 2930 3392; x_wconf 89' lang='lat' dir='ltr'>homines</span> <span class='ocrx_word' id='word_1_550' title='bbox 2966 3351 3064 3406; x_wconf 92' lang='lat' dir='ltr'>pro</span> <span class='ocrx_word' id='word_1_551' title='bbox 3103 3336 3432 3392; x_wconf 86' lang='lat' dir='ltr'>hominibus</span> <span class='ocrx_word' id='word_1_552' title='bbox 3469 3350 3588 3392; x_wconf 87' lang='lat' dir='ltr'>sese</span> 
     </span>
    </p>
   </div>
   <div class='ocr_carea' id='block_1_81' title="bbox 1889 3425 3588 3497">
    <p class='ocr_par' dir='ltr' id='par_1_81' title="bbox 1889 3425 3588 3497">
     <span class='ocr_line' id='line_1_81' title="bbox 1889 3425 3588 3497; baseline -0.002 -15"><span class='ocrx_word' id='word_1_553' title='bbox 1889 3427 2178 3496; x_wconf 90' lang='lat' dir='ltr'>habuerit,</span> <span class='ocrx_word' id='word_1_554' title='bbox 2213 3427 2353 3497; x_wconf 90' lang='lat' dir='ltr'>quid</span> <span class='ocrx_word' id='word_1_555' title='bbox 2405 3426 2759 3496; x_wconf 80' lang='lat' dir='ltr'>perferendo,</span> <span class='ocrx_word' id='word_1_556' title='bbox 2803 3434 2903 3481; x_wconf 90' lang='lat' dir='ltr'>aut</span> <span class='ocrx_word' id='word_1_557' title='bbox 2934 3425 3072 3496; x_wconf 88' lang='lat' dir='ltr'>quid</span> <span class='ocrx_word' id='word_1_558' title='bbox 3105 3425 3414 3492; x_wconf 89' lang='lat' dir='ltr'>devenerit,</span> <span class='ocrx_word' id='word_1_559' title='bbox 3443 3439 3588 3494; x_wconf 90' lang='lat' dir='ltr'>quos</span> 
     </span>
    </p>
   </div>
   <div class='ocr_carea' id='block_1_82' title="bbox 1888 3512 3588 3584">
    <p class='ocr_par' dir='ltr' id='par_1_82' title="bbox 1888 3512 3588 3584">
     <span class='ocr_line' id='line_1_82' title="bbox 1888 3512 3588 3584; baseline -0.003 -12"><span class='ocrx_word' id='word_1_560' title='bbox 1888 3515 2069 3572; x_wconf 91' lang='lat' dir='ltr'>divini</span> <span class='ocrx_word' id='word_1_561' title='bbox 2099 3516 2350 3572; x_wconf 84' lang='lat' dir='ltr'>nominis</span> <span class='ocrx_word' id='word_1_562' title='bbox 2391 3514 2754 3584; x_wconf 87' lang='lat' dir='ltr'>exemplandi</span> <span class='ocrx_word' id='word_1_563' title='bbox 2787 3514 3034 3570; x_wconf 89' lang='lat' dir='ltr'>vicarios</span> <span class='ocrx_word' id='word_1_564' title='bbox 3063 3520 3184 3582; x_wconf 87' lang='lat' dir='ltr'>post</span> <span class='ocrx_word' id='word_1_565' title='bbox 3229 3527 3289 3568; x_wconf 91' lang='lat' dir='ltr'>se</span> <span class='ocrx_word' id='word_1_566' title='bbox 3333 3512 3588 3582; x_wconf 90' lang='lat' dir='ltr'>relique-</span> 
     </span>
    </p>
   </div>
   <div class='ocr_carea' id='block_1_83' title="bbox 1890 3603 3590 3676">
    <p class='ocr_par' dir='ltr' id='par_1_83' title="bbox 1890 3603 3590 3676">
     <span class='ocr_line' id='line_1_83' title="bbox 1890 3603 3590 3676; baseline -0.002 -16"><span class='ocrx_word' id='word_1_567' title='bbox 1890 3604 1991 3675; x_wconf 91' lang='lat' dir='ltr'>rit;</span> <span class='ocrx_word' id='word_1_568' title='bbox 2023 3619 2262 3676; x_wconf 88' lang='lat' dir='ltr'>quosve,</span> <span class='ocrx_word' id='word_1_569' title='bbox 2294 3619 2427 3660; x_wconf 93' lang='lat' dir='ltr'>cum</span> <span class='ocrx_word' id='word_1_570' title='bbox 2453 3619 2511 3659; x_wconf 92' lang='lat' dir='ltr'>se</span> <span class='ocrx_word' id='word_1_571' title='bbox 2546 3603 2638 3660; x_wconf 85' lang='lat' dir='ltr'>illo</span> <span class='ocrx_word' id='word_1_572' title='bbox 2660 3603 3038 3663; x_wconf 86' lang='lat' dir='ltr'>transtulerit,</span> <span class='ocrx_word' id='word_1_573' title='bbox 3072 3609 3362 3658; x_wconf 91' lang='lat' dir='ltr'>tantorum</span> <span class='ocrx_word' id='word_1_574' title='bbox 3387 3608 3590 3670; x_wconf 82' lang='lat' dir='ltr'>myste-</span> 
     </span>
    </p>
   </div>
   <div class='ocr_carea' id='block_1_84' title="bbox 1888 3690 3588 3759">
    <p class='ocr_par' dir='ltr' id='par_1_84' title="bbox 1888 3690 3588 3759">
     <span class='ocr_line' id='line_1_84' title="bbox 1888 3690 3588 3759; baseline -0.002 -11"><span class='ocrx_word' id='word_1_575' title='bbox 1888 3694 2109 3749; x_wconf 90' lang='lat' dir='ltr'>riorum</span> <span class='ocrx_word' id='word_1_576' title='bbox 2143 3692 2373 3749; x_wconf 90' lang='lat' dir='ltr'>indices.</span> <span class='ocrx_word' id='word_1_577' title='bbox 2409 3693 2646 3748; x_wconf 89' lang='lat' dir='ltr'>Matrem</span> <span class='ocrx_word' id='word_1_578' title='bbox 2677 3691 2937 3748; x_wconf 90' lang='lat' dir='ltr'>videlicet</span> <span class='ocrx_word' id='word_1_579' title='bbox 2968 3705 3102 3746; x_wconf 91' lang='lat' dir='ltr'>cum</span> <span class='ocrx_word' id='word_1_580' title='bbox 3135 3690 3405 3746; x_wconf 89' lang='lat' dir='ltr'>universo</span> <span class='ocrx_word' id='word_1_581' title='bbox 3449 3703 3588 3759; x_wconf 88' lang='lat' dir='ltr'>apo-</span> 
     </span>
    </p>
   </div>
   <div class='ocr_carea' id='block_1_85' title="bbox 1888 3781 2593 3853">
    <p class='ocr_par' dir='ltr' id='par_1_85' title="bbox 1888 3781 2593 3853">
     <span class='ocr_line' id='line_1_85' title="bbox 1888 3781 2593 3853; baseline -0.004 -14"><span class='ocrx_word' id='word_1_582' title='bbox 1888 3783 2100 3840; x_wconf 87' lang='lat' dir='ltr'>stolatu</span> <span class='ocrx_word' id='word_1_583' title='bbox 2131 3790 2472 3853; x_wconf 90' lang='lat' dir='ltr'>reperturus</span> <span class='ocrx_word' id='word_1_584' title='bbox 2502 3781 2593 3837; x_wconf 90' lang='lat' dir='ltr'>sit.</span> 
     </span>
    </p>
   </div>
   <div class='ocr_carea' id='block_1_86' title="bbox 1963 3869 3592 3938">
    <p class='ocr_par' dir='ltr' id='par_1_86' title="bbox 1963 3869 3592 3938">
     <span class='ocr_line' id='line_1_86' title="bbox 1963 3869 3592 3938; baseline -0.003 -12"><span class='ocrx_word' id='word_1_585' title='bbox 1963 3874 2211 3938; x_wconf 87' lang='lat' dir='ltr'>Reg-num</span> <span class='ocrx_word' id='word_1_586' title='bbox 2265 3871 2506 3926; x_wconf 78' lang='lat' dir='ltr'>abdicat.</span> <span class='ocrx_word' id='word_1_587' title='bbox 2570 3870 2864 3938; x_wconf 77' lang='lat' dir='ltr'>Novigenti</span> <span class='ocrx_word' id='word_1_588' title='bbox 2916 3869 3244 3937; x_wconf 76' lang='lat' dir='ltr'>hospitatur.</span> <span class='ocrx_word' id='word_1_589' title='bbox 3305 3869 3592 3936; x_wconf 76' lang='lat' dir='ltr'>Novigenti</span> 
     </span>
    </p>
   </div>
   <div class='ocr_carea' id='block_1_87' title="bbox 1890 3957 3590 4031">
    <p class='ocr_par' dir='ltr' id='par_1_87' title="bbox 1890 3957 3590 4031">
     <span class='ocr_line' id='line_1_87' title="bbox 1890 3957 3590 4031; baseline -0.003 -15"><span class='ocrx_word' id='word_1_590' title='bbox 1890 3962 2202 4031; x_wconf 76' lang='lat' dir='ltr'>descriptio.</span> <span class='ocrx_word' id='word_1_591' title='bbox 2233 3991 2302 4000; x_wconf 92' lang='lat'>—-</span> <span class='ocrx_word' id='word_1_592' title='bbox 2347 3959 2536 4030; x_wconf 86' lang='lat' dir='ltr'>Igitur</span> <span class='ocrx_word' id='word_1_593' title='bbox 2582 3973 2685 4014; x_wconf 88' lang='lat' dir='ltr'>rex</span> <span class='ocrx_word' id='word_1_594' title='bbox 2730 3958 2820 4012; x_wconf 89' lang='lat' dir='ltr'>ille</span> <span class='ocrx_word' id='word_1_595' title='bbox 2872 3957 3257 4024; x_wconf 86' lang='lat' dir='ltr'>Britannicus,</span> <span class='ocrx_word' id='word_1_596' title='bbox 3311 3957 3485 4012; x_wconf 90' lang='lat' dir='ltr'>rebus</span> <span class='ocrx_word' id='word_1_597' title='bbox 3535 3963 3590 4011; x_wconf 90' lang='lat' dir='ltr'>et</span> 
     </span>
    </p>
   </div>
   <div class='ocr_carea' id='block_1_88' title="bbox 1889 4044 3587 4122">
    <p class='ocr_par' dir='ltr' id='par_1_88' title="bbox 1889 4044 3587 4122">
     <span class='ocr_line' id='line_1_88' title="bbox 1889 4044 3587 4122; baseline -0.005 -15"><span class='ocrx_word' id='word_1_598' title='bbox 1889 4065 2068 4122; x_wconf 88' lang='lat' dir='ltr'>regno</span> <span class='ocrx_word' id='word_1_599' title='bbox 2117 4049 2332 4120; x_wconf 89' lang='lat' dir='ltr'>positis,</span> <span class='ocrx_word' id='word_1_600' title='bbox 2383 4047 2682 4104; x_wconf 89' lang='lat' dir='ltr'>enuntiato</span> <span class='ocrx_word' id='word_1_601' title='bbox 2730 4046 2835 4102; x_wconf 91' lang='lat' dir='ltr'>sibi</span> <span class='ocrx_word' id='word_1_602' title='bbox 2883 4046 3009 4101; x_wconf 82' lang='lat' dir='ltr'>ﬁdei</span> <span class='ocrx_word' id='word_1_603' title='bbox 3059 4045 3312 4111; x_wconf 92' lang='lat' dir='ltr'>oraculo,</span> <span class='ocrx_word' id='word_1_604' title='bbox 3364 4044 3436 4099; x_wconf 92' lang='lat' dir='ltr'>ad</span> <span class='ocrx_word' id='word_1_605' title='bbox 3485 4059 3587 4100; x_wconf 86' lang='lat' dir='ltr'>ex-</span> 
     </span>
    </p>
   </div>
   <div class='ocr_carea' id='block_1_89' title="bbox 1890 4133 3588 4211">
    <p class='ocr_par' dir='ltr' id='par_1_89' title="bbox 1890 4133 3588 4211">
     <span class='ocr_line' id='line_1_89' title="bbox 1890 4133 3588 4211; baseline -0.005 -16"><span class='ocrx_word' id='word_1_606' title='bbox 1890 4139 2160 4211; x_wconf 87' lang='lat' dir='ltr'>perienda</span> <span class='ocrx_word' id='word_1_607' title='bbox 2212 4153 2342 4210; x_wconf 70' lang='lat' dir='ltr'>qua:</span> <span class='ocrx_word' id='word_1_608' title='bbox 2409 4137 2687 4192; x_wconf 88' lang='lat' dir='ltr'>didicerat</span> <span class='ocrx_word' id='word_1_609' title='bbox 2743 4149 3050 4206; x_wconf 87' lang='lat' dir='ltr'>properare</span> <span class='ocrx_word' id='word_1_610' title='bbox 3102 4133 3417 4203; x_wconf 87' lang='lat' dir='ltr'>proposuit.</span> <span class='ocrx_word' id='word_1_611' title='bbox 3479 4134 3588 4187; x_wconf 91' lang='lat' dir='ltr'>De-</span> 
     </span>
    </p>
   </div>
   <div class='ocr_carea' id='block_1_90' title="bbox 1889 4221 3589 4297">
    <p class='ocr_par' dir='ltr' id='par_1_90' title="bbox 1889 4221 3589 4297">
     <span class='ocr_line' id='line_1_90' title="bbox 1889 4221 3589 4297; baseline -0.005 -14"><span class='ocrx_word' id='word_1_612' title='bbox 1889 4235 2040 4284; x_wconf 88' lang='lat' dir='ltr'>serta</span> <span class='ocrx_word' id='word_1_613' title='bbox 2099 4227 2292 4297; x_wconf 90' lang='lat' dir='ltr'>itaque</span> <span class='ocrx_word' id='word_1_614' title='bbox 2362 4225 2567 4296; x_wconf 84' lang='lat' dir='ltr'>patria,</span> <span class='ocrx_word' id='word_1_615' title='bbox 2624 4232 2679 4279; x_wconf 92' lang='lat' dir='ltr'>et</span> <span class='ocrx_word' id='word_1_616' title='bbox 2733 4223 2911 4279; x_wconf 84' lang='lat' dir='ltr'>classe</span> <span class='ocrx_word' id='word_1_617' title='bbox 2971 4229 3191 4293; x_wconf 89' lang='lat' dir='ltr'>parata,</span> <span class='ocrx_word' id='word_1_618' title='bbox 3249 4221 3589 4291; x_wconf 90' lang='lat' dir='ltr'>contiguum</span> 
     </span>
    </p>
   </div>
   <div class='ocr_carea' id='block_1_91' title="bbox 1891 4309 3590 4385">
    <p class='ocr_par' dir='ltr' id='par_1_91' title="bbox 1891 4309 3590 4385">
     <span class='ocr_line' id='line_1_91' title="bbox 1891 4309 3590 4385; baseline -0.005 -12"><span class='ocrx_word' id='word_1_619' title='bbox 1891 4324 2128 4373; x_wconf 88' lang='lat' dir='ltr'>tranans</span> <span class='ocrx_word' id='word_1_620' title='bbox 2156 4329 2374 4385; x_wconf 74' lang='lat' dir='ltr'>aequor,</span> <span class='ocrx_word' id='word_1_621' title='bbox 2399 4313 2736 4370; x_wconf 89' lang='lat' dir='ltr'>transmisso</span> <span class='ocrx_word' id='word_1_622' title='bbox 2766 4313 3108 4382; x_wconf 89' lang='lat' dir='ltr'>oppidorum</span> <span class='ocrx_word' id='word_1_623' title='bbox 3137 4309 3386 4382; x_wconf 89' lang='lat' dir='ltr'>plurimo</span> <span class='ocrx_word' id='word_1_624' title='bbox 3407 4323 3474 4365; x_wconf 88' lang='lat' dir='ltr'>ac</span> <span class='ocrx_word' id='word_1_625' title='bbox 3499 4324 3590 4364; x_wconf 91' lang='lat' dir='ltr'>ur-</span> 
     </span>
    </p>
   </div>
   <div class='ocr_carea' id='block_1_92' title="bbox 1889 4397 3589 4473">
    <p class='ocr_par' dir='ltr' id='par_1_92' title="bbox 1889 4397 3589 4473">
     <span class='ocr_line' id='line_1_92' title="bbox 1889 4397 3589 4473; baseline -0.006 -10"><span class='ocrx_word' id='word_1_626' title='bbox 1889 4406 2047 4463; x_wconf 89' lang='lat' dir='ltr'>bium</span> <span class='ocrx_word' id='word_1_627' title='bbox 2106 4404 2432 4470; x_wconf 89' lang='lat' dir='ltr'>interstitio,</span> <span class='ocrx_word' id='word_1_628' title='bbox 2482 4401 2794 4473; x_wconf 66' lang='lat' dir='ltr'>provinciaa</span> <span class='ocrx_word' id='word_1_629' title='bbox 2838 4401 3242 4457; x_wconf 83' lang='lat' dir='ltr'>LaudunenSIs</span> <span class='ocrx_word' id='word_1_630' title='bbox 3287 4399 3475 4470; x_wconf 90' lang='lat' dir='ltr'>attigit</span> <span class='ocrx_word' id='word_1_631' title='bbox 3513 4397 3589 4453; x_wconf 90' lang='lat' dir='ltr'>li—</span> 
     </span>
    </p>
   </div>
   <div class='ocr_carea' id='block_1_93' title="bbox 1889 4488 3587 4564">
    <p class='ocr_par' dir='ltr' id='par_1_93' title="bbox 1889 4488 3587 4564">
     <span class='ocr_line' id='line_1_93' title="bbox 1889 4488 3587 4564; baseline -0.005 -13"><span class='ocrx_word' id='word_1_632' title='bbox 1889 4495 2103 4551; x_wconf 91' lang='lat' dir='ltr'>mitem.</span> <span class='ocrx_word' id='word_1_633' title='bbox 2141 4493 2285 4550; x_wconf 84' lang='lat' dir='ltr'>Ruri</span> <span class='ocrx_word' id='word_1_634' title='bbox 2312 4493 2490 4564; x_wconf 90' lang='lat' dir='ltr'>igitur</span> <span class='ocrx_word' id='word_1_635' title='bbox 2523 4492 2680 4562; x_wconf 92' lang='lat' dir='ltr'>quod</span> <span class='ocrx_word' id='word_1_636' title='bbox 2721 4490 3273 4561; x_wconf 70' lang='lat' dir='ltr'>prmnominavimus</span> <span class='ocrx_word' id='word_1_637' title='bbox 3301 4488 3587 4559; x_wconf 91' lang='lat' dir='ltr'>Novigen-</span> 
     </span>
    </p>
   </div>
   <div class='ocr_carea' id='block_1_94' title="bbox 1893 4567 3590 4653">
    <p class='ocr_par' dir='ltr' id='par_1_94' title="bbox 1893 4567 3590 4653">
     <span class='ocr_line' id='line_1_94' title="bbox 1893 4567 3590 4653; baseline -0.006 -13"><span class='ocrx_word' id='word_1_638' title='bbox 1893 4592 2036 4651; x_wconf 92' lang='lat' dir='ltr'>tum,</span> <span class='ocrx_word' id='word_1_639' title='bbox 2090 4567 2404 4653; x_wconf 86' lang='lat' dir='ltr'>hospitium</span> <span class='ocrx_word' id='word_1_640' title='bbox 2443 4580 2668 4652; x_wconf 88' lang='lat' dir='ltr'>appulit</span> <span class='ocrx_word' id='word_1_641' title='bbox 2697 4580 3026 4636; x_wconf 90' lang='lat' dir='ltr'>sortiturus.</span> <span class='ocrx_word' id='word_1_642' title='bbox 3079 4580 3176 4633; x_wconf 86' lang='lat' dir='ltr'>Est</span> <span class='ocrx_word' id='word_1_643' title='bbox 3207 4584 3398 4633; x_wconf 91' lang='lat' dir='ltr'>autem</span> <span class='ocrx_word' id='word_1_644' title='bbox 3431 4577 3590 4631; x_wconf 91' lang='lat' dir='ltr'>locus</span> 
     </span>
    </p>
   </div>
   <div class='ocr_carea' id='block_1_95' title="bbox 1890 4666 3588 4740">
    <p class='ocr_par' dir='ltr' id='par_1_95' title="bbox 1890 4666 3588 4740">
     <span class='ocr_line' id='line_1_95' title="bbox 1890 4666 3588 4740; baseline -0.006 -12"><span class='ocrx_word' id='word_1_645' title='bbox 1890 4671 1984 4728; x_wconf 90' lang='lat' dir='ltr'>ille</span> <span class='ocrx_word' id='word_1_646' title='bbox 2032 4672 2142 4728; x_wconf 90' lang='lat' dir='ltr'>sub</span> <span class='ocrx_word' id='word_1_647' title='bbox 2201 4671 2450 4739; x_wconf 88' lang='lat' dir='ltr'>castello,</span> <span class='ocrx_word' id='word_1_648' title='bbox 2508 4669 2606 4740; x_wconf 87' lang='lat' dir='ltr'>qui</span> <span class='ocrx_word' id='word_1_649' title='bbox 2660 4667 2938 4725; x_wconf 78' lang='lat' dir='ltr'>Codiacus</span> <span class='ocrx_word' id='word_1_650' title='bbox 2988 4667 3187 4737; x_wconf 90' lang='lat' dir='ltr'>(vulgo</span> <span class='ocrx_word' id='word_1_651' title='bbox 3239 4666 3436 4734; x_wconf 85' lang='lat' dir='ltr'>Coucy)</span> <span class='ocrx_word' id='word_1_652' title='bbox 3484 4677 3588 4732; x_wconf 89' lang='lat' dir='ltr'>ap-</span> 
     </span>
    </p>
   </div>
   <div class='ocr_carea' id='block_1_96' title="bbox 1888 4755 3590 4831">
    <p class='ocr_par' dir='ltr' id='par_1_96' title="bbox 1888 4755 3590 4831">
     <span class='ocr_line' id='line_1_96' title="bbox 1888 4755 3590 4831; baseline -0.006 -14"><span class='ocrx_word' id='word_1_653' title='bbox 1888 4761 2154 4831; x_wconf 88' lang='lat' dir='ltr'>pellatur,</span> <span class='ocrx_word' id='word_1_654' title='bbox 2185 4775 2333 4815; x_wconf 92' lang='lat' dir='ltr'>novo</span> <span class='ocrx_word' id='word_1_655' title='bbox 2361 4759 2595 4830; x_wconf 89' lang='lat' dir='ltr'>quidem</span> <span class='ocrx_word' id='word_1_656' title='bbox 2630 4765 2684 4814; x_wconf 93' lang='lat' dir='ltr'>et</span> <span class='ocrx_word' id='word_1_657' title='bbox 2715 4771 2749 4812; x_wconf 88' lang='lat' dir='ltr'>a</span> <span class='ocrx_word' id='word_1_658' title='bbox 2781 4755 3032 4821; x_wconf 87' lang='lat' dir='ltr'>rusticis,</span> <span class='ocrx_word' id='word_1_659' title='bbox 3075 4763 3138 4811; x_wconf 94' lang='lat' dir='ltr'>ut</span> <span class='ocrx_word' id='word_1_660' title='bbox 3168 4755 3378 4820; x_wconf 89' lang='lat' dir='ltr'>ferunt,</span> <span class='ocrx_word' id='word_1_661' title='bbox 3425 4760 3590 4808; x_wconf 73' lang='lat' dir='ltr'>terrae</span> 
     </span>
    </p>
   </div>
   <div class='ocr_carea' id='block_1_97' title="bbox 1890 4845 3589 4920">
    <p class='ocr_par' dir='ltr' id='par_1_97' title="bbox 1890 4845 3589 4920">
     <span class='ocr_line' id='line_1_97' title="bbox 1890 4845 3589 4920; baseline -0.005 -14"><span class='ocrx_word' id='word_1_662' title='bbox 1890 4850 2088 4920; x_wconf 89' lang='lat' dir='ltr'>hujus,</span> <span class='ocrx_word' id='word_1_663' title='bbox 2118 4848 2285 4904; x_wconf 89' lang='lat' dir='ltr'>valde</span> <span class='ocrx_word' id='word_1_664' title='bbox 2304 4847 2570 4918; x_wconf 91' lang='lat' dir='ltr'>superbis</span> <span class='ocrx_word' id='word_1_665' title='bbox 2594 4854 2650 4902; x_wconf 91' lang='lat' dir='ltr'>et</span> <span class='ocrx_word' id='word_1_666' title='bbox 2689 4845 2924 4911; x_wconf 92' lang='lat' dir='ltr'>ditibus,</span> <span class='ocrx_word' id='word_1_667' title='bbox 2958 4851 3186 4914; x_wconf 90' lang='lat' dir='ltr'>propter</span> <span class='ocrx_word' id='word_1_668' title='bbox 3217 4849 3589 4898; x_wconf 84' lang='lat' dir='ltr'>externorum</span> 
     </span>
    </p>
   </div>
   <div class='ocr_carea' id='block_1_98' title="bbox 1890 4930 3590 5005">
    <p class='ocr_par' dir='ltr' id='par_1_98' title="bbox 1890 4930 3590 5005">
     <span class='ocr_line' id='line_1_98' title="bbox 1890 4930 3590 5005; baseline -0.006 -11"><span class='ocrx_word' id='word_1_669' title='bbox 1890 4939 2162 4995; x_wconf 88' lang='lat' dir='ltr'>incursus</span> <span class='ocrx_word' id='word_1_670' title='bbox 2203 4937 2502 4993; x_wconf 67' lang='lat' dir='ltr'>mdiﬁcato.</span> <span class='ocrx_word' id='word_1_671' title='bbox 2557 4933 2651 5005; x_wconf 62' lang='lat'>(“5)</span> <span class='ocrx_word' id='word_1_672' title='bbox 2699 4934 2924 4992; x_wconf 89' lang='lat' dir='ltr'>Castelli</span> <span class='ocrx_word' id='word_1_673' title='bbox 2974 4947 3111 5004; x_wconf 83' lang='lat' dir='ltr'>ergo</span> <span class='ocrx_word' id='word_1_674' title='bbox 3158 4931 3319 4987; x_wconf 92' lang='lat' dir='ltr'>nulla</span> <span class='ocrx_word' id='word_1_675' title='bbox 3355 4930 3590 4986; x_wconf 90' lang='lat' dir='ltr'>omnino</span> 
     </span>
    </p>
   </div>
   <div class='ocr_carea' id='block_1_99' title="bbox 1891 5021 3592 5097">
    <p class='ocr_par' dir='ltr' id='par_1_99' title="bbox 1891 5021 3592 5097">
     <span class='ocr_line' id='line_1_99' title="bbox 1891 5021 3592 5097; baseline -0.005 -14"><span class='ocrx_word' id='word_1_676' title='bbox 1891 5026 2232 5097; x_wconf 88' lang='lat' dir='ltr'>antiquitas.</span> <span class='ocrx_word' id='word_1_677' title='bbox 2295 5025 2476 5081; x_wconf 88' lang='lat' dir='ltr'>Locus</span> <span class='ocrx_word' id='word_1_678' title='bbox 2507 5024 2619 5092; x_wconf 92' lang='lat' dir='ltr'>ille,</span> <span class='ocrx_word' id='word_1_679' title='bbox 2667 5023 2737 5079; x_wconf 90' lang='lat' dir='ltr'>de</span> <span class='ocrx_word' id='word_1_680' title='bbox 2785 5037 2901 5092; x_wconf 91' lang='lat' dir='ltr'>quo</span> <span class='ocrx_word' id='word_1_681' title='bbox 2931 5021 3179 5092; x_wconf 89' lang='lat' dir='ltr'>agimus,</span> <span class='ocrx_word' id='word_1_682' title='bbox 3215 5028 3353 5076; x_wconf 90' lang='lat' dir='ltr'>tunc</span> <span class='ocrx_word' id='word_1_683' title='bbox 3382 5026 3592 5088; x_wconf 81' lang='lat' dir='ltr'>tempo-</span> 
     </span>
    </p>
   </div>
   <div class='ocr_carea' id='block_1_100' title="bbox 1889 5105 3590 5179">
    <p class='ocr_par' dir='ltr' id='par_1_100' title="bbox 1889 5105 3590 5179">
     <span class='ocr_line' id='line_1_100' title="bbox 1889 5105 3590 5179; baseline -0.005 -6"><span class='ocrx_word' id='word_1_684' title='bbox 1889 5117 1972 5173; x_wconf 89' lang='lat' dir='ltr'>ris</span> <span class='ocrx_word' id='word_1_685' title='bbox 2000 5114 2378 5172; x_wconf 89' lang='lat' dir='ltr'>venationum</span> <span class='ocrx_word' id='word_1_686' title='bbox 2417 5112 2703 5169; x_wconf 86' lang='lat' dir='ltr'>feracihus</span> <span class='ocrx_word' id='word_1_687' title='bbox 2744 5111 3109 5167; x_wconf 88' lang='lat' dir='ltr'>ambiebatur</span> <span class='ocrx_word' id='word_1_688' title='bbox 3137 5108 3316 5177; x_wconf 89' lang='lat' dir='ltr'>silvis,</span> <span class='ocrx_word' id='word_1_689' title='bbox 3349 5105 3441 5179; x_wconf 73' lang='grc'>(⁸⁷)</span> <span class='ocrx_word' id='word_1_690' title='bbox 3473 5108 3590 5164; x_wconf 86' lang='lat' dir='ltr'>ﬂu-</span> 
     </span>
    </p>
   </div>
   <div class='ocr_carea' id='block_1_101' title="bbox 1891 5197 3591 5274">
    <p class='ocr_par' dir='ltr' id='par_1_101' title="bbox 1891 5197 3591 5274">
     <span class='ocr_line' id='line_1_101' title="bbox 1891 5197 3591 5274; baseline -0.005 -14"><span class='ocrx_word' id='word_1_691' title='bbox 1891 5205 1985 5261; x_wconf 88' lang='lat' dir='ltr'>vio</span> <span class='ocrx_word' id='word_1_692' title='bbox 2039 5219 2212 5274; x_wconf 90' lang='lat' dir='ltr'>quem</span> <span class='ocrx_word' id='word_1_693' title='bbox 2269 5216 2445 5273; x_wconf 90' lang='lat' dir='ltr'>supra</span> <span class='ocrx_word' id='word_1_694' title='bbox 2503 5201 2761 5258; x_wconf 88' lang='lat' dir='ltr'>diximus</span> <span class='ocrx_word' id='word_1_695' title='bbox 2810 5200 3022 5270; x_wconf 83' lang='lat' dir='ltr'>Aquila</span> <span class='ocrx_word' id='word_1_696' title='bbox 3074 5198 3284 5256; x_wconf 90' lang='lat' dir='ltr'>utiliori</span> <span class='ocrx_word' id='word_1_697' title='bbox 3338 5197 3591 5252; x_wconf 81' lang='lat' dir='ltr'>maxime</span> 
     </span>
    </p>
   </div>
   <div class='ocr_carea' id='block_1_102' title="bbox 1894 5286 3591 5364">
    <p class='ocr_par' dir='ltr' id='par_1_102' title="bbox 1894 5286 3591 5364">
     <span class='ocr_line' id='line_1_102' title="bbox 1894 5286 3591 5364; baseline -0.006 -14"><span class='ocrx_word' id='word_1_698' title='bbox 1894 5308 2071 5364; x_wconf 88' lang='lat' dir='ltr'>quam</span> <span class='ocrx_word' id='word_1_699' title='bbox 2103 5293 2340 5363; x_wconf 83' lang='lat' dir='ltr'>majori;</span> <span class='ocrx_word' id='word_1_700' title='bbox 2377 5305 2509 5346; x_wconf 89' lang='lat' dir='ltr'>nam</span> <span class='ocrx_word' id='word_1_701' title='bbox 2541 5289 2867 5345; x_wconf 91' lang='lat' dir='ltr'>celebrioris</span> <span class='ocrx_word' id='word_1_702' title='bbox 2910 5288 3157 5344; x_wconf 89' lang='lat' dir='ltr'>nominis</span> <span class='ocrx_word' id='word_1_703' title='bbox 3185 5286 3373 5343; x_wconf 86' lang='lat' dir='ltr'>undas</span> <span class='ocrx_word' id='word_1_704' title='bbox 3405 5287 3591 5354; x_wconf 89' lang='lat' dir='ltr'>pisco-</span> 
     </span>
    </p>
   </div>
   <div class='ocr_carea' id='block_1_103' title="bbox 1893 5376 3591 5452">
    <p class='ocr_par' dir='ltr' id='par_1_103' title="bbox 1893 5376 3591 5452">
     <span class='ocr_line' id='line_1_103' title="bbox 1893 5376 3591 5452; baseline -0.006 -12"><span class='ocrx_word' id='word_1_705' title='bbox 1893 5385 2059 5440; x_wconf 89' lang='lat' dir='ltr'>sitate</span> <span class='ocrx_word' id='word_1_706' title='bbox 2125 5396 2404 5452; x_wconf 89' lang='lat' dir='ltr'>superans</span> <span class='ocrx_word' id='word_1_707' title='bbox 2461 5379 2775 5442; x_wconf 89' lang='lat' dir='ltr'>uberrima,</span> <span class='ocrx_word' id='word_1_708' title='bbox 2845 5378 2988 5433; x_wconf 85' lang='lat' dir='ltr'>alvei</span> <span class='ocrx_word' id='word_1_709' title='bbox 3057 5376 3146 5432; x_wconf 91' lang='lat' dir='ltr'>sui</span> <span class='ocrx_word' id='word_1_710' title='bbox 3214 5389 3591 5445; x_wconf 87' lang='lat' dir='ltr'>nequaquam</span> 
     </span>
    </p>
   </div>
   <div class='ocr_carea' id='block_1_104' title="bbox 1894 5464 3588 5548">
    <p class='ocr_par' dir='ltr' id='par_1_104' title="bbox 1894 5464 3588 5548">
     <span class='ocr_line' id='line_1_104' title="bbox 1894 5464 3588 5548; baseline -0.006 -19"><span class='ocrx_word' id='word_1_711' title='bbox 1894 5479 2088 5528; x_wconf 90' lang='lat' dir='ltr'>meatu</span> <span class='ocrx_word' id='word_1_712' title='bbox 2157 5471 2542 5537; x_wconf 90' lang='lat' dir='ltr'>concluditur,</span> <span class='ocrx_word' id='word_1_713' title='bbox 2617 5475 2952 5524; x_wconf 62' lang='lat' dir='ltr'>cwterorum</span> <span class='ocrx_word' id='word_1_714' title='bbox 3024 5467 3206 5522; x_wconf 89' lang='lat' dir='ltr'>instar</span> <span class='ocrx_word' id='word_1_715' title='bbox 3257 5464 3588 5548; x_wconf 88' lang='lat' dir='ltr'>ﬂuminum,</span> 
     </span>
    </p>
   </div>
   <div class='ocr_carea' id='block_1_105' title="bbox 1894 5555 3596 5632">
    <p class='ocr_par' dir='ltr' id='par_1_105' title="bbox 1894 5555 3596 5632">
     <span class='ocr_line' id='line_1_105' title="bbox 1894 5555 3596 5632; baseline -0.006 -14"><span class='ocrx_word' id='word_1_716' title='bbox 1894 5561 1989 5618; x_wconf 86' lang='lat' dir='ltr'>sed</span> <span class='ocrx_word' id='word_1_717' title='bbox 2061 5575 2350 5632; x_wconf 86' lang='lat' dir='ltr'>aquarum</span> <span class='ocrx_word' id='word_1_718' title='bbox 2426 5566 2730 5631; x_wconf 87' lang='lat' dir='ltr'>stagnante</span> <span class='ocrx_word' id='word_1_719' title='bbox 2794 5556 2959 5625; x_wconf 88' lang='lat' dir='ltr'>copia</span> <span class='ocrx_word' id='word_1_720' title='bbox 3015 5555 3369 5610; x_wconf 88' lang='lat' dir='ltr'>vivariorum</span> <span class='ocrx_word' id='word_1_721' title='bbox 3437 5567 3596 5608; x_wconf 86' lang='lat' dir='ltr'>more</span> 
     </span>
    </p>
   </div>
   <div class='ocr_carea' id='block_1_106' title="bbox 1899 5636 3596 5718">
    <p class='ocr_par' dir='ltr' id='par_1_106' title="bbox 1899 5636 3596 5718">
     <span class='ocr_line' id='line_1_106' title="bbox 1899 5636 3596 5718; baseline -0.008 -14"><span class='ocrx_word' id='word_1_722' title='bbox 1899 5648 2280 5718; x_wconf 90' lang='lat' dir='ltr'>protenditur.</span> <span class='ocrx_word' id='word_1_723' title='bbox 2337 5647 2614 5704; x_wconf 88' lang='lat' dir='ltr'>Montium</span> <span class='ocrx_word' id='word_1_724' title='bbox 2655 5643 2790 5700; x_wconf 91' lang='lat' dir='ltr'>hinc</span> <span class='ocrx_word' id='word_1_725' title='bbox 2838 5641 2968 5698; x_wconf 89' lang='lat' dir='ltr'>inde</span> <span class='ocrx_word' id='word_1_726' title='bbox 3007 5637 3457 5712; x_wconf 85' lang='lat' dir='ltr'>prominentium</span> <span class='ocrx_word' id='word_1_727' title='bbox 3501 5636 3596 5692; x_wconf 89' lang='lat' dir='ltr'>vi-</span> 
     </span>
    </p>
   </div>
  </div>
