3946 6404
357 384 459 437 895

1252 375 1311 431 V.
1352 371 1685 431 GUIBERTI
1722 371 2012 429 ABBATIS
2048 372 2105 428 S.
2149 372 2387 428 IARLE
2425 374 2515 430 DE
2555 373 2953 433 NOVIGENTO

3900 101 3912 379 Ι

3765 379 3863 430 896

354 517 477 575 neis
530 516 754 573 devexa
813 515 1149 584 cinguntur,
1204 510 1422 568 humus
1476 509 1785 582 utrobique
1843 509 2044 567 Libero
2071 509 2119 563 Α
2156 510 2440 580 praeﬁxos,
2509 511 2719 568 coelum
2780 519 2836 568 et
2889 519 3105 569 terram
3149 526 3400 584 quaeque
3458 513 3516 568 in
3572 514 3655 570 eis
3731 509 3907 569 sunt‘

354 605 662 676 Cererique
727 603 1095 670 conveniens,
1155 600 1416 658 omnium
1465 600 1749 657 bonarum
1814 599 2053 671 frugum

354 694 522 765 gleba
561 692 833 763 genitrice
879 691 1169 758 laudatur,
1212 688 1433 745 ﬂuvioli
1492 688 1813 745 fecunditas
1860 695 2054 759 prato-

355 796 487 838 rum
534 781 703 852 longe
750 780 975 851 lateque
1020 778 1375 835 tendentium
1423 776 1854 834 ammnitatibus
1897 791 2052 834 com-

356 869 682 927 mendatur.

424 957 570 1012 Inibi
622 956 844 1023 Virgini
883 958 1049 1009 Deum
1090 955 1361 1024 pariturae
1412 957 1690 1008 sacratum
1735 955 1949 1021 fanum.
1985 984 2053 994 —

356 1046 625 1102 Traditur
676 1051 868 1101 autem
920 1043 993 1099 ab
1047 1042 1305 1113 antiquis
1349 1049 1404 1099 et
1450 1056 1551 1112 pro
1579 1050 1731 1098 certo
1771 1043 2057 1100 astruitur

356 1134 510 1205 quod
539 1148 605 1189 eo
657 1133 716 1188 in
751 1133 871 1189 loco
902 1132 1357 1189 vetustissimum
1388 1131 1608 1188 exstitit
1646 1133 1942 1203 quondam
1973 1132 2056 1188 fa-

354 1235 519 1288 num,
589 1235 704 1277 non
752 1220 1049 1276 existentis
1103 1220 1427 1290 cujuspiam
1488 1220 1587 1276 Dei
1663 1220 1896 1276 nomine
1955 1227 2058 1277 aut

356 1310 570 1366 honore
615 1316 927 1377 sacratum,
980 1310 1076 1365 sed
1114 1308 1208 1380 (⁵⁸)
1240 1309 1291 1365 ei
1340 1308 1566 1365 femina)
1597 1309 1856 1366 nondum
1887 1316 2056 1379 natae,

355 1412 485 1469 quae
538 1399 718 1454 Deum
766 1405 821 1455 et
888 1398 1179 1454 hominem
1240 1405 1384 1454 esset
1436 1398 1723 1469 genitura,
1782 1398 2057 1455 dicatum.

358 1487 498 1543 Erat
526 1500 662 1557 ergo
696 1487 864 1542 matri
896 1486 1106 1542 futurae
1131 1486 1230 1542 Dei
1271 1487 1547 1543 nascituri
1578 1486 1871 1543 devotum.
1898 1486 2063 1555 Quod

362 1574 577 1632 nemini
623 1574 924 1645 quidpiam
954 1574 1194 1644 sapienti
1240 1574 1468 1631 videtur
1497 1575 1816 1632 absurdum
1848 1576 2064 1647 quippe

359 1663 462 1734 qui
524 1664 707 1720 Deum
762 1664 1026 1735 ignotum
1078 1664 1235 1733 apud
1280 1663 1536 1720 Athenas
1581 1664 1878 1723 coluerant
1921 1668 2062 1738 (Act.

352 1766 498 1819 xvu,
533 1751 648 1824 23),
681 1759 834 1809 certe
882 1752 1244 1809 nasciturum
1296 1767 1371 1809 ex
1412 1752 1640 1819 femina,
1683 1755 1831 1811 sicut
1858 1763 1915 1812 et
1952 1770 2060 1813 cae-

358 1846 508 1897 teros
563 1841 696 1896 deos
762 1841 1055 1913 gregarios
1121 1855 1375 1912 quorum
1456 1849 1666 1898 matres
1729 1844 2050 1914 nominant,

355 1928 592 1985 minime
643 1929 991 1986 nesciebant.
1050 1930 1121 1986 Et
1165 1930 1210 1986 si
1263 1931 1555 1987 nascituro
1607 1931 1727 2002 jam
1777 1933 2053 1990 sacellum

353 2017 676 2086 dicabatur,
735 2024 918 2074 mater
962 2017 1159 2089 hujus,
1210 2018 1361 2075 sicut
1405 2027 1462 2074 et
1514 2018 1782 2088 aliorum,
1838 2022 2053 2078 honore

355 2119 728 2177 nequaquam
776 2105 947 2162 simili
999 2106 1361 2177 privabatur.
1414 2108 1575 2173 Quod
1621 2122 1760 2180 ergo
1807 2108 1922 2166 illic
1964 2109 2051 2181 gi-

355 2195 584 2265 gnendo
621 2209 737 2251 non
785 2195 1225 2252 discredendum
1273 2204 1378 2264 est,
1434 2197 1590 2267 quod
1646 2204 1701 2253 et
1757 2196 1884 2254 istic
1928 2198 2050 2255 fieri

357 2282 543 2353 potuit
603 2282 904 2355 geniturae.
960 2283 1041 2338 Ad
1109 2284 1268 2339 hunc
1338 2284 1535 2355 itaque
1602 2284 1792 2341 locum
1860 2300 2053 2357 regem

357 2370 753 2428 Britannicum
798 2370 1038 2442 contigit
1069 2370 1386 2441 advenisse,
1438 2372 1539 2443 qui
1582 2373 2055 2442 opportunissimi

359 2459 517 2517 ruris
585 2458 938 2530 gratitudine
999 2466 1212 2527 tentus,
1279 2460 1371 2516 sui
1426 2474 1788 2531 suorumque
1843 2470 2055 2519 vexata

356 2553 546 2603 tractu
603 2546 824 2602 itineris
880 2560 1121 2617 corpora
1171 2547 1315 2604 inibi
1364 2547 1617 2605 refovere
1659 2548 1959 2619 disposuit,
1998 2557 2055 2607 et

354 2633 628 2689 animalia
674 2633 1020 2691 lassabunda
1059 2643 1185 2691 octo
1222 2635 1427 2693 diebus
1454 2636 1619 2693 uberi
1649 2637 1804 2708 quod
1833 2638 2056 2711 adjacet

360 2722 571 2793 pabulo
600 2723 901 2779 recreavit.

423 2814 540 2867 Rea:
596 2813 944 2881 Jerosolymis
992 2814 1228 2883 appulit.
1276 2844 1339 2854 -
1385 2813 1610 2870 Exinde
1656 2814 2050 2885 progrediens,

356 2905 480 2968 post
525 2912 758 2954 emensa
805 2899 909 2955 soli
956 2900 1250 2972 marisque
1282 2901 1483 2971 spatia,
1520 2901 1752 2958 tandem
1793 2901 2053 2958 Hieroso-

354 2986 650 3057 lymitanis
688 3000 809 3044 sese
847 2987 1135 3045 mmnibus
1167 2989 1379 3046 intulit.
1418 2989 1616 3061 Nuper
1654 2990 1833 3061 igitur
1862 2990 2055 3047 Salva-

2158 613 2353 656 creare
2385 599 2718 658 nuliatenus
2756 600 3026 672 potuisse,
3060 580 3208 672 quos
3233 580 3510 658 caelorum
3542 615 3867 672 aerumque
3900 580 3911 671 ί

2159 688 2478 756 clementia,
2522 696 2577 745 et
2620 696 2787 745 terrae
2834 690 3149 760 opulentia,
3192 690 3301 746 hoc
3349 690 3405 745 in
3456 690 3673 746 mundo
3723 684 3912 760 con-i

2160 776 2300 834 stitit
2327 776 2624 834 coaluisse.
2668 778 2886 834 Horum
2912 791 3049 849 ergo
3075 778 3336 834 numinis
3380 779 3600 834 ratione
3639 778 3871 847 disper-

2158 866 2297 934 dita,
2352 880 2473 922 meo
2529 866 2760 923 tandem
2817 866 3203 923 certissimum
3251 867 3405 923 sedet
3476 866 3728 938 ingenio,
3784 866 3875 922 his

2160 955 2360 1011 divina
2389 954 2447 1011 in
2490 955 2660 1012 finem
2700 956 3040 1013 auctoritate
3088 957 3346 1027 privatis,
3395 971 3577 1013 unum
3620 970 3792 1026 posse
3823 963 3875 1012 et

2162 1044 2366 1100 debere
2390 1043 2546 1100 credi
2585 1043 2763 1100 unius
2800 1044 2898 1100 Dei
2939 1043 3232 1114 opiﬁcium
3274 1058 3340 1100 ac
3372 1044 3650 1115 regimen,
3685 1057 3723 1098 a
3752 1036 3902 1149 quo,

2164 1147 2282 1189 uno
2312 1132 2460 1189 sicut
2507 1140 2642 1188 sunt
2672 1132 2881 1196 omnia,
2936 1132 3012 1188 ita
3041 1146 3109 1187 ea
3141 1132 3198 1187 in
3241 1146 3301 1188 se
3342 1132 3640 1187 continens
3669 1132 3903 1187 attem—i

2169 1228 2329 1292 perat
2368 1220 2656 1277 universa.
2708 1222 3018 1291 Postquam
3059 1221 3173 1276 Deo
3214 1227 3298 1277 est
3347 1234 3510 1276 mens
3558 1233 3684 1276 mea
3733 1212 3912 1291 coa-L

2167 1310 2364 1381 gulata
2384 1310 2493 1367 sub
2520 1324 2657 1378 uno,
2691 1317 2746 1366 et
2774 1309 3017 1367 delubra
3050 1309 3545 1379 delubrorumque
3592 1309 3877 1379 figmenta

2167 1408 2381 1455 aeterno
2410 1407 2546 1455 sunt
2597 1399 2851 1470 projecta
2904 1398 3152 1467 fastidio,
3203 1398 3370 1469 quasi
3418 1397 3703 1453 defaecatis
3744 1397 3877 1468 jam

2169 1489 2242 1545 ab
2291 1488 2622 1545 idololatria
2666 1488 2891 1545 sentina
2947 1488 3297 1558 praecordiis,
3361 1488 3581 1558 puritas
3633 1486 3794 1543 illico
3849 1503 3877 1544 e

2171 1575 2496 1632 coelestibus
2563 1576 2737 1632 totius
2785 1589 2935 1631 verae
2992 1575 3287 1646 religionis
3360 1574 3648 1631 inclaruit.
3723 1574 3875 1631 Nam

2171 1664 2370 1721 divina
2417 1678 2553 1720 voce
2585 1678 2721 1720 mox
2743 1664 2951 1735 juh'eor
2981 1644 3361 1731 huc—venire,
3412 1663 3513 1720 ubi
3546 1663 3604 1718 in
3633 1662 3878 1733 dispen—
3906 1644 3912 1751 Ι

2173 1752 2390 1808 satione
2419 1751 2517 1807 Dei
2551 1751 2671 1807 Filii
2719 1765 2907 1822 nuper
2937 1751 3110 1821 passi,
3143 1751 3354 1807 veritas
3399 1752 3585 1807 unicae
3613 1750 3877 1807 creduli-
3910 1798 3911 1823 η

3897 734 3912 989 l

2172 1839 2303 1897 tatis
2351 1854 2452 1909 per
2487 1853 2591 1895 vos
2626 1839 2770 1895 mihi
2823 1839 3105 1897 tradenda
3163 1839 3515 1909 promittitur
3561 1853 3702 1895 esse.
3763 1840 3911 1895 Per‘

2159 1928 2312 1984 hanc
2337 1942 2475 1999 ergo
2516 1927 2872 1997 pronuntiati
2920 1927 3061 1982 mihi
3116 1927 3383 1984 Numinis
3435 1941 3617 1997 quam
3660 1927 3873 1998 impre-

2161 2015 2476 2073 sentiarum
2507 2015 2675 2072 video
2722 2014 3084 2083 Genitricem,
3118 2023 3173 2072 et
3216 2030 3316 2086 per
3364 2022 3557 2072 vestra
3609 2030 3710 2073 vos
3741 2031 3877 2073 con-

2164 2111 2333 2161 testor
2370 2103 2577 2170 officia,
2628 2110 2693 2159 ut
2721 2102 2862 2159 mihi
2894 2103 3196 2174 praebeatis
3244 2103 3424 2175 hujus
3469 2105 3872 2175 regeneratio-

2162 2193 2253 2249 nis
2282 2206 2446 2249 novze
2478 2191 2774 2262 mysteria.
3201 2233 3216 2264 ε

2232 2283 2388 2338 Fidei
2423 2281 2750 2336 rudimentis
2799 2281 3039 2337 imbutus
3081 2282 3418 2351 baptizatar.
3466 2283 3642 2349 ραίίἰὶ
3674 2298 3874 2337 nomen

2161 2373 2213 2426 ei
2238 2372 2557 2441 imponitur.
2600 2370 2881 2439 Reliquias
2910 2372 3046 2440 petit
3074 2374 3125 2424 et
3161 2372 3379 2440 accipit.
3411 2400 3481 2410 —-
3516 2370 3614 2427 His
3637 2371 3869 2438 Petrus,

2161 2474 2293 2516 cum
2335 2458 2481 2515 felici
2533 2458 2632 2514 illo
2674 2457 2910 2529 collegio
2940 2459 3046 2515 sub
3094 2459 3275 2516 Maria
3303 2459 3591 2516 caelestem
3649 2469 3870 2517 coetum

2161 2548 2532 2615 clarificante,
2585 2546 2816 2615 auditis,
2870 2548 2968 2604 Dei
3006 2555 3061 2603 et
3118 2547 3367 2604 hominis
3415 2548 3540 2604 Filii
3586 2550 3873 2620 magnifi-

2161 2636 2407 2692 centiam
2465 2636 2874 2702 adoraverunt,
2930 2637 3032 2706 qui
3089 2650 3223 2693 cum
3275 2650 3491 2703 recens,
3545 2644 3600 2694 et
3646 2637 3874 2709 {gratiae

2160 2723 2630 2794 praedicatoribus
2659 2738 2965 2795 nunquam
2999 2725 3191 2782 adhuc
3221 2725 3453 2795 sparsis,
3507 2724 3754 2781 salutem
3812 2726 3873 2780 in

2161 2811 2347 2868 medio
2393 2819 2560 2868 terrae
2604 2812 2844 2882 fecisset,
2887 2827 3054 2869 novae
3094 2813 3476 2884 plenitudinis
3525 2814 3705 2885 hujus
3738 2814 3871 2886 jam
3909 2814 3911 2827 ‘

2162 2901 2220 2956 in
2266 2900 2706 2957 occidentalium
2757 2902 3009 2972 partium
3068 2902 3210 2958 ﬁnes
3268 2908 3387 2959 tam
3440 2902 3632 2959 subito
3684 2902 3874 2959 verba

2162 2988 2418 3046 fudisset.
2470 2990 2704 3045 Tradita
2748 2990 2928 3061 igitur
2964 2990 3187 3047 homini
3231 2990 3359 3047 fidei
3416 2991 3638 3062 regula,
3693 2998 3747 3046 et
3793 3006 3875 3046 se-

355 3082 476 3166 tore
530 3089 718 3166 passo,
759 3084 900 3166 eta
953 3076 1198 3134 mortuis
1246 3078 1540 3147 suscitato,
1585 3086 1641 3136 et
1683 3079 1757 3135 ad
1806 3078 2056 3135 coelestia
2084 3110 2125 3166 ρ
2161 3085 2409 3150 quenter
2465 3078 2666 3135 abluto
2726 3078 3084 3149 baptismatis
3138 3079 3316 3146 unda,
3376 3078 3581 3135 ibidem
3640 3078 3872 3144 Quilius

352 3165 593 3233 elevato,
644 3163 719 3220 ad
776 3164 1045 3222 ultimum
1097 3165 1312 3236 Spiritu
1367 3166 1520 3235 dato,
1582 3167 1793 3237 reperit
1848 3168 2055 3224 urbem

353 3252 598 3308 diversis
652 3252 1117 3310 contentionibus
1165 3254 1568 3321 diversantem.
1622 3256 1712 3312 his
1765 3256 1913 3313 facto
1964 3255 2055 3312 of-

352 3340 545 3409 fensis,
581 3340 693 3397 illis
739 3341 891 3398 facta
942 3343 1339 3412 probantibus.
1381 3344 1498 3401 Nec
1544 3344 1664 3401 ulla
1705 3344 1923 3401 exstitit
1960 3357 2056 3401 eos

352 3444 499 3501 quos
536 3430 837 3502 quaerebat
859 3431 1176 3501 reperiendi
1208 3431 1534 3497 difficultas,
1568 3433 1664 3490 sed
1695 3447 1785 3490 res
1828 3434 2055 3505 magnis

351 3518 638 3575 celebrata
674 3522 847 3587 489,
900 3519 1237 3576 rumoribus
1280 3534 1445 3576 novae
1487 3521 1666 3593 hujus
1714 3523 2053 3594 promulga-

352 3614 503 3664 tores
544 3605 687 3678 legis
735 3605 885 3662 facili
941 3606 1154 3663 indicio
1201 3609 1543 3679 propalavit.
1592 3609 1713 3667 Non
1765 3609 1919 3666 enim
1961 3624 2056 3667 eos

351 3694 519 3751 solita
563 3693 845 3751 hactenus
904 3694 1158 3752 claustra
1205 3697 1496 3766 tenebant,
1542 3712 1647 3755 nec
1689 3712 1724 3754 a
1770 3698 1862 3755 sui
1898 3699 2053 3756 testi-

353 3782 549 3838 monio
585 3782 812 3839 Domini
843 3784 1096 3841 Iudaicae
1124 3800 1220 3842 eos
1258 3786 1551 3843 seditionis
1581 3794 1770 3845 metus
1793 3788 2051 3860 arcebat;

354 3871 452 3927 sed
496 3877 621 3927 erat
668 3871 1032 3929 considerare
1081 3887 1176 3930 eos
1208 3874 1267 3930 in
1321 3874 1548 3946 populis
1601 3874 1936 3944 eminentes,
1990 3883 2055 3933 ut

354 3959 754 4017 auctoritatem
832 3960 995 4018 verbi
1068 3961 1358 4019 evidentia
1435 3964 1697 4021 stationis
1769 3962 2050 4037 impleret.

350 4048 498 4116 Quid
547 4049 856 4123 immorer?
901 4051 1056 4109 Inter
1095 4052 1403 4124 populares
1451 4054 1630 4126 igitur
1677 4056 1879 4112 Petrus
1918 4068 2052 4111 cum

352 4138 623 4195 undecim
665 4139 964 4198 invenitur
1001 4141 1381 4213 frequentius,
1431 4142 1754 4215 largissimo
1793 4143 1915 4215 jam
1959 4143 2051 4199 di-

352 4227 711 4297 scipulorum
742 4229 1102 4286 asseculante
1131 4238 1442 4300 conventu,
1480 4232 1656 4289 totius
1684 4240 1893 4289 nostrae
1924 4231 2052 4288 fidei

349 4322 406 4372 et
436 4316 631 4386 gloria:
674 4318 926 4387 speculo,
972 4333 1137 4375 suam
1188 4320 1268 4377 ibi
1315 4322 1701 4391 praesentiam,
1735 4328 1792 4378 et
1839 4320 2051 4377 divinae

2161 3181 2370 3224 nomen
2416 3167 2650 3236 accepit.
2716 3166 3103 3223 Conﬁrmatus
3160 3165 3356 3236 itaque
3414 3167 3523 3222 sub
3567 3169 3870 3223 tantorum

2160 3255 2355 3312 schola
2402 3255 2832 3326 magistrorum,
2898 3267 3072 3324 super
3124 3253 3252 3324 ejus
3312 3254 3467 3324 quod
3530 3261 3871 3325 susceperat

2160 3343 2537 3416 intelligentia
2599 3342 2961 3412 sacramenti,
3030 3343 3398 3413 digressurus
3473 3345 3543 3399 ab
3609 3344 3748 3413 ipsis
3814 3351 3871 3400 et

2161 3433 2454 3489 rediturus
2501 3432 2574 3488 ad
2612 3432 2869 3502 propria,
2919 3445 3082 3487 sacra
3113 3430 3493 3503 reliquiarum
3525 3432 3596 3488 ab
3625 3432 3710 3489 eis
3739 3446 3872 3488 exe-

2161 3521 2243 3594 git
2281 3520 2433 3577 ﬁdeli
2483 3520 2653 3576 corde
2693 3518 2956 3590 pignora,
2990 3521 3061 3576 de
3105 3520 3196 3576 his
3244 3520 3509 3578 videlicet
3554 3535 3687 3593 quae
3726 3536 3869 3578 cor-

2162 3609 2283 3681 pori
2313 3608 2626 3666 Salvatoris
2654 3607 2931 3665 didicerat
2961 3608 3137 3666 fuisse
3169 3610 3462 3682 contigua.
3501 3611 3582 3666 De
3610 3610 3868 3667 vinculis

2156 3712 2292 3769 ergo
2322 3697 2539 3769 quibus
2573 3696 2884 3752 Dominum
2912 3698 2985 3753 ad
3014 3698 3262 3768 stipitem
3317 3698 3564 3770 ligatum
3594 3705 3862 3765 noverat,

2160 3788 2230 3844 de
2259 3785 2458 3858 ﬂagris
2486 3784 2702 3856 quibus
2732 3783 2907 3856 impia
2934 3800 3143 3843 manus
3175 3787 3437 3844 membra
3465 3786 3633 3843 beata
3661 3786 3864 3842 sulca—

2159 3884 2339 3944 verat,
2373 3875 2444 3932 de
2472 3873 2668 3944 spineo
2697 3881 2866 3942 serto,
2899 3876 3056 3946 quod
3087 3890 3319 3932 sacrum
3349 3884 3525 3946 caput
3553 3875 3860 3943 ambierat,

2158 3980 2231 4023 ne
2259 3964 2380 4036 ipso
2402 3962 2592 4020 crucis
2639 3960 2795 4033 ligno
2842 3964 2937 4020 cui
2967 3978 3254 4035 appensus
3285 3965 3494 4026 fuerat.
3521 3964 3592 4021 de
3621 3964 3864 4021 camisia

2159 4054 2258 4112 Dei
2295 4053 2617 4125 Genitricis,
2658 4050 2717 4109 in
2757 4065 2893 4124 qua,
2942 4061 3007 4109 ut
3045 4052 3275 4120 dicitur,
3327 4053 3638 4110 Dominum
3683 4053 3865 4109 enixa

2152 4141 2365 4212 fuerat,
2401 4144 2470 4200 de
2495 4145 2758 4202 omnium
2789 4141 3045 4198 induviis
3064 4142 3453 4212 apostolorum
3482 4141 3736 4212 ipsorum
3762 4142 3864 4213 pia

2157 4232 2455 4289 devotione
2481 4234 2640 4304 petiit
2661 4240 2717 4290 et
2745 4230 2983 4301 accepit.

2229 4321 2377 4378 Obiit
2439 4323 2743 4392 Novigenti.
2777 4351 2843 4359 —
2904 4319 3039 4375 Haec
3104 4318 3326 4374 modico
3385 4317 3615 4374 condita
3667 4317 3860 4374 loculo

350 4405 544 4461 carnis
614 4404 1002 4464 testimonium
1059 4408 1393 4478 perhibente
1467 4409 1665 4467 Maria.
1719 4412 1871 4475 Quos
1943 4422 2047 4464 rex
2076 4433 2118 4488 ι)
2155 4424 2349 4468 secum
2396 4410 2545 4480 tulit,
2596 4409 2906 4481 repedandi
2949 4420 3123 4465 curas
3179 4408 3504 4477 insumpsit,
3557 4414 3613 4463 et
3662 4414 3859 4464 trans-

353 4493 445 4549 ille
493 4493 875 4562 Britannicus,
923 4496 1037 4553 Deo
1065 4511 1201 4554 mox
1231 4498 1530 4555 delaturus
1569 4497 1873 4568 primitias,
1912 4511 2047 4554 cum

352 4581 592 4653 Virgine
633 4583 813 4642 Matre
870 4586 1241 4657 compellans,
1292 4599 1498 4644 causas
1547 4586 1765 4643 itineris
1810 4586 1892 4642 sic
1939 4599 2049 4642 ex-

352 4670 562 4741 promit
592 4684 604 4725 :

420 4760 501 4817 De
558 4762 954 4819 remotissimis
1004 4770 1175 4820 terrae
1210 4762 1424 4820 finibus
1470 4763 1543 4820 ad
1598 4777 1720 4829 vos,
1749 4763 1946 4819 Patres
1993 4770 2049 4820 et

349 4848 586 4919 domini,
645 4851 963 4908 audiendos
1027 4865 1118 4908 me
1173 4852 1470 4908 devenisse
1530 4851 1755 4907 videtis.
1801 4851 1922 4923 Ego
1976 4865 2051 4906 ex

348 4937 542 4995 debita
594 4940 953 4998 successione
1013 4948 1320 5011 parentum
1375 4939 1707 4998 Britonibus
1772 4941 2051 4997 hactenus

351 5025 650 5098 imperavi.
711 5027 885 5085 Sacra
947 5044 1085 5086 vero
1134 5029 1343 5100 prisca,
1391 5043 1523 5100 quae
1577 5042 1772 5086 errore
1824 5035 2049 5084 vetusto

348 5113 700 5171 venerabilia
728 5116 969 5187 duxere,
997 5132 1129 5174 cum
1176 5119 1481 5189 hucusque
1518 5116 1814 5183 coluerim,
1846 5116 1953 5173 hac
1976 5115 2049 5172 ab

348 5203 433 5258 eis
461 5215 646 5272 nuper
674 5203 898 5260 ratione
929 5205 1160 5262 descivi.
1207 5207 1351 5263 Cum
1397 5207 1552 5263 enim
1594 5205 1746 5275 ipsos
1785 5204 2049 5262 attende-

350 5303 492 5356 rem,
539 5304 688 5361 quos
716 5292 1036 5364 antiquitas
1065 5293 1274 5351 deitate
1312 5295 1493 5352 indita
1522 5294 1845 5362 honoravit,
1881 5302 2047 5351 teter—

351 5375 529 5432 rimos
568 5374 747 5433 fuisse
786 5378 1137 5448 mortalium,
1184 5389 1239 5437 et
1281 5388 1407 5452 post
1444 5394 1707 5438 enormes
1742 5381 2049 5452 spurcitias

351 5471 577 5521 naturae
603 5464 796 5522 debita
823 5466 1133 5525 exsolvisse
1164 5469 1576 5539 perpensitans,
1610 5470 2049 5528 rationabilibus

351 5552 539 5623 reperi
582 5553 930 5625 conjecturis
987 5557 1247 5614 homines
1287 5557 1348 5614 in
1392 5557 1734 5627 caelestibus,
1786 5559 1890 5630 qui
1936 5560 2047 5617 sub

348 5640 490 5699 ccelo
539 5643 908 5701 terrestribus
948 5644 1269 5718 indigentes
1297 5646 1582 5713 vixerant,
1624 5646 1746 5705 sola
1779 5648 2048 5719 opinione

2157 4499 2328 4555 misso
2360 4498 2714 4570 interjaceuti
2758 4497 3061 4569 regionum
3092 4496 3295 4566 spatio,
3325 4496 3397 4552 ad
3437 4509 3539 4552 rus
3582 4495 3744 4563 illud,
3800 4498 3858 4553 in

2157 4599 2274 4658 quo
2303 4586 2455 4642 inter
2504 4586 2762 4643 eundum
2814 4585 3098 4656 pausandi
3142 4584 3331 4656 gratia
3375 4584 3564 4641 fuerat
3610 4598 3858 4640 remora-

2161 4683 2277 4743 tus,
2348 4674 2598 4732 devenit.
2661 4673 2770 4741 Qui
2850 4673 3124 4729 continuo
3193 4673 3487 4743 insperata
3558 4680 3859 4742 correptus

2157 4761 2522 4834 aegritudine,
2572 4777 2704 4818 cum
2736 4761 2999 4819 cubitum
3048 4775 3107 4817 se
3157 4760 3416 4828 locasset,
3477 4760 3769 4816 revelatur
3807 4761 3855 4816 ei

2159 4851 2218 4907 in
2264 4851 2480 4907 somnis
2532 4850 2689 4922 quod
2744 4850 2953 4906 ibidem
2994 4848 3165 4906 finem
3213 4849 3517 4906 sortiretur
3546 4849 3677 4906 vitae
3702 4863 3856 4920 pre—

2157 4939 2351 4996 sentis.
2399 4938 2622 4995 Dicitur
2651 4937 2826 4995 etiam
2860 4937 2935 4993 illi
2981 4938 3139 5008 quod
3180 4952 3296 4994 non
3342 4939 3485 4994 alias
3538 4952 3714 5010 quam
3764 4939 3857 4995 hic

2158 5028 2416 5085 membra
2468 5027 2596 5098 ejus
2648 5034 2835 5083 essent
2883 5026 3158 5083 habitura
3218 5026 3569 5097 sepulcrum,
3623 5027 3682 5082 in
3738 5042 3854 5098 quo

2157 5124 2350 5173 tamen
2397 5116 2523 5172 illas
2579 5130 2727 5187 quas
2780 5115 3191 5185 Hierosolymis
3244 5129 3280 5171 a
3325 5116 3539 5172 sanctis
3592 5115 3855 5185 apostolis

2156 5212 2454 5277 acceperat
2496 5204 2792 5275 reliquias,
2842 5204 2950 5261 sub
3003 5204 3203 5260 eodem
3261 5205 3472 5275 cespite
3520 5204 3688 5261 sciret
3734 5218 3853 5261 esse

2156 5293 2504 5352 condendas.
2540 5293 2995 5364 Expergefactus
3032 5292 3223 5360 homo,
3246 5300 3302 5348 et
3326 5306 3399 5347 ex
3430 5306 3548 5348 sua;
3575 5306 3852 5362 praenun-

2156 5383 2392 5440 tiatione
2438 5382 2639 5438 mortis
2670 5380 3116 5452 cogitationibus
3152 5380 3276 5452 jam
3321 5381 3611 5437 universis
3652 5381 3849 5437 restri—

2156 5471 2262 5528 ctis
2298 5470 2369 5526 ad
2430 5484 2636 5535 unum,
2690 5470 2801 5526 sub
2856 5483 2956 5540 spe
3007 5477 3292 5526 secutum
3348 5483 3483 5525 mox
3545 5469 3735 5540 glorias
3783 5469 3849 5524 de

2156 5559 2428 5616 extremis
2486 5558 2579 5615 sui
2648 5558 2945 5614 cadaveris
3001 5557 3345 5614 utensilibus
3412 5564 3637 5614 tractat.
3695 5556 3845 5613 Diem

2160 5646 2337 5719 igitur
2374 5644 2514 5702 inibi
2552 5645 2770 5716 obiens,
2810 5651 2868 5703 et
2894 5645 3220 5716 depositum
3246 5645 3302 5703 ei
3329 5645 3432 5718 qui
3472 5644 3529 5701 id
3558 5643 3668 5702 sibi
3694 5658 3847 5701 com-
