  <div class='ocr_page' id='page_1' title='image "/cluster/home/n/w/nwhite01/storage/ocr_20150623/156-157/uc1.31175010662024/454.png"; bbox 0 0 3946 6382; ppageno 0'>
   <div class='ocr_carea' id='block_1_1' title="bbox 17 373 3556 432">
    <p class='ocr_par' dir='ltr' id='par_1_1' title="bbox 17 373 3556 432">
     <span class='ocr_line' id='line_1_1' title="bbox 17 373 3556 432; baseline 0 -3"><span class='ocrx_word' id='word_1_1' title='bbox 17 378 133 429; x_wconf 84' lang='lat'>897</span> <span class='ocrx_word' id='word_1_2' title='bbox 1145 375 1236 430; x_wconf 87' lang='lat' dir='ltr'><strong>DE</strong></span> <span class='ocrx_word' id='word_1_3' title='bbox 1274 375 1433 430; x_wconf 80' lang='lat' dir='ltr'>VITA</span> <span class='ocrx_word' id='word_1_4' title='bbox 1471 374 1602 431; x_wconf 82' lang='lat' dir='ltr'>SUA</span> <span class='ocrx_word' id='word_1_5' title='bbox 1643 373 1826 429; x_wconf 76' lang='lat' dir='ltr'>LIBRI</span> <span class='ocrx_word' id='word_1_6' title='bbox 1865 374 2063 430; x_wconf 81' lang='lat' dir='ltr'><strong>TRES.</strong></span> <span class='ocrx_word' id='word_1_7' title='bbox 2107 405 2174 415; x_wconf 92' lang='lat'>—</span> <span class='ocrx_word' id='word_1_8' title='bbox 2216 375 2349 430; x_wconf 85' lang='lat' dir='ltr'>LIB.</span> <span class='ocrx_word' id='word_1_9' title='bbox 2392 374 2459 430; x_wconf 88' lang='lat' dir='ltr'>ll.</span> <span class='ocrx_word' id='word_1_10' title='bbox 3453 377 3556 432; x_wconf 89' lang='lat'>898</span> 
     </span>
    </p>
   </div>
   <div class='ocr_carea' id='block_1_2' title="bbox 18 513 3556 585">
    <p class='ocr_par' dir='ltr' id='par_1_2' title="bbox 18 513 3556 585">
     <span class='ocr_line' id='line_1_2' title="bbox 18 513 3556 585; baseline 0.001 -18"><span class='ocrx_word' id='word_1_11' title='bbox 18 513 298 581; x_wconf 79' lang='lat' dir='ltr'>miserat,</span> <span class='ocrx_word' id='word_1_12' title='bbox 387 513 656 569; x_wconf 89' lang='lat' dir='ltr'>indemne</span> <span class='ocrx_word' id='word_1_13' title='bbox 722 513 1046 579; x_wconf 88' lang='lat' dir='ltr'>restituens,</span> <span class='ocrx_word' id='word_1_14' title='bbox 1127 513 1227 569; x_wconf 92' lang='lat' dir='ltr'>ubi</span> <span class='ocrx_word' id='word_1_15' title='bbox 1291 513 1546 584; x_wconf 91' lang='lat' dir='ltr'>corporis</span> <span class='ocrx_word' id='word_1_16' title='bbox 1619 515 1746 584; x_wconf 86' lang='lat' dir='ltr'>ejus</span> <span class='ocrx_word' id='word_1_17' title='bbox 1781 513 2113 571; x_wconf 83' lang='lat' dir='ltr'>Asionibus</span> <span class='ocrx_word' id='word_1_18' title='bbox 2187 514 2552 585; x_wconf 89' lang='lat' dir='ltr'>emancipata</span> <span class='ocrx_word' id='word_1_19' title='bbox 2611 522 2665 570; x_wconf 90' lang='lat' dir='ltr'>et</span> <span class='ocrx_word' id='word_1_20' title='bbox 2731 513 2902 571; x_wconf 90' lang='lat' dir='ltr'>claris</span> <span class='ocrx_word' id='word_1_21' title='bbox 2979 516 3322 572; x_wconf 82' lang='lat' dir='ltr'>muneribus</span> <span class='ocrx_word' id='word_1_22' title='bbox 3385 526 3556 574; x_wconf 89' lang='lat' dir='ltr'>aucta</span> 
     </span>
    </p>
   </div>
   <div class='ocr_carea' id='block_1_3' title="bbox 19 601 1958 672">
    <p class='ocr_par' dir='ltr' id='par_1_3' title="bbox 19 601 1958 672">
     <span class='ocr_line' id='line_1_3' title="bbox 19 601 1958 672; baseline 0.001 -17"><span class='ocrx_word' id='word_1_23' title='bbox 19 601 208 669; x_wconf 86' lang='lat' dir='ltr'>gleba</span> <span class='ocrx_word' id='word_1_24' title='bbox 258 602 618 658; x_wconf 74' lang='lat' dir='ltr'>monumenti</span> <span class='ocrx_word' id='word_1_25' title='bbox 649 602 898 658; x_wconf 91' lang='lat' dir='ltr'>obtinuit</span> <span class='ocrx_word' id='word_1_26' title='bbox 944 602 1220 672; x_wconf 86' lang='lat' dir='ltr'>requiem,</span> <span class='ocrx_word' id='word_1_27' title='bbox 1255 602 1332 658; x_wconf 89' lang='lat' dir='ltr'>ibi</span> <span class='ocrx_word' id='word_1_28' title='bbox 1364 602 1744 672; x_wconf 80' lang='lat' dir='ltr'>reliquiarum</span> <span class='ocrx_word' id='word_1_29' title='bbox 1855 611 1958 660; x_wconf 91' lang='lat' dir='ltr'>est.</span> 
     </span>
    </p>
   </div>
   <div class='ocr_carea' id='block_1_4' title="bbox 7 690 3559 762">
    <p class='ocr_par' dir='ltr' id='par_1_4' title="bbox 7 690 3559 762">
     <span class='ocr_line' id='line_1_4' title="bbox 7 690 3559 762; baseline 0.002 -19"><span class='ocrx_word' id='word_1_30' title='bbox 7 691 209 758; x_wconf 89' lang='lat' dir='ltr'>juxta</span> <span class='ocrx_word' id='word_1_31' title='bbox 260 691 449 760; x_wconf 87' lang='lat' dir='ltr'>ipsum</span> <span class='ocrx_word' id='word_1_32' title='bbox 483 691 688 746; x_wconf 84' lang='lat' dir='ltr'>habuit</span> <span class='ocrx_word' id='word_1_33' title='bbox 739 690 963 746; x_wconf 86' lang='lat' dir='ltr'>loculus</span> <span class='ocrx_word' id='word_1_34' title='bbox 1015 690 1222 746; x_wconf 90' lang='lat' dir='ltr'>sedem.</span> <span class='ocrx_word' id='word_1_35' title='bbox 1259 690 1417 755; x_wconf 90' lang='lat' dir='ltr'>Inde,</span> <span class='ocrx_word' id='word_1_36' title='bbox 1473 692 1584 746; x_wconf 92' lang='lat' dir='ltr'>Deo</span> <span class='ocrx_word' id='word_1_37' title='bbox 1623 697 1747 760; x_wconf 84' lang='lat' dir='ltr'>post</span> <span class='ocrx_word' id='word_1_38' title='bbox 1927 692 2262 759; x_wconf 83' lang='lat' dir='ltr'>Godefridus</span> <span class='ocrx_word' id='word_1_39' title='bbox 2329 695 2388 746; x_wconf 87' lang='lat' dir='ltr'>in</span> <span class='ocrx_word' id='word_1_40' title='bbox 2453 693 2624 747; x_wconf 89' lang='lat' dir='ltr'>locum</span> <span class='ocrx_word' id='word_1_41' title='bbox 2691 694 2912 747; x_wconf 81' lang='lat' dir='ltr'>Henrici</span> <span class='ocrx_word' id='word_1_42' title='bbox 2984 695 3280 762; x_wconf 81' lang='lat' dir='ltr'>sufﬁcitur.</span> <span class='ocrx_word' id='word_1_43' title='bbox 3348 722 3420 735; x_wconf 96' lang='lat'><strong><em>—</em></strong></span> <span class='ocrx_word' id='word_1_44' title='bbox 3485 696 3559 749; x_wconf 82' lang='lat' dir='ltr'>At</span> 
     </span>
    </p>
   </div>
   <div class='ocr_carea' id='block_1_5' title="bbox 17 778 3558 850">
    <p class='ocr_par' dir='ltr' id='par_1_5' title="bbox 17 778 3558 850">
     <span class='ocr_line' id='line_1_5' title="bbox 17 778 3558 850; baseline 0.001 -17"><span class='ocrx_word' id='word_1_45' title='bbox 17 779 317 848; x_wconf 86' lang='lat' dir='ltr'>temporis</span> <span class='ocrx_word' id='word_1_46' title='bbox 368 779 689 849; x_wconf 90' lang='lat' dir='ltr'>plurimum</span> <span class='ocrx_word' id='word_1_47' title='bbox 751 787 1116 848; x_wconf 82' lang='lat' dir='ltr'>procurante,</span> <span class='ocrx_word' id='word_1_48' title='bbox 1171 787 1439 849; x_wconf 90' lang='lat' dir='ltr'>exempta</span> <span class='ocrx_word' id='word_1_49' title='bbox 1484 780 1742 850; x_wconf 81' lang='lat' dir='ltr'>capsula,</span> <span class='ocrx_word' id='word_1_50' title='bbox 1857 779 2136 848; x_wconf 88' lang='lat' dir='ltr'>quoniam</span> <span class='ocrx_word' id='word_1_51' title='bbox 2187 786 2244 834; x_wconf 93' lang='lat' dir='ltr'>et</span> <span class='ocrx_word' id='word_1_52' title='bbox 2275 793 2399 834; x_wconf 80' lang='lat' dir='ltr'>aevo</span> <span class='ocrx_word' id='word_1_53' title='bbox 2443 778 2639 850; x_wconf 87' lang='lat' dir='ltr'>gravis</span> <span class='ocrx_word' id='word_1_54' title='bbox 2691 779 2998 848; x_wconf 66' lang='lat' dir='ltr'>praedictus</span> <span class='ocrx_word' id='word_1_55' title='bbox 3047 779 3247 846; x_wconf 87' lang='lat' dir='ltr'>abbas,</span> <span class='ocrx_word' id='word_1_56' title='bbox 3280 788 3334 836; x_wconf 92' lang='lat' dir='ltr'>et</span> <span class='ocrx_word' id='word_1_57' title='bbox 3377 781 3558 836; x_wconf 91' lang='lat' dir='ltr'>oculis</span> 
     </span>
    </p>
   </div>
   <div class='ocr_carea' id='block_1_6' title="bbox 15 867 3560 938">
    <p class='ocr_par' dir='ltr' id='par_1_6' title="bbox 15 867 3560 938">
     <span class='ocr_line' id='line_1_6' title="bbox 15 867 3560 938; baseline 0.001 -16"><span class='ocrx_word' id='word_1_58' title='bbox 15 875 88 922; x_wconf 85' lang='lat' dir='ltr'>et</span> <span class='ocrx_word' id='word_1_59' title='bbox 124 881 157 922; x_wconf 89' lang='lat' dir='ltr'>a</span> <span class='ocrx_word' id='word_1_60' title='bbox 211 868 432 938; x_wconf 89' lang='lat' dir='ltr'>quibus</span> <span class='ocrx_word' id='word_1_61' title='bbox 481 868 668 924; x_wconf 92' lang='lat' dir='ltr'>nescio</span> <span class='ocrx_word' id='word_1_62' title='bbox 732 867 999 923; x_wconf 87' lang='lat' dir='ltr'>fidelibus</span> <span class='ocrx_word' id='word_1_63' title='bbox 1063 875 1286 923; x_wconf 89' lang='lat' dir='ltr'>vetusto</span> <span class='ocrx_word' id='word_1_64' title='bbox 1342 867 1567 937; x_wconf 83' lang='lat' dir='ltr'>opificio</span> <span class='ocrx_word' id='word_1_65' title='bbox 1617 868 1747 923; x_wconf 87' lang='lat' dir='ltr'>auri</span> <span class='ocrx_word' id='word_1_66' title='bbox 1855 875 2058 936; x_wconf 87' lang='lat' dir='ltr'>captus</span> <span class='ocrx_word' id='word_1_67' title='bbox 2106 874 2248 935; x_wconf 91' lang='lat' dir='ltr'>erat,</span> <span class='ocrx_word' id='word_1_68' title='bbox 2283 867 2354 922; x_wconf 91' lang='lat' dir='ltr'>ad</span> <span class='ocrx_word' id='word_1_69' title='bbox 2419 867 2828 936; x_wconf 88' lang='lat' dir='ltr'>opulentiores.</span> <span class='ocrx_word' id='word_1_70' title='bbox 2881 882 3012 937; x_wconf 68' lang='lat' dir='ltr'>quae</span> <span class='ocrx_word' id='word_1_71' title='bbox 3052 882 3159 924; x_wconf 91' lang='lat' dir='ltr'>sua</span> <span class='ocrx_word' id='word_1_72' title='bbox 3214 869 3560 925; x_wconf 70' lang='lat' dir='ltr'>sufficientia</span> 
     </span>
    </p>
   </div>
   <div class='ocr_carea' id='block_1_7' title="bbox 22 953 3562 1025">
    <p class='ocr_par' dir='ltr' id='par_1_7' title="bbox 22 953 3562 1025">
     <span class='ocr_line' id='line_1_7' title="bbox 22 953 3562 1025; baseline 0.001 -17"><span class='ocrx_word' id='word_1_73' title='bbox 22 955 275 1023; x_wconf 86' lang='lat' dir='ltr'>pretiosi</span> <span class='ocrx_word' id='word_1_74' title='bbox 334 955 578 1011; x_wconf 84' lang='lat' dir='ltr'>bracteis</span> <span class='ocrx_word' id='word_1_75' title='bbox 631 955 922 1024; x_wconf 88' lang='lat' dir='ltr'>adoperta,</span> <span class='ocrx_word' id='word_1_76' title='bbox 960 955 1028 1009; x_wconf 90' lang='lat' dir='ltr'>ad</span> <span class='ocrx_word' id='word_1_77' title='bbox 1080 954 1258 1009; x_wconf 90' lang='lat' dir='ltr'>nostri</span> <span class='ocrx_word' id='word_1_78' title='bbox 1310 953 1488 1024; x_wconf 86' lang='lat' dir='ltr'>hujus</span> <span class='ocrx_word' id='word_1_79' title='bbox 1524 960 1742 1020; x_wconf 89' lang='lat' dir='ltr'>tempo-</span> <span class='ocrx_word' id='word_1_80' title='bbox 1857 955 2084 1010; x_wconf 80' lang='lat' dir='ltr'>facilius</span> <span class='ocrx_word' id='word_1_81' title='bbox 2108 955 2227 1025; x_wconf 89' lang='lat' dir='ltr'>regi</span> <span class='ocrx_word' id='word_1_82' title='bbox 2259 962 2544 1025; x_wconf 88' lang='lat' dir='ltr'>poterant,</span> <span class='ocrx_word' id='word_1_83' title='bbox 2577 955 2722 1010; x_wconf 92' lang='lat' dir='ltr'>duas</span> <span class='ocrx_word' id='word_1_84' title='bbox 2747 955 3010 1011; x_wconf 86' lang='lat' dir='ltr'>abbatias</span> <span class='ocrx_word' id='word_1_85' title='bbox 3040 971 3099 1011; x_wconf 92' lang='lat' dir='ltr'>se</span> <span class='ocrx_word' id='word_1_86' title='bbox 3127 957 3408 1023; x_wconf 87' lang='lat' dir='ltr'>contulit;</span> <span class='ocrx_word' id='word_1_87' title='bbox 3443 965 3562 1013; x_wconf 91' lang='lat' dir='ltr'>ter—</span> 
     </span>
    </p>
   </div>
   <div class='ocr_carea' id='block_1_8' title="bbox 20 1041 3556 1113">
    <p class='ocr_par' dir='ltr' id='par_1_8' title="bbox 20 1041 3556 1113">
     <span class='ocr_line' id='line_1_8' title="bbox 20 1041 3556 1113; baseline 0.002 -18"><span class='ocrx_word' id='word_1_88' title='bbox 20 1041 120 1096; x_wconf 86' lang='lat' dir='ltr'>ris</span> <span class='ocrx_word' id='word_1_89' title='bbox 165 1043 399 1099; x_wconf 83' lang='lat' dir='ltr'>devenit</span> <span class='ocrx_word' id='word_1_90' title='bbox 460 1043 725 1111; x_wconf 87' lang='lat' dir='ltr'>intuitus,</span> <span class='ocrx_word' id='word_1_91' title='bbox 778 1051 832 1099; x_wconf 89' lang='lat' dir='ltr'>et</span> <span class='ocrx_word' id='word_1_92' title='bbox 880 1043 1136 1112; x_wconf 85' lang='lat' dir='ltr'>antiquis</span> <span class='ocrx_word' id='word_1_93' title='bbox 1181 1043 1485 1112; x_wconf 81' lang='lat' dir='ltr'>hucusque</span> <span class='ocrx_word' id='word_1_94' title='bbox 1533 1041 1748 1110; x_wconf 62' lang='lat' dir='ltr'>praebet</span> <span class='ocrx_word' id='word_1_95' title='bbox 1855 1044 1992 1099; x_wconf 91' lang='lat' dir='ltr'>tiam</span> <span class='ocrx_word' id='word_1_96' title='bbox 2035 1043 2207 1110; x_wconf 91' lang='lat' dir='ltr'>hanc,</span> <span class='ocrx_word' id='word_1_97' title='bbox 2243 1058 2374 1113; x_wconf 75' lang='lat' dir='ltr'>quae</span> <span class='ocrx_word' id='word_1_98' title='bbox 2422 1044 2543 1098; x_wconf 89' lang='lat' dir='ltr'>sine</span> <span class='ocrx_word' id='word_1_99' title='bbox 2587 1057 2826 1112; x_wconf 87' lang='lat' dir='ltr'>operosa</span> <span class='ocrx_word' id='word_1_100' title='bbox 2871 1043 3142 1100; x_wconf 88' lang='lat' dir='ltr'>instantia</span> <span class='ocrx_word' id='word_1_101' title='bbox 3194 1045 3392 1101; x_wconf 90' lang='lat' dir='ltr'>haberi</span> <span class='ocrx_word' id='word_1_102' title='bbox 3425 1046 3556 1102; x_wconf 91' lang='lat' dir='ltr'>nul-</span> 
     </span>
    </p>
   </div>
   <div class='ocr_carea' id='block_1_9' title="bbox 19 1130 3555 1203">
    <p class='ocr_par' dir='ltr' id='par_1_9' title="bbox 19 1130 3555 1203">
     <span class='ocr_line' id='line_1_9' title="bbox 19 1130 3555 1203; baseline 0.001 -19"><span class='ocrx_word' id='word_1_103' title='bbox 19 1131 368 1187; x_wconf 88' lang='lat' dir='ltr'>testimonia</span> <span class='ocrx_word' id='word_1_104' title='bbox 394 1146 547 1188; x_wconf 91' lang='lat' dir='ltr'>nova</span> <span class='ocrx_word' id='word_1_105' title='bbox 590 1132 884 1187; x_wconf 91' lang='lat' dir='ltr'>relatibus.</span> <span class='ocrx_word' id='word_1_106' title='bbox 914 1132 1117 1202; x_wconf 88' lang='lat' dir='ltr'>Itaque</span> <span class='ocrx_word' id='word_1_107' title='bbox 1153 1131 1254 1186; x_wconf 92' lang='lat' dir='ltr'>loci</span> <span class='ocrx_word' id='word_1_108' title='bbox 1298 1130 1453 1186; x_wconf 90' lang='lat' dir='ltr'>illius</span> <span class='ocrx_word' id='word_1_109' title='bbox 1499 1130 1580 1184; x_wconf 91' lang='lat' dir='ltr'>sic</span> <span class='ocrx_word' id='word_1_110' title='bbox 1612 1142 1748 1198; x_wconf 86' lang='lat' dir='ltr'>per—</span> <span class='ocrx_word' id='word_1_111' title='bbox 1857 1132 2083 1188; x_wconf 89' lang='lat' dir='ltr'>latenus</span> <span class='ocrx_word' id='word_1_112' title='bbox 2143 1132 2390 1199; x_wconf 84' lang='lat' dir='ltr'>valebat,</span> <span class='ocrx_word' id='word_1_113' title='bbox 2446 1132 2732 1188; x_wconf 89' lang='lat' dir='ltr'>dimittere</span> <span class='ocrx_word' id='word_1_114' title='bbox 2788 1133 3103 1203; x_wconf 88' lang='lat' dir='ltr'>proposuit.</span> <span class='ocrx_word' id='word_1_115' title='bbox 3163 1132 3267 1200; x_wconf 87' lang='lat' dir='ltr'>Qui</span> <span class='ocrx_word' id='word_1_116' title='bbox 3327 1133 3555 1189; x_wconf 90' lang='lat' dir='ltr'>cuidam</span> 
     </span>
    </p>
   </div>
   <div class='ocr_carea' id='block_1_10' title="bbox 19 1219 3560 1291">
    <p class='ocr_par' dir='ltr' id='par_1_10' title="bbox 19 1219 3560 1291">
     <span class='ocr_line' id='line_1_10' title="bbox 19 1219 3560 1291; baseline 0.001 -18"><span class='ocrx_word' id='word_1_117' title='bbox 19 1220 321 1276; x_wconf 88' lang='lat' dir='ltr'>hibentur</span> <span class='ocrx_word' id='word_1_118' title='bbox 352 1235 474 1276; x_wconf 91' lang='lat' dir='ltr'>sese</span> <span class='ocrx_word' id='word_1_119' title='bbox 503 1220 773 1276; x_wconf 89' lang='lat' dir='ltr'>habuisse</span> <span class='ocrx_word' id='word_1_120' title='bbox 805 1219 987 1275; x_wconf 90' lang='lat' dir='ltr'>initia.</span> <span class='ocrx_word' id='word_1_121' title='bbox 1859 1221 2047 1291; x_wconf 90' lang='lat' dir='ltr'>nepoti</span> <span class='ocrx_word' id='word_1_122' title='bbox 2097 1221 2381 1276; x_wconf 90' lang='lat' dir='ltr'>monacho</span> <span class='ocrx_word' id='word_1_123' title='bbox 2433 1235 2565 1276; x_wconf 92' lang='lat' dir='ltr'>cum</span> <span class='ocrx_word' id='word_1_124' title='bbox 2614 1220 2766 1276; x_wconf 90' lang='lat' dir='ltr'>hanc</span> <span class='ocrx_word' id='word_1_125' title='bbox 2813 1220 3185 1285; x_wconf 89' lang='lat' dir='ltr'>committere,</span> <span class='ocrx_word' id='word_1_126' title='bbox 3235 1222 3560 1289; x_wconf 89' lang='lat' dir='ltr'>provocatis</span> 
     </span>
    </p>
   </div>
   <div class='ocr_carea' id='block_1_11' title="bbox 722 1309 3559 1418">
    <p class='ocr_par' dir='ltr' id='par_1_11' title="bbox 722 1309 3559 1418">
     <span class='ocr_line' id='line_1_11' title="bbox 722 1309 3559 1418; baseline -0.002 -47"><span class='ocrx_word' id='word_1_127' title='bbox 722 1361 955 1418; x_wconf 65' lang='lat' dir='ltr'>CAPUT</span> <span class='ocrx_word' id='word_1_128' title='bbox 993 1363 1068 1416; x_wconf 43' lang='grc' dir='ltr'>Π.</span> <span class='ocrx_word' id='word_1_129' title='bbox 1856 1311 1930 1365; x_wconf 88' lang='lat' dir='ltr'>ad</span> <span class='ocrx_word' id='word_1_130' title='bbox 1984 1309 2041 1409; x_wconf 78' lang='lat' dir='ltr'>id</span> <span class='ocrx_word' id='word_1_131' title='bbox 2088 1309 2337 1418; x_wconf 62' lang='lat' dir='ltr'>ecclesiae</span> <span class='ocrx_word' id='word_1_132' title='bbox 2387 1309 2683 1418; x_wconf 55' lang='lat' dir='ltr'>fratribus,</span> <span class='ocrx_word' id='word_1_133' title='bbox 2734 1309 3056 1418; x_wconf 39' lang='lat' dir='ltr'>molirentur,</span> <span class='ocrx_word' id='word_1_134' title='bbox 3101 1309 3408 1379; x_wconf 86' lang='lat' dir='ltr'>impetrare</span> <span class='ocrx_word' id='word_1_135' title='bbox 3441 1325 3559 1407; x_wconf 83' lang='lat' dir='ltr'>non</span> 
     </span>
    </p>
   </div>
   <div class='ocr_carea' id='block_1_12' title="bbox 1857 1397 3562 1469">
    <p class='ocr_par' dir='ltr' id='par_1_12' title="bbox 1857 1397 3562 1469">
     <span class='ocr_line' id='line_1_12' title="bbox 1857 1397 3562 1469; baseline -0.001 -15"><span class='ocrx_word' id='word_1_136' title='bbox 1857 1399 2062 1469; x_wconf 89' lang='lat' dir='ltr'>potuit,</span> <span class='ocrx_word' id='word_1_137' title='bbox 2109 1399 2207 1454; x_wconf 90' lang='lat' dir='ltr'>sed</span> <span class='ocrx_word' id='word_1_138' title='bbox 2237 1398 2293 1454; x_wconf 90' lang='lat' dir='ltr'>in</span> <span class='ocrx_word' id='word_1_139' title='bbox 2349 1398 2660 1468; x_wconf 87' lang='lat' dir='ltr'>quemdam</span> <span class='ocrx_word' id='word_1_140' title='bbox 2709 1405 2848 1453; x_wconf 90' lang='lat' dir='ltr'>tunc</span> <span class='ocrx_word' id='word_1_141' title='bbox 2882 1397 3293 1453; x_wconf 85' lang='lat' dir='ltr'>adolescentem</span> <span class='ocrx_word' id='word_1_142' title='bbox 3329 1398 3562 1453; x_wconf 90' lang='lat' dir='ltr'>nomine</span> 
     </span>
    </p>
   </div>
   <div class='ocr_carea' id='block_1_13' title="bbox 111 1484 3558 1558">
    <p class='ocr_par' dir='ltr' id='par_1_13' title="bbox 111 1484 3558 1558">
     <span class='ocr_line' id='line_1_13' title="bbox 111 1484 3558 1558; baseline 0 -17"><span class='ocrx_word' id='word_1_143' title='bbox 111 1489 195 1542; x_wconf 87' lang='lat' dir='ltr'>De</span> <span class='ocrx_word' id='word_1_144' title='bbox 238 1487 365 1555; x_wconf 86' lang='lat' dir='ltr'>ipsa</span> <span class='ocrx_word' id='word_1_145' title='bbox 427 1487 721 1554; x_wconf 84' lang='lat' dir='ltr'>Novigenti</span> <span class='ocrx_word' id='word_1_146' title='bbox 779 1486 1018 1540; x_wconf 81' lang='lat' dir='ltr'>ecclesia.</span> <span class='ocrx_word' id='word_1_147' title='bbox 1090 1484 1202 1550; x_wconf 86' lang='lat' dir='ltr'>Quo</span> <span class='ocrx_word' id='word_1_148' title='bbox 1254 1484 1409 1539; x_wconf 86' lang='lat' dir='ltr'>modo</span> <span class='ocrx_word' id='word_1_149' title='bbox 1468 1485 1747 1538; x_wconf 79' lang='lat' dir='ltr'>monachis</span> <span class='ocrx_word' id='word_1_150' title='bbox 1856 1487 2246 1554; x_wconf 89' lang='lat' dir='ltr'>Godefridum,</span> <span class='ocrx_word' id='word_1_151' title='bbox 2299 1487 2400 1557; x_wconf 88' lang='lat' dir='ltr'>qui</span> <span class='ocrx_word' id='word_1_152' title='bbox 2445 1487 2515 1542; x_wconf 94' lang='lat' dir='ltr'>de</span> <span class='ocrx_word' id='word_1_153' title='bbox 2563 1487 2702 1542; x_wconf 90' lang='lat' dir='ltr'>locis</span> <span class='ocrx_word' id='word_1_154' title='bbox 2730 1494 2853 1542; x_wconf 90' lang='lat' dir='ltr'>erat</span> <span class='ocrx_word' id='word_1_155' title='bbox 2887 1487 2997 1542; x_wconf 92' lang='lat' dir='ltr'>illis</span> <span class='ocrx_word' id='word_1_156' title='bbox 3041 1487 3347 1555; x_wconf 87' lang='lat' dir='ltr'>oriundus,</span> <span class='ocrx_word' id='word_1_157' title='bbox 3379 1494 3434 1542; x_wconf 90' lang='lat' dir='ltr'>et</span> <span class='ocrx_word' id='word_1_158' title='bbox 3464 1485 3558 1558; x_wconf 72' lang='lat'>(7’)</span> 
     </span>
    </p>
   </div>
   <div class='ocr_carea' id='block_1_14' title="bbox 23 1573 3562 1646">
    <p class='ocr_par' dir='ltr' id='par_1_14' title="bbox 23 1573 3562 1646">
     <span class='ocr_line' id='line_1_14' title="bbox 23 1573 3562 1646; baseline 0 -17"><span class='ocrx_word' id='word_1_159' title='bbox 23 1575 372 1630; x_wconf 78' lang='lat' dir='ltr'>concredita.</span> <span class='ocrx_word' id='word_1_160' title='bbox 443 1576 515 1628; x_wconf 88' lang='lat' dir='ltr'>De</span> <span class='ocrx_word' id='word_1_161' title='bbox 574 1574 820 1628; x_wconf 76' lang='lat' dir='ltr'>Henrico</span> <span class='ocrx_word' id='word_1_162' title='bbox 885 1574 1098 1627; x_wconf 84' lang='lat' dir='ltr'>abbate.</span> <span class='ocrx_word' id='word_1_163' title='bbox 1147 1604 1217 1613; x_wconf 92' lang='lat'><strong><em>—</em></strong></span> <span class='ocrx_word' id='word_1_164' title='bbox 1274 1574 1346 1630; x_wconf 86' lang='lat' dir='ltr'>At</span> <span class='ocrx_word' id='word_1_165' title='bbox 1410 1573 1748 1630; x_wconf 79' lang='lat' dir='ltr'>Christianae</span> <span class='ocrx_word' id='word_1_166' title='bbox 1858 1575 2390 1643; x_wconf 89' lang='lat' dir='ltr'>San-Quintinensis</span> <span class='ocrx_word' id='word_1_167' title='bbox 2422 1576 2492 1631; x_wconf 91' lang='lat' dir='ltr'>de</span> <span class='ocrx_word' id='word_1_168' title='bbox 2532 1576 2721 1632; x_wconf 85' lang='lat' dir='ltr'>Monte</span> <span class='ocrx_word' id='word_1_169' title='bbox 2767 1575 2968 1646; x_wconf 83' lang='lat' dir='ltr'>(vulgo</span> <span class='ocrx_word' id='word_1_170' title='bbox 2999 1577 3045 1629; x_wconf 84' lang='lat' dir='ltr'>le</span> <span class='ocrx_word' id='word_1_171' title='bbox 3092 1576 3562 1641; x_wconf 81' lang='lat' dir='ltr'>Mont-St.-Quen-</span> 
     </span>
    </p>
   </div>
   <div class='ocr_carea' id='block_1_15' title="bbox 27 1661 3561 1736">
    <p class='ocr_par' dir='ltr' id='par_1_15' title="bbox 27 1661 3561 1736">
     <span class='ocr_line' id='line_1_15' title="bbox 27 1661 3561 1736; baseline -0.001 -16"><span class='ocrx_word' id='word_1_172' title='bbox 27 1665 190 1736; x_wconf 86' lang='lat' dir='ltr'>legis</span> <span class='ocrx_word' id='word_1_173' title='bbox 217 1663 530 1719; x_wconf 87' lang='lat' dir='ltr'>viviscente</span> <span class='ocrx_word' id='word_1_174' title='bbox 577 1677 881 1729; x_wconf 91' lang='lat' dir='ltr'>succursu,</span> <span class='ocrx_word' id='word_1_175' title='bbox 914 1663 1078 1718; x_wconf 76' lang='lat' dir='ltr'>bonae</span> <span class='ocrx_word' id='word_1_176' title='bbox 1111 1663 1356 1718; x_wconf 90' lang='lat' dir='ltr'>multum</span> <span class='ocrx_word' id='word_1_177' title='bbox 1390 1661 1749 1718; x_wconf 85' lang='lat' dir='ltr'>habitudinis</span> <span class='ocrx_word' id='word_1_178' title='bbox 1860 1664 1961 1735; x_wconf 86' lang='lat' dir='ltr'>tin)</span> <span class='ocrx_word' id='word_1_179' title='bbox 2014 1665 2163 1733; x_wconf 89' lang='lat' dir='ltr'>apud</span> <span class='ocrx_word' id='word_1_180' title='bbox 2228 1667 2502 1719; x_wconf 88' lang='lat' dir='ltr'>Peronam</span> <span class='ocrx_word' id='word_1_181' title='bbox 2571 1663 2760 1719; x_wconf 82' lang='lat' dir='ltr'>fuerat</span> <span class='ocrx_word' id='word_1_182' title='bbox 2807 1664 3144 1729; x_wconf 89' lang='lat' dir='ltr'>monachus,</span> <span class='ocrx_word' id='word_1_183' title='bbox 3207 1663 3328 1733; x_wconf 93' lang='lat' dir='ltr'>ipso</span> <span class='ocrx_word' id='word_1_184' title='bbox 3389 1664 3561 1719; x_wconf 91' lang='lat' dir='ltr'>etiam</span> 
     </span>
    </p>
   </div>
   <div class='ocr_carea' id='block_1_16' title="bbox 26 1750 3562 1824">
    <p class='ocr_par' dir='ltr' id='par_1_16' title="bbox 26 1750 3562 1824">
     <span class='ocr_line' id='line_1_16' title="bbox 26 1750 3562 1824; baseline -0 -17"><span class='ocrx_word' id='word_1_185' title='bbox 26 1753 302 1808; x_wconf 88' lang='lat' dir='ltr'>Ecclesia</span> <span class='ocrx_word' id='word_1_186' title='bbox 348 1752 464 1808; x_wconf 89' lang='lat' dir='ltr'>illic</span> <span class='ocrx_word' id='word_1_187' title='bbox 509 1765 582 1806; x_wconf 85' lang='lat' dir='ltr'>ex</span> <span class='ocrx_word' id='word_1_188' title='bbox 610 1751 850 1820; x_wconf 88' lang='lat' dir='ltr'>antiquo</span> <span class='ocrx_word' id='word_1_189' title='bbox 891 1751 1000 1806; x_wconf 91' lang='lat' dir='ltr'>sub</span> <span class='ocrx_word' id='word_1_190' title='bbox 1038 1751 1270 1806; x_wconf 89' lang='lat' dir='ltr'>nomine</span> <span class='ocrx_word' id='word_1_191' title='bbox 1320 1750 1417 1805; x_wconf 90' lang='lat' dir='ltr'>Dei</span> <span class='ocrx_word' id='word_1_192' title='bbox 1447 1750 1749 1806; x_wconf 89' lang='lat' dir='ltr'>Genitricis</span> <span class='ocrx_word' id='word_1_193' title='bbox 1859 1768 2010 1824; x_wconf 72' lang='lat' dir='ltr'>aegre</span> <span class='ocrx_word' id='word_1_194' title='bbox 2059 1753 2272 1809; x_wconf 85' lang='lat' dir='ltr'>ferente</span> <span class='ocrx_word' id='word_1_195' title='bbox 2325 1753 2590 1822; x_wconf 89' lang='lat' dir='ltr'>prosiluit</span> <span class='ocrx_word' id='word_1_196' title='bbox 2641 1753 2856 1809; x_wconf 88' lang='lat' dir='ltr'>electio.</span> <span class='ocrx_word' id='word_1_197' title='bbox 2894 1753 3036 1809; x_wconf 87' lang='lat' dir='ltr'>Cum</span> <span class='ocrx_word' id='word_1_198' title='bbox 3067 1767 3204 1823; x_wconf 90' lang='lat' dir='ltr'>ergo</span> <span class='ocrx_word' id='word_1_199' title='bbox 3252 1752 3562 1822; x_wconf 88' lang='lat' dir='ltr'>sagacissi—</span> 
     </span>
    </p>
   </div>
   <div class='ocr_carea' id='block_1_17' title="bbox 25 1827 3562 1910">
    <p class='ocr_par' dir='ltr' id='par_1_17' title="bbox 25 1827 3562 1910">
     <span class='ocr_line' id='line_1_17' title="bbox 25 1827 3562 1910; baseline -0 -13"><span class='ocrx_word' id='word_1_200' title='bbox 25 1842 274 1897; x_wconf 90' lang='lat' dir='ltr'>enituit.</span> <span class='ocrx_word' id='word_1_201' title='bbox 307 1840 429 1896; x_wconf 91' lang='lat' dir='ltr'>Sub</span> <span class='ocrx_word' id='word_1_202' title='bbox 479 1840 684 1910; x_wconf 89' lang='lat' dir='ltr'>oppido</span> <span class='ocrx_word' id='word_1_203' title='bbox 715 1840 922 1895; x_wconf 89' lang='lat' dir='ltr'>etenim</span> <span class='ocrx_word' id='word_1_204' title='bbox 957 1840 1112 1910; x_wconf 92' lang='lat' dir='ltr'>quod</span> <span class='ocrx_word' id='word_1_205' title='bbox 1161 1839 1538 1909; x_wconf 60' lang='lat' dir='ltr'>praediximus</span> <span class='ocrx_word' id='word_1_206' title='bbox 1583 1840 1747 1894; x_wconf 88' lang='lat' dir='ltr'>Codi-</span> <span class='ocrx_word' id='word_1_207' title='bbox 1792 1827 1830 1880; x_wconf 78' lang='grc' dir='ltr'><strong>Β</strong></span> <span class='ocrx_word' id='word_1_208' title='bbox 1861 1854 1992 1895; x_wconf 87' lang='lat' dir='ltr'>mus</span> <span class='ocrx_word' id='word_1_209' title='bbox 2053 1839 2146 1894; x_wconf 92' lang='lat' dir='ltr'>ille</span> <span class='ocrx_word' id='word_1_210' title='bbox 2211 1840 2400 1895; x_wconf 89' lang='lat' dir='ltr'>senior</span> <span class='ocrx_word' id='word_1_211' title='bbox 2463 1847 2598 1896; x_wconf 88' lang='lat' dir='ltr'>vota</span> <span class='ocrx_word' id='word_1_212' title='bbox 2660 1840 2992 1910; x_wconf 88' lang='lat' dir='ltr'>eligentium</span> <span class='ocrx_word' id='word_1_213' title='bbox 3063 1840 3205 1895; x_wconf 88' lang='lat' dir='ltr'>alias</span> <span class='ocrx_word' id='word_1_214' title='bbox 3267 1840 3562 1896; x_wconf 87' lang='lat' dir='ltr'>transferri</span> 
     </span>
    </p>
   </div>
   <div class='ocr_carea' id='block_1_18' title="bbox 27 1927 3562 2000">
    <p class='ocr_par' dir='ltr' id='par_1_18' title="bbox 27 1927 3562 2000">
     <span class='ocr_line' id='line_1_18' title="bbox 27 1927 3562 2000; baseline -0.001 -14"><span class='ocrx_word' id='word_1_215' title='bbox 27 1930 294 1986; x_wconf 88' lang='lat' dir='ltr'>ciacensi</span> <span class='ocrx_word' id='word_1_216' title='bbox 344 1931 675 1996; x_wconf 88' lang='lat' dir='ltr'>constituta,</span> <span class='ocrx_word' id='word_1_217' title='bbox 706 1929 862 1984; x_wconf 88' lang='lat' dir='ltr'>villis</span> <span class='ocrx_word' id='word_1_218' title='bbox 897 1943 1133 1998; x_wconf 89' lang='lat' dir='ltr'>quoque</span> <span class='ocrx_word' id='word_1_219' title='bbox 1173 1935 1415 1983; x_wconf 73' lang='lat' dir='ltr'>vetustze</span> <span class='ocrx_word' id='word_1_220' title='bbox 1463 1929 1753 1983; x_wconf 66' lang='lat' dir='ltr'>memoriae</span> <span class='ocrx_word' id='word_1_221' title='bbox 1860 1927 2248 1997; x_wconf 90' lang='lat' dir='ltr'>conspiceret,</span> <span class='ocrx_word' id='word_1_222' title='bbox 2319 1927 2548 1996; x_wconf 90' lang='lat' dir='ltr'>locum,</span> <span class='ocrx_word' id='word_1_223' title='bbox 2622 1943 2796 1999; x_wconf 89' lang='lat' dir='ltr'>quem</span> <span class='ocrx_word' id='word_1_224' title='bbox 2863 1929 3297 2000; x_wconf 88' lang='lat' dir='ltr'>dignantissime</span> <span class='ocrx_word' id='word_1_225' title='bbox 3360 1938 3416 1985; x_wconf 92' lang='lat' dir='ltr'>et</span> <span class='ocrx_word' id='word_1_226' title='bbox 3476 1930 3562 1984; x_wconf 89' lang='lat' dir='ltr'>in-</span> 
     </span>
    </p>
   </div>
   <div class='ocr_carea' id='block_1_19' title="bbox 29 2016 3565 2088">
    <p class='ocr_par' dir='ltr' id='par_1_19' title="bbox 29 2016 3565 2088">
     <span class='ocr_line' id='line_1_19' title="bbox 29 2016 3565 2088; baseline -0.001 -12"><span class='ocrx_word' id='word_1_227' title='bbox 29 2027 92 2076; x_wconf 94' lang='lat' dir='ltr'>et</span> <span class='ocrx_word' id='word_1_228' title='bbox 129 2018 430 2075; x_wconf 88' lang='lat' dir='ltr'>ditissimis</span> <span class='ocrx_word' id='word_1_229' title='bbox 457 2019 793 2087; x_wconf 89' lang='lat' dir='ltr'>constipata,</span> <span class='ocrx_word' id='word_1_230' title='bbox 832 2031 1045 2087; x_wconf 89' lang='lat' dir='ltr'>magno</span> <span class='ocrx_word' id='word_1_231' title='bbox 1077 2016 1462 2087; x_wconf 88' lang='lat' dir='ltr'>quorumdam</span> <span class='ocrx_word' id='word_1_232' title='bbox 1493 2016 1755 2086; x_wconf 91' lang='lat' dir='ltr'>adjacen-</span> <span class='ocrx_word' id='word_1_233' title='bbox 1861 2017 2301 2086; x_wconf 90' lang='lat' dir='ltr'>dulgentissima</span> <span class='ocrx_word' id='word_1_234' title='bbox 2374 2017 2642 2088; x_wconf 83' lang='lat' dir='ltr'>largitate</span> <span class='ocrx_word' id='word_1_235' title='bbox 2709 2025 3084 2085; x_wconf 81' lang='lat' dir='ltr'>servaverat,</span> <span class='ocrx_word' id='word_1_236' title='bbox 3152 2017 3446 2086; x_wconf 88' lang='lat' dir='ltr'>deseruit,</span> <span class='ocrx_word' id='word_1_237' title='bbox 3510 2026 3565 2074; x_wconf 87' lang='lat' dir='ltr'>et</span> 
     </span>
    </p>
   </div>
   <div class='ocr_carea' id='block_1_20' title="bbox 34 2105 3382 2177">
    <p class='ocr_par' dir='ltr' id='par_1_20' title="bbox 34 2105 3382 2177">
     <span class='ocr_line' id='line_1_20' title="bbox 34 2105 3382 2177; baseline -0.001 -12"><span class='ocrx_word' id='word_1_238' title='bbox 34 2109 198 2165; x_wconf 91' lang='lat' dir='ltr'>tium</span> <span class='ocrx_word' id='word_1_239' title='bbox 224 2122 512 2164; x_wconf 85' lang='lat' dir='ltr'>concursu</span> <span class='ocrx_word' id='word_1_240' title='bbox 543 2121 610 2163; x_wconf 89' lang='lat' dir='ltr'>ac</span> <span class='ocrx_word' id='word_1_241' title='bbox 641 2107 1009 2162; x_wconf 81' lang='lat' dir='ltr'>veneratione</span> <span class='ocrx_word' id='word_1_242' title='bbox 1031 2105 1406 2176; x_wconf 89' lang='lat' dir='ltr'>contingitur.</span> <span class='ocrx_word' id='word_1_243' title='bbox 1441 2105 1756 2161; x_wconf 86' lang='lat' dir='ltr'>Ferebatur</span> <span class='ocrx_word' id='word_1_244' title='bbox 1863 2105 2176 2174; x_wconf 87' lang='lat' dir='ltr'>legitimam</span> <span class='ocrx_word' id='word_1_245' title='bbox 2208 2106 2516 2162; x_wconf 91' lang='lat' dir='ltr'>cessionem</span> <span class='ocrx_word' id='word_1_246' title='bbox 2551 2106 2651 2174; x_wconf 89' lang='lat' dir='ltr'>illi,</span> <span class='ocrx_word' id='word_1_247' title='bbox 2685 2121 2858 2177; x_wconf 86' lang='lat' dir='ltr'>quem</span> <span class='ocrx_word' id='word_1_248' title='bbox 2888 2107 3200 2177; x_wconf 86' lang='lat' dir='ltr'>elegerant,</span> <span class='ocrx_word' id='word_1_249' title='bbox 3235 2106 3382 2163; x_wconf 90' lang='lat' dir='ltr'>fecit.</span> 
     </span>
    </p>
   </div>
   <div class='ocr_carea' id='block_1_21' title="bbox 33 2192 3561 2265">
    <p class='ocr_par' dir='ltr' id='par_1_21' title="bbox 33 2192 3561 2265">
     <span class='ocr_line' id='line_1_21' title="bbox 33 2192 3561 2265; baseline -0.001 -13"><span class='ocrx_word' id='word_1_250' title='bbox 33 2198 244 2265; x_wconf 90' lang='lat' dir='ltr'>etiam,</span> <span class='ocrx_word' id='word_1_251' title='bbox 279 2197 417 2252; x_wconf 87' lang='lat' dir='ltr'>dum</span> <span class='ocrx_word' id='word_1_252' title='bbox 446 2197 556 2252; x_wconf 92' lang='lat' dir='ltr'>sub</span> <span class='ocrx_word' id='word_1_253' title='bbox 604 2195 700 2251; x_wconf 89' lang='lat' dir='ltr'>illa</span> <span class='ocrx_word' id='word_1_254' title='bbox 726 2196 1009 2265; x_wconf 82' lang='lat' dir='ltr'>parvitate</span> <span class='ocrx_word' id='word_1_255' title='bbox 1038 2209 1095 2250; x_wconf 92' lang='lat' dir='ltr'>se</span> <span class='ocrx_word' id='word_1_256' title='bbox 1125 2203 1338 2265; x_wconf 84' lang='lat' dir='ltr'>ageret,</span> <span class='ocrx_word' id='word_1_257' title='bbox 1381 2193 1594 2250; x_wconf 88' lang='lat' dir='ltr'>divinis</span> <span class='ocrx_word' id='word_1_258' title='bbox 1625 2208 1754 2250; x_wconf 88' lang='lat' dir='ltr'>cre-</span> <span class='ocrx_word' id='word_1_259' title='bbox 1936 2192 2028 2265; x_wconf 79' lang='grc'>(⁷³)</span> <span class='ocrx_word' id='word_1_260' title='bbox 2095 2195 2386 2264; x_wconf 62' lang='lat' dir='ltr'>Sapienter</span> <span class='ocrx_word' id='word_1_261' title='bbox 2430 2196 2834 2264; x_wconf 83' lang='lat' dir='ltr'>prudenterque</span> <span class='ocrx_word' id='word_1_262' title='bbox 2879 2210 2935 2249; x_wconf 90' lang='lat' dir='ltr'>se</span> <span class='ocrx_word' id='word_1_263' title='bbox 2999 2198 3138 2263; x_wconf 85' lang='lat' dir='ltr'>ger-it</span> <span class='ocrx_word' id='word_1_264' title='bbox 3205 2195 3561 2262; x_wconf 86' lang='lat' dir='ltr'>Godefridus.</span> 
     </span>
    </p>
   </div>
   <div class='ocr_carea' id='block_1_22' title="bbox 37 2282 3564 2353">
    <p class='ocr_par' dir='ltr' id='par_1_22' title="bbox 37 2282 3564 2353">
     <span class='ocr_line' id='line_1_22' title="bbox 37 2282 3564 2353; baseline -0.001 -11"><span class='ocrx_word' id='word_1_265' title='bbox 37 2287 154 2342; x_wconf 89' lang='lat' dir='ltr'>bro</span> <span class='ocrx_word' id='word_1_266' title='bbox 189 2284 467 2340; x_wconf 87' lang='lat' dir='ltr'>illustrari</span> <span class='ocrx_word' id='word_1_267' title='bbox 509 2283 849 2350; x_wconf 88' lang='lat' dir='ltr'>luminibus,</span> <span class='ocrx_word' id='word_1_268' title='bbox 898 2291 951 2338; x_wconf 88' lang='lat' dir='ltr'>et</span> <span class='ocrx_word' id='word_1_269' title='bbox 981 2282 1280 2338; x_wconf 85' lang='lat' dir='ltr'>miraculis</span> <span class='ocrx_word' id='word_1_270' title='bbox 1327 2283 1540 2352; x_wconf 67' lang='lat' dir='ltr'>saepius</span> <span class='ocrx_word' id='word_1_271' title='bbox 1569 2282 1754 2338; x_wconf 91' lang='lat' dir='ltr'>hono-</span> <span class='ocrx_word' id='word_1_272' title='bbox 1865 2284 2187 2338; x_wconf 79' lang='lat' dir='ltr'>Liberaliter</span> <span class='ocrx_word' id='word_1_273' title='bbox 2231 2299 2478 2353; x_wconf 81' lang='lat' dir='ltr'>proceres</span> <span class='ocrx_word' id='word_1_274' title='bbox 2520 2284 2662 2339; x_wconf 83' lang='lat' dir='ltr'>bona</span> <span class='ocrx_word' id='word_1_275' title='bbox 2708 2285 3041 2351; x_wconf 82' lang='lat' dir='ltr'>largiuntur.</span> <span class='ocrx_word' id='word_1_276' title='bbox 3074 2313 3142 2322; x_wconf 92' lang='lat'>—</span> <span class='ocrx_word' id='word_1_277' title='bbox 3175 2283 3362 2353; x_wconf 85' lang='lat' dir='ltr'>Igitur</span> <span class='ocrx_word' id='word_1_278' title='bbox 3385 2282 3564 2338; x_wconf 88' lang='lat' dir='ltr'>electo</span> 
     </span>
    </p>
   </div>
   <div class='ocr_carea' id='block_1_23' title="bbox 37 2369 3607 2442">
    <p class='ocr_par' dir='ltr' id='par_1_23' title="bbox 37 2369 3607 2442">
     <span class='ocr_line' id='line_1_23' title="bbox 37 2369 3607 2442; baseline -0.001 -12"><span class='ocrx_word' id='word_1_279' title='bbox 37 2373 193 2442; x_wconf 90' lang='lat' dir='ltr'>rari,</span> <span class='ocrx_word' id='word_1_280' title='bbox 228 2374 443 2442; x_wconf 91' lang='lat' dir='ltr'>quippe</span> <span class='ocrx_word' id='word_1_281' title='bbox 477 2387 583 2428; x_wconf 90' lang='lat' dir='ltr'>nec</span> <span class='ocrx_word' id='word_1_282' title='bbox 630 2371 683 2427; x_wconf 92' lang='lat' dir='ltr'>id</span> <span class='ocrx_word' id='word_1_283' title='bbox 733 2371 969 2441; x_wconf 90' lang='lat' dir='ltr'>injuria,</span> <span class='ocrx_word' id='word_1_284' title='bbox 1004 2371 1144 2440; x_wconf 89' lang='lat' dir='ltr'>quia</span> <span class='ocrx_word' id='word_1_285' title='bbox 1185 2375 1338 2424; x_wconf 77' lang='lat'>490</span> <span class='ocrx_word' id='word_1_286' title='bbox 1377 2370 1532 2439; x_wconf 89' lang='lat' dir='ltr'>apud</span> <span class='ocrx_word' id='word_1_287' title='bbox 1566 2369 1756 2425; x_wconf 90' lang='lat' dir='ltr'>homi-</span> <span class='ocrx_word' id='word_1_288' title='bbox 1866 2372 1979 2438; x_wconf 91' lang='lat' dir='ltr'>illo,</span> <span class='ocrx_word' id='word_1_289' title='bbox 2033 2379 2088 2427; x_wconf 87' lang='lat' dir='ltr'>et</span> <span class='ocrx_word' id='word_1_290' title='bbox 2115 2371 2186 2427; x_wconf 89' lang='lat' dir='ltr'>ad</span> <span class='ocrx_word' id='word_1_291' title='bbox 2252 2371 2356 2426; x_wconf 90' lang='lat' dir='ltr'>loci</span> <span class='ocrx_word' id='word_1_292' title='bbox 2417 2379 2676 2442; x_wconf 92' lang='lat' dir='ltr'>promoto</span> <span class='ocrx_word' id='word_1_293' title='bbox 2715 2371 3051 2438; x_wconf 89' lang='lat' dir='ltr'>custodiam,</span> <span class='ocrx_word' id='word_1_294' title='bbox 3100 2371 3378 2441; x_wconf 87' lang='lat' dir='ltr'>quoniam</span> <span class='ocrx_word' id='word_1_295' title='bbox 3429 2384 3562 2426; x_wconf 92' lang='lat' dir='ltr'>cum</span> <span class='ocrx_word' id='word_1_296' title='bbox 3604 2410 3607 2411; x_wconf 47' lang='grc' dir='ltr'><em>ν</em></span> 
     </span>
    </p>
   </div>
   <div class='ocr_carea' id='block_1_24' title="bbox 37 2457 3568 2531">
    <p class='ocr_par' dir='ltr' id='par_1_24' title="bbox 37 2457 3568 2531">
     <span class='ocr_line' id='line_1_24' title="bbox 37 2457 3568 2531; baseline -0.002 -12"><span class='ocrx_word' id='word_1_297' title='bbox 37 2478 148 2519; x_wconf 92' lang='lat' dir='ltr'>nes</span> <span class='ocrx_word' id='word_1_298' title='bbox 205 2462 454 2518; x_wconf 91' lang='lat' dir='ltr'>indebite</span> <span class='ocrx_word' id='word_1_299' title='bbox 502 2460 843 2516; x_wconf 89' lang='lat' dir='ltr'>consistebat</span> <span class='ocrx_word' id='word_1_300' title='bbox 897 2460 952 2514; x_wconf 92' lang='lat' dir='ltr'>in</span> <span class='ocrx_word' id='word_1_301' title='bbox 985 2459 1208 2514; x_wconf 88' lang='lat' dir='ltr'>humili.</span> <span class='ocrx_word' id='word_1_302' title='bbox 1246 2457 1334 2529; x_wconf 67' lang='lat'>(“9)</span> <span class='ocrx_word' id='word_1_303' title='bbox 1385 2458 1611 2516; x_wconf 88' lang='lat' dir='ltr'>Castelli</span> <span class='ocrx_word' id='word_1_304' title='bbox 1644 2472 1758 2514; x_wconf 87' lang='lat' dir='ltr'>au—</span> <span class='ocrx_word' id='word_1_305' title='bbox 1863 2461 2047 2517; x_wconf 90' lang='lat' dir='ltr'>multa</span> <span class='ocrx_word' id='word_1_306' title='bbox 2101 2461 2615 2531; x_wconf 88' lang='lat' dir='ltr'>circumspectione</span> <span class='ocrx_word' id='word_1_307' title='bbox 2667 2475 2725 2516; x_wconf 92' lang='lat' dir='ltr'>se</span> <span class='ocrx_word' id='word_1_308' title='bbox 2772 2460 2964 2531; x_wconf 86' lang='lat' dir='ltr'>gessit,</span> <span class='ocrx_word' id='word_1_309' title='bbox 3013 2467 3069 2516; x_wconf 88' lang='lat' dir='ltr'>ct</span> <span class='ocrx_word' id='word_1_310' title='bbox 3103 2468 3217 2516; x_wconf 90' lang='lat' dir='ltr'>tam</span> <span class='ocrx_word' id='word_1_311' title='bbox 3263 2458 3568 2528; x_wconf 90' lang='lat' dir='ltr'>populares</span> 
     </span>
    </p>
   </div>
   <div class='ocr_carea' id='block_1_25' title="bbox 39 2546 3566 2620">
    <p class='ocr_par' dir='ltr' id='par_1_25' title="bbox 39 2546 3566 2620">
     <span class='ocr_line' id='line_1_25' title="bbox 39 2546 3566 2620; baseline -0.001 -13"><span class='ocrx_word' id='word_1_312' title='bbox 39 2560 157 2607; x_wconf 90' lang='lat' dir='ltr'>tem</span> <span class='ocrx_word' id='word_1_313' title='bbox 216 2551 392 2620; x_wconf 89' lang='lat' dir='ltr'>ipsius</span> <span class='ocrx_word' id='word_1_314' title='bbox 457 2549 566 2605; x_wconf 88' lang='lat' dir='ltr'>sub</span> <span class='ocrx_word' id='word_1_315' title='bbox 622 2548 1043 2604; x_wconf 87' lang='lat' dir='ltr'>ﬂorentissimis</span> <span class='ocrx_word' id='word_1_316' title='bbox 1096 2546 1456 2617; x_wconf 90' lang='lat' dir='ltr'>principibus</span> <span class='ocrx_word' id='word_1_317' title='bbox 1521 2546 1758 2602; x_wconf 90' lang='lat' dir='ltr'>dilatato</span> <span class='ocrx_word' id='word_1_318' title='bbox 1865 2565 2043 2620; x_wconf 89' lang='lat' dir='ltr'>quam</span> <span class='ocrx_word' id='word_1_319' title='bbox 2084 2565 2346 2620; x_wconf 88' lang='lat' dir='ltr'>proceres</span> <span class='ocrx_word' id='word_1_320' title='bbox 2379 2565 2512 2606; x_wconf 92' lang='lat' dir='ltr'>cum</span> <span class='ocrx_word' id='word_1_321' title='bbox 2551 2550 2932 2615; x_wconf 85' lang='lat' dir='ltr'>voluntatem,</span> <span class='ocrx_word' id='word_1_322' title='bbox 2981 2556 3102 2605; x_wconf 90' lang='lat' dir='ltr'>tum</span> <span class='ocrx_word' id='word_1_323' title='bbox 3135 2547 3566 2618; x_wconf 87' lang='lat' dir='ltr'>possibilitatem</span> 
     </span>
    </p>
   </div>
   <div class='ocr_carea' id='block_1_26' title="bbox 37 2635 3564 2710">
    <p class='ocr_par' dir='ltr' id='par_1_26' title="bbox 37 2635 3564 2710">
     <span class='ocr_line' id='line_1_26' title="bbox 37 2635 3564 2710; baseline -0.001 -14"><span class='ocrx_word' id='word_1_324' title='bbox 37 2641 224 2710; x_wconf 89' lang='lat' dir='ltr'>longe</span> <span class='ocrx_word' id='word_1_325' title='bbox 266 2639 494 2708; x_wconf 90' lang='lat' dir='ltr'>lateque</span> <span class='ocrx_word' id='word_1_326' title='bbox 536 2637 806 2700; x_wconf 90' lang='lat' dir='ltr'>dominio,</span> <span class='ocrx_word' id='word_1_327' title='bbox 852 2644 908 2692; x_wconf 90' lang='lat' dir='ltr'>et</span> <span class='ocrx_word' id='word_1_328' title='bbox 945 2637 1280 2706; x_wconf 84' lang='lat' dir='ltr'>proceribus</span> <span class='ocrx_word' id='word_1_329' title='bbox 1318 2635 1502 2691; x_wconf 90' lang='lat' dir='ltr'>multa</span> <span class='ocrx_word' id='word_1_330' title='bbox 1541 2635 1759 2690; x_wconf 88' lang='lat' dir='ltr'>libera-</span> <span class='ocrx_word' id='word_1_331' title='bbox 1863 2638 2130 2694; x_wconf 88' lang='lat' dir='ltr'>ecclesias</span> <span class='ocrx_word' id='word_1_332' title='bbox 2174 2639 2424 2708; x_wconf 89' lang='lat' dir='ltr'>augendi</span> <span class='ocrx_word' id='word_1_333' title='bbox 2477 2638 2784 2704; x_wconf 88' lang='lat' dir='ltr'>habebant,</span> <span class='ocrx_word' id='word_1_334' title='bbox 2837 2637 3086 2708; x_wconf 90' lang='lat' dir='ltr'>plurima</span> <span class='ocrx_word' id='word_1_335' title='bbox 3135 2636 3225 2691; x_wconf 91' lang='lat' dir='ltr'>isti</span> <span class='ocrx_word' id='word_1_336' title='bbox 3259 2644 3564 2702; x_wconf 88' lang='lat' dir='ltr'>terrarum,</span> 
     </span>
    </p>
   </div>
   <div class='ocr_carea' id='block_1_27' title="bbox 41 2723 3568 2798">
    <p class='ocr_par' dir='ltr' id='par_1_27' title="bbox 41 2723 3568 2798">
     <span class='ocr_line' id='line_1_27' title="bbox 41 2723 3568 2798; baseline -0.001 -14"><span class='ocrx_word' id='word_1_337' title='bbox 41 2730 210 2784; x_wconf 88' lang='lat' dir='ltr'>litate</span> <span class='ocrx_word' id='word_1_338' title='bbox 239 2735 295 2784; x_wconf 92' lang='lat' dir='ltr'>et</span> <span class='ocrx_word' id='word_1_339' title='bbox 323 2725 616 2797; x_wconf 88' lang='lat' dir='ltr'>opulentia</span> <span class='ocrx_word' id='word_1_340' title='bbox 659 2725 930 2795; x_wconf 72' lang='lat' dir='ltr'>praeditis,</span> <span class='ocrx_word' id='word_1_341' title='bbox 971 2725 1044 2780; x_wconf 92' lang='lat' dir='ltr'>ob</span> <span class='ocrx_word' id='word_1_342' title='bbox 1075 2724 1477 2780; x_wconf 86' lang='lat' dir='ltr'>claritudinem</span> <span class='ocrx_word' id='word_1_343' title='bbox 1528 2724 1654 2790; x_wconf 92' lang='lat' dir='ltr'>loci,</span> <span class='ocrx_word' id='word_1_344' title='bbox 1687 2724 1758 2778; x_wconf 91' lang='lat' dir='ltr'>de</span> <span class='ocrx_word' id='word_1_345' title='bbox 1865 2735 2040 2798; x_wconf 90' lang='lat' dir='ltr'>atque</span> <span class='ocrx_word' id='word_1_346' title='bbox 2094 2727 2426 2784; x_wconf 88' lang='lat' dir='ltr'>reddituum</span> <span class='ocrx_word' id='word_1_347' title='bbox 2473 2727 2580 2784; x_wconf 93' lang='lat' dir='ltr'>hoc</span> <span class='ocrx_word' id='word_1_348' title='bbox 2627 2726 2888 2796; x_wconf 89' lang='lat' dir='ltr'>sequenti</span> <span class='ocrx_word' id='word_1_349' title='bbox 2957 2735 3208 2794; x_wconf 89' lang='lat' dir='ltr'>tempore</span> <span class='ocrx_word' id='word_1_350' title='bbox 3269 2723 3568 2780; x_wconf 89' lang='lat' dir='ltr'>commoda</span> 
     </span>
    </p>
   </div>
   <div class='ocr_carea' id='block_1_28' title="bbox 39 2812 3568 2890">
    <p class='ocr_par' dir='ltr' id='par_1_28' title="bbox 39 2812 3568 2890">
     <span class='ocr_line' id='line_1_28' title="bbox 39 2812 3568 2890; baseline -0.002 -15"><span class='ocrx_word' id='word_1_351' title='bbox 39 2819 222 2890; x_wconf 90' lang='lat' dir='ltr'>cujus</span> <span class='ocrx_word' id='word_1_352' title='bbox 270 2818 570 2873; x_wconf 90' lang='lat' dir='ltr'>sanctitate</span> <span class='ocrx_word' id='word_1_353' title='bbox 601 2815 937 2871; x_wconf 88' lang='lat' dir='ltr'>dulcissima</span> <span class='ocrx_word' id='word_1_354' title='bbox 969 2814 1188 2883; x_wconf 91' lang='lat' dir='ltr'>ubique</span> <span class='ocrx_word' id='word_1_355' title='bbox 1222 2813 1511 2869; x_wconf 88' lang='lat' dir='ltr'>redolebat</span> <span class='ocrx_word' id='word_1_356' title='bbox 1542 2812 1754 2882; x_wconf 91' lang='lat' dir='ltr'>opinio,</span> <span class='ocrx_word' id='word_1_357' title='bbox 1864 2815 2295 2871; x_wconf 89' lang='lat' dir='ltr'>conﬂuxerunt.</span> <span class='ocrx_word' id='word_1_358' title='bbox 2342 2816 2490 2871; x_wconf 91' lang='lat' dir='ltr'>Bene</span> <span class='ocrx_word' id='word_1_359' title='bbox 2531 2816 2684 2870; x_wconf 90' lang='lat' dir='ltr'>enim</span> <span class='ocrx_word' id='word_1_360' title='bbox 2733 2814 2804 2870; x_wconf 90' lang='lat' dir='ltr'>ad</span> <span class='ocrx_word' id='word_1_361' title='bbox 2835 2813 3174 2884; x_wconf 87' lang='lat' dir='ltr'>qualitatem</span> <span class='ocrx_word' id='word_1_362' title='bbox 3215 2814 3568 2869; x_wconf 88' lang='lat' dir='ltr'>exteriorum</span> 
     </span>
    </p>
   </div>
   <div class='ocr_carea' id='block_1_29' title="bbox 41 2901 3567 2973">
    <p class='ocr_par' dir='ltr' id='par_1_29' title="bbox 41 2901 3567 2973">
     <span class='ocr_line' id='line_1_29' title="bbox 41 2901 3567 2973; baseline -0.002 -10"><span class='ocrx_word' id='word_1_363' title='bbox 41 2923 118 2964; x_wconf 85' lang='lat' dir='ltr'>ex</span> <span class='ocrx_word' id='word_1_364' title='bbox 178 2907 522 2962; x_wconf 90' lang='lat' dir='ltr'>devotorum</span> <span class='ocrx_word' id='word_1_365' title='bbox 573 2903 810 2960; x_wconf 90' lang='lat' dir='ltr'>consilio</span> <span class='ocrx_word' id='word_1_366' title='bbox 859 2903 1216 2972; x_wconf 91' lang='lat' dir='ltr'>propositum</span> <span class='ocrx_word' id='word_1_367' title='bbox 1268 2909 1353 2957; x_wconf 89' lang='lat' dir='ltr'>est</span> <span class='ocrx_word' id='word_1_368' title='bbox 1399 2908 1484 2969; x_wconf 91' lang='lat' dir='ltr'>ut,</span> <span class='ocrx_word' id='word_1_369' title='bbox 1519 2901 1589 2956; x_wconf 92' lang='lat' dir='ltr'>ad</span> <span class='ocrx_word' id='word_1_370' title='bbox 1641 2901 1757 2956; x_wconf 89' lang='lat' dir='ltr'>fre-</span> <span class='ocrx_word' id='word_1_371' title='bbox 1866 2905 2166 2960; x_wconf 88' lang='lat' dir='ltr'>hominum</span> <span class='ocrx_word' id='word_1_372' title='bbox 2204 2905 2355 2960; x_wconf 92' lang='lat' dir='ltr'>idem</span> <span class='ocrx_word' id='word_1_373' title='bbox 2405 2904 2617 2960; x_wconf 89' lang='lat' dir='ltr'>habere</span> <span class='ocrx_word' id='word_1_374' title='bbox 2664 2917 2723 2958; x_wconf 87' lang='lat' dir='ltr'>se</span> <span class='ocrx_word' id='word_1_375' title='bbox 2755 2910 3014 2971; x_wconf 87' lang='lat' dir='ltr'>noverat,</span> <span class='ocrx_word' id='word_1_376' title='bbox 3049 2902 3325 2973; x_wconf 90' lang='lat' dir='ltr'>quoniam</span> <span class='ocrx_word' id='word_1_377' title='bbox 3375 2901 3456 2958; x_wconf 90' lang='lat' dir='ltr'>eis</span> <span class='ocrx_word' id='word_1_378' title='bbox 3483 2901 3567 2956; x_wconf 89' lang='lat' dir='ltr'>af-</span> 
     </span>
    </p>
   </div>
   <div class='ocr_carea' id='block_1_30' title="bbox 40 2989 3570 3068">
    <p class='ocr_par' dir='ltr' id='par_1_30' title="bbox 40 2989 3570 3068">
     <span class='ocr_line' id='line_1_30' title="bbox 40 2989 3570 3068; baseline -0.002 -17"><span class='ocrx_word' id='word_1_379' title='bbox 40 2995 352 3068; x_wconf 89' lang='lat' dir='ltr'>quentiam</span> <span class='ocrx_word' id='word_1_380' title='bbox 403 2992 583 3049; x_wconf 87' lang='lat' dir='ltr'>divini</span> <span class='ocrx_word' id='word_1_381' title='bbox 633 2992 851 3048; x_wconf 89' lang='lat' dir='ltr'>servitii</span> <span class='ocrx_word' id='word_1_382' title='bbox 885 2991 1026 3046; x_wconf 91' lang='lat' dir='ltr'>inibi</span> <span class='ocrx_word' id='word_1_383' title='bbox 1075 2990 1417 3058; x_wconf 91' lang='lat' dir='ltr'>habendam,</span> <span class='ocrx_word' id='word_1_384' title='bbox 1460 2989 1759 3046; x_wconf 89' lang='lat' dir='ltr'>monachis</span> <span class='ocrx_word' id='word_1_385' title='bbox 1866 2992 2094 3048; x_wconf 91' lang='lat' dir='ltr'>fabilem</span> <span class='ocrx_word' id='word_1_386' title='bbox 2127 3000 2181 3048; x_wconf 89' lang='lat' dir='ltr'>et</span> <span class='ocrx_word' id='word_1_387' title='bbox 2211 2992 2485 3062; x_wconf 91' lang='lat' dir='ltr'>dapsilem</span> <span class='ocrx_word' id='word_1_388' title='bbox 2535 3007 2594 3047; x_wconf 90' lang='lat' dir='ltr'>se</span> <span class='ocrx_word' id='word_1_389' title='bbox 2626 2991 2933 3062; x_wconf 67' lang='lat' dir='ltr'>praebebat,</span> <span class='ocrx_word' id='word_1_390' title='bbox 2969 2998 3024 3045; x_wconf 91' lang='lat' dir='ltr'>et</span> <span class='ocrx_word' id='word_1_391' title='bbox 3063 2990 3120 3045; x_wconf 92' lang='lat' dir='ltr'>in</span> <span class='ocrx_word' id='word_1_392' title='bbox 3154 2990 3376 3046; x_wconf 88' lang='lat' dir='ltr'>actione</span> <span class='ocrx_word' id='word_1_393' title='bbox 3425 2990 3570 3045; x_wconf 85' lang='lat' dir='ltr'>fora-</span> 
     </span>
    </p>
   </div>
   <div class='ocr_carea' id='block_1_31' title="bbox 2 3077 3568 3184">
    <p class='ocr_par' dir='ltr' id='par_1_31' title="bbox 2 3077 3568 3184">
     <span class='ocr_line' id='line_1_31' title="bbox 2 3077 3568 3184; baseline -0.002 -43"><span class='ocrx_word' id='word_1_394' title='bbox 2 3148 4 3154; x_wconf 50' lang='grc'>,</span> <span class='ocrx_word' id='word_1_395' title='bbox 43 3085 397 3141; x_wconf 87' lang='lat' dir='ltr'>traderetur.</span> <span class='ocrx_word' id='word_1_396' title='bbox 442 3082 722 3148; x_wconf 89' lang='lat' dir='ltr'>Quoniam</span> <span class='ocrx_word' id='word_1_397' title='bbox 777 3094 906 3150; x_wconf 90' lang='lat' dir='ltr'>spes</span> <span class='ocrx_word' id='word_1_398' title='bbox 946 3095 1064 3136; x_wconf 89' lang='lat' dir='ltr'>non</span> <span class='ocrx_word' id='word_1_399' title='bbox 1115 3087 1239 3135; x_wconf 88' lang='lat' dir='ltr'>erat</span> <span class='ocrx_word' id='word_1_400' title='bbox 1283 3078 1378 3134; x_wconf 91' lang='lat' dir='ltr'>tali</span> <span class='ocrx_word' id='word_1_401' title='bbox 1408 3085 1591 3148; x_wconf 87' lang='lat' dir='ltr'>coepto</span> <span class='ocrx_word' id='word_1_402' title='bbox 1628 3091 1758 3133; x_wconf 86' lang='lat' dir='ltr'>ma—</span> <span class='ocrx_word' id='word_1_403' title='bbox 1797 3131 1836 3184; x_wconf 64' lang='grc' dir='ltr'>ϐ</span> <span class='ocrx_word' id='word_1_404' title='bbox 1865 3082 2142 3136; x_wconf 88' lang='lat' dir='ltr'>sticarum</span> <span class='ocrx_word' id='word_1_405' title='bbox 2184 3095 2516 3148; x_wconf 90' lang='lat' dir='ltr'>causarum,</span> <span class='ocrx_word' id='word_1_406' title='bbox 2551 3080 2610 3134; x_wconf 92' lang='lat' dir='ltr'>in</span> <span class='ocrx_word' id='word_1_407' title='bbox 2644 3078 2860 3149; x_wconf 90' lang='lat' dir='ltr'>quibus</span> <span class='ocrx_word' id='word_1_408' title='bbox 2905 3078 3267 3134; x_wconf 88' lang='lat' dir='ltr'>addiscendis</span> <span class='ocrx_word' id='word_1_409' title='bbox 3316 3092 3430 3133; x_wconf 90' lang='lat' dir='ltr'>non</span> <span class='ocrx_word' id='word_1_410' title='bbox 3462 3077 3568 3133; x_wconf 92' lang='lat' dir='ltr'>mi-</span> 
     </span>
    </p>
   </div>
   <div class='ocr_carea' id='block_1_32' title="bbox 39 3166 3568 3244">
    <p class='ocr_par' dir='ltr' id='par_1_32' title="bbox 39 3166 3568 3244">
     <span class='ocr_line' id='line_1_32' title="bbox 39 3166 3568 3244; baseline -0.002 -14"><span class='ocrx_word' id='word_1_411' title='bbox 39 3174 192 3244; x_wconf 88' lang='lat' dir='ltr'>joris</span> <span class='ocrx_word' id='word_1_412' title='bbox 247 3170 613 3240; x_wconf 88' lang='lat' dir='ltr'>incrementi;</span> <span class='ocrx_word' id='word_1_413' title='bbox 647 3185 761 3227; x_wconf 89' lang='lat' dir='ltr'>non</span> <span class='ocrx_word' id='word_1_414' title='bbox 819 3168 972 3225; x_wconf 90' lang='lat' dir='ltr'>enim</span> <span class='ocrx_word' id='word_1_415' title='bbox 1004 3168 1185 3224; x_wconf 91' lang='lat' dir='ltr'>multo</span> <span class='ocrx_word' id='word_1_416' title='bbox 1238 3167 1532 3223; x_wconf 87' lang='lat' dir='ltr'>uberiores</span> <span class='ocrx_word' id='word_1_417' title='bbox 1576 3181 1754 3237; x_wconf 89' lang='lat' dir='ltr'>quam</span> <span class='ocrx_word' id='word_1_418' title='bbox 1798 3166 1836 3184; x_wconf 71' lang='grc' dir='ltr'>υ</span> <span class='ocrx_word' id='word_1_419' title='bbox 1864 3168 2086 3224; x_wconf 90' lang='lat' dir='ltr'>nimum</span> <span class='ocrx_word' id='word_1_420' title='bbox 2123 3182 2355 3239; x_wconf 88' lang='lat' dir='ltr'>operam</span> <span class='ocrx_word' id='word_1_421' title='bbox 2386 3167 2620 3224; x_wconf 90' lang='lat' dir='ltr'>dederat</span> <span class='ocrx_word' id='word_1_422' title='bbox 2650 3168 2748 3223; x_wconf 90' lang='lat' dir='ltr'>eis.</span> <span class='ocrx_word' id='word_1_423' title='bbox 2794 3168 2873 3222; x_wconf 84' lang='lat' dir='ltr'>Re</span> <span class='ocrx_word' id='word_1_424' title='bbox 2905 3174 3097 3222; x_wconf 88' lang='lat' dir='ltr'>autem</span> <span class='ocrx_word' id='word_1_425' title='bbox 3132 3180 3268 3222; x_wconf 84' lang='lat' dir='ltr'>vera</span> <span class='ocrx_word' id='word_1_426' title='bbox 3310 3166 3568 3222; x_wconf 92' lang='lat' dir='ltr'>homines</span> 
     </span>
    </p>
   </div>
   <div class='ocr_carea' id='block_1_33' title="bbox 46 3254 3562 3328">
    <p class='ocr_par' dir='ltr' id='par_1_33' title="bbox 46 3254 3562 3328">
     <span class='ocr_line' id='line_1_33' title="bbox 46 3254 3562 3328; baseline -0.003 -10"><span class='ocrx_word' id='word_1_427' title='bbox 46 3277 148 3318; x_wconf 87' lang='lat' dir='ltr'>sex</span> <span class='ocrx_word' id='word_1_428' title='bbox 195 3261 612 3317; x_wconf 89' lang='lat' dir='ltr'>monachorum</span> <span class='ocrx_word' id='word_1_429' title='bbox 665 3273 776 3315; x_wconf 90' lang='lat' dir='ltr'>usu</span> <span class='ocrx_word' id='word_1_430' title='bbox 807 3257 1066 3326; x_wconf 88' lang='lat' dir='ltr'>apparati</span> <span class='ocrx_word' id='word_1_431' title='bbox 1115 3257 1234 3311; x_wconf 91' lang='lat' dir='ltr'>loco</span> <span class='ocrx_word' id='word_1_432' title='bbox 1274 3255 1354 3311; x_wconf 91' lang='lat' dir='ltr'>illi</span> <span class='ocrx_word' id='word_1_433' title='bbox 1389 3255 1648 3312; x_wconf 89' lang='lat' dir='ltr'>redditus</span> <span class='ocrx_word' id='word_1_434' title='bbox 1677 3255 1758 3311; x_wconf 91' lang='lat' dir='ltr'>vi-</span> <span class='ocrx_word' id='word_1_435' title='bbox 1862 3272 1929 3314; x_wconf 90' lang='lat' dir='ltr'>ea</span> <span class='ocrx_word' id='word_1_436' title='bbox 1992 3261 2342 3328; x_wconf 87' lang='lat' dir='ltr'>tempestate,</span> <span class='ocrx_word' id='word_1_437' title='bbox 2392 3259 2462 3313; x_wconf 88' lang='lat' dir='ltr'>de</span> <span class='ocrx_word' id='word_1_438' title='bbox 2491 3257 2701 3327; x_wconf 91' lang='lat' dir='ltr'>quain</span> <span class='ocrx_word' id='word_1_439' title='bbox 2767 3256 2944 3326; x_wconf 89' lang='lat' dir='ltr'>hujus</span> <span class='ocrx_word' id='word_1_440' title='bbox 2991 3255 3179 3325; x_wconf 92' lang='lat' dir='ltr'>operis</span> <span class='ocrx_word' id='word_1_441' title='bbox 3246 3255 3407 3310; x_wconf 89' lang='lat' dir='ltr'>initio</span> <span class='ocrx_word' id='word_1_442' title='bbox 3449 3254 3562 3326; x_wconf 89' lang='lat' dir='ltr'>egi,</span> 
     </span>
    </p>
   </div>
   <div class='ocr_carea' id='block_1_34' title="bbox 46 3342 3564 3417">
    <p class='ocr_par' dir='ltr' id='par_1_34' title="bbox 46 3342 3564 3417">
     <span class='ocr_line' id='line_1_34' title="bbox 46 3342 3564 3417; baseline -0.003 -11"><span class='ocrx_word' id='word_1_443' title='bbox 46 3351 362 3417; x_wconf 91' lang='lat' dir='ltr'>debantur,</span> <span class='ocrx_word' id='word_1_444' title='bbox 410 3362 443 3404; x_wconf 91' lang='lat' dir='ltr'>a</span> <span class='ocrx_word' id='word_1_445' title='bbox 481 3347 746 3414; x_wconf 89' lang='lat' dir='ltr'>rudibus,</span> <span class='ocrx_word' id='word_1_446' title='bbox 794 3355 848 3403; x_wconf 90' lang='lat' dir='ltr'>et</span> <span class='ocrx_word' id='word_1_447' title='bbox 879 3346 1071 3402; x_wconf 91' lang='lat' dir='ltr'>minus</span> <span class='ocrx_word' id='word_1_448' title='bbox 1100 3345 1281 3402; x_wconf 90' lang='lat' dir='ltr'>doctis</span> <span class='ocrx_word' id='word_1_449' title='bbox 1310 3345 1383 3400; x_wconf 88' lang='lat' dir='ltr'>ad</span> <span class='ocrx_word' id='word_1_450' title='bbox 1436 3344 1635 3414; x_wconf 89' lang='lat' dir='ltr'>aliqua</span> <span class='ocrx_word' id='word_1_451' title='bbox 1662 3345 1756 3400; x_wconf 91' lang='lat' dir='ltr'>in-</span> <span class='ocrx_word' id='word_1_452' title='bbox 1864 3346 2128 3402; x_wconf 88' lang='lat' dir='ltr'>liberales</span> <span class='ocrx_word' id='word_1_453' title='bbox 2174 3347 2248 3402; x_wconf 90' lang='lat' dir='ltr'>ad</span> <span class='ocrx_word' id='word_1_454' title='bbox 2299 3347 2653 3402; x_wconf 90' lang='lat' dir='ltr'>instituenda</span> <span class='ocrx_word' id='word_1_455' title='bbox 2708 3344 2968 3400; x_wconf 74' lang='lat' dir='ltr'>cmnobia</span> <span class='ocrx_word' id='word_1_456' title='bbox 3016 3343 3238 3398; x_wconf 91' lang='lat' dir='ltr'>animos</span> <span class='ocrx_word' id='word_1_457' title='bbox 3268 3342 3564 3408; x_wconf 87' lang='lat' dir='ltr'>habentes,</span> 
     </span>
    </p>
   </div>
   <div class='ocr_carea' id='block_1_35' title="bbox 46 3429 3567 3507">
    <p class='ocr_par' dir='ltr' id='par_1_35' title="bbox 46 3429 3567 3507">
     <span class='ocr_line' id='line_1_35' title="bbox 46 3429 3567 3507; baseline -0.003 -12"><span class='ocrx_word' id='word_1_458' title='bbox 46 3439 344 3496; x_wconf 88' lang='lat' dir='ltr'>stituenda</span> <span class='ocrx_word' id='word_1_459' title='bbox 404 3437 492 3493; x_wconf 85' lang='lat' dir='ltr'>vel</span> <span class='ocrx_word' id='word_1_460' title='bbox 547 3435 935 3507; x_wconf 88' lang='lat' dir='ltr'>promovenda</span> <span class='ocrx_word' id='word_1_461' title='bbox 988 3435 1246 3504; x_wconf 88' lang='lat' dir='ltr'>personis</span> <span class='ocrx_word' id='word_1_462' title='bbox 1298 3433 1534 3490; x_wconf 86' lang='lat' dir='ltr'>ecclesia</span> <span class='ocrx_word' id='word_1_463' title='bbox 1586 3433 1757 3503; x_wconf 87' lang='lat' dir='ltr'>coepit</span> <span class='ocrx_word' id='word_1_464' title='bbox 1867 3443 2049 3491; x_wconf 90' lang='lat' dir='ltr'>terras</span> <span class='ocrx_word' id='word_1_465' title='bbox 2077 3443 2132 3491; x_wconf 91' lang='lat' dir='ltr'>et</span> <span class='ocrx_word' id='word_1_466' title='bbox 2160 3435 2374 3490; x_wconf 89' lang='lat' dir='ltr'>multas</span> <span class='ocrx_word' id='word_1_467' title='bbox 2412 3434 2688 3504; x_wconf 89' lang='lat' dir='ltr'>pecunias</span> <span class='ocrx_word' id='word_1_468' title='bbox 2730 3432 3106 3498; x_wconf 91' lang='lat' dir='ltr'>conferentes,</span> <span class='ocrx_word' id='word_1_469' title='bbox 3150 3429 3344 3486; x_wconf 69' lang='lat' dir='ltr'>laesius</span> <span class='ocrx_word' id='word_1_470' title='bbox 3372 3432 3567 3486; x_wconf 89' lang='lat' dir='ltr'>suain</span> 
     </span>
    </p>
   </div>
   <div class='ocr_carea' id='block_1_36' title="bbox 49 3519 3568 3596">
    <p class='ocr_par' dir='ltr' id='par_1_36' title="bbox 49 3519 3568 3596">
     <span class='ocr_line' id='line_1_36' title="bbox 49 3519 3568 3596; baseline -0.003 -13"><span class='ocrx_word' id='word_1_471' title='bbox 49 3527 344 3584; x_wconf 89' lang='lat' dir='ltr'>innovari.</span> <span class='ocrx_word' id='word_1_472' title='bbox 378 3526 515 3593; x_wconf 61' lang='lat' dir='ltr'>Quae</span> <span class='ocrx_word' id='word_1_473' title='bbox 559 3525 836 3596; x_wconf 91' lang='lat' dir='ltr'>quoniam</span> <span class='ocrx_word' id='word_1_474' title='bbox 885 3525 1112 3591; x_wconf 90' lang='lat' dir='ltr'>ducem,</span> <span class='ocrx_word' id='word_1_475' title='bbox 1150 3527 1206 3578; x_wconf 89' lang='lat' dir='ltr'>et</span> <span class='ocrx_word' id='word_1_476' title='bbox 1236 3523 1484 3594; x_wconf 89' lang='lat' dir='ltr'>alicujus</span> <span class='ocrx_word' id='word_1_477' title='bbox 1513 3522 1758 3593; x_wconf 70' lang='lat' dir='ltr'>argutiae</span> <span class='ocrx_word' id='word_1_478' title='bbox 1865 3525 2078 3580; x_wconf 90' lang='lat' dir='ltr'>talibus</span> <span class='ocrx_word' id='word_1_479' title='bbox 2129 3524 2552 3594; x_wconf 86' lang='lat' dir='ltr'>expendebant,</span> <span class='ocrx_word' id='word_1_480' title='bbox 2605 3536 2781 3594; x_wconf 90' lang='lat' dir='ltr'>quam</span> <span class='ocrx_word' id='word_1_481' title='bbox 2813 3520 2914 3576; x_wconf 84' lang='lat' dir='ltr'>filii</span> <span class='ocrx_word' id='word_1_482' title='bbox 2958 3534 3160 3577; x_wconf 90' lang='lat' dir='ltr'>eorum</span> <span class='ocrx_word' id='word_1_483' title='bbox 3211 3519 3360 3574; x_wconf 91' lang='lat' dir='ltr'>bona</span> <span class='ocrx_word' id='word_1_484' title='bbox 3402 3519 3568 3575; x_wconf 89' lang='lat' dir='ltr'>nobis</span> 
     </span>
    </p>
   </div>
   <div class='ocr_carea' id='block_1_37' title="bbox 48 3608 3570 3688">
    <p class='ocr_par' dir='ltr' id='par_1_37' title="bbox 48 3608 3570 3688">
     <span class='ocr_line' id='line_1_37' title="bbox 48 3608 3570 3688; baseline -0.003 -15"><span class='ocrx_word' id='word_1_485' title='bbox 48 3623 462 3688; x_wconf 66' lang='lat' dir='ltr'>praeceptorem</span> <span class='ocrx_word' id='word_1_486' title='bbox 494 3615 552 3670; x_wconf 92' lang='lat' dir='ltr'>in</span> <span class='ocrx_word' id='word_1_487' title='bbox 601 3613 939 3670; x_wconf 83' lang='lat' dir='ltr'>aediﬁcando</span> <span class='ocrx_word' id='word_1_488' title='bbox 985 3626 1100 3668; x_wconf 90' lang='lat' dir='ltr'>non</span> <span class='ocrx_word' id='word_1_489' title='bbox 1152 3611 1373 3679; x_wconf 89' lang='lat' dir='ltr'>habuit,</span> <span class='ocrx_word' id='word_1_490' title='bbox 1418 3611 1758 3666; x_wconf 90' lang='lat' dir='ltr'>laciniosum</span> <span class='ocrx_word' id='word_1_491' title='bbox 1867 3612 1958 3669; x_wconf 89' lang='lat' dir='ltr'>his</span> <span class='ocrx_word' id='word_1_492' title='bbox 1988 3613 2192 3670; x_wconf 89' lang='lat' dir='ltr'>diebus</span> <span class='ocrx_word' id='word_1_493' title='bbox 2221 3612 2396 3669; x_wconf 85' lang='lat' dir='ltr'>verba</span> <span class='ocrx_word' id='word_1_494' title='bbox 2435 3611 2788 3682; x_wconf 89' lang='lat' dir='ltr'>impendant.</span> <span class='ocrx_word' id='word_1_495' title='bbox 2822 3610 3102 3678; x_wconf 86' lang='lat' dir='ltr'>Quoniam</span> <span class='ocrx_word' id='word_1_496' title='bbox 3153 3609 3332 3680; x_wconf 88' lang='lat' dir='ltr'>igitur</span> <span class='ocrx_word' id='word_1_497' title='bbox 3361 3608 3419 3663; x_wconf 91' lang='lat' dir='ltr'>in</span> <span class='ocrx_word' id='word_1_498' title='bbox 3448 3623 3570 3664; x_wconf 89' lang='lat' dir='ltr'>mo-</span> 
     </span>
    </p>
   </div>
   <div class='ocr_carea' id='block_1_38' title="bbox 49 3699 3570 3777">
    <p class='ocr_par' dir='ltr' id='par_1_38' title="bbox 49 3699 3570 3777">
     <span class='ocr_line' id='line_1_38' title="bbox 49 3699 3570 3777; baseline -0.003 -14"><span class='ocrx_word' id='word_1_499' title='bbox 49 3707 293 3777; x_wconf 89' lang='lat' dir='ltr'>quidem</span> <span class='ocrx_word' id='word_1_500' title='bbox 326 3704 482 3775; x_wconf 90' lang='lat' dir='ltr'>quod</span> <span class='ocrx_word' id='word_1_501' title='bbox 540 3703 755 3759; x_wconf 89' lang='lat' dir='ltr'>factum</span> <span class='ocrx_word' id='word_1_502' title='bbox 803 3708 887 3758; x_wconf 87' lang='lat' dir='ltr'>est</span> <span class='ocrx_word' id='word_1_503' title='bbox 917 3701 1045 3757; x_wconf 89' lang='lat' dir='ltr'>fuit.</span> <span class='ocrx_word' id='word_1_504' title='bbox 1100 3700 1316 3756; x_wconf 89' lang='lat' dir='ltr'>Meliori</span> <span class='ocrx_word' id='word_1_505' title='bbox 1368 3699 1549 3770; x_wconf 88' lang='lat' dir='ltr'>igitur</span> <span class='ocrx_word' id='word_1_506' title='bbox 1580 3712 1758 3769; x_wconf 89' lang='lat' dir='ltr'>quam</span> <span class='ocrx_word' id='word_1_507' title='bbox 1867 3701 2131 3758; x_wconf 88' lang='lat' dir='ltr'>nasteriis</span> <span class='ocrx_word' id='word_1_508' title='bbox 2175 3701 2549 3758; x_wconf 87' lang='lat' dir='ltr'>circumcirca</span> <span class='ocrx_word' id='word_1_509' title='bbox 2580 3699 2777 3770; x_wconf 88' lang='lat' dir='ltr'>positis</span> <span class='ocrx_word' id='word_1_510' title='bbox 2806 3700 3002 3756; x_wconf 89' lang='lat' dir='ltr'>minus</span> <span class='ocrx_word' id='word_1_511' title='bbox 3029 3712 3205 3768; x_wconf 88' lang='lat' dir='ltr'>quam</span> <span class='ocrx_word' id='word_1_512' title='bbox 3235 3705 3570 3767; x_wconf 87' lang='lat' dir='ltr'>oportuerat</span> 
     </span>
    </p>
   </div>
   <div class='ocr_carea' id='block_1_39' title="bbox 49 3787 3567 3862">
    <p class='ocr_par' dir='ltr' id='par_1_39' title="bbox 49 3787 3567 3862">
     <span class='ocr_line' id='line_1_39' title="bbox 49 3787 3567 3862; baseline -0.003 -11"><span class='ocrx_word' id='word_1_513' title='bbox 49 3809 214 3851; x_wconf 91' lang='lat' dir='ltr'>nunc</span> <span class='ocrx_word' id='word_1_514' title='bbox 245 3792 411 3862; x_wconf 89' lang='lat' dir='ltr'>copia</span> <span class='ocrx_word' id='word_1_515' title='bbox 456 3791 813 3848; x_wconf 88' lang='lat' dir='ltr'>exuberante</span> <span class='ocrx_word' id='word_1_516' title='bbox 873 3797 1011 3846; x_wconf 91' lang='lat' dir='ltr'>tunc</span> <span class='ocrx_word' id='word_1_517' title='bbox 1057 3789 1287 3856; x_wconf 64' lang='lat' dir='ltr'>saeculo,</span> <span class='ocrx_word' id='word_1_518' title='bbox 1351 3803 1424 3844; x_wconf 89' lang='lat' dir='ltr'>ex</span> <span class='ocrx_word' id='word_1_519' title='bbox 1455 3802 1754 3858; x_wconf 88' lang='lat' dir='ltr'>procerum</span> <span class='ocrx_word' id='word_1_520' title='bbox 1868 3789 2160 3862; x_wconf 89' lang='lat' dir='ltr'>religionis</span> <span class='ocrx_word' id='word_1_521' title='bbox 2193 3790 2448 3847; x_wconf 86' lang='lat' dir='ltr'>studium</span> <span class='ocrx_word' id='word_1_522' title='bbox 2500 3789 2841 3857; x_wconf 89' lang='lat' dir='ltr'>habebatur,</span> <span class='ocrx_word' id='word_1_523' title='bbox 2875 3795 2930 3844; x_wconf 90' lang='lat' dir='ltr'>et</span> <span class='ocrx_word' id='word_1_524' title='bbox 2963 3788 3062 3844; x_wconf 91' lang='lat' dir='ltr'>iste</span> <span class='ocrx_word' id='word_1_525' title='bbox 3096 3787 3154 3842; x_wconf 89' lang='lat' dir='ltr'>in</span> <span class='ocrx_word' id='word_1_526' title='bbox 3194 3787 3406 3844; x_wconf 87' lang='lat' dir='ltr'>talibus</span> <span class='ocrx_word' id='word_1_527' title='bbox 3435 3801 3567 3843; x_wconf 92' lang='lat' dir='ltr'>cum</span> 
     </span>
    </p>
   </div>
   <div class='ocr_carea' id='block_1_40' title="bbox 51 3876 3570 3950">
    <p class='ocr_par' dir='ltr' id='par_1_40' title="bbox 51 3876 3570 3950">
     <span class='ocr_line' id='line_1_40' title="bbox 51 3876 3570 3950; baseline -0.002 -11"><span class='ocrx_word' id='word_1_528' title='bbox 51 3882 272 3940; x_wconf 89' lang='lat' dir='ltr'>castelli</span> <span class='ocrx_word' id='word_1_529' title='bbox 321 3881 681 3947; x_wconf 88' lang='lat' dir='ltr'>muneribus,</span> <span class='ocrx_word' id='word_1_530' title='bbox 729 3887 1017 3936; x_wconf 88' lang='lat' dir='ltr'>crescente</span> <span class='ocrx_word' id='word_1_531' title='bbox 1064 3879 1281 3945; x_wconf 87' lang='lat' dir='ltr'>locello,</span> <span class='ocrx_word' id='word_1_532' title='bbox 1332 3877 1424 3934; x_wconf 87' lang='lat' dir='ltr'>cui</span> <span class='ocrx_word' id='word_1_533' title='bbox 1475 3885 1667 3933; x_wconf 88' lang='lat' dir='ltr'>tamen</span> <span class='ocrx_word' id='word_1_534' title='bbox 1699 3877 1759 3932; x_wconf 93' lang='lat' dir='ltr'>in</span> <span class='ocrx_word' id='word_1_535' title='bbox 1868 3881 1990 3937; x_wconf 91' lang='lat' dir='ltr'>suis</span> <span class='ocrx_word' id='word_1_536' title='bbox 2020 3879 2254 3950; x_wconf 91' lang='lat' dir='ltr'>plurimi</span> <span class='ocrx_word' id='word_1_537' title='bbox 2285 3879 2539 3935; x_wconf 85' lang='lat' dir='ltr'>exerceri</span> <span class='ocrx_word' id='word_1_538' title='bbox 2573 3878 2899 3945; x_wconf 89' lang='lat' dir='ltr'>videbatur,</span> <span class='ocrx_word' id='word_1_539' title='bbox 2933 3877 3082 3932; x_wconf 91' lang='lat' dir='ltr'>sicut</span> <span class='ocrx_word' id='word_1_540' title='bbox 3112 3877 3306 3932; x_wconf 91' lang='lat' dir='ltr'>lumen</span> <span class='ocrx_word' id='word_1_541' title='bbox 3339 3876 3570 3946; x_wconf 91' lang='lat' dir='ltr'>parvis-</span> 
     </span>
    </p>
   </div>
   <div class='ocr_carea' id='block_1_41' title="bbox 51 3964 3572 4039">
    <p class='ocr_par' dir='ltr' id='par_1_41' title="bbox 51 3964 3572 4039">
     <span class='ocr_line' id='line_1_41' title="bbox 51 3964 3572 4039; baseline -0.002 -11"><span class='ocrx_word' id='word_1_542' title='bbox 51 3973 338 4028; x_wconf 90' lang='lat' dir='ltr'>donorum</span> <span class='ocrx_word' id='word_1_543' title='bbox 392 3969 680 4039; x_wconf 90' lang='lat' dir='ltr'>primitiis,</span> <span class='ocrx_word' id='word_1_544' title='bbox 713 3975 767 4024; x_wconf 92' lang='lat' dir='ltr'>et</span> <span class='ocrx_word' id='word_1_545' title='bbox 815 3967 1053 4039; x_wconf 89' lang='lat' dir='ltr'>largitas</span> <span class='ocrx_word' id='word_1_546' title='bbox 1083 3973 1452 4036; x_wconf 67' lang='lat' dir='ltr'>praecesserat</span> <span class='ocrx_word' id='word_1_547' title='bbox 1493 3965 1759 4022; x_wconf 88' lang='lat' dir='ltr'>domino-</span> <span class='ocrx_word' id='word_1_548' title='bbox 1870 3970 2082 4026; x_wconf 91' lang='lat' dir='ltr'>simum</span> <span class='ocrx_word' id='word_1_549' title='bbox 2114 3967 2316 4024; x_wconf 91' lang='lat' dir='ltr'>mediis</span> <span class='ocrx_word' id='word_1_550' title='bbox 2365 3967 2424 4022; x_wconf 90' lang='lat' dir='ltr'>in</span> <span class='ocrx_word' id='word_1_551' title='bbox 2461 3966 2709 4022; x_wconf 88' lang='lat' dir='ltr'>tenebris</span> <span class='ocrx_word' id='word_1_552' title='bbox 2740 3965 2912 4021; x_wconf 90' lang='lat' dir='ltr'>habet</span> <span class='ocrx_word' id='word_1_553' title='bbox 2940 3965 3150 4031; x_wconf 88' lang='lat' dir='ltr'>locum,</span> <span class='ocrx_word' id='word_1_554' title='bbox 3184 3964 3265 4019; x_wconf 89' lang='lat' dir='ltr'>sic</span> <span class='ocrx_word' id='word_1_555' title='bbox 3306 3964 3378 4019; x_wconf 91' lang='lat' dir='ltr'>ad</span> <span class='ocrx_word' id='word_1_556' title='bbox 3424 3979 3572 4020; x_wconf 92' lang='lat' dir='ltr'>com-</span> 
     </span>
    </p>
   </div>
   <div class='ocr_carea' id='block_1_42' title="bbox 55 4055 3572 4129">
    <p class='ocr_par' dir='ltr' id='par_1_42' title="bbox 55 4055 3572 4129">
     <span class='ocr_line' id='line_1_42' title="bbox 55 4055 3572 4129; baseline -0.002 -13"><span class='ocrx_word' id='word_1_557' title='bbox 55 4075 210 4127; x_wconf 90' lang='lat' dir='ltr'>rum,</span> <span class='ocrx_word' id='word_1_558' title='bbox 247 4067 303 4116; x_wconf 90' lang='lat' dir='ltr'>et</span> <span class='ocrx_word' id='word_1_559' title='bbox 365 4059 422 4114; x_wconf 91' lang='lat' dir='ltr'>in</span> <span class='ocrx_word' id='word_1_560' title='bbox 473 4057 880 4128; x_wconf 87' lang='lat' dir='ltr'>largitionibus</span> <span class='ocrx_word' id='word_1_561' title='bbox 922 4056 1124 4112; x_wconf 90' lang='lat' dir='ltr'>alienis</span> <span class='ocrx_word' id='word_1_562' title='bbox 1187 4055 1623 4126; x_wconf 85' lang='lat' dir='ltr'>suﬂragabatur</span> <span class='ocrx_word' id='word_1_563' title='bbox 1669 4068 1759 4109; x_wconf 91' lang='lat' dir='ltr'>as-</span> <span class='ocrx_word' id='word_1_564' title='bbox 1870 4057 2188 4129; x_wconf 87' lang='lat' dir='ltr'>parandam</span> <span class='ocrx_word' id='word_1_565' title='bbox 2221 4056 2472 4112; x_wconf 90' lang='lat' dir='ltr'>nominis</span> <span class='ocrx_word' id='word_1_566' title='bbox 2517 4055 2833 4110; x_wconf 88' lang='lat' dir='ltr'>claritatem</span> <span class='ocrx_word' id='word_1_567' title='bbox 2879 4067 3138 4124; x_wconf 65' lang='lat' dir='ltr'>personae</span> <span class='ocrx_word' id='word_1_568' title='bbox 3167 4068 3298 4122; x_wconf 65' lang='lat' dir='ltr'>quae</span> <span class='ocrx_word' id='word_1_569' title='bbox 3330 4060 3572 4122; x_wconf 73' lang='lat' dir='ltr'>przeerat</span> 
     </span>
    </p>
   </div>
   <div class='ocr_carea' id='block_1_43' title="bbox 54 4140 3569 4217">
    <p class='ocr_par' dir='ltr' id='par_1_43' title="bbox 54 4140 3569 4217">
     <span class='ocr_line' id='line_1_43' title="bbox 54 4140 3569 4217; baseline -0.003 -12"><span class='ocrx_word' id='word_1_570' title='bbox 54 4164 282 4217; x_wconf 89' lang='lat' dir='ltr'>sensus,</span> <span class='ocrx_word' id='word_1_571' title='bbox 335 4147 635 4204; x_wconf 91' lang='lat' dir='ltr'>commodo</span> <span class='ocrx_word' id='word_1_572' title='bbox 685 4147 825 4202; x_wconf 89' lang='lat' dir='ltr'>satis</span> <span class='ocrx_word' id='word_1_573' title='bbox 859 4153 915 4201; x_wconf 92' lang='lat' dir='ltr'>et</span> <span class='ocrx_word' id='word_1_574' title='bbox 963 4145 1068 4200; x_wconf 91' lang='lat' dir='ltr'>loci</span> <span class='ocrx_word' id='word_1_575' title='bbox 1105 4145 1370 4211; x_wconf 85' lang='lat' dir='ltr'>fratrum,</span> <span class='ocrx_word' id='word_1_576' title='bbox 1424 4153 1479 4200; x_wconf 92' lang='lat' dir='ltr'>et</span> <span class='ocrx_word' id='word_1_577' title='bbox 1502 4144 1630 4214; x_wconf 89' lang='lat' dir='ltr'>ejus</span> <span class='ocrx_word' id='word_1_578' title='bbox 1659 4157 1759 4213; x_wconf 85' lang='lat' dir='ltr'>pa-</span> <span class='ocrx_word' id='word_1_579' title='bbox 1871 4147 2129 4204; x_wconf 85' lang='lat' dir='ltr'>exhibita</span> <span class='ocrx_word' id='word_1_580' title='bbox 2176 4144 2592 4216; x_wconf 88' lang='lat' dir='ltr'>temperantia,</span> <span class='ocrx_word' id='word_1_581' title='bbox 2633 4144 3144 4214; x_wconf 90' lang='lat' dir='ltr'>subjectorumque</span> <span class='ocrx_word' id='word_1_582' title='bbox 3192 4141 3259 4196; x_wconf 90' lang='lat' dir='ltr'>ad</span> <span class='ocrx_word' id='word_1_583' title='bbox 3313 4140 3440 4210; x_wconf 89' lang='lat' dir='ltr'>ejus</span> <span class='ocrx_word' id='word_1_584' title='bbox 3464 4141 3569 4196; x_wconf 91' lang='lat' dir='ltr'>im-</span> 
     </span>
    </p>
   </div>
   <div class='ocr_carea' id='block_1_44' title="bbox 58 4228 3568 4306">
    <p class='ocr_par' dir='ltr' id='par_1_44' title="bbox 58 4228 3568 4306">
     <span class='ocr_line' id='line_1_44' title="bbox 58 4228 3568 4306; baseline -0.003 -11"><span class='ocrx_word' id='word_1_585' title='bbox 58 4246 360 4294; x_wconf 90' lang='lat' dir='ltr'>tronorum</span> <span class='ocrx_word' id='word_1_586' title='bbox 394 4235 690 4305; x_wconf 89' lang='lat' dir='ltr'>provisum</span> <span class='ocrx_word' id='word_1_587' title='bbox 737 4241 822 4290; x_wconf 91' lang='lat' dir='ltr'>est</span> <span class='ocrx_word' id='word_1_588' title='bbox 849 4233 1104 4299; x_wconf 91' lang='lat' dir='ltr'>consilio,</span> <span class='ocrx_word' id='word_1_589' title='bbox 1151 4240 1215 4288; x_wconf 88' lang='lat' dir='ltr'>ut</span> <span class='ocrx_word' id='word_1_590' title='bbox 1259 4235 1316 4288; x_wconf 86' lang='grc' dir='ltr'>Β.</span> <span class='ocrx_word' id='word_1_591' title='bbox 1353 4233 1590 4303; x_wconf 81' lang='lat' dir='ltr'>Remigii</span> <span class='ocrx_word' id='word_1_592' title='bbox 1627 4241 1763 4288; x_wconf 90' lang='lat' dir='ltr'>tunc</span> <span class='ocrx_word' id='word_1_593' title='bbox 1872 4236 2098 4306; x_wconf 88' lang='lat' dir='ltr'>perium</span> <span class='ocrx_word' id='word_1_594' title='bbox 2130 4234 2582 4302; x_wconf 90' lang='lat' dir='ltr'>obtemperantia</span> <span class='ocrx_word' id='word_1_595' title='bbox 2623 4240 2847 4301; x_wconf 90' lang='lat' dir='ltr'>tempus</span> <span class='ocrx_word' id='word_1_596' title='bbox 2877 4228 3127 4286; x_wconf 88' lang='lat' dir='ltr'>obtinuit</span> <span class='ocrx_word' id='word_1_597' title='bbox 3156 4235 3568 4298; x_wconf 90' lang='lat' dir='ltr'>opportunum.</span> 
     </span>
    </p>
   </div>
   <div class='ocr_carea' id='block_1_45' title="bbox 55 4318 3572 4394">
    <p class='ocr_par' dir='ltr' id='par_1_45' title="bbox 55 4318 3572 4394">
     <span class='ocr_line' id='line_1_45' title="bbox 55 4318 3572 4394; baseline -0.003 -12"><span class='ocrx_word' id='word_1_598' title='bbox 55 4327 350 4393; x_wconf 89' lang='lat' dir='ltr'>abbatem,</span> <span class='ocrx_word' id='word_1_599' title='bbox 395 4324 495 4394; x_wconf 89' lang='lat' dir='ltr'>qui</span> <span class='ocrx_word' id='word_1_600' title='bbox 541 4323 657 4393; x_wconf 87' lang='lat' dir='ltr'>jam</span> <span class='ocrx_word' id='word_1_601' title='bbox 705 4323 927 4378; x_wconf 89' lang='lat' dir='ltr'>dudum</span> <span class='ocrx_word' id='word_1_602' title='bbox 964 4319 1056 4391; x_wconf 75' lang='grc' dir='ltr'>(το)</span> <span class='ocrx_word' id='word_1_603' title='bbox 1111 4320 1517 4376; x_wconf 88' lang='lat' dir='ltr'>Humiliarensi</span> <span class='ocrx_word' id='word_1_604' title='bbox 1561 4333 1760 4375; x_wconf 88' lang='lat' dir='ltr'>mona-</span> <span class='ocrx_word' id='word_1_605' title='bbox 1946 4324 2235 4390; x_wconf 82' lang='lat' dir='ltr'>Godefridi</span> <span class='ocrx_word' id='word_1_606' title='bbox 2275 4323 2449 4391; x_wconf 84' lang='lat' dir='ltr'>proba</span> <span class='ocrx_word' id='word_1_607' title='bbox 2508 4323 2785 4376; x_wconf 84' lang='lat' dir='ltr'>instituta.</span> <span class='ocrx_word' id='word_1_608' title='bbox 2838 4320 3067 4375; x_wconf 84' lang='lat' dir='ltr'>Creatur</span> <span class='ocrx_word' id='word_1_609' title='bbox 3107 4319 3386 4387; x_wconf 81' lang='lat' dir='ltr'>episcopus</span> <span class='ocrx_word' id='word_1_610' title='bbox 3433 4318 3572 4372; x_wconf 88' lang='lat' dir='ltr'>Am-</span> 
     </span>
    </p>
   </div>
   <div class='ocr_carea' id='block_1_46' title="bbox 56 4405 3574 4488">
    <p class='ocr_par' dir='ltr' id='par_1_46' title="bbox 56 4405 3574 4488">
     <span class='ocr_line' id='line_1_46' title="bbox 56 4405 3574 4488; baseline -0.003 -19"><span class='ocrx_word' id='word_1_611' title='bbox 56 4416 231 4471; x_wconf 91' lang='lat' dir='ltr'>sterio</span> <span class='ocrx_word' id='word_1_612' title='bbox 258 4414 458 4485; x_wconf 88' lang='lat' dir='ltr'>(vulgo</span> <span class='ocrx_word' id='word_1_613' title='bbox 492 4413 841 4476; x_wconf 76' lang='lat' dir='ltr'>Hombliéres,</span> <span class='ocrx_word' id='word_1_614' title='bbox 873 4425 1048 4481; x_wconf 89' lang='lat' dir='ltr'>prope</span> <span class='ocrx_word' id='word_1_615' title='bbox 1091 4409 1364 4466; x_wconf 90' lang='lat' dir='ltr'>Sanctum</span> <span class='ocrx_word' id='word_1_616' title='bbox 1396 4409 1759 4476; x_wconf 89' lang='lat' dir='ltr'>Quintinum)</span> <span class='ocrx_word' id='word_1_617' title='bbox 1801 4435 1844 4488; x_wconf 71' lang='grc' dir='ltr'>ι)</span> <span class='ocrx_word' id='word_1_618' title='bbox 1873 4414 2164 4467; x_wconf 81' lang='lat' dir='ltr'>bianensis.</span> <span class='ocrx_word' id='word_1_619' title='bbox 2220 4412 2516 4467; x_wconf 82' lang='lat' dir='ltr'>Concilium</span> <span class='ocrx_word' id='word_1_620' title='bbox 2555 4413 2614 4463; x_wconf 86' lang='lat' dir='ltr'>in</span> <span class='ocrx_word' id='word_1_621' title='bbox 2661 4410 2880 4462; x_wconf 82' lang='lat' dir='ltr'>civitate</span> <span class='ocrx_word' id='word_1_622' title='bbox 2939 4409 3187 4462; x_wconf 85' lang='lat' dir='ltr'>Trecensi</span> <span class='ocrx_word' id='word_1_623' title='bbox 3215 4423 3250 4460; x_wconf 90' lang='lat' dir='ltr'>a</span> <span class='ocrx_word' id='word_1_624' title='bbox 3299 4405 3574 4460; x_wconf 84' lang='lat' dir='ltr'>Richardo</span> 
     </span>
    </p>
   </div>
   <div class='ocr_carea' id='block_1_47' title="bbox 59 4491 3571 4572">
    <p class='ocr_par' dir='ltr' id='par_1_47' title="bbox 59 4491 3571 4572">
     <span class='ocr_line' id='line_1_47' title="bbox 59 4491 3571 4572; baseline -0.004 -13"><span class='ocrx_word' id='word_1_625' title='bbox 59 4510 326 4572; x_wconf 76' lang='lat' dir='ltr'>praeerat,</span> <span class='ocrx_word' id='word_1_626' title='bbox 382 4501 755 4572; x_wconf 76' lang='lat' dir='ltr'>magnificum</span> <span class='ocrx_word' id='word_1_627' title='bbox 811 4499 1026 4555; x_wconf 80' lang='lat' dir='ltr'>scilicet</span> <span class='ocrx_word' id='word_1_628' title='bbox 1071 4498 1262 4554; x_wconf 90' lang='lat' dir='ltr'>virum</span> <span class='ocrx_word' id='word_1_629' title='bbox 1312 4497 1405 4568; x_wconf 70' lang='grc' dir='ltr'>(Ἠ)</span> <span class='ocrx_word' id='word_1_630' title='bbox 1447 4497 1760 4554; x_wconf 81' lang='lat' dir='ltr'>Henricum</span> <span class='ocrx_word' id='word_1_631' title='bbox 1873 4502 2046 4567; x_wconf 84' lang='lat' dir='ltr'>legato</span> <span class='ocrx_word' id='word_1_632' title='bbox 2093 4501 2324 4566; x_wconf 86' lang='lat' dir='ltr'>cogitur.</span> <span class='ocrx_word' id='word_1_633' title='bbox 2376 4528 2442 4537; x_wconf 89' lang='lat'>——</span> <span class='ocrx_word' id='word_1_634' title='bbox 2493 4495 2882 4552; x_wconf 89' lang='lat' dir='ltr'>Simoniacum</span> <span class='ocrx_word' id='word_1_635' title='bbox 2930 4494 3128 4564; x_wconf 85' lang='lat' dir='ltr'>itaque</span> <span class='ocrx_word' id='word_1_636' title='bbox 3171 4491 3466 4564; x_wconf 90' lang='lat' dir='ltr'>quidpiam</span> <span class='ocrx_word' id='word_1_637' title='bbox 3512 4492 3571 4546; x_wconf 91' lang='lat' dir='ltr'>in</span> 
     </span>
    </p>
   </div>
   <div class='ocr_carea' id='block_1_48' title="bbox 58 4579 3576 4660">
    <p class='ocr_par' dir='ltr' id='par_1_48' title="bbox 58 4579 3576 4660">
     <span class='ocr_line' id='line_1_48' title="bbox 58 4579 3576 4660; baseline -0.003 -14"><span class='ocrx_word' id='word_1_638' title='bbox 58 4591 374 4648; x_wconf 72' lang='lat' dir='ltr'>cmnobiolo</span> <span class='ocrx_word' id='word_1_639' title='bbox 401 4591 572 4648; x_wconf 89' lang='lat' dir='ltr'>etiam</span> <span class='ocrx_word' id='word_1_640' title='bbox 624 4589 726 4660; x_wconf 93' lang='lat' dir='ltr'>ipsi</span> <span class='ocrx_word' id='word_1_641' title='bbox 762 4588 1134 4658; x_wconf 63' lang='lat' dir='ltr'>praeﬁcerem.</span> <span class='ocrx_word' id='word_1_642' title='bbox 1169 4588 1276 4653; x_wconf 86' lang='lat' dir='ltr'>Qui</span> <span class='ocrx_word' id='word_1_643' title='bbox 1325 4587 1614 4658; x_wconf 89' lang='lat' dir='ltr'>siquidem</span> <span class='ocrx_word' id='word_1_644' title='bbox 1644 4601 1760 4642; x_wconf 89' lang='lat' dir='ltr'>non</span> <span class='ocrx_word' id='word_1_645' title='bbox 1869 4589 2068 4645; x_wconf 88' lang='lat' dir='ltr'>eadem</span> <span class='ocrx_word' id='word_1_646' title='bbox 2099 4586 2351 4642; x_wconf 88' lang='lat' dir='ltr'>Ecclesia</span> <span class='ocrx_word' id='word_1_647' title='bbox 2381 4592 2481 4641; x_wconf 91' lang='lat' dir='ltr'>aut</span> <span class='ocrx_word' id='word_1_648' title='bbox 2512 4584 2633 4640; x_wconf 85' lang='lat' dir='ltr'>fieri</span> <span class='ocrx_word' id='word_1_649' title='bbox 2661 4589 2763 4638; x_wconf 89' lang='lat' dir='ltr'>aut</span> <span class='ocrx_word' id='word_1_650' title='bbox 2790 4581 2986 4638; x_wconf 89' lang='lat' dir='ltr'>haberi</span> <span class='ocrx_word' id='word_1_651' title='bbox 3012 4582 3213 4645; x_wconf 86' lang='lat' dir='ltr'>vetuit,</span> <span class='ocrx_word' id='word_1_652' title='bbox 3243 4589 3298 4636; x_wconf 91' lang='lat' dir='ltr'>et</span> <span class='ocrx_word' id='word_1_653' title='bbox 3323 4579 3576 4636; x_wconf 89' lang='lat' dir='ltr'>exclusis</span> 
     </span>
    </p>
   </div>
   <div class='ocr_carea' id='block_1_49' title="bbox 60 4668 3574 4749">
    <p class='ocr_par' dir='ltr' id='par_1_49' title="bbox 60 4668 3574 4749">
     <span class='ocr_line' id='line_1_49' title="bbox 60 4668 3574 4749; baseline -0.002 -19"><span class='ocrx_word' id='word_1_654' title='bbox 60 4675 283 4746; x_wconf 92' lang='lat' dir='ltr'>litteris,</span> <span class='ocrx_word' id='word_1_655' title='bbox 329 4692 443 4734; x_wconf 92' lang='lat' dir='ltr'>non</span> <span class='ocrx_word' id='word_1_656' title='bbox 475 4692 682 4749; x_wconf 86' lang='lat' dir='ltr'>genere</span> <span class='ocrx_word' id='word_1_657' title='bbox 723 4678 936 4744; x_wconf 88' lang='lat' dir='ltr'>clarus,</span> <span class='ocrx_word' id='word_1_658' title='bbox 988 4677 1083 4732; x_wconf 91' lang='lat' dir='ltr'>sed</span> <span class='ocrx_word' id='word_1_659' title='bbox 1127 4675 1184 4730; x_wconf 91' lang='lat' dir='ltr'>in</span> <span class='ocrx_word' id='word_1_660' title='bbox 1239 4690 1436 4732; x_wconf 91' lang='lat' dir='ltr'>rerum</span> <span class='ocrx_word' id='word_1_661' title='bbox 1465 4676 1758 4732; x_wconf 88' lang='lat' dir='ltr'>forastica-</span> <span class='ocrx_word' id='word_1_662' title='bbox 1873 4675 2258 4732; x_wconf 89' lang='lat' dir='ltr'>mercimoniis</span> <span class='ocrx_word' id='word_1_663' title='bbox 2303 4674 2481 4730; x_wconf 90' lang='lat' dir='ltr'>solam</span> <span class='ocrx_word' id='word_1_664' title='bbox 2530 4672 2760 4728; x_wconf 90' lang='lat' dir='ltr'>admisit</span> <span class='ocrx_word' id='word_1_665' title='bbox 2803 4669 3071 4742; x_wconf 85' lang='lat' dir='ltr'>gratiam,</span> <span class='ocrx_word' id='word_1_666' title='bbox 3111 4684 3228 4725; x_wconf 89' lang='lat' dir='ltr'>non</span> <span class='ocrx_word' id='word_1_667' title='bbox 3276 4668 3574 4724; x_wconf 88' lang='lat' dir='ltr'>dissimili—</span> 
     </span>
    </p>
   </div>
   <div class='ocr_carea' id='block_1_50' title="bbox 61 4759 3571 4836">
    <p class='ocr_par' dir='ltr' id='par_1_50' title="bbox 61 4759 3571 4836">
     <span class='ocr_line' id='line_1_50' title="bbox 61 4759 3571 4836; baseline -0.003 -16"><span class='ocrx_word' id='word_1_668' title='bbox 61 4780 193 4821; x_wconf 89' lang='lat' dir='ltr'>rum</span> <span class='ocrx_word' id='word_1_669' title='bbox 232 4767 314 4824; x_wconf 92' lang='lat' dir='ltr'>sic</span> <span class='ocrx_word' id='word_1_670' title='bbox 362 4766 469 4823; x_wconf 91' lang='lat' dir='ltr'>fuit</span> <span class='ocrx_word' id='word_1_671' title='bbox 513 4765 935 4836; x_wconf 89' lang='lat' dir='ltr'>dispensatione</span> <span class='ocrx_word' id='word_1_672' title='bbox 980 4763 1329 4834; x_wconf 90' lang='lat' dir='ltr'>conspicuus</span> <span class='ocrx_word' id='word_1_673' title='bbox 1360 4772 1424 4820; x_wconf 90' lang='lat' dir='ltr'>ut</span> <span class='ocrx_word' id='word_1_674' title='bbox 1473 4763 1762 4820; x_wconf 90' lang='lat' dir='ltr'>interioris</span> <span class='ocrx_word' id='word_1_675' title='bbox 1871 4773 1957 4821; x_wconf 90' lang='lat' dir='ltr'>ter</span> <span class='ocrx_word' id='word_1_676' title='bbox 1983 4763 2360 4821; x_wconf 85' lang='lat' dir='ltr'>exsecrationi</span> <span class='ocrx_word' id='word_1_677' title='bbox 2389 4763 2605 4818; x_wconf 90' lang='lat' dir='ltr'>ducens</span> <span class='ocrx_word' id='word_1_678' title='bbox 2634 4759 2782 4816; x_wconf 89' lang='lat' dir='ltr'>lucri</span> <span class='ocrx_word' id='word_1_679' title='bbox 2811 4759 2995 4828; x_wconf 91' lang='lat' dir='ltr'>turpis</span> <span class='ocrx_word' id='word_1_680' title='bbox 3015 4767 3070 4815; x_wconf 89' lang='lat' dir='ltr'>et</span> <span class='ocrx_word' id='word_1_681' title='bbox 3096 4772 3240 4828; x_wconf 88' lang='lat' dir='ltr'>opus</span> <span class='ocrx_word' id='word_1_682' title='bbox 3264 4765 3319 4813; x_wconf 91' lang='lat' dir='ltr'>et</span> <span class='ocrx_word' id='word_1_683' title='bbox 3340 4771 3571 4812; x_wconf 90' lang='lat' dir='ltr'>nomen.</span> 
     </span>
    </p>
   </div>
   <div class='ocr_carea' id='block_1_51' title="bbox 63 4845 3575 4924">
    <p class='ocr_par' dir='ltr' id='par_1_51' title="bbox 63 4845 3575 4924">
     <span class='ocr_line' id='line_1_51' title="bbox 63 4845 3575 4924; baseline -0.002 -17"><span class='ocrx_word' id='word_1_684' title='bbox 63 4855 279 4924; x_wconf 67' lang='lat' dir='ltr'>regulae</span> <span class='ocrx_word' id='word_1_685' title='bbox 328 4854 502 4910; x_wconf 90' lang='lat' dir='ltr'>statui</span> <span class='ocrx_word' id='word_1_686' title='bbox 548 4854 698 4910; x_wconf 87' lang='lat' dir='ltr'>bona</span> <span class='ocrx_word' id='word_1_687' title='bbox 747 4853 1131 4909; x_wconf 88' lang='lat' dir='ltr'>sollicitudine</span> <span class='ocrx_word' id='word_1_688' title='bbox 1164 4855 1378 4922; x_wconf 91' lang='lat' dir='ltr'>pariter</span> <span class='ocrx_word' id='word_1_689' title='bbox 1426 4853 1763 4908; x_wconf 78' lang='lat' dir='ltr'>redderetur</span> <span class='ocrx_word' id='word_1_690' title='bbox 1872 4852 2056 4922; x_wconf 88' lang='lat' dir='ltr'>Igitur</span> <span class='ocrx_word' id='word_1_691' title='bbox 2087 4851 2362 4922; x_wconf 87' lang='lat' dir='ltr'>quoniam</span> <span class='ocrx_word' id='word_1_692' title='bbox 2393 4851 2484 4906; x_wconf 90' lang='lat' dir='ltr'>vir</span> <span class='ocrx_word' id='word_1_693' title='bbox 2514 4849 2692 4905; x_wconf 87' lang='lat' dir='ltr'>isdem</span> <span class='ocrx_word' id='word_1_694' title='bbox 2746 4850 2803 4904; x_wconf 92' lang='lat' dir='ltr'>in</span> <span class='ocrx_word' id='word_1_695' title='bbox 2833 4847 3156 4904; x_wconf 89' lang='lat' dir='ltr'>forensibus</span> <span class='ocrx_word' id='word_1_696' title='bbox 3190 4845 3432 4917; x_wconf 89' lang='lat' dir='ltr'>negotiis</span> <span class='ocrx_word' id='word_1_697' title='bbox 3479 4845 3575 4900; x_wconf 82' lang='lat' dir='ltr'>al)-</span> 
     </span>
    </p>
   </div>
   <div class='ocr_carea' id='block_1_52' title="bbox 65 4936 3575 5012">
    <p class='ocr_par' dir='ltr' id='par_1_52' title="bbox 65 4936 3575 5012">
     <span class='ocr_line' id='line_1_52' title="bbox 65 4936 3575 5012; baseline -0.001 -18"><span class='ocrx_word' id='word_1_698' title='bbox 65 4940 338 4999; x_wconf 88' lang='lat' dir='ltr'>intentus.</span> <span class='ocrx_word' id='word_1_699' title='bbox 393 4943 494 4998; x_wconf 86' lang='lat' dir='ltr'>His</span> <span class='ocrx_word' id='word_1_700' title='bbox 545 4943 724 5012; x_wconf 87' lang='lat' dir='ltr'>igitur</span> <span class='ocrx_word' id='word_1_701' title='bbox 781 4942 967 4997; x_wconf 88' lang='lat' dir='ltr'>tribus</span> <span class='ocrx_word' id='word_1_702' title='bbox 1025 4942 1386 4997; x_wconf 88' lang='lat' dir='ltr'>monasteriis</span> <span class='ocrx_word' id='word_1_703' title='bbox 1428 4942 1758 5012; x_wconf 77' lang='lat' dir='ltr'>praesidens,</span> <span class='ocrx_word' id='word_1_704' title='bbox 1873 4940 2073 4997; x_wconf 89' lang='lat' dir='ltr'>batum</span> <span class='ocrx_word' id='word_1_705' title='bbox 2147 4954 2392 4996; x_wconf 87' lang='lat' dir='ltr'>suorum</span> <span class='ocrx_word' id='word_1_706' title='bbox 2458 4938 2725 5009; x_wconf 91' lang='lat' dir='ltr'>pluribus</span> <span class='ocrx_word' id='word_1_707' title='bbox 2791 4936 3054 5008; x_wconf 88' lang='lat' dir='ltr'>argutior</span> <span class='ocrx_word' id='word_1_708' title='bbox 3118 4936 3455 5006; x_wconf 87' lang='lat' dir='ltr'>putabatur,</span> <span class='ocrx_word' id='word_1_709' title='bbox 3521 4942 3575 4990; x_wconf 92' lang='lat' dir='ltr'>et</span> 
     </span>
    </p>
   </div>
   <div class='ocr_carea' id='block_1_53' title="bbox 63 5024 3574 5101">
    <p class='ocr_par' dir='ltr' id='par_1_53' title="bbox 63 5024 3574 5101">
     <span class='ocr_line' id='line_1_53' title="bbox 63 5024 3574 5101; baseline -0 -20"><span class='ocrx_word' id='word_1_710' title='bbox 63 5040 136 5082; x_wconf 86' lang='lat' dir='ltr'>ex</span> <span class='ocrx_word' id='word_1_711' title='bbox 179 5029 453 5087; x_wconf 89' lang='lat' dir='ltr'>ditiorum</span> <span class='ocrx_word' id='word_1_712' title='bbox 486 5031 664 5101; x_wconf 89' lang='lat' dir='ltr'>copiis</span> <span class='ocrx_word' id='word_1_713' title='bbox 709 5031 980 5098; x_wconf 88' lang='lat' dir='ltr'>duorum,</span> <span class='ocrx_word' id='word_1_714' title='bbox 1021 5030 1172 5086; x_wconf 91' lang='lat' dir='ltr'>tertii</span> <span class='ocrx_word' id='word_1_715' title='bbox 1212 5030 1410 5101; x_wconf 84' lang='lat' dir='ltr'>hujus,</span> <span class='ocrx_word' id='word_1_716' title='bbox 1445 5030 1600 5100; x_wconf 92' lang='lat' dir='ltr'>quod</span> <span class='ocrx_word' id='word_1_717' title='bbox 1633 5043 1762 5086; x_wconf 88' lang='lat' dir='ltr'>coa-</span> <span class='ocrx_word' id='word_1_718' title='bbox 1874 5028 2112 5100; x_wconf 90' lang='lat' dir='ltr'>proinde</span> <span class='ocrx_word' id='word_1_719' title='bbox 2166 5026 2391 5098; x_wconf 91' lang='lat' dir='ltr'>oppidis</span> <span class='ocrx_word' id='word_1_720' title='bbox 2443 5040 2511 5082; x_wconf 92' lang='lat' dir='ltr'>ac</span> <span class='ocrx_word' id='word_1_721' title='bbox 2563 5025 2806 5083; x_wconf 89' lang='lat' dir='ltr'>urbibus</span> <span class='ocrx_word' id='word_1_722' title='bbox 2868 5025 3056 5081; x_wconf 90' lang='lat' dir='ltr'>notior</span> <span class='ocrx_word' id='word_1_723' title='bbox 3117 5024 3462 5092; x_wconf 89' lang='lat' dir='ltr'>habebatur,</span> <span class='ocrx_word' id='word_1_724' title='bbox 3504 5025 3574 5080; x_wconf 93' lang='lat' dir='ltr'>de</span> 
     </span>
    </p>
   </div>
   <div class='ocr_carea' id='block_1_54' title="bbox 64 5114 3577 5190">
    <p class='ocr_par' dir='ltr' id='par_1_54' title="bbox 64 5114 3577 5190">
     <span class='ocr_line' id='line_1_54' title="bbox 64 5114 3577 5190; baseline -0 -20"><span class='ocrx_word' id='word_1_725' title='bbox 64 5115 272 5176; x_wconf 88' lang='lat' dir='ltr'>lescere</span> <span class='ocrx_word' id='word_1_726' title='bbox 301 5127 569 5190; x_wconf 86' lang='lat' dir='ltr'>coeperat,</span> <span class='ocrx_word' id='word_1_727' title='bbox 621 5120 926 5190; x_wconf 89' lang='lat' dir='ltr'>supplebat</span> <span class='ocrx_word' id='word_1_728' title='bbox 970 5119 1336 5190; x_wconf 88' lang='lat' dir='ltr'>indigentias.</span> <span class='ocrx_word' id='word_1_729' title='bbox 1388 5120 1544 5175; x_wconf 88' lang='lat' dir='ltr'>Inter</span> <span class='ocrx_word' id='word_1_730' title='bbox 1589 5119 1766 5189; x_wconf 89' lang='lat' dir='ltr'>pluri-</span> <span class='ocrx_word' id='word_1_731' title='bbox 1873 5116 2178 5174; x_wconf 89' lang='lat' dir='ltr'>ditioribus</span> <span class='ocrx_word' id='word_1_732' title='bbox 2225 5115 2459 5186; x_wconf 89' lang='lat' dir='ltr'>quidem</span> <span class='ocrx_word' id='word_1_733' title='bbox 2501 5114 2750 5170; x_wconf 90' lang='lat' dir='ltr'>abbatiis</span> <span class='ocrx_word' id='word_1_734' title='bbox 2803 5114 2987 5185; x_wconf 90' lang='lat' dir='ltr'>primo</span> <span class='ocrx_word' id='word_1_735' title='bbox 3036 5121 3231 5170; x_wconf 90' lang='lat' dir='ltr'>actum</span> <span class='ocrx_word' id='word_1_736' title='bbox 3277 5120 3380 5180; x_wconf 89' lang='lat' dir='ltr'>est,</span> <span class='ocrx_word' id='word_1_737' title='bbox 3429 5121 3577 5183; x_wconf 90' lang='lat' dir='ltr'>post-</span> 
     </span>
    </p>
   </div>
   <div class='ocr_carea' id='block_1_55' title="bbox 68 5202 3573 5279">
    <p class='ocr_par' dir='ltr' id='par_1_55' title="bbox 68 5202 3573 5279">
     <span class='ocr_line' id='line_1_55' title="bbox 68 5202 3573 5279; baseline -0.001 -20"><span class='ocrx_word' id='word_1_738' title='bbox 68 5218 190 5261; x_wconf 89' lang='lat' dir='ltr'>mas</span> <span class='ocrx_word' id='word_1_739' title='bbox 238 5209 434 5279; x_wconf 89' lang='lat' dir='ltr'>itaque</span> <span class='ocrx_word' id='word_1_740' title='bbox 481 5222 629 5279; x_wconf 89' lang='lat' dir='ltr'>quas</span> <span class='ocrx_word' id='word_1_741' title='bbox 658 5222 832 5278; x_wconf 91' lang='lat' dir='ltr'>penes</span> <span class='ocrx_word' id='word_1_742' title='bbox 859 5207 1158 5264; x_wconf 90' lang='lat' dir='ltr'>ecclesiam</span> <span class='ocrx_word' id='word_1_743' title='bbox 1201 5208 1357 5264; x_wconf 90' lang='lat' dir='ltr'>illam</span> <span class='ocrx_word' id='word_1_744' title='bbox 1399 5207 1658 5264; x_wconf 84' lang='lat' dir='ltr'>exercuit</span> <span class='ocrx_word' id='word_1_745' title='bbox 1690 5207 1764 5263; x_wconf 91' lang='lat' dir='ltr'>li-</span> <span class='ocrx_word' id='word_1_746' title='bbox 1875 5207 2112 5262; x_wconf 90' lang='lat' dir='ltr'>modum</span> <span class='ocrx_word' id='word_1_747' title='bbox 2158 5218 2331 5274; x_wconf 89' lang='lat' dir='ltr'>super</span> <span class='ocrx_word' id='word_1_748' title='bbox 2394 5203 2728 5274; x_wconf 89' lang='lat' dir='ltr'>episcopatu</span> <span class='ocrx_word' id='word_1_749' title='bbox 2783 5203 2890 5259; x_wconf 91' lang='lat' dir='ltr'>sibi</span> <span class='ocrx_word' id='word_1_750' title='bbox 2947 5202 3178 5259; x_wconf 88' lang='lat' dir='ltr'>ferendo</span> <span class='ocrx_word' id='word_1_751' title='bbox 3245 5209 3573 5258; x_wconf 90' lang='lat' dir='ltr'>tractatum.</span> 
     </span>
    </p>
   </div>
   <div class='ocr_carea' id='block_1_56' title="bbox 69 5290 3580 5367">
    <p class='ocr_par' dir='ltr' id='par_1_56' title="bbox 69 5290 3580 5367">
     <span class='ocr_line' id='line_1_56' title="bbox 69 5290 3580 5367; baseline -0.001 -19"><span class='ocrx_word' id='word_1_752' title='bbox 69 5292 411 5367; x_wconf 88' lang='lat' dir='ltr'>beralitates,</span> <span class='ocrx_word' id='word_1_753' title='bbox 461 5298 786 5354; x_wconf 88' lang='lat' dir='ltr'>maximum</span> <span class='ocrx_word' id='word_1_754' title='bbox 835 5297 906 5352; x_wconf 89' lang='lat' dir='ltr'>ad</span> <span class='ocrx_word' id='word_1_755' title='bbox 937 5298 1063 5367; x_wconf 90' lang='lat' dir='ltr'>ejus</span> <span class='ocrx_word' id='word_1_756' title='bbox 1093 5298 1578 5353; x_wconf 89' lang='lat' dir='ltr'>consecrationem</span> <span class='ocrx_word' id='word_1_757' title='bbox 1623 5311 1765 5352; x_wconf 90' lang='lat' dir='ltr'>con-</span> <span class='ocrx_word' id='word_1_758' title='bbox 1874 5294 2236 5350; x_wconf 85' lang='lat' dir='ltr'>Pontificium</span> <span class='ocrx_word' id='word_1_759' title='bbox 2269 5300 2410 5349; x_wconf 91' lang='lat' dir='ltr'>tunc</span> <span class='ocrx_word' id='word_1_760' title='bbox 2439 5292 2710 5362; x_wconf 90' lang='lat' dir='ltr'>temporis</span> <span class='ocrx_word' id='word_1_761' title='bbox 2736 5292 3122 5348; x_wconf 86' lang='lat' dir='ltr'>Ambianense</span> <span class='ocrx_word' id='word_1_762' title='bbox 3140 5291 3371 5347; x_wconf 88' lang='lat' dir='ltr'>biennio</span> <span class='ocrx_word' id='word_1_763' title='bbox 3402 5290 3580 5346; x_wconf 86' lang='lat' dir='ltr'>ferme</span> 
     </span>
    </p>
   </div>
   <div class='ocr_carea' id='block_1_57' title="bbox 68 5380 3580 5456">
    <p class='ocr_par' dir='ltr' id='par_1_57' title="bbox 68 5380 3580 5456">
     <span class='ocr_line' id='line_1_57' title="bbox 68 5380 3580 5456; baseline -0.001 -20"><span class='ocrx_word' id='word_1_764' title='bbox 68 5382 228 5441; x_wconf 90' lang='lat' dir='ltr'>ﬂavit</span> <span class='ocrx_word' id='word_1_765' title='bbox 255 5387 580 5453; x_wconf 91' lang='lat' dir='ltr'>obsonium,</span> <span class='ocrx_word' id='word_1_766' title='bbox 611 5401 742 5456; x_wconf 65' lang='lat' dir='ltr'>quae</span> <span class='ocrx_word' id='word_1_767' title='bbox 781 5386 854 5441; x_wconf 88' lang='lat' dir='ltr'>ab</span> <span class='ocrx_word' id='word_1_768' title='bbox 886 5385 1208 5442; x_wconf 86' lang='lat' dir='ltr'>Helinando</span> <span class='ocrx_word' id='word_1_769' title='bbox 1238 5385 1607 5442; x_wconf 88' lang='lat' dir='ltr'>Laudunensi</span> <span class='ocrx_word' id='word_1_770' title='bbox 1639 5384 1765 5454; x_wconf 86' lang='lat' dir='ltr'>epi-</span> <span class='ocrx_word' id='word_1_771' title='bbox 1873 5391 2184 5440; x_wconf 90' lang='lat' dir='ltr'>vacaverat</span> <span class='ocrx_word' id='word_1_772' title='bbox 2213 5398 2224 5437; x_wconf 95' lang='lat'>:</span> <span class='ocrx_word' id='word_1_773' title='bbox 2261 5382 2375 5452; x_wconf 91' lang='lat' dir='ltr'>ipse</span> <span class='ocrx_word' id='word_1_774' title='bbox 2416 5381 2590 5438; x_wconf 91' lang='lat' dir='ltr'>etiam</span> <span class='ocrx_word' id='word_1_775' title='bbox 2618 5381 2769 5436; x_wconf 91' lang='lat' dir='ltr'>idem</span> <span class='ocrx_word' id='word_1_776' title='bbox 2817 5380 3125 5451; x_wconf 89' lang='lat' dir='ltr'>cujusdam</span> <span class='ocrx_word' id='word_1_777' title='bbox 3156 5380 3319 5436; x_wconf 91' lang='lat' dir='ltr'>urbis</span> <span class='ocrx_word' id='word_1_778' title='bbox 3364 5380 3580 5449; x_wconf 69' lang='lat' dir='ltr'>praedi—</span> 
     </span>
    </p>
   </div>
   <div class='ocr_carea' id='block_1_58' title="bbox 69 5468 3578 5544">
    <p class='ocr_par' dir='ltr' id='par_1_58' title="bbox 69 5468 3578 5544">
     <span class='ocr_line' id='line_1_58' title="bbox 69 5468 3578 5544; baseline -0.001 -19"><span class='ocrx_word' id='word_1_779' title='bbox 69 5483 254 5542; x_wconf 86' lang='lat' dir='ltr'>scopo,</span> <span class='ocrx_word' id='word_1_780' title='bbox 300 5477 426 5532; x_wconf 86' lang='lat' dir='ltr'>viro</span> <span class='ocrx_word' id='word_1_781' title='bbox 461 5487 638 5544; x_wconf 90' lang='lat' dir='ltr'>opum</span> <span class='ocrx_word' id='word_1_782' title='bbox 674 5473 952 5530; x_wconf 88' lang='lat' dir='ltr'>ditissimo</span> <span class='ocrx_word' id='word_1_783' title='bbox 982 5473 1136 5530; x_wconf 91' lang='lat' dir='ltr'>circa</span> <span class='ocrx_word' id='word_1_784' title='bbox 1181 5473 1569 5530; x_wconf 86' lang='lat' dir='ltr'>institutiones</span> <span class='ocrx_word' id='word_1_785' title='bbox 1595 5472 1766 5529; x_wconf 87' lang='lat' dir='ltr'>eccle-</span> <span class='ocrx_word' id='word_1_786' title='bbox 1876 5481 1980 5528; x_wconf 72' lang='lat' dir='ltr'>ctae</span> <span class='ocrx_word' id='word_1_787' title='bbox 2045 5470 2454 5540; x_wconf 89' lang='lat' dir='ltr'>archidiaconi,</span> <span class='ocrx_word' id='word_1_788' title='bbox 2511 5470 2611 5541; x_wconf 90' lang='lat' dir='ltr'>qui</span> <span class='ocrx_word' id='word_1_789' title='bbox 2661 5469 2994 5539; x_wconf 87' lang='lat' dir='ltr'>aliquarum</span> <span class='ocrx_word' id='word_1_790' title='bbox 3061 5469 3198 5526; x_wconf 91' lang='lat' dir='ltr'>cleri</span> <span class='ocrx_word' id='word_1_791' title='bbox 3260 5483 3329 5524; x_wconf 90' lang='lat' dir='ltr'>ac</span> <span class='ocrx_word' id='word_1_792' title='bbox 3379 5468 3578 5539; x_wconf 89' lang='lat' dir='ltr'>populi</span> 
     </span>
    </p>
   </div>
   <div class='ocr_carea' id='block_1_59' title="bbox 72 5557 3573 5630">
    <p class='ocr_par' dir='ltr' id='par_1_59' title="bbox 72 5557 3573 5630">
     <span class='ocr_line' id='line_1_59' title="bbox 72 5557 3573 5630; baseline -0 -17"><span class='ocrx_word' id='word_1_793' title='bbox 72 5559 284 5621; x_wconf 88' lang='lat' dir='ltr'>siarum</span> <span class='ocrx_word' id='word_1_794' title='bbox 325 5573 380 5622; x_wconf 90' lang='lat' dir='ltr'>et</span> <span class='ocrx_word' id='word_1_795' title='bbox 440 5569 686 5621; x_wconf 87' lang='lat' dir='ltr'>ornatus</span> <span class='ocrx_word' id='word_1_796' title='bbox 747 5576 950 5618; x_wconf 89' lang='lat' dir='ltr'>eorum</span> <span class='ocrx_word' id='word_1_797' title='bbox 1011 5562 1418 5624; x_wconf 88' lang='lat' dir='ltr'>curiosissimo,</span> <span class='ocrx_word' id='word_1_798' title='bbox 1483 5559 1765 5630; x_wconf 89' lang='lat' dir='ltr'>dedicata,</span> <span class='ocrx_word' id='word_1_799' title='bbox 1875 5560 2130 5630; x_wconf 86' lang='lat' dir='ltr'>partium</span> <span class='ocrx_word' id='word_1_800' title='bbox 2197 5560 2394 5617; x_wconf 89' lang='lat' dir='ltr'>favore</span> <span class='ocrx_word' id='word_1_801' title='bbox 2459 5559 2780 5630; x_wconf 90' lang='lat' dir='ltr'>petebatur,</span> <span class='ocrx_word' id='word_1_802' title='bbox 2845 5565 3187 5628; x_wconf 90' lang='lat' dir='ltr'>procurator</span> <span class='ocrx_word' id='word_1_803' title='bbox 3250 5557 3573 5614; x_wconf 83' lang='lat' dir='ltr'>exstiterat.</span> 
     </span>
    </p>
   </div>
   <div class='ocr_carea' id='block_1_60' title="bbox 72 5645 3580 5723">
    <p class='ocr_par' dir='ltr' id='par_1_60' title="bbox 72 5645 3580 5723">
     <span class='ocr_line' id='line_1_60' title="bbox 72 5645 3580 5723; baseline -0.001 -20"><span class='ocrx_word' id='word_1_804' title='bbox 72 5648 141 5704; x_wconf 87' lang='lat' dir='ltr'>ab</span> <span class='ocrx_word' id='word_1_805' title='bbox 200 5653 320 5723; x_wconf 90' lang='lat' dir='ltr'>ipso</span> <span class='ocrx_word' id='word_1_806' title='bbox 399 5666 636 5723; x_wconf 87' lang='lat' dir='ltr'>quoque</span> <span class='ocrx_word' id='word_1_807' title='bbox 718 5650 1080 5722; x_wconf 83' lang='lat' dir='ltr'>privilegiis,</span> <span class='ocrx_word' id='word_1_808' title='bbox 1147 5664 1181 5705; x_wconf 93' lang='lat' dir='ltr'>a</span> <span class='ocrx_word' id='word_1_809' title='bbox 1266 5649 1557 5720; x_wconf 88' lang='lat' dir='ltr'>plerisque</span> <span class='ocrx_word' id='word_1_810' title='bbox 1634 5663 1767 5718; x_wconf 90' lang='lat' dir='ltr'>pen-</span> <span class='ocrx_word' id='word_1_811' title='bbox 1877 5648 2038 5704; x_wconf 90' lang='lat' dir='ltr'>Unde</span> <span class='ocrx_word' id='word_1_812' title='bbox 2081 5657 2140 5706; x_wconf 90' lang='lat' dir='ltr'>et</span> <span class='ocrx_word' id='word_1_813' title='bbox 2169 5663 2271 5719; x_wconf 93' lang='lat' dir='ltr'>pro</span> <span class='ocrx_word' id='word_1_814' title='bbox 2316 5648 2528 5706; x_wconf 87' lang='lat' dir='ltr'>astutia</span> <span class='ocrx_word' id='word_1_815' title='bbox 2580 5645 2864 5712; x_wconf 64' lang='lat' dir='ltr'>saeculari,</span> <span class='ocrx_word' id='word_1_816' title='bbox 2913 5654 2970 5702; x_wconf 90' lang='lat' dir='ltr'>et</span> <span class='ocrx_word' id='word_1_817' title='bbox 3011 5645 3350 5702; x_wconf 84' lang='lat' dir='ltr'>habitudine</span> <span class='ocrx_word' id='word_1_818' title='bbox 3398 5658 3580 5714; x_wconf 84' lang='lat' dir='ltr'>quam</span> 
     </span>
    </p>
   </div>
  </div>
