3946 6396
360 384 465 439 899

1256 378 1318 433 ν.
1360 378 1452 434 GU
1485 378 1699 437 BERTI
1741 380 2039 438 ABBATIS
2071 382 2127 439 S.
2174 379 2411 437 MARLE
2450 380 2540 436 DE
2588 379 2984 438 NOVIGENTO
3769 386 3861 442 900

363 513 597 587 gerebat
642 510 915 583 regulari,
963 509 1104 565 dum
1135 508 1299 565 alteri
1352 509 1408 566 id
1443 517 1678 579 peteret,
1706 510 1830 582 ipse
1878 526 2058 582 expe—
2095 513 2142 566 Α
2172 512 2269 567 sed
2312 519 2429 567 tam
2481 511 2630 568 fideli
2661 513 3013 570 confessione
3053 527 3189 570 suos
3232 514 3374 571 mihi
3423 516 3646 572 animos
3672 514 3864 586 prodi-
3902 447 3908 549 1

363 603 525 668 titur,
556 608 613 657 et
641 600 750 657 sub
782 598 1066 655 Richardo
1093 598 1388 669 quondam
1431 599 1737 656 Albanensi
1764 601 2048 671 episcopo,

364 692 687 764 apostolicae
733 689 880 746 sedis
919 688 976 744 in
1024 688 1327 744 Franciam
1375 696 1515 745 tunc
1561 692 1747 761 legato
1795 691 1919 761 (qui
1954 688 2050 763 [τ’]

2158 601 2388 669 derunt,
2427 602 2729 671 prodentes
2755 602 3054 671 unierunt,
3085 604 3276 675 utqui
3308 604 3520 660 alicubi
3550 606 3865 661 monachos
3899 600 3908 675 Δ

2162 705 2252 746 me
2294 691 2506 747 vidisse
2556 699 2839 761 putarem,
2883 692 2965 747 eis
2996 692 3055 747 in
3087 692 3196 748 hac
3244 697 3403 764 parte
3451 694 3864 764 comparabiles

366 782 423 837 in
468 780 697 837 civitate
734 777 1091 834 Trecassium
1137 785 1400 847 coegerat
1439 778 1767 846 concilium)
1809 779 2056 849 praefatae
2163 779 2403 836 omnino
2434 794 2550 835 non
2579 795 2824 837 nossem.

364 867 831 925 Ambianensium
873 866 992 921 sedi
1033 865 1333 936 episcopus
1375 865 1563 933 datus,
1601 880 1636 922 a
1682 881 1786 923 suo
1835 874 2058 922 constat

362 958 680 1028 Novigento
700 955 1030 1012 translatus.

434 1046 543 1113 Qui
575 1060 707 1100 cum
740 1044 797 1099 in
847 1044 1030 1100 multa
1076 1043 1215 1099 inibi
1250 1043 1432 1115 gloria
1471 1058 1539 1100 ac
1569 1044 1833 1101 felicitate
1876 1059 1934 1102 se
1964 1061 2060 1117 ge-

364 1140 534 1201 reret,
583 1140 638 1189 et
688 1139 980 1201 tantopere
1022 1132 1097 1187 ab
1125 1132 1397 1187 omnibus
1444 1132 1730 1189 coleretur
1770 1140 1831 1189 ut
1880 1134 1955 1190 ab
1996 1134 2065 1190 iis

362 1224 532 1279 etiam
582 1221 682 1293 qui
738 1221 845 1277 sibi
893 1227 1178 1291 praeerant
1228 1221 1597 1290 pontificibus
1642 1235 1776 1278 cum
1832 1222 2064 1292 speciali

364 1312 730 1367 veneratione
766 1310 1127 1380 potissimum
1177 1310 1504 1380 timeretur;
1534 1318 1591 1366 et
1619 1325 1692 1366 ne
1724 1310 1823 1367 diu
1856 1326 2063 1381 morer,

363 1414 497 1457 cum
529 1400 748 1470 ubique
791 1398 959 1469 quasi
992 1397 1165 1454 totius
1201 1398 1493 1469 religionis
1520 1399 1817 1468 speculum
1853 1408 2068 1471 specta-

368 1495 547 1556 retur,
594 1494 823 1557 repente
855 1486 927 1542 ad
974 1486 1049 1555 id,
1098 1487 1252 1557 quod
1287 1495 1486 1544 utrum
1517 1486 1839 1557 affectabat,
1887 1489 2066 1556 novit,

364 1582 504 1632 49I
571 1578 741 1643 Deus,
809 1590 882 1631 an
936 1575 1263 1644 verebatur,
1328 1578 1581 1632 emersit.
1644 1577 1823 1633 Didici
1871 1586 2065 1635 autem

364 1666 521 1736 quod
588 1665 891 1721 haereditas
951 1665 1023 1719 ad
1073 1678 1250 1735 quam
1317 1664 1625 1721 festinatur
1672 1665 1729 1720 in
1762 1666 2067 1736 principio,

367 1755 759 1811 benedictione
800 1754 1058 1810 caritura
1101 1753 1174 1809 sit
1206 1753 1260 1807 in
1308 1754 1639 1811 novissimo.
1691 1754 1861 1811 Initia
1896 1755 2064 1825 plane

2236 872 2414 939 Quare
2473 873 2697 937 peccata
2725 883 2827 923 sua
2861 870 3027 939 plane
3085 885 3193 925 non
3225 872 3433 939 aperit.
3499 901 3566 911 —
3599 872 3686 927 Tu
3737 872 3865 936 scis,

2166 957 2620 1023 clementissime,
2656 959 2811 1029 quod
2842 959 2947 1014 hoc
2992 960 3339 1029 opusculum
3376 974 3491 1016 non
3534 961 3872 1031 arrogantia

2168 1046 2365 1117 aliqua
2401 1046 2689 1115 coeperim,
2736 1047 2834 1102 sed
2865 1047 3157 1117 nequitias
3188 1062 3345 1104 meas
3375 1049 3633 1105 confiteri
3677 1038 3906 1129 volue—l

2170 1132 2299 1201 rim,
2348 1147 2496 1205 quas
2527 1134 2694 1205 plane
2740 1135 3167 1192 evidentissima
3214 1138 3537 1206 confiterer,
3574 1137 3683 1193 nisi
3718 1137 3873 1192 mul-

2172 1230 2364 1280 torum
2392 1225 2615 1281 animos
2646 1225 2749 1295 qui
2785 1226 2905 1281 haec
2934 1225 3184 1297 legerent
3215 1226 3518 1283 horrendis
3558 1227 3698 1283 meis
3728 1208 3910 1282 acti-l

2175 1310 2284 1367 bus
2315 1312 2631 1383 depravare
2655 1327 2904 1370 vererer.
2937 1315 3240 1382 Confiteor,
3275 1315 3538 1385 inquam,
3563 1315 3876 1386 nequitias,

2173 1400 2271 1456 sed
2302 1401 2481 1457 multo
2530 1402 2747 1473 justius
2776 1416 2892 1458 non
2942 1402 3233 1473 iniquitati
3263 1418 3423 1472 mete,
3457 1405 3553 1459 sed
3606 1404 3879 1475 ingenita

2176 1488 2376 1560 gratiae
2405 1498 2517 1546 tuae
2560 1491 2966 1560 respondentes
2995 1490 3429 1547 misericordias.
3484 1493 3554 1548 Et
3584 1494 3629 1549 si
3670 1493 3741 1549 de
3768 1493 3880 1548 ali-

2177 1590 2294 1646 quo
2328 1576 2482 1647 loqui
2532 1577 2855 1649 contigerit,
2901 1579 2971 1634 ad
3003 1585 3105 1635 tua
3130 1579 3351 1650 judicia
3380 1580 3733 1636 ostendenda
3765 1594 3882 1636 mo-

2179 1678 2269 1720 res
2296 1679 2603 1736 exponam,
2636 1673 2690 1722 et
2727 1674 2971 1723 eventus
3000 1667 3201 1723 finales
3232 1682 3457 1737 rerum;
3491 1676 3553 1725 tu
3582 1668 3737 1725 enim
3769 1670 3880 1725 scis
3910 1654 3911 1659 “

2180 1754 2339 1823 quia,
2394 1754 2451 1808 in
2518 1755 2609 1810 his
2642 1756 2755 1811 tuis
2802 1755 3024 1827 tibique
3071 1756 3275 1813 dicatis
3334 1757 3718 1827 sermonibus,
3760 1773 3879 1814 non

363 1860 495 1900 cum
530 1844 710 1901 solitae
757 1843 923 1914 plena
968 1842 1157 1898 laudis
1186 1841 1474 1910 habuerit,
1507 1850 1563 1899 et
1610 1857 1712 1913 per
1739 1818 1921 1900 annos
1949 1844 2062 1899 ali-
2101 1818 2143 1872 Β
2172 1818 2468 1911 gratanter
2506 1841 2730 1913 excipio
2760 1818 3101 1899 corrosionis
3141 1857 3208 1899 ac
3245 1844 3574 1902 invidentize
3604 1818 3875 1903 verbum.

364 1942 504 2004 quot
550 1947 756 1990 rumor
808 1932 859 1988 ei
909 1930 1294 2002 praeconiosus
1340 1932 1659 2001 accesserit,
1697 1934 1840 2005 jam,
1886 1940 1951 1989 ut
1978 1940 2062 1989 est
2164 1928 2311 1996 Quia
2352 1930 2533 2001 igitur
2576 1930 2836 1987 fortunas
2875 1939 2930 1987 et
2976 1931 3294 1989 infortunia
3343 1947 3470 1989 mea
3507 1934 3578 1990 ad
3625 1934 3877 1991 aliorum

363 2024 575 2088 videre,
611 2021 897 2093 quidquid
939 2020 1094 2091 apud
1149 2019 1436 2076 hominem
1484 2020 1802 2091 gloriarum
1843 2036 2063 2079 excan-

362 2111 587 2167 descere
618 2110 943 2177 videbatur,
993 2122 1110 2164 non
1158 2108 1327 2164 modo
1359 2108 1623 2178 intepuit,
1669 2109 1765 2165 sed
1816 2110 2058 2167 refrixit.

363 2198 553 2255 Prima
581 2199 733 2254 enim
777 2199 928 2253 intra
974 2197 1178 2253 urbem
1216 2211 1336 2253 suae
1388 2197 1767 2267 susceptionis
1813 2199 1903 2254 die
1929 2213 2062 2255 cum

364 2287 665 2343 locuturus
712 2286 784 2342 ad
815 2285 1095 2356 populum
1145 2284 1353 2354 pulpiti
1382 2285 1625 2341 editiora
1655 2293 1892 2352 teneret,
1939 2301 2067 2357 pro-

364 2383 604 2432 testatus
643 2383 728 2431 est
777 2388 836 2429 se
883 2373 963 2428 sic
1028 2373 1214 2428 ardua
1260 2379 1636 2441 sectaturum,
1706 2374 1918 2445 quippe
1959 2374 2063 2445 qui

364 2463 538 2520 nollet
570 2463 711 2519 illud
740 2460 848 2518 sibi
894 2460 1179 2531 poeticum
1213 2460 1273 2517 in
1318 2460 1439 2517 suis
1465 2461 1783 2519 defectibus
1825 2470 2063 2533 coapta-

365 2554 435 2621 ri,
465 2552 677 2609 scilicet
709 2567 723 2605 :

435 2661 758 2717 Parturiunt
790 2661 1010 2720 montes,
1032 2660 1285 2711 nascetur
1303 2656 1572 2712 ridiculus
1601 2673 1739 2713 mus.

1449 2746 1608 2804 (Hon.
1643 2747 1716 2802 Α.
1748 2748 1810 2802 Ρ.
1844 2747 1993 2818 139.)

363 2853 501 2922 Quae
543 2852 825 2909 sententia
877 2852 949 2908 ad
978 2852 1109 2923 ejus
1153 2852 1503 2923 aucupanda
1542 2852 1693 2909 facta
1739 2854 2061 2924 sequentia,

367 2943 768 3000 universorum
814 2940 1037 2997 animos
1068 2940 1492 3012 imprtegnavit,
1543 2941 1671 3012 ejus
1699 2942 1853 2998 enim
1880 2951 2065 3000 status

365 3032 424 3087 in
480 3031 598 3087 dies
637 3030 855 3100 copiose
906 3029 1220 3085 lentescens
1268 3031 1455 3099 seipsa
1510 3030 1848 3087 deteriorem
1897 3033 2065 3103 mepit

366 3119 750 3175 indesinenter
804 3118 986 3173 facere
1041 3119 1425 3188 sponsionem.
1478 3119 1585 3175 Sed
1648 3119 1716 3176 de
1773 3120 1862 3176 his
1923 3122 2061 3177 inte-
2103 3120 2143 3175 C

364 3208 475 3264 rim
524 3208 816 3275 sileamus,
864 3206 1120 3264 habituri
1153 3207 1392 3263 forsitan
1422 3207 1480 3263 in
1521 3209 1897 3279 sequentibus
1940 3210 2063 3266 loca

364 3296 575 3352 ubi.....
603 3297 903 3366 (Nonnulla
930 3295 1169 3365 desunt.)

1024 3419 1259 3477 CAPUT
1300 3420 1401 3475 ΙΙΙ.

432 3530 724 3587 Guibertus
779 3530 839 3582 in
885 3528 1058 3583 locum
1101 3526 1389 3592 Godefridi
1441 3526 1610 3582 abbas
1648 3529 1935 3596 Navigenti
1979 3530 2063 3583 in-

361 3621 505 3675 scius
552 3618 900 3687 subrogatur.
946 3644 1021 3658 -
1069 3616 1157 3672 Ad
1203 3615 1361 3671 hunc
1388 3629 1525 3687 ergo
1557 3617 1712 3673 unde
1767 3617 2062 3689 digressus

362 3707 552 3765 fuerat
593 3706 805 3775 locum,
838 3712 894 3762 et
941 3718 1113 3775 quem
1165 3704 1284 3776 ipse
1329 3712 1716 3776 competenter
1758 3719 1826 3762 ac
1854 3720 2059 3777 oppor-

365 3803 503 3852 tune
552 3801 871 3866 aptaverat,
912 3801 967 3850 et
998 3793 1057 3849 in
1088 3807 1226 3865 quo,
1258 3792 1303 3849 si
1352 3792 1565 3849 habitis
1605 3801 1908 3850 contentus
1938 3810 2060 3851 esse

360 3884 548 3950 vellat,
618 3883 1070 3939 fortunatissime
1118 3890 1172 3938 et
1236 3881 1525 3938 liberrime
1571 3881 1720 3939 nulli
1770 3882 2061 3939 obnoxius

360 3972 622 4030 victitare
664 3979 948 4042 potuerat,
992 3971 1284 4038 electione,
1319 3978 1384 4026 ut
1427 3970 1697 4040 superius
1735 3969 1877 4035 dixi,
1911 3970 2058 4026 facta

361 4075 450 4118 me
493 4060 730 4132 contigit
775 4058 1023 4117 evocari.
1076 4060 1288 4115 Electio
1336 4066 1531 4115 autem
1573 4066 1773 4115 utrum
1806 4059 1919 4114 Deo
1948 4072 2061 4114 no-

358 4151 508 4207 lente
536 4165 610 4206 an
638 4149 911 4205 tolerante
958 4148 1148 4217 fuerit,
1196 4146 1390 4203 nescio
1423 4162 1435 4202 :
1465 4146 1577 4203 hoc
1616 4162 1800 4204 unum
1857 4161 2060 4203 secure

360 4238 689 4309 pronuntio,
725 4236 866 4308 quia
894 4250 1082 4307 neque
1107 4251 1172 4292 eo
1198 4236 1441 4303 ambitu,
1475 4249 1663 4306 neque
1695 4250 1784 4292 me
1814 4237 2059 4302 conscio,

361 4334 463 4383 aut
491 4340 750 4383 meorum
805 4325 1050 4381 factione
1098 4332 1406 4395 parentum
1458 4332 1767 4395 procurata
1810 4325 1882 4382 sit
1919 4324 2060 4380 mihi

2170 2017 2406 2074 forsitan
2472 2020 2881 2090 qualecunque
2948 2021 3402 2078 instrumentum
3468 2022 3694 2079 decrevi
3742 2038 3880 2078 con-

2169 2112 2382 2175 texere,
2415 2107 2537 2178 ipsa
2569 2109 2946 2178 susceptionis
2976 2123 3116 2165 meae
3145 2109 3236 2166 die
3266 2110 3505 2181 quidam
3551 2112 3879 2168 monachus

2169 2194 2381 2252 divinae
2414 2198 2640 2268 paginae
2687 2212 2803 2254 non
2851 2197 3113 2269 ignarus,
3165 2206 3503 2268 eventuum,
3537 2206 3603 2256 ut
3643 2200 3876 2270 Opinor,

2170 2297 2429 2341 meorum
2470 2285 2752 2351 curiosus,
2805 2300 2939 2343 cum
2988 2286 3217 2343 obviam
3263 2287 3403 2342 mihi
3444 2288 3749 2358 procedere
3782 2302 3879 2358 pa-

2172 2381 2366 2430 rarent
2405 2373 2503 2448 [f.,
2547 2372 2828 2447 pararet],
2873 2382 3095 2432 textum
3142 2375 3444 2447 Evangelii
3472 2391 3544 2433 ex
3585 2376 3877 2433 industria

2168 2475 2342 2532 super
2369 2464 2552 2519 altare
2583 2464 2689 2520 hac
2732 2464 3047 2520 intentione
3080 2465 3322 2534 aperuit,
3356 2469 3421 2521 ut
3455 2465 3610 2536 quod
3641 2466 3878 2536 capitu-

2170 2552 2293 2609 lum
2345 2553 2528 2609 oculis
2569 2552 2822 2623 primum
2894 2561 3220 2610 occurreret
3288 2551 3409 2625 (⁷⁵),
3466 2568 3567 2625 pro
3625 2554 3736 2610 mei
3777 2568 3881 2611 au-

2170 2641 2345 2711 spicio
2376 2641 2632 2698 haberet.

2243 2733 2626 2799 Prognosticon
2687 2731 2753 2786 de
2808 2732 3079 2789 Guiberto.
3152 2732 3329 2797 Quam
3389 2731 3618 2786 sollicite
3683 2734 3882 2787 munia

2170 2817 2307 2872 obiit
2362 2819 2693 2889 przlaturae.
2746 2849 2814 2859 —
2865 2820 3001 2876 Erat
3054 2827 3246 2877 autem
3306 2818 3452 2876 liber
3498 2833 3677 2876 manu
3726 2818 3917 2876 scri-'

2173 2913 2307 2977 ptus
2348 2920 2465 2962 non
2516 2906 2760 2977 paginis,
2823 2908 2919 2964 sed
2970 2908 3271 2965 columnis.
3306 2909 3372 2963 In
3415 2908 3701 2965 columnae
3758 2907 3881 2979 igi-

2174 3003 2271 3052 tur
2321 2996 2501 3052 tertiae
2550 2996 2736 3053 medio
2793 2997 2998 3053 oculus
3064 2996 3191 3067 ejus
3245 2996 3488 3064 insedit,
3554 2998 3657 3067 qui
3714 2995 3881 3052 locus

2171 3084 2251 3141 sic
2306 3099 2365 3141 se
2414 3085 2664 3141 habuit:
2699 3107 2721 3135 ι
2780 3085 3044 3141 Lucerna
3099 3084 3353 3154 corporis
3405 3085 3489 3141 tui
3538 3091 3621 3141 est
3670 3084 3883 3141 oculus

2173 3182 2308 3231 tuus
2337 3174 2487 3245 (Luc.
2525 3190 2602 3241 xi,
2650 3174 2756 3241 34).
2789 3195 2815 3224 ιι
2845 3173 3097 3230 Diacono
3143 3173 3358 3244 itaque,
3408 3172 3510 3244 qui
3539 3173 3596 3229 in
3655 3187 3885 3244 proces-

2168 3263 2326 3320 sione
2355 3264 2658 3336 Evangelii
2705 3271 2932 3321 textum
2962 3269 3085 3320 erat
3116 3262 3485 3333 praelaturus,
3535 3262 3783 3334 imperat
3813 3271 3884 3321 ut

2170 3359 2297 3421 post
2323 3352 2585 3408 osculum
2618 3352 2773 3422 quod
2801 3359 3091 3423 argenteae
3118 3350 3356 3422 imagini
3392 3351 3651 3408 exterius
3674 3351 3879 3408 affixa:

2168 3439 2457 3508 libassem,
2503 3440 2683 3511 digito
2728 3440 2849 3497 loco
2895 3440 2996 3510 illi,
3032 3454 3205 3511 quem
3236 3447 3557 3508 notaverat,
3606 3440 3879 3511 interpo-

2168 3527 2275 3584 sito
2307 3537 2538 3599 repente
2570 3529 2626 3585 in
2651 3528 2834 3586 oculis
2863 3530 3003 3585 meis
3030 3529 3300 3586 volumen
3327 3529 3608 3600 aperiens,
3637 3528 3883 3586 sollicite

2168 3617 2487 3674 attenderet
2519 3631 2696 3689 quam
2748 3618 2807 3673 in
2839 3626 3059 3688 partem
3113 3617 3360 3674 intuitus
3413 3630 3576 3673 meus
3622 3631 3743 3675 sese
3786 3618 3884 3674 de-

2169 3713 2421 3775 poneret.
2482 3706 2723 3776 Aperuit
2778 3720 2915 3777 ergo
2965 3705 3201 3775 librum,
3269 3704 3364 3762 cui
3423 3705 3595 3776 juxta
3654 3720 3878 3761 morem

2166 3794 2527 3851 extrinsecus
2586 3794 2751 3851 labra
2797 3795 3211 3865 depresseram,
3265 3802 3321 3851 et
3368 3792 3491 3864 ipso
3542 3801 3880 3864 aucupante

2168 3896 2450 3952 quorsum
2483 3882 2857 3951 intenderem,
2888 3898 3003 3939 non
3036 3883 3263 3954 paginze
3290 3883 3453 3939 initia
3481 3882 3727 3952 respexi,
3759 3896 3880 3938 non

2171 3971 2363 4039 finem,
2393 3971 2489 4027 sed
2519 3985 2621 4028 ora
2663 3979 2719 4029 et
2746 3971 2942 4029 oculos
2973 3972 3045 4029 ad
3094 3972 3444 4028 versiculum
3481 3971 3688 4027 deflexi
3721 3984 3884 4026 eum-

2169 4058 2320 4114 dem.
2356 4059 2463 4127 Qui
2496 4060 2818 4117 monachus
2859 4060 3062 4117 talium
3093 4061 3379 4131 conjector
3409 4073 3538 4115 cum
3573 4058 3882 4115 intentioni

2168 4162 2289 4204 sure
2320 4148 2537 4206 factum
2582 4165 2775 4206 meum
2808 4149 3198 4221 improvidum
3242 4148 3583 4204 convenisse
3632 4148 3879 4215 videret,

2169 4245 2295 4308 post
2324 4238 2546 4309 aliquot
2588 4238 2726 4307 dies,
2757 4247 2813 4294 et
2843 4237 2986 4307 quid
3018 4235 3261 4299 fecisset,
3293 4243 3347 4291 et
3386 4236 3540 4307 quod
3572 4236 3719 4291 actio
3749 4250 3884 4292 mea

2169 4327 2378 4382 actioni
2409 4341 2529 4383 suae
2576 4326 2723 4382 miro
2756 4325 2921 4381 modo
2951 4322 3357 4391 concinuisset,
3400 4324 3470 4380 ad
3512 4338 3602 4380 me
3639 4323 3883 4381 veniens

362 4415 460 4471 illa
501 4416 785 4487 quaesitio.
840 4415 905 4470 Et
936 4414 1077 4469 istac
1136 4412 1371 4484 quidem
1421 4427 1508 4469 res
1562 4413 1706 4468 bene
1760 4421 2059 4484 utcunque
2098 4422 2142 4477 D
2171 4416 2488 4472 enarravit.
2539 4415 2712 4482 Deus,
2749 4412 2851 4484 qui
2898 4410 3160 4468 omnium
3208 4410 3265 4465 in
3298 4418 3352 4467 te
3398 4412 3756 4469 credentium
3800 4412 3881 4469 lu-

362 4503 653 4575 processit.
687 4502 825 4558 Illac
866 4515 1019 4571 vero,
1071 4502 1227 4573 quod
1270 4501 1483 4557 scilicet
1526 4516 1560 4557 a
1590 4501 1820 4558 nemine
1861 4516 2060 4559 eorum

360 4591 766 4665 cognoscebar,
818 4603 921 4647 nec
969 4590 1300 4662 quempiam
1352 4603 1549 4646 eorum
1600 4604 1895 4653 noveram,
1944 4603 2062 4645 non

362 4682 578 4740 utiliter
606 4681 866 4749 forsitan,
900 4694 1015 4737 non
1053 4680 1273 4751 integre
1302 4680 1458 4750 quod
1491 4687 1764 4736 secutura
1807 4680 2063 4736 lecturus

360 4772 634 4829 attendat.
670 4770 757 4827 Ad
786 4784 881 4827 eos
908 4769 1063 4826 enim
1107 4770 1347 4826 veniens
1376 4776 1599 4825 certum
1629 4768 1783 4839 apud
1824 4783 1915 4825 me
1946 4782 2061 4823 non

361 4862 544 4918 habeo
567 4860 744 4932 quod,
773 4860 855 4916 eis
901 4858 1249 4930 incognitus,
1277 4866 1333 4914 et
1364 4857 1470 4928 ipsi
1514 4858 1676 4924 mihi,
1711 4857 2062 4913 simultatem

362 4949 682 5021 quamlibet
712 4949 820 5005 hac
872 4949 942 5005 de
983 4961 1160 5004 causa
1203 4946 1679 5018 concepissemus.
1733 4946 1823 5003 Sic
1872 4953 2061 5001 tamen

362 5037 717 5094 sentiebatur
745 5050 777 5092 a
808 5036 1176 5108 quibusdam.
1211 5034 1372 5102 Quod
1416 5035 1560 5091 alias
1584 5034 1819 5106 quidem
1850 5040 1906 5090 et
1934 5048 2064 5089 con-

363 5125 509 5197 tigit,
536 5132 792 5195 potestve
821 5126 1186 5196 contingere;
1224 5124 1315 5179 hic
1347 5122 1442 5195 [f.,
1474 5122 1581 5196 sic]
1618 5131 1813 5180 autem
1845 5122 2062 5178 factum

360 5213 697 5270 nullatenus
727 5212 883 5282 potui
908 5212 1207 5283 conjicere.
1240 5212 1396 5269 Nulli
1422 5224 1683 5282 namque
1711 5209 1956 5267 dubium
1978 5217 2064 5266 est

362 5301 519 5373 quod
548 5299 911 5356 familiaritas
952 5313 1019 5355 ac
1046 5299 1251 5356 notitia
1281 5299 1587 5357 audaciam
1619 5311 1824 5369 parere
1863 5297 2059 5367 soleat,

361 5388 607 5445 audacia
636 5400 774 5443 vero
805 5387 864 5442 in
889 5386 1266 5444 temeritatem
1300 5386 1569 5443 facillime
1597 5394 1957 5458 prorumpat.
1993 5387 2064 5444 Et

360 5484 513 5534 certe
542 5475 822 5547 majorem
854 5475 946 5533 his
972 5490 1120 5547 quos
1148 5476 1345 5534 minus
1379 5477 1650 5533 novimus
1681 5477 2062 5533 reverentiam

359 5565 632 5624 exhibere
678 5565 949 5634 solemus,
1001 5564 1132 5623 licet
1174 5565 1338 5622 illum
1386 5565 1529 5621 mihi
1577 5564 1924 5638 ingredienti
1971 5564 2061 5620 lo-

360 5668 515 5724 cum,
549 5654 708 5710 nullo
751 5654 920 5711 modo
955 5668 1159 5711 eorum
1216 5654 1566 5711 conscientia
1617 5660 1762 5711 esset
1804 5653 2060 5723 occlusa,

2172 4515 2376 4560 cernas
2425 4502 2720 4558 illuminas
2772 4500 2943 4571 (Psal.
2999 4514 3140 4566 xvn,
3175 4498 3286 4570 29),
3336 4507 3399 4556 tu
3430 4500 3542 4556 scis
3583 4514 3760 4571 quam
3796 4501 3882 4557 in.

2172 4591 2457 4649 tentionis-
2489 4590 2782 4646 lucernam
2836 4587 2981 4643 mihi
3028 4587 3361 4657 contuleris,
3411 4596 3466 4645 et
3491 4602 3689 4659 quam,
3727 4588 3878 4646 inter

2172 4680 2416 4736 adversa
2445 4693 2576 4749 quae
2607 4677 2746 4733 mihi
2789 4676 3111 4745 intulerint,
3146 4682 3204 4733 et
3236 4690 3571 4748 prosperam
3616 4677 3880 4735 volunta-

2170 4775 2284 4824 tem
2316 4767 2560 4823 habeam
2612 4780 2752 4838 erga
2789 4765 2961 4836 ipsos.
2994 4767 3063 4821 Et
3096 4766 3226 4822 licet
3272 4780 3448 4836 opera
3494 4780 3622 4822 mea
3650 4781 3751 4822 cor
3801 4768 3879 4823 vi-

2171 4855 2373 4911 delicet
2427 4854 2645 4911 fmdum
2699 4854 2771 4911 sit
2817 4862 2873 4909 et
2934 4854 3230 4922 miserum,
3307 4861 3597 4924 quantum
3655 4853 3727 4909 ad
3783 4868 3877 4911 me

2170 4950 2407 5014 spectat,
2436 4950 2628 4999 tamen
2663 4957 2780 4999 non
2809 4950 2863 5000 te
2899 4943 3033 4999 latet
3063 4950 3351 5013 quantum
3382 4942 3473 5013 (⁷⁸)
3525 4942 3597 4998 ad
3628 4942 3874 4999 salutem

2170 5045 2450 5099 meorum,
2497 5046 2644 5102 quos
2691 5038 2755 5088 tu
2788 5030 2930 5086 mihi
2975 5030 3290 5102 subjecisti,
3324 5032 3559 5087 animus
3596 5044 3761 5087 meus
3792 5033 3875 5088 in-

2170 5121 2384 5178 tendat.
2432 5120 2791 5190 Quantopere
2819 5120 2993 5176 etiam
3033 5120 3188 5176 mala
3216 5133 3345 5175 mea
3384 5119 3701 5186 considero,
3753 5127 3874 5176 tan-

2171 5217 2365 5280 topere
2407 5210 2593 5281 magis
2621 5208 2691 5266 de
2719 5209 2885 5266 bonis
2914 5209 3172 5280 ipsorum
3198 5208 3245 5264 si
3278 5208 3575 5265 arriserint
3603 5209 3874 5279 operibus

2170 5297 2467 5355 hilaresco.
2548 5297 2673 5354 Scio
2720 5311 2975 5369 namque
3028 5312 3094 5355 eo
3145 5310 3238 5353 me
3290 5297 3446 5367 apud
3493 5305 3605 5353 tuae
3672 5298 3872 5368 gratiae

2169 5388 2444 5445 thronum
2499 5386 2844 5457 liberiorem,
2877 5400 2995 5457 quo
3039 5385 3290 5457 amplius
3328 5385 3729 5443 benivolorum
3757 5393 3874 5444 stu-

2170 5476 2280 5533 diis
2308 5490 2399 5533 me
2428 5476 2730 5548 praebuero
2763 5476 3092 5548 gratiorem.

2242 5566 2519 5621 Orationis
2574 5565 2643 5621 ab
2680 5567 2777 5621 illo
2806 5580 2989 5621 coram
3043 5564 3322 5619 monachis
3389 5562 3590 5619 habitae
3640 5578 3866 5619 summ.

2171 5684 2238 5694 -—
2291 5654 2599 5725 Susceptus
2653 5653 2835 5725 igitur
2889 5652 2967 5709 ab
2998 5651 3101 5721 eis,
3132 5658 3189 5709 et
3234 5651 3542 5722 capitulari
3584 5659 3870 5709 conventu

3900 740 3909 987 Ι
