3946 6374
95 373 212 427 901

1211 373 1301 431 DE
1340 372 1497 431 VITA
1538 375 1673 431 SUA
1714 374 1904 432 LIBRI
1944 375 2149 433 TRES.
2189 404 2259 415 —
2300 375 2431 431 LIB.
2475 375 2545 431 II.

3532 384 3636 437 902

96 502 419 572 inductus,
477 518 653 575 super
694 505 1023 575 prophetico
1055 506 1178 587 .illo
1223 506 1456 563 oraculo
1502 520 1818 563 sermonem
1855 512 1902 564 Α
1930 506 2100 573 valet,
2129 505 2283 577 juste
2314 519 2416 577 per
2443 505 2601 574 alios,
2638 506 2854 577 justius
2884 520 2985 577 per
3010 508 3256 579 seipsam
3290 510 3362 566 ab
3390 510 3635 568 aliorum

94 592 325 660 habui,
359 600 415 649 et
462 594 580 649 dixi
629 594 772 665 (erat
810 602 1004 652 autem
1051 595 1413 653 Dominicum
1460 604 1666 668 praesto
1710 596 1823 653 Na-

95 682 256 749 tale,
292 696 425 738 cum
452 683 630 738 Isaias
663 683 898 755 legitur)
923 700 935 739 :

191 776 348 826 41η
376 794 397 820 ι
432 771 598 840 Dicit,
632 772 894 843 inquam,
924 773 1103 830 Isaias
1144 775 1420 845 propheta
1457 776 1612 846 quod
1640 789 1827 846 nuper

97 858 404 915 audistis:
444 882 464 908 ι
500 860 903 931 Apprehendet
932 862 1024 918 vir
1055 862 1290 919 fratrem
1323 878 1517 931 suum,
1550 863 1826 919 domesti-

99 961 262 1004 cum
286 948 466 1019 patris
494 949 583 1007 sui
611 965 624 1005 :
680 951 1094 1008 Vestimentum
1129 953 1228 1009 tibi
1258 960 1359 1021 est,
1412 952 1672 1023 princeps
1708 959 1827 1008 esto

101 1045 339 1105 noster,
373 1037 547 1094 ruina
593 1045 784 1095 autem
826 1040 947 1096 haec
977 1041 1085 1097 sub
1118 1056 1294 1098 manu
1337 1050 1454 1098 tua.
1490 1044 1559 1098 Et
1590 1056 1830 1111 respon-

98 1126 283 1182 debit
313 1126 432 1182 ille:
464 1127 588 1184 Non
632 1142 761 1184 sum
809 1130 1088 1197 medicus,
1134 1139 1189 1187 et
1244 1132 1298 1186 in
1349 1132 1516 1188 domo
1557 1145 1684 1187 mea
1715 1144 1829 1186 non

97 1222 208 1270 est
236 1215 403 1285 panis
452 1230 641 1286 neque
671 1217 1113 1286 vestimentum;
1145 1220 1318 1276 nolite
1360 1220 1704 1276 constituere
1740 1233 1831 1275 me

98 1302 467 1373 principem.
519 1303 655 1361 Ruit
701 1306 856 1362 enim
897 1307 1253 1364 Hierusalem
1282 1316 1337 1365 et
1378 1310 1557 1365 Judas
1585 1308 1833 1365 concidit

100 1394 284 1461 (Isai.
318 1407 400 1461 ιιι,
431 1392 572 1463 6-8).
610 1417 636 1440 ››

198 1503 227 1530 ι
277 1481 380 1537 Vir
425 1488 510 1537 est
559 1482 662 1552 qui
702 1490 903 1539 contra
957 1484 1251 1541 diabolum
1306 1484 1664 1542 eileminatas
1715 1501 1832 1543 non

106 1569 305 1625 habet
338 1568 431 1641 ΓΛ,
479 1569 842 1628 effeminatus
893 1588 1010 1629 non
1057 1572 1348 1646 habetur].
1384 1576 1437 1630 Is
1467 1575 1700 1632 fratrem
1730 1590 1834 1646 ap-

109 1659 453 1729 prehendit,
495 1673 628 1716 cum
667 1661 739 1715 ad
769 1661 1022 1731 aliquem
1064 1677 1137 1718 ex
1185 1664 1299 1719 Deo
1337 1672 1537 1720 natum
1574 1680 1633 1720 se
1670 1664 1835 1720 colli-

106 1746 231 1818 git.
278 1747 331 1801 Is
378 1762 611 1818 quoque
652 1749 829 1817 patris
884 1749 1049 1805 debet
1091 1765 1212 1805 esse
1260 1751 1622 1820 domesticus,
1672 1754 1833 1823 quia,

106 1836 233 1907 qui
268 1836 340 1891 ad
387 1836 640 1892 officium
673 1838 989 1908 corripitur
1037 1846 1384 1909 pastoratus,
1430 1840 1833 1911 mysteriorum

109 1925 340 1980 domus
386 1925 486 1981 Dei
534 1926 773 1995 reperiri
820 1941 936 1981 non
993 1926 1157 1983 debet
1222 1928 1481 1999 ignarus.
1529 1928 1637 1996 Qui
1679 1929 1836 1985 enim

107 2021 627 2069 sacramentorum
659 2014 921 2070 Ecclesiae
967 2016 1193 2072 nescius
1229 2023 1332 2083 est,
1384 2017 1565 2087 ipsius
1595 2017 1839 2077 admini-

108 2101 409 2159 stratione
458 2102 671 2173 dignus
720 2117 835 2158 non
881 2111 982 2170 est,
1034 2112 1228 2174 utpote
1275 2106 1416 2175 quia
1460 2128 1480 2155 ι
1534 2107 1742 2174 scriba,
1777 2106 1835 2162 in

112 2205 315 2262 regno
344 2190 619 2247 ccelorum
667 2192 869 2247 doctus
916 2193 1131 2262 (Matth.
1174 2208 1294 2260 xm,
1345 2194 1456 2265 52),
1488 2216 1510 2242 ι
1544 2216 1564 2243 ι
1604 2194 1784 2251 fidelis
1811 2217 1832 2244 ιι

111 2278 306 2334 etiam
342 2278 401 2334 in
441 2278 714 2349 mysteria
751 2281 1173 2344 conservando,
1215 2304 1236 2331 ε
1290 2283 1541 2351 prudens
1571 2302 1599 2335 ι)
1629 2283 1686 2338 in
1711 2298 1835 2340 ero-

114 2366 350 2437 gando,
391 2367 656 2423 censeri:
711 2383 913 2424 servus
947 2390 966 2417 ι
1017 2383 1136 2425 ιιοιι
1178 2378 1357 2439 potest
1406 2372 1627 2442 (Matth.
1678 2387 1835 2440 xxiv,

110 2457 240 2524 45).
278 2454 352 2510 Et
399 2456 688 2526 quomodo
718 2457 909 2527 praesit
955 2457 1244 2525 Ecclesiae,
1293 2459 1395 2530 qui
1449 2460 1840 2517 nescitEccle-

116 2544 278 2600 siam
298 2545 327 2598 ?
357 2544 707 2601 Domesticus
727 2560 863 2616 ergo
890 2546 982 2602 sit.

198 2655 220 2681 α
251 2632 407 2700 Quid
440 2632 496 2688 in
529 2633 865 2690 vestimento
897 2635 1000 2689 nisi
1040 2635 1281 2705 pulchra
1313 2636 1655 2708 intelligitur
1681 2646 1838 2695 exte-

119 2724 359 2781 riorum
408 2736 650 2792 operum
707 2722 1033 2779 habitudo?
1076 2724 1348 2795 Princeps
1393 2740 1530 2797 ergo
1577 2735 1837 2797 rogatur,

122 2820 191 2869 ut
221 2812 271 2867 si
305 2810 409 2881 qui
455 2810 862 2867 vestimentum
912 2812 1120 2883 habet;
1155 2814 1297 2883 quia
1324 2815 1526 2871 crebro
1563 2815 1841 2886 contingit

122 2910 190 2960 ut
223 2901 275 2957 is
307 2907 613 2970 expetatur
656 2901 728 2956 ad
762 2899 1039 2971 regimen,
1073 2902 1175 2972 qui
1207 2902 1264 2958 in
1315 2903 1559 2972 incessu,
1594 2904 1767 2960 verbo
1786 2911 1842 2960 et

119 2998 266 3047 actu
321 2988 746 3060 castigatiorem
792 3003 851 3044 se
919 2989 1171 3046 exhibet.
1245 2991 1435 3047 Ruina
1483 2999 1677 3048 autem
1733 2991 1842 3048 sub

119 3079 258 3151 ejus
288 3091 474 3133 manu
503 3077 841 3147 prohibetur
858 3091 999 3145 esse,
1030 3079 1171 3149 quia
1201 3078 1489 3150 quidquid
1516 3079 1843 3136 detrimenti

123 3171 187 3225 in
238 3166 524 3237 subjectis
566 3166 873 3236 reperitur,
933 3167 1001 3222 ad
1058 3168 1418 3238 praesidentis
1474 3168 1841 3225 ratiocinium

124 3255 441 3329 pervenire
483 3254 857 3327 dignoscitur.
891 3259 968 3312 Ac
1010 3255 1057 3311 si
1097 3257 1346 3313 diceret:
1396 3258 1483 3314 Tu
1516 3265 1566 3313 te
1598 3258 1741 3313 bene
1770 3258 1843 3314 ad

123 3346 376 3404 oculum
405 3344 615 3399 videris
660 3342 891 3412 habere,
939 3344 1167 3400 attende
1217 3352 1408 3401 tamen
1460 3359 1581 3416 qua
1629 3344 1844 3402 intror-

123 3450 261 3492 sum
293 3434 522 3491 virtute
544 3432 931 3502 praeemineas.
959 3430 1372 3503 Sciensjutique
1399 3434 1551 3504 quod
1583 3432 1844 3490 omnium

130 3533 185 3581 te
224 3528 494 3595 oporteat
535 3520 819 3577 sustinere
866 3520 1086 3589 ruinas,
1138 3521 1270 3577 inde
1317 3522 1540 3578 cautior
1588 3522 1846 3579 redditus

130 3613 350 3669 infert:
389 3631 418 3660 «
448 3610 572 3666 Non
619 3624 766 3674 sum,
812 3609 1022 3681 inquit,
1070 3610 1347 3677 medicus,
1397 3618 1462 3667 ut
1504 3618 1585 3667 tot
1611 3611 1848 3669 obviare

132 3699 368 3758 valeam
438 3696 626 3754 ruinis
691 3696 1017 3753 morborum
1086 3697 1596 3754 crebrescentibus.
1656 3698 1849 3756 Vesti-

132 3796 401 3844 mentum
442 3785 698 3842 exterius
731 3785 999 3854 aspicitis,
1034 3787 1190 3856 quod
1216 3794 1405 3842 tamen
1437 3787 1495 3842 in
1526 3787 1694 3843 domo
1734 3802 1849 3843 non

34 3870 37 3875 ’
135 3884 239 3944 est,
274 3877 423 3947 quia
452 3889 567 3930 non
615 3874 763 3930 idem
811 3874 988 3929 animi
1033 3874 1268 3931 habitus
1313 3873 1414 3944 qui
1457 3876 1712 3945 corporis
1740 3883 1845 3933 est.

139 3966 305 4021 Unde
329 3972 387 4021 et
426 3963 713 4019 medicum
744 3977 801 4018 se
849 3977 963 4018 nou
1011 3978 1131 4019 esse
1170 3963 1411 4033 fatetur;
1460 3978 1532 4019 ex
1581 3967 1850 4021 acumine

138 4054 293 4109 enim
354 4052 715 4109 discretionis
750 4051 977 4108 difficile
1026 4060 1109 4107 est
1160 4060 1453 4122 penetrare
1503 4052 1750 4125 origines
1795 4062 1850 4110 et

139 4144 334 4198 exitus
364 4140 674 4211 cujuslibet
699 4139 823 4196 vitii
855 4148 908 4196 et
940 4139 1193 4197 virtutis.
1235 4141 1304 4196 Et
1344 4140 1450 4197 hoc
1494 4142 1680 4211 potuit
1707 4157 1851 4199 con-

142 4231 369 4302 tingere
416 4244 489 4285 ex
530 4228 865 4300 indigentia
906 4227 1050 4300 ejus,
1108 4228 1247 4300 quia
1286 4243 1400 4284 non
1448 4237 1530 4286 est
1578 4229 1638 4285 in
1683 4229 1851 4287 domo

144 4319 313 4389 panis
366 4318 523 4374 illius
569 4317 673 4389 qui
728 4331 762 4372 a
820 4318 934 4373 Deo
994 4317 1163 4373 hodie
1215 4317 1430 4387 petitur
1476 4317 1853 4388 quotidianus

146 4408 298 4481 (Luc.
327 4422 410 4476 x1,
442 4408 515 4477 3),
562 4404 899 4463 confortatio
944 4405 1205 4462 videlicet
1241 4404 1368 4476 ejus
1399 4421 1534 4477 quae
1573 4406 1853 4476 spiritua-

144 4485 276 4552 liter
318 4495 651 4553 infunditur
692 4495 905 4551 divinae
943 4493 1284 4562 refectionis,
1335 4502 1437 4551 aut
1480 4495 1680 4566 ipsius,
1731 4496 1856 4553 sine

148 4600 267 4656 qua
298 4585 444 4641 bene
490 4597 783 4654 nusquam
826 4582 1067 4656 regitur,
1109 4582 1465 4640 confirmatio
1497 4583 1556 4639 in
1599 4584 1855 4642 interiori

150 4672 385 4729 homine
410 4672 725 4728 charitatis.

227 4783 248 4809 ι
280 4760 553 4831 Princeps
600 4760 794 4831 itaque
818 4760 951 4830 jure
982 4759 1098 4815 fieri
1149 4767 1391 4828 recusat,
1428 4760 1520 4817 cui
1555 4761 1610 4817 id
1642 4760 1857 4818 virium

154 4849 387 4905 animus
468 4863 717 4920 superne
788 4848 1047 4905 imbutus
1124 4848 1359 4904 minime
1432 4848 1855 4905 subministrat.

159 4958 180 4985 ι
208 4937 565 4994 Hierusalem
591 4937 744 4994 enim
785 4936 923 5006 ruit,
956 4958 978 4984 ι
1034 4936 1087 4993 id
1128 4945 1210 4993 est
1238 4936 1377 5008 quia
1408 4936 1650 4994 internae
1678 4952 1859 5007 expe-

156 5023 361 5082 rientia
408 5027 564 5098 pacis
615 5025 873 5097 deperiit,
922 5033 977 5082 et
1028 5026 1200 5082 etiam
1229 5048 1255 5074 ‹‹
1312 5026 1493 5082 Iudas
1538 5027 1802 5095 concidit,
1832 5048 1853 5076 ι

159 5110 215 5166 id
260 5121 343 5169 est
387 5115 510 5185 ipsa
566 5121 931 5185 peccatorum
975 5113 1276 5183 confessio,
1330 5113 1486 5183 quod
1531 5121 1859 5170 extremum

162 5200 444 5259 malorum
471 5203 731 5258 omnium
761 5208 866 5269 est,
901 5208 1027 5272 post
1056 5201 1420 5258 amissionem
1452 5201 1667 5259 intimae
1694 5209 1862 5258 tran-

164 5287 461 5356 quillitatis
499 5288 831 5346 omnimoda
880 5288 1277 5359 desperatione
1323 5288 1545 5358 defecit,
1589 5290 1750 5361 justa
1779 5304 1863 5346 oc-

165 5375 312 5432 casio
366 5377 655 5435 refutandi
718 5384 1043 5447 pastoratus
1097 5392 1156 5434 se
1226 5377 1491 5449 praebuit.
1546 5377 1654 5436 Ubi
1706 5377 1860 5435 enim

166 5477 324 5520 mens
353 5465 778 5538 emergentibus
813 5465 970 5523 vitiis
1007 5465 1366 5537 inquietatur
1405 5466 1577 5523 nimis
1617 5466 1862 5537 turpiter

171 5550 514 5625 incursatur,
544 5570 649 5611 nec
678 5569 841 5611 mens
878 5555 966 5611 bis
997 5555 1145 5612 male
1190 5556 1477 5612 obcmcata
1506 5570 1608 5626 per
1636 5555 1864 5612 confes-

170 5640 377 5699 sionem
421 5646 620 5702 eadem
668 5645 999 5713 detestatur,
1043 5660 1177 5701 cum
1220 5659 1281 5701 se
1318 5658 1517 5715 regere
1563 5658 1680 5701 non
1710 5658 1864 5713 prai-

1932 594 2213 666 regimine
2234 601 2481 650 arcetur.
2513 593 2651 661 Quae
2689 609 2827 666 ergo
2873 596 3213 666 exponendo
3243 596 3337 653 hic
3367 598 3633 665 dixerim,

1934 683 2050 739 illic
2109 684 2285 740 latius
2325 684 2709 751 exhortando,
2764 692 2819 740 et
2870 685 3150 755 exemplis
3198 685 3631 757 Scripturarum

1933 771 2246 829 sententias
2274 772 2559 829 fulciendo
2590 772 2946 841 protulerim.

2600 860 2827 917 CAPUT
2867 862 2965 918 IV.

2012 951 2090 1004 De
2118 951 2273 1017 felici
2315 950 2567 1005 Guiberti
2611 952 2805 1004 matris
2848 951 3014 1005 obitu.
3046 982 3116 990 -—
3160 953 3234 1009 At
3264 952 3538 1023 quoniam
3570 955 3638 1010 de

1937 1044 2138 1105 matre,
2174 1051 2350 1109 quam
2386 1039 2612 1106 bonam,
2660 1038 2811 1094 inter
2841 1039 3035 1095 omnia
3078 1054 3210 1110 quae
3251 1043 3642 1112 temporaliter

1938 1126 2179 1196 possedi,
2225 1127 2559 1197 fspecialiter
2623 1127 2804 1183 solam
2868 1128 3068 1196 habui,
3122 1129 3310 1185 dicere
3354 1129 3475 1200 jam
3538 1131 3640 1188 diu

1937 1216 2275 1286 omisimus;
2300 1216 2540 1287 dignum
2572 1224 2655 1273 est
2676 1224 2739 1272 ut
2758 1216 2921 1272 bonae
2940 1218 3065 1288 ejus
3095 1218 3223 1273 vitae
3242 1220 3533 1276 meliorem
3569 1221 3641 1276 fi-

1938 1317 2069 1359 nem
2122 1303 2371 1360 breviter
2418 1304 2793 1376 aLtingamus.
2852 1304 2997 1361 Cum
3042 1320 3350 1375 annorum,
3409 1315 3473 1364 ut
3519 1310 3642 1379 ipsa

1940 1393 2242 1461 fatebatur,
2294 1407 2409 1448 non
2462 1393 2761 1449 minimam
2813 1393 3142 1464 pluritatem
3186 1396 3430 1453 infracta
3463 1399 3643 1454 animi

1940 1481 2154 1537 virtute
2197 1483 2641 1549 transcenderet,
2693 1490 2749 1538 et
2785 1480 3082 1539 fatiscente
3120 1487 3459 1554 corpusculo
3510 1486 3642 1542 nul-

1941 1570 2166 1625 latenus
2203 1568 2262 1623 in
2287 1569 2413 1639 ejus
2451 1570 2658 1639 spiritu
2704 1570 2979 1626 orationis
3018 1585 3161 1627 cura
3207 1572 3558 1641 lentesceret,
3590 1581 3646 1631 et

1944 1658 2194 1714 thoracis
2242 1657 2575 1714 infirmitate
2636 1673 2837 1715 somno
2889 1659 3148 1729 depulsa,
3219 1675 3351 1717 cum
3401 1664 3646 1720 stridore

1943 1747 2191 1804 mirabili
2222 1748 2417 1803 Iesum
2464 1746 2771 1803 Dominum
2820 1748 3082 1803 noctibus
3126 1749 3522 1819 centupliciter
3565 1768 3647 1810 re-

1877 1818 1915 1871 Β
1947 1836 2198 1906 plicaret,
2231 1836 2464 1892 demum
2491 1835 2706 1892 morbis
2739 1834 2926 1891 evicta
2963 1836 3256 1893 decubuit.
3292 1818 3409 1909 Ego
3451 1850 3643 1898 autem

1944 1933 1998 1981 et
2036 1925 2212 1982 frater
2258 1940 2419 1981 meus
2468 1932 2607 1981 tunc
2639 1925 2914 1994 temporis
2953 1926 3267 1995 agebamus
3314 1928 3644 2000 Novigenti,

1947 2015 2196 2081 biennio,
2231 2014 2291 2070 ni
2340 2013 2523 2082 fallor,
2557 2020 2689 2070 ante
2720 2013 2863 2069 illud
2893 2014 2964 2069 ad
3011 2014 3406 2073 Flaviacenses
3444 2020 3647 2088 postli-

1947 2103 2213 2171 minium,
2250 2103 2408 2173 quod
2440 2116 2618 2172 supra
2666 2102 2900 2173 quidem
2950 2103 3340 2173 meminimus,
3390 2106 3647 2164 inconsi-

1946 2191 2339 2248 derantissime
2394 2191 2630 2261 quidem
2694 2190 2930 2259 factum,
2987 2191 3106 2260 sed,
3153 2207 3219 2247 eo
3267 2202 3501 2251 auctore
3545 2196 3647 2267 qui

1947 2280 2117 2336 malis
2146 2280 2356 2336 nostris
2387 2280 2528 2335 bene
2562 2279 2768 2347 utitur,
2813 2294 3155 2336 conversum
3205 2281 3263 2337 in
3308 2282 3489 2339 multo
3516 2299 3644 2353 pro-

1947 2370 2259 2440 speriorem
2290 2383 2468 2439 quam
2500 2368 2654 2424 credi
2686 2375 2869 2438 posset
2894 2376 3194 2439 eventum;
3221 2371 3467 2440 pepercit
3493 2372 3648 2428 enim

1946 2458 1995 2529 ej
2006 2474 2074 2515 us
2088 2458 2454 2514 teneritudiui
2478 2458 2737 2525 Deus,ne
2752 2458 3225 2528 jecurtantopere
3241 2460 3418 2516 Deum
3447 2474 3652 2517 amans

1950 2548 2301 2604 immeritum
2326 2547 2504 2619 hujus
2534 2546 2805 2603 innobilis
2833 2546 3049 2603 reditus
3075 2548 3265 2619 gladio
3294 2557 3648 2619 carperetur.

2020 2637 2207 2708 Igitur
2237 2635 2316 2692 illi
2368 2636 2661 2692 moriturae
2709 2651 2841 2692 cum
2872 2651 3034 2692 meus
3064 2638 3336 2707 magister
3361 2638 3652 2707 lacryma-

1949 2724 2185 2780 bundus
2225 2723 2761 2795 assisteret,.intulit
2789 2724 2867 2780 illi
2894 2740 2906 2780 :
2944 2743 2971 2776 ‹‹
3004 2726 3148 2780 Ecce
3178 2724 3277 2781 filii
3306 2726 3524 2783 domini
3556 2741 3653 2783 re-

1950 2810 2085 2867 moti
2115 2818 2269 2879 sunt,
2314 2818 2370 2867 et
2396 2818 2458 2867 tu
2508 2810 2743 2866 forsitan
2775 2825 2927 2881 aegre
2976 2810 3138 2878 feres,
3184 2818 3239 2866 et
3289 2812 3389 2881 ipsi
3416 2813 3631 2884 zegrius

1950 2899 1997 2955 si
2026 2899 2107 2955 eis
2138 2898 2474 2956 absentibus
2504 2898 2856 2970 defungaris.
2891 2920 2911 2948 ι
2941 2900 3013 2955 At
3044 2899 3165 2969 ipsa
3193 2915 3326 2957 eum
3348 2902 3531 2957 oculis
3559 2916 3655 2958 re-

1950 2989 2297 3043 verberans:
2340 3010 2360 3037 ι
2389 2986 2464 3052 Si,
2489 2987 2699 3057 inquit,
2724 2986 2809 3044 uti
2831 2988 3124 3058 quondam
3163 2987 3314 3045 intra
3333 2990 3655 3047 claustrum

1955 3075 2078 3132 istic
2107 3075 2446 3147 contiguum
2482 3084 2931 3143 commanerent,
2973 3076 3133 3132 novit
3172 3079 3320 3133 Deus
3359 3078 3515 3148 quod
3563 3093 3657 3135 ne-

1951 3179 2065 3236 que
2096 3164 2200 3221 hos
2251 3179 2441 3235 neque
2498 3164 2831 3235 quempiam
2879 3178 3140 3222 meorum
3180 3164 3445 3221 affinium
3502 3167 3560 3222 in
3590 3182 3656 3223 eo

1952 3254 2157 3310 vellem
2187 3253 2369 3310 obitui
2403 3252 2691 3309 interesse.
2734 3253 2835 3310 Est
2866 3262 3059 3310 autem
3091 3268 3246 3309 unus
3274 3268 3447 3324 quem
3479 3255 3657 3311 inter-

1954 3343 2044 3398 nis
2063 3342 2363 3412 praestolor
2383 3340 2625 3409 viribus,
2656 3341 2757 3411 qui
2798 3340 3020 3396 utinam
3061 3341 3219 3397 solus
3248 3342 3422 3399 adsit!
3453 3365 3474 3392 ι
3501 3343 3659 3400 Dixit

1954 3431 2035 3488 sic
2078 3438 2134 3488 et
2171 3445 2238 3487 ea
2267 3439 2449 3497 nocte,
2486 3429 2595 3485 hac
2625 3428 2768 3485 hora
2796 3444 2913 3500 qua
2945 3429 3188 3501 angelus
3216 3429 3443 3487 Gabriel
3469 3445 3504 3487 a
3545 3432 3659 3488 Deo

1954 3520 2167 3576 missus
2200 3520 2272 3575 ad
2299 3519 2595 3591 Virginem
2637 3526 2691 3576 et
2724 3526 2993 3575 cantatur
3020 3526 3075 3575 et
3117 3517 3343 3586 colitur,
3386 3520 3459 3576 ad
3491 3534 3654 3577 suam

1956 3608 2113 3665 illam
2164 3607 2405 3664 infinitis
2460 3622 2686 3678 semper
2749 3608 3047 3665 amoribus
3106 3616 3436 3679 exoptatam
3480 3622 3659 3680 quam

1956 3696 2257 3769 praelibavi
2303 3696 2629 3764 Dominam,
2662 3711 2777 3753 non
2808 3698 3056 3769 ingrate,
3090 3705 3153 3754 ut
3179 3697 3490 3767 credimus,
3525 3713 3660 3755 sus-

1955 3786 2218 3859 cipienda
2258 3786 2551 3857 migravit.

2028 3876 2177 3932 Ante
2209 3888 2426 3946 paucos
2457 3882 2652 3931 autem
2685 3887 2862 3945 quam
2892 3872 3185 3931 decederet
3234 3889 3435 3944 annos,
3488 3876 3662 3932 nimie

1956 3969 2205 4035 cmperat
2252 3962 2519 4019 affectare
2586 3976 2817 4019 sacrum
2880 3964 3171 4033 suscipere
3212 3963 3428 4020 velum.
3501 3962 3664 4031 Quod

1959 4066 2089 4108 cum
2114 4065 2221 4123 ego
2270 4052 2611 4108 auctoritate
2658 4051 2948 4122 proposita
2978 4051 3349 4120 distulissem,
3384 4053 3485 4109 ubi
3515 4053 3663 4109 dici-

1962 4149 2091 4197 tur:
2134 4162 2155 4190 ι
2194 4139 2415 4199 Viduas
2459 4140 2647 4197 velare
2688 4140 3024 4210 pontificum
3073 4139 3273 4196 nullus
3324 4148 3602 4209 attentet;
3635 4163 3657 4191 ι

1958 4229 2223 4286 sufficere
2268 4228 2376 4285 sibi
2423 4243 2584 4299 posse
2631 4228 3185 4285 continentissimam
3216 4229 3339 4285 sine
3392 4229 3663 4286 exteriori

1959 4318 2163 4375 habitu
2192 4317 2409 4385 vitam;
2438 4318 2596 4389 quod
2638 4324 2694 4375 et
2738 4316 2925 4388 ipsum
2961 4316 3269 4375 Anselmus
3315 4318 3491 4376 abbas
3521 4318 3665 4375 Bec-

1899 4428 1943 4482 D
1969 4406 2174 4477 censis,
2224 4407 2586 4477 postmodum
2629 4409 2867 4464 Cantuae
2910 4405 3142 4477 (Cantiae
3183 4407 3269 4461 vel
3316 4406 3664 4475 Cantuariae)

1964 4496 2289 4568 Anglorum
2347 4500 2501 4552 498
2553 4495 3039 4566 archiepiscopus,
3102 4494 3193 4551 vir
3234 4494 3516 4553 mirabilis
3579 4498 3666 4563 (de

1964 4601 2082 4657 quo
2128 4584 2398 4656 superius
2443 4584 2554 4657 egi)
2598 4598 2672 4641 ex
2722 4583 2964 4654 antiquo
3008 4589 3297 4654 vetuerat;
3332 4592 3489 4641 tanto
3543 4585 3669 4656 ipsa

1966 4674 2155 4746 magis
2202 4673 2458 4741 accendi,
2508 4681 2564 4730 et
2593 4688 2627 4729 a
2675 4672 2970 4744 proposita
3025 4670 3188 4729 nulla
3235 4671 3669 4730 ratiocinatione

1965 4762 2186 4834 repelli.
2210 4761 2381 4831 Vicit,
2412 4769 2468 4818 et
2495 4761 2645 4818 inter
2671 4760 3122 4831 suscipiendum,
3155 4775 3311 4827 cum,
3344 4760 3471 4816 viro
3499 4775 3667 4818 reve-

1968 4849 2307 4908 rendissimo
2342 4851 2563 4907 Joanne
2612 4848 2718 4905 loci
2765 4849 3023 4921 ejusdem
3069 4848 3297 4917 abbate,
3340 4864 3515 4920 quem
3544 4849 3705 4920 ipsa,

1969 4937 2281 5009 parvulum
2312 4938 2615 5006 nutrierat,
2666 4944 2944 5008 praesente
2967 4950 3143 5008 super
3169 4951 3236 4993 ea
3285 4952 3345 4994 re
3386 4938 3672 4996 satisface«

1968 5034 2072 5095 ret,
2123 5025 2195 5082 ad
2240 5033 2567 5083 extremum
2610 5024 2721 5083 tale
2750 5041 2810 5083 se
2847 5040 2881 5083 a
2911 5026 3025 5083 Deo
3075 5025 3347 5085 habuisse
3384 5026 3579 5085 docuit
3609 5028 3669 5084 in

1968 5115 2075 5171 hoc
2102 5128 2270 5184 opere
2297 5114 2642 5172 incertivum
2668 5157 2681 5170 .

2041 5202 2197 5260 Dixit
2227 5217 2363 5275 ergo
2391 5218 2449 5260 se
2486 5203 2543 5260 in
2575 5203 2793 5260 visione
2839 5202 3051 5260 vidisse
3095 5203 3293 5261 multa:
3337 5202 3670 5274 pulchritu-

1969 5290 2120 5347 dinis
2149 5298 2203 5348 et
2249 5291 2610 5349 auctoritatis
2668 5291 2994 5361 Dominam,
3053 5291 3148 5349 cui
3199 5300 3438 5350 ornatus
3487 5292 3674 5353 inerat

1970 5380 2405 5436 circumstantia
2426 5380 2659 5451 copiosi,
2702 5394 2834 5451 quae
2870 5380 3348 5451 pretiosissimum
3393 5379 3501 5438 sibi
3530 5380 3674 5439 offe-

1973 5483 2104 5524 rens
2133 5466 2389 5539 peplum,
2426 5470 2592 5541 quasi
2637 5467 2711 5525 ad
2750 5468 3193 5526 custodiendum
3236 5469 3385 5525 idem
3424 5469 3474 5526 ei
3514 5485 3678 5528 com-

1972 5557 2301 5624 mendabat,
2365 5565 2694 5630 opportuno
2755 5557 3020 5613 videlicet
3068 5565 3317 5628 tempore
3359 5557 3417 5614 in
3461 5572 3676 5615 morem

1972 5645 2208 5715 depositi
2240 5646 2680 5704 restituendum.
2731 5644 2838 5702 Cui
2876 5645 3056 5702 verbo
3085 5660 3283 5702 omnes
3330 5646 3680 5703 incunctan-
