3946 6372
341 357 446 413 903

1257 351 1319 406 V.
1360 347 1704 405 GUIBERTI
1741 347 2033 405 ABBATIS
2067 348 2124 405 S.
2170 346 2410 403 MARLE
2447 345 2538 403 DE
2575 344 2969 403 NOVIGENTO

3753 348 3855 401 904

340 498 428 547 ter
455 488 796 556 assedimus,
829 486 1145 558 prasertim
1188 500 1321 543 cum
1352 485 1479 556 ejus
1508 485 1866 542 devotionem
1900 483 2048 541 divi-
2087 488 2132 538 Α
2157 490 2349 539 autem
2380 480 2430 517 7°
2455 481 2743 539 comitissa
2788 480 3128 564 Helisendis.
3181 481 3357 538 Filius
3407 495 3546 539 vero
3571 485 3720 553 ejus,
3754 483 3854 552 qui

341 579 435 634 nis
494 576 799 648 provocari
866 574 1386 645 significationibus
1444 574 1808 629 sentiremus.
1880 572 2045 636 Quod

340 681 571 723 sacrum
601 665 863 721 velamen
915 664 1084 719 annis
1139 661 1317 719 ferme
1343 662 1529 718 tribus
1574 662 1812 732 integre,
1844 668 1907 717 ut
1942 675 2044 730 po-

343 761 508 819 terat,
546 760 970 818 conservatum,
1002 751 1100 807 illa
1158 751 1250 807 die
1298 751 1370 818 ei,
1405 765 1537 821 qua
1566 749 1672 806 sibi
1708 750 1850 805 illud
1889 763 2046 804 com-

341 842 595 907 miserat,
649 839 903 895 Domina
974 838 1310 909 reportavit,
1364 852 1481 908 qua
1547 837 1669 907 ipsa
1734 836 2045 893 salutifera

340 927 800 985 annuntiationis
853 926 1178 996 auspicium
1227 924 1655 996 jucundissima
1706 924 1843 980 felix
1903 938 2044 978 aure

340 1016 609 1086 suscepit.
646 1016 835 1085 Ipsam
882 1013 1106 1070 cunctis
1146 1014 1483 1069 commendo
1521 1013 1624 1083 qui
1664 1012 1906 1084 legerint
1935 1012 2046 1067 ista

343 1104 626 1171 fidelibus,
659 1117 837 1173 quam
876 1110 1100 1159 constat
1129 1102 1419 1159 neminem
1449 1115 1484 1156 a
1511 1102 1728 1158 crebris
1770 1100 1891 1158 suis
1920 1115 2045 1158 ora-

343 1191 592 1248 tionibus
632 1190 942 1247 exclusisse
991 1190 1236 1246 ﬁdelem.
1276 1191 1410 1247 Hac
1461 1190 1530 1247 de
1574 1204 1643 1246 ea
1684 1203 1877 1246 coram
1926 1190 2042 1246 Deo

341 1280 608 1349 dixerim,
640 1280 826 1335 cordis
854 1279 965 1335 mei
990 1294 1173 1335 verax
1206 1279 1595 1335 testimonium
1624 1279 1863 1346 habens,
1896 1278 2040 1335 nihil

339 1367 571 1424 omnino
650 1368 1017 1424 confinxisse.
1096 1367 1201 1424 Sed
1282 1368 1423 1439 quia
1464 1368 1537 1424 ad
1614 1367 2040 1424 Flaviacensem

338 1457 632 1514 ecclesiam
684 1456 1107 1528 postliminium
1171 1457 1431 1524 fecimus,
1512 1456 1757 1527 dignum
1825 1463 1909 1513 est
1977 1463 2043 1513 ut

338 1546 758 1618 aliquantisper
787 1545 927 1602 inibi
978 1560 1399 1603 commoremur
1444 1546 1674 1615 iterum,
1726 1554 2040 1617 antequam

340 1636 713 1692 Laudunensi
773 1634 977 1691 sabulo
1035 1642 1343 1706 retrovaga
1401 1634 1645 1706 vestigia
1701 1649 2042 1707 consperga-

339 1739 490 1781 mus.

1023 1827 1256 1885 CAPUT
1296 1828 1363 1885 V.

406 1951 626 2008 Judaus
682 1950 756 2004 ad
814 1949 977 2019 fidem
1040 1965 1325 2005 conversus
1389 1952 1746 2005 monasticam
1796 1950 2043 2006 habitum

339 2040 543 2095 induit.
568 2068 631 2080 —
661 2039 727 2095 In
760 2038 879 2109 ipso
919 2037 1267 2094 monasterio
1316 2038 1638 2095 monachus
1683 2038 1922 2108 quidam
1960 2045 2044 2094 est

340 2143 547 2200 genere
614 2129 905 2184 Hebraus.
977 2127 1031 2182 Is
1112 2126 1613 2197 Hierosolymitani
1676 2127 1896 2183 itineris
1944 2140 2045 2197 per

341 2216 607 2272 Latinum
640 2216 836 2273 orbem
886 2223 1229 2284 personante
1270 2214 1607 2284 primordio,
1648 2214 1731 2270 sic
1767 2222 1850 2271 est
1874 2228 1908 2269 a
1936 2227 2044 2271 sua

339 2304 748 2375 superstitione
795 2303 1097 2360 sublatus:
1150 2302 1493 2373 Rothomagi
1542 2302 1796 2372 quadam
1832 2294 1935 2358 ‘die
1984 2302 2043 2358 hi

345 2392 445 2462 qui
473 2392 631 2448 illam
681 2392 817 2448 ituri
847 2390 1271 2461 expeditionem
1304 2389 1412 2446 sub
1442 2389 1641 2445 eadem
1688 2390 1876 2446 crucis
1904 2403 2044 2460 pro-

341 2480 581 2536 fessione
630 2486 1021 2549 susceperant,
1071 2477 1223 2533 inter
1251 2492 1311 2533 se
1353 2484 1651 2549 caperunt
1679 2478 1843 2549 queri
1877 2493 1891 2533 :
1931 2478 2045 2535 Nos

340 2568 440 2625 Dei
491 2568 681 2624 hostes
727 2568 1004 2623 orientem
1050 2579 1254 2623 versus
1308 2565 1464 2637 longi
1498 2574 1785 2623 terrarum
1844 2568 2042 2624 tracti-

339 2657 450 2714 bus
508 2655 864 2713 transmissis
930 2655 1324 2712 desideramus
1387 2656 1645 2727 aggredi.
1710 2656 1855 2713 Cum
1910 2664 2043 2712 ante

339 2744 536 2801 oculos
565 2751 790 2800 nostros
831 2743 947 2800 sint
974 2743 1179 2813 Judai,
1214 2743 1430 2814 quibus
1476 2743 1805 2801 inimicitior
1834 2744 2043 2800 existat

339 2848 479 2906 gens
508 2833 670 2890 nulla
698 2833 816 2902 Dei,
850 2840 1250 2903 praposterus,
1284 2832 1578 2903 inquiunt,
1614 2832 1777 2889 labor
1804 2840 1907 2889 est.
1944 2832 2041 2888 His

338 2922 503 2979 dictis
543 2936 706 2978 arma
757 2929 1136 2993 prasumunt,
1187 2929 1241 2978 et
1279 2920 1339 2977 in
1386 2921 1700 2992 quamdam
1742 2921 2040 2978 ecclesiam

337 3011 758 3082 compellentes,
809 3019 1007 3068 utrum
1040 3009 1095 3065 vi
1126 3009 1317 3066 nescio
1357 3024 1432 3065 an
1479 3010 1607 3067 dolo
1638 3011 1951 3079 recutiunt,
1986 3017 2041 3066 et

339 3098 547 3171 gladiis
596 3097 897 3154 indiscrete
939 3111 1116 3154 sexus
1161 3104 1216 3154 et
1253 3104 1450 3153 atates
1499 3097 1796 3166 addicunt,
1831 3097 1909 3153 ita
1949 3104 2041 3152 ta-

338 3202 469 3244 men
500 3194 564 3243 ut
595 3185 696 3257 qui
721 3185 1058 3243 Christiana
1087 3184 1397 3242 conditioni
1419 3200 1478 3242 se
1508 3185 1836 3253 subderent,
1862 3185 2040 3243 ictum

337 3275 633 3333 mucronis
682 3273 1067 3345 impendentis
1112 3274 1447 3331 evaderent.
1486 3275 1553 3330 In
1597 3289 1716 3345 qua
1740 3272 2042 3346 [digladia-

338 3366 491 3422 tione
516 3364 606 3422 vir
647 3365 887 3435 quidam
933 3364 1141 3419 nobilis
1200 3364 1512 3434 puerulum
1564 3364 1723 3431 vidit,
1773 3364 2043 3420 misertus

339 3453 576 3524 eripuit,
601 3462 657 3510 et
686 3453 758 3509 ad
779 3461 1020 3509 matrem
1048 3465 1214 3509 suam
1247 3452 1470 3509 detulit.

410 3544 551 3599 Erat
589 3550 782 3599 autem
837 3541 963 3612 ipsa
1004 3555 1120 3597 non
1174 3541 1476 3597 mediocris
1527 3541 1879 3598 excellentia
1919 3542 2040 3598 Au-

339 3631 524 3702 giensi
552 3630 741 3687 comiti
765 3629 1063 3700 quondam
1103 3636 1307 3698 nupta.
1339 3629 1438 3686 Est
1475 3643 1611 3686 vero
1650 3628 1735 3701 (⁷⁷)
1782 3630 2041 3701 Augium

338 3727 616 3789 castrum,
649 3719 745 3775 cui
779 3717 1114 3789 praeminet
1151 3714 1242 3789 (⁷⁸)
1271 3717 1505 3774 abbatia
1533 3718 1724 3775 Sancti
1753 3719 2041 3775 Michaelis

332 3809 507 3879 juxta
536 3821 712 3875 mare,
746 3808 900 3878 quod
935 3806 1147 3864 dicitur
1173 3807 1601 3878 Veterisportus
1634 3806 1854 3879 [vulgo,
1912 3811 2039 3862 Tre-

332 3894 509 3968 port].
557 3895 804 3968 Egregia
845 3909 983 3968 ergo
1029 3894 1257 3963 mulier,
1302 3894 1652 3952 infantulum
1700 3896 2034 3967 suscipiens,

336 3984 715 4056 gratulatoria
757 3985 1067 4040 admodum
1120 3982 1453 4040 affabilitate
1500 3984 1572 4040 ab
1622 3984 1743 4055 ipso
1773 3986 2040 4055 quasivit

338 4082 535 4132 utrum
558 4074 897 4133 Christianis
927 4073 1096 4130 vellet
1127 4073 1352 4145 legibus
1381 4073 1675 4145 applicari.
1708 4074 1870 4142 Quod
1904 4090 2036 4131 cum

340 4162 432 4219 ille
456 4177 571 4219 non
588 4163 929 4220 diffiteretur
958 4162 1223 4234 (putabat
1260 4163 1412 4218 enim
1444 4177 1502 4219 se
1539 4163 1842 4231 similibus,
1890 4177 2038 4235 quas

336 4265 473 4307 suos
502 4252 616 4322 pati
652 4252 876 4308 viderat
920 4251 1290 4319 contribules,
1346 4252 1600 4308 cadibus
1640 4252 2033 4324 destinatum),

337 4339 653 4395 accelerate
703 4340 802 4409 qui
851 4338 1149 4409 baptizatis
1200 4340 1467 4411 competit
1497 4348 1783 4410 apparatu
1823 4341 1940 4396 itur
1959 4341 2032 4396 ad

338 4426 573 4484 fontem.
601 4427 705 4485 Cui
754 4427 933 4483 indito
979 4435 1105 4498 post
1161 4429 1487 4485 orationum
1531 4430 1801 4499 mysteria
1835 4443 2033 4486 sacra-

338 4524 552 4584 mento,
604 4530 736 4573 cum
789 4516 859 4573 ad
908 4516 1095 4573 locum
1158 4524 1396 4573 ventum
1442 4525 1588 4574 esset
1642 4518 1743 4575 ubi
1802 4533 2039 4575 accenso

339 4606 557 4663 lumine
586 4605 894 4677 liquensin
932 4606 1144 4662 undam
1179 4621 1309 4663 cera
1340 4606 1667 4675 dimittitur,
1706 4615 1872 4679 gutta
1914 4610 2040 4664 sin-

337 4694 615 4766 gulariter
647 4694 858 4751 ibidem
887 4694 1013 4752 visa
1049 4702 1134 4752 est
1162 4695 1449 4765 cecidisse,
1481 4710 1612 4767 qua
1642 4709 1744 4765 per
1771 4710 1829 4752 se
1859 4696 2038 4752 solam

340 4784 397 4839 in
432 4784 568 4856 ipsis
589 4784 760 4855 aquis
788 4784 928 4840 adeo
949 4791 1217 4841 accurate
1237 4798 1363 4853 sua,
1388 4784 1554 4840 utsic
1579 4785 1786 4853 dicam,
1811 4785 2041 4855 quanti-

337 4874 522 4928 tatula
550 4872 800 4944 efﬁgiem
833 4873 1022 4929 crucis
1042 4873 1345 4943 expressit,
1375 4880 1439 4929 ut
1458 4887 1531 4929 ex
1553 4874 1777 4930 tantilla
1804 4882 2041 4931 materie

337 4957 524 5015 simile
553 4959 693 5029 quid
722 4972 900 5015 manu
929 4960 1051 5015 ﬁeri
1084 4960 1343 5015 humana
1373 4974 1488 5016 non
1528 4960 1720 5031 possit.
1756 4961 1889 5017 Hac
1915 4960 2040 5031 ipsa

338 5046 481 5102 mihi
513 5046 819 5115 comitissa,
851 5061 986 5103 cum
1019 5048 1078 5103 in
1108 5052 1333 5104 tantum
1375 5049 1519 5104 mihi
1565 5048 1866 5105 familiaris
1893 5056 2042 5106 esset

339 5147 407 5190 ac
434 5134 601 5191 unice
646 5142 801 5202 nota,
836 5142 902 5191 ut
951 5135 1207 5207 non;nisi
1257 5136 1439 5193 tilium
1490 5152 1581 5194 me
1628 5146 1877 5206 vocaret,
1932 5138 2042 5194 hoc

339 5222 513 5278 etiam
543 5220 668 5293 ipsa
692 5223 989 5293 presbyter
1029 5225 1244 5294 pariter
1272 5240 1388 5282 non
1417 5226 1541 5283 sine
1570 5225 1752 5283 divini
1792 5225 2042 5283 nominis

341 5309 594 5381 plurima
630 5311 1037 5368 contestatione
1082 5312 1375 5371 dixerunt.
1426 5313 1588 5382 Quod
1633 5329 1737 5386 ego
1766 5321 2039 5371 eventum

341 5397 482 5455 satis
519 5396 727 5456 leniter
760 5396 855 5471 [f.,
914 5398 1138 5472 leviter]
1182 5402 1546 5473 accepissem,
1592 5403 1704 5459 nisi
1737 5416 2039 5460 successus

339 5487 600 5561 egregios
646 5487 874 5559 pueruli
935 5488 1170 5547 indubie
1231 5490 1656 5562 pervidlssem;
1720 5492 2040 5550 vocabatur

409 5614 514 5684 (42)
538 5614 877 5671 Deonandos
906 5613 1083 5671 laicos
1109 5614 1325 5672 indicat
1354 5616 1522 5673 infra.

2158 585 2192 627 a
2216 573 2368 627 cade
2397 586 2531 627 eum
2560 571 2787 639 extulit,
2820 578 2875 627 et
2900 584 2935 626 a
2963 584 3125 627 sacro
3156 571 3308 627 fonte
3335 572 3566 641 recepit,
3611 570 3855 627 Guillel-

2154 675 2303 717 mus.
2338 661 2500 718 Unde
2527 667 2581 717 et
2613 674 2823 716 nomen
2857 674 3035 729 puero
3062 659 3133 715 ad
3163 674 3222 715 se
3251 658 3489 731 [delato]
3525 660 3698 716 dedit.

2222 758 2681 815 Grandiusculus
2708 772 2845 828 ergo
2876 772 3009 813 cum
3060 757 3221 823 foret,
3272 757 3343 813 ab
3372 757 3682 821 Hebraicis,
3719 757 3855 827 qui-

2153 846 2263 902 bus
2298 846 2480 903 imbui
2509 853 2777 916 caperat,
2811 845 2881 900 ad
2916 844 3149 902 Latinas
3180 845 3397 901 litteras
3422 844 3667 901 traditus
3695 844 3854 900 brevi
3889 844 3905 921 ι

2152 934 2383 990 coaluit.
2420 935 2488 990 Et
2534 934 2673 1004 quia
2703 949 2774 989 ne
2823 947 2857 989 a
2901 935 3025 989 suis
3067 934 3138 988 ad
3193 933 3435 1003 pristina
3487 939 3858 989 revocaretur

2153 1023 2491 1093 parentibus
2517 1022 2830 1090 metuebat,
2891 1021 3240 1077 Flaviacensi
3270 1035 3403 1077 eum
3439 1021 3631 1077 intulit
3658 1034 3859 1077 cano-

2150 1109 2261 1166 bio.
2296 1109 2356 1165 ld
2380 1110 2533 1166 enim
2565 1110 2880 1181 aliquando
2928 1117 3315 1181 tentaverant,
3358 1111 3456 1168 sed
3509 1111 3654 1167 nihil
3682 1124 3860 1181 penes

2148 1213 2281 1255 eum
2338 1199 2665 1255 valuerant.
2710 1198 2982 1255 Traditus
3043 1207 3235 1256 autem
3280 1200 3653 1257 monachatui
3696 1206 3861 1254 tanta

2148 1287 2567 1344 all‘ectuositate
2606 1301 2747 1359 erga
2792 1287 3185 1345 Christianum
3240 1303 3299 1343 se
3350 1303 3567 1345 morem
3625 1287 3856 1353 habuit,

2149 1383 2310 1433 tanta
2370 1375 2549 1431 animi
2600 1375 2916 1432 acrimonia
2971 1376 3257 1447 quidquid
3307 1376 3520 1433 divina
3577 1376 3862 1432 attinebat

2147 1463 2426 1535 scientia}
2446 1462 2739 1531 combibit,
2792 1470 2953 1519 tanta
2996 1464 3428 1534 aquanimitate
3475 1478 3544 1522 ea
3572 1479 3705 1535 qua
3735 1464 3860 1535 {sibi

2148 1551 2464 1622 disciplina
2508 1551 2694 1623 gratia
2740 1551 3139 1609 inferebantur
3182 1552 3437 1623 pertulit,
3494 1560 3559 1609 ut
3601 1567 3723 1609 sua
3754 1566 3862 1608 ne—

2148 1654 2326 1711 quam
2360 1647 2585 1696 natura
2625 1640 2887 1707 victoria,
2917 1647 2973 1695 et
3002 1654 3189 1709 nuper
3220 1640 3466 1696 turbata
3498 1641 3863 1697 habitudinis

2155 1729 2395 1801 gloriam
2456 1727 2549 1801 [r.,
2608 1726 2815 1799 gloria]
2873 1743 2989 1784 non
3033 1730 3334 1785 minimam
3385 1729 3772 1785 reverentiam
3830 1744 3863 1785 a

2153 1816 2377 1872 cunctis
2406 1816 2680 1887 exigeret.
2717 1816 3054 1888 Delegatum
3106 1817 3285 1889 igitur
3311 1818 3420 1874 sibi
3450 1818 3711 1888 pueritia
3738 1832 3861 1874 sua

2151 1904 2447 1960 custodem
2500 1904 2923 1961 clandestinum
2991 1905 3196 1962 habuit
3259 1907 3650 1977 grammatica
3717 1921 3864 1977 pra-

2151 2000 2457 2062 ceptorem,
2495 1993 2618 2063 qui,
2659 1992 2751 2049 vir
2780 1994 3100 2064 plurimum
3129 1995 3452 2066 religiosus,
3486 1996 3863 2052 considerans
3912 2020 3913 2031 ι

2152 2095 2303 2137 novo
2334 2080 2415 2137 illi
2446 2081 2802 2138 homunculo
2842 2083 3223 2139 necessariam
3255 2091 3464 2140 nostra
3513 2084 3656 2155 legis
3700 2084 3864 2140 noti-

2151 2170 2310 2237 tiam,
2362 2170 2469 2240 ipsi
2498 2170 2816 2226 erudiendo
2847 2185 2962 2227 non
3010 2171 3243 2228 inanem
3272 2172 3427 2229 dedit
3455 2186 3709 2243 operam.

2221 2268 2377 2324 Adeo
2402 2282 2658 2339 namque
2684 2269 3029 2325 naturaliter
3059 2269 3237 2326 solers
3267 2270 3397 2341 ejus
3423 2270 3683 2342 quotidie
3723 2283 3864 2326 acu-

2150 2356 2411 2413 minatur
2438 2356 2760 2429 ingenium,
2795 2364 2859 2414 ut
2891 2356 2981 2429 (8°)
3011 2373 3145 2415 cum
3185 2359 3261 2415 ibi
3310 2358 3692 2416 litteratorum
3748 2360 3863 2414 ﬂo-

2152 2453 2273 2501 reat
2310 2445 2641 2513 multitudo,
2694 2445 2881 2517 major
2924 2446 3315 2518 intelligentia
3361 2447 3685 2519 cujuspiam
3740 2463 3861 2503 non

2150 2541 2389 2604 putetur
2412 2533 2714 2591 claritudo.
2750 2537 2895 2591 Cum
2938 2534 3132 2606 itaque
3165 2536 3225 2591 in
3272 2536 3567 2592 sentiendo
3592 2536 3666 2592 sit
3694 2538 3866 2594 mul-

2150 2628 2264 2689 tus,
2297 2621 2616 2678 invidentia
2664 2630 3082 2694 consequenter
3119 2638 3187 2679 ac
3225 2624 3591 2695 derogatione
3624 2624 3684 2680 iit
3716 2625 3865 2682 nul-

2152 2710 2261 2775 lus,
2312 2724 2537 2781 semper
2571 2710 2789 2779 hilaris,
2824 2720 2880 2768 et
2926 2713 3020 2768 cui
3069 2712 3333 2782 specialis
3378 2720 3595 2769 constet
3626 2712 3866 2783 pudici-

2149 2798 2243 2855 tia
2272 2800 2483 2856 cultus.
2517 2801 2598 2857 Ad
2630 2801 2806 2868 hunc,
2839 2801 2911 2857 ob
2942 2801 3275 2872 augendum
3299 2800 3554 2858 infracta
3581 2801 3708 2857 fidei
3737 2816 3864 2859 sua

2148 2888 2348 2956 robur,
2382 2888 2643 2946 libellum
2673 2889 2983 2959 quemdam
3013 2889 3219 2957 direxi,
3248 2903 3420 2960 quem
3453 2897 3652 2946 contra
3683 2889 3859 2947 Sues-

2149 2990 2343 3032 serum
2387 2976 2675 3043 comitem,
2722 2977 3116 3049 judaizantem
3158 2978 3374 3048 pariter
3402 2985 3458 3034 et
3496 2978 3861 3046 bareticum,

2079 3084 2120 3139 ο
2150 3072 2283 3121 ante
2309 3064 2757 3135 quadriennium
2812 3065 2989 3122 ferme
3047 3066 3410 3137 scripseram,
3444 3081 3617 3138 quem
3665 3067 3763 3123 ille
3794 3076 3863 3124 ut

2151 3153 2325 3209 audio
2355 3160 2651 3223 tantopere
2692 3153 3081 3224 amplectitur,
3115 3161 3180 3211 ut
3207 3155 3277 3211 de
3326 3155 3454 3211 fidei
3488 3156 3712 3211 ratione
3752 3156 3860 3212 ali-

2150 3255 2270 3312 qua
2289 3242 2656 3312 compilando
2676 3242 2767 3313 pie
2792 3242 2935 3300 illud
2955 3243 3314 3314 Opusculum
3336 3243 3661 3300 amuletur.
3694 3247 3863 3302 Crux

2152 3329 2330 3401 igitur
2379 3336 2531 3386 494
2589 3331 2647 3387 in
2700 3332 2827 3403 ejus
2885 3332 3227 3403 baptismate
3278 3347 3395 3388 non
3433 3332 3696 3393 fortuitu,
3758 3333 3863 3390 sed

2150 3419 2431 3477 divinitus
2471 3419 2621 3477 facta
2666 3419 2800 3491 jure
2828 3420 3119 3491 apparuit,
3175 3435 3307 3492 qua
3339 3420 3620 3477 insolitam
3659 3427 3862 3478 nostro

2150 3508 2390 3578 tempori
2421 3507 2481 3563 in
2509 3507 2734 3565 Judaici
2765 3509 2991 3581 generis
3018 3509 3251 3566 homine
3269 3509 3661 3566 credulitatem
3686 3509 3862 3565 futu-

2149 3608 2274 3651 ram
2309 3596 2577 3653 innotuit.

2218 3704 2396 3758 Senem
2446 3704 2676 3773 quidam
2722 3704 2922 3761 mundo
2960 3707 3261 3774 renuntiat,
3319 3708 3638 3773 strenueque
3682 3704 3855 3761 disci-

2146 3792 2359 3861 plinam
2398 3796 2752 3849 monasticam
2783 3800 2973 3850 contra
3019 3795 3319 3850 daemonum
3361 3796 3597 3849 astutias
3639 3797 3854 3849 tuetur.

2146 3911 2215 3919 --
2254 3879 2412 3936 Alter
2477 3882 2736 3952 quidam,
2788 3898 2996 3955 genere
3062 3882 3271 3939 nobilis
3329 3882 3853 3953 Bellovagensium.

2145 3969 2694 4042 Noviomagensium
2747 3987 2980 4043 quoque
3048 3971 3317 4041 locuples,
3388 3979 3553 4027 atate
3598 3979 3858 4041 evectus,

2146 4066 2202 4114 et
2226 4056 2393 4114 eﬂeto
2429 4058 2553 4130 jam
2606 4075 2860 4132 corpore,
2895 4059 3048 4131 quod
3105 4059 3315 4115 talibus
3364 4058 3693 4128 pestiferum
3747 4067 3853 4128 est,

2148 4161 2388 4203 uxorem
2431 4148 2651 4206 habens
2679 4149 3026 4220 vegetiorem
3059 4147 3244 4204 ofﬁcio
3280 4148 3689 4215 thalamorum,
3749 4148 3858 4204 de-

2144 4235 2311 4291 sertis
2341 4236 2612 4308 conjugio
2637 4252 2706 4293 ac
2753 4238 2961 4294 saculo
2987 4237 3334 4293 monachum
3366 4236 3507 4292 inibi
3531 4236 3852 4306 protltetur.

2144 4321 2252 4389 Qui
2295 4325 2563 4395 lacrymis
2609 4341 2753 4397 pene
2793 4326 3083 4383 continuis
3124 4333 3179 4382 et
3216 4324 3573 4381 orationibus
3615 4323 3858 4380 inﬁnitis

2150 4412 2433 4482 insistens,
2479 4429 2786 4486 nunquam
2818 4414 2913 4471 Dei
2940 4414 3101 4471 verbi
3130 4414 3203 4469 ab
3242 4412 3533 4469 auditione
3561 4410 3852 4479 deficiens,

2145 4503 2514 4571 spectabilem
2545 4504 2711 4561 nobis
2738 4504 3009 4561 omnibus
3048 4519 3107 4560 se
3137 4502 3447 4575 prabebat.
3481 4501 3535 4556 Is
3578 4500 3852 4566 fervente,

2146 4599 2211 4647 ut
2260 4592 2481 4661 assolet,
2538 4592 2793 4663 regulari
2842 4593 3215 4659 districtione,
3266 4605 3400 4646 cum
3441 4590 3499 4644 in
3545 4587 3852 4659 capitulari

2145 4680 2433 4750 prohiberi
2502 4690 2795 4737 conventu
2857 4681 3081 4736 audiret
3143 4693 3215 4735 ne
3273 4678 3406 4749 quis
3452 4676 3851 4734 claustralium

2145 4768 2349 4825 cellam
2397 4768 2784 4836 infirmorum,
2818 4768 2877 4825 in
2929 4781 3047 4839 qua
3089 4767 3355 4837 degebat,
3405 4767 3530 4823 sine
3574 4774 3728 4821 certa
3764 4778 3856 4820 ra-

2146 4858 2297 4913 tione
2327 4855 2542 4914 intrare
2569 4864 2965 4928 prasumeret,
3024 4854 3309 4925 prolatam
3358 4854 3695 4910 sententiam
3727 4866 3852 4908 me-

2144 4944 2384 5001 moriter
2410 4945 2565 5014 apud
2613 4958 2673 5001 se
2720 4942 3023 5001 continuit.
3081 4943 3152 4999 Et
3199 4956 3326 4999 ecce
3373 4955 3541 4997 mane
3572 4940 3850 5011 quodam,

2145 5033 2285 5090 dum
2316 5033 2508 5090 adhuc
2554 5032 2740 5089 medie
2792 5032 3011 5103 sopitus
3059 5031 3271 5088 clausis
3312 5030 3495 5087 oculis
3546 5029 3852 5098 cubitaret,

2145 5121 2261 5178 duo
2301 5122 2587 5178 damones
2637 5119 2728 5192 (ει)
2777 5120 2960 5177 instar
2991 5120 3393 5191 religiosorum
3442 5118 3673 5175 illorum
3705 5132 3855 5188 quos

2147 5210 2486 5266 Deonandos
2514 5209 2621 5281 (42)
2675 5208 2855 5282 vulgo
2904 5209 3213 5280 appellant,
3265 5221 3500 5264 scamno
3534 5206 3691 5277 quod
3718 5207 3853 5278 ejus

2145 5296 2480 5355 subsidebat
2537 5298 2746 5356 lectulo
2826 5298 3185 5356 insederunt.
3271 5298 3659 5368 Experreetus
3714 5310 3856 5368 ergo

2145 5385 2336 5442 senior
2391 5387 2587 5445 oculos
2636 5387 2766 5445 lecti
2822 5387 3051 5445 retorsit
3116 5386 3189 5444 ad
3258 5382 3556 5456 capulum,
3605 5386 3855 5441 miratur

2144 5473 2287 5531 adeo
2340 5475 2683 5536 familiarem
2736 5491 2913 5549 super
2963 5474 3256 5547 incognita
3306 5482 3475 5546 gente
3514 5486 3851 5530 consessum
