3946 6392
74 350 187 401 905

1198 349 1291 406 DE
1333 350 1499 406 VITA
1537 349 1673 404 SUA
1712 349 1896 406 LIBRI
1938 351 2380 408 TRES.—'LIB.
2424 351 2492 406 Π.

3494 357 3597 409 906

71 484 224 538 Erat
274 492 466 540 autem
528 483 672 540 alter
717 483 820 554 qui
885 482 1225 552 praesidebat
1291 485 1476 554 capite
1551 491 1780 550 retecto,
1820 491 1866 540 A
1901 485 1993 541 Vel
2040 500 2140 542 vos
2188 486 2422 552 diaboli,
2481 501 2664 556 quare
2715 502 2804 543 me
2852 502 2965 544 non
3017 489 3440 559 transponitis‘?
3488 490 3602 545 Nec

71 571 267 627 barba
297 585 413 627 non
455 573 768 642 praemissa,
809 572 906 628 sed
941 573 1160 628 torsula
1188 573 1376 640 rufus,
1408 580 1485 634 et,
1517 581 1582 629 ut
1611 571 1792 628 solent

73 657 422 728 hujusmodi
465 658 970 724 circumcelliones,
1017 659 1263 728 nudipes
1311 658 1597 727 incedens,
1630 673 1791 714 caeno

74 752 150 800 ut
191 746 528 814 perhibebat
570 745 738 816 quasi
794 747 1020 802 noviter
1049 746 1106 801 id
1148 746 1440 814 calcasset,
1499 747 1790 817 pedalium

76 833 408 903 digitorum
465 848 568 903 per
616 835 921 890 interstitia
971 834 1358 891 densescente.
1403 835 1563 891 Alter
1592 848 1726 890 vero
1757 848 1792 889 a

78 927 250 991 tergo
282 921 491 990 prioris
545 922 624 976 ita
676 921 982 977 delituerat
1022 929 1086 977 ut
1130 921 1332 978 vultus
1369 921 1498 991 ejus
1543 921 1793 992 qualitas

75 1008 339 1064 discerni
379 1023 492 1065 non
523 1015 728 1079 posset,
763 1008 850 1079 (θ’)
896 1009 1053 1066 birro
1080 1009 1269 1076 talari,
1323 1016 1380 1065 et
1402 1010 1570 1080 nigro
1608 1010 1793 1078 capite

76 1097 382 1166 adoperto.

159 1187 275 1240 llas
307 1187 501 1255 itaque
561 1186 788 1257 ignotas
815 1199 1008 1241 coram
1037 1199 1096 1240 se
1151 1198 1424 1254 personas
1471 1183 1788 1250 attendens,

75 1288 220 1328 cum
281 1274 487 1343 grandi
557 1273 1056 1328 animadversione
1127 1273 1408 1328 adoritur.
1463 1272 1606 1327 Cum
1672 1271 1794 1325 sitis

77 1361 268 1428 laicae,
303 1369 358 1417 et
413 1362 623 1432 ignotae
657 1376 934 1431 personae,
976 1362 1132 1417 unde
1170 1362 1334 1417 vobis
1371 1367 1532 1416 tanta
1561 1358 1796 1415 temeri-

79 1461 195 1519 tas,
232 1460 295 1508 ut
339 1454 448 1508 hac
478 1455 618 1509 hora
673 1455 832 1510 hunc
863 1456 919 1508 in
952 1454 1139 1510 locum
1172 1455 1459 1517 veneritis,
1521 1453 1579 1508 iu
1621 1466 1794 1522 quem

78 1542 213 1597 sine
253 1556 314 1597 re
364 1543 639 1611 aliquivis
687 1543 1086 1598 claustralium
1139 1543 1556 1598 monachorum
1600 1543 1796 1596 venire

77 1644 205 1684 non
237 1630 488 1686 audeat?
518 1634 588 1685 At
616 1630 710 1685 ille
752 1645 764 1684 :
798 1631 1129 1698 Audieram,
1167 1630 1414 1697 domine,
1451 1631 1556 1685 hoc
1586 1629 1643 1683 in
1675 1642 1796 1684 mo-

78 1719 340 1774 nasterio
399 1720 552 1774 viros
603 1733 724 1774 esse
771 1718 1082 1788 religiosos,
1144 1727 1199 1774 et
1229 1717 1588 1774 addiscendae
1619 1729 1796 1772 causa

83 1807 388 1877 religionis
439 1808 808 1873 adveneram,
843 1821 1038 1876 quaeso
1087 1821 1158 1862 ne
1201 1819 1353 1876 aegre
1383 1805 1795 1870 feratur.'Non,
1836 1791 1878 1846 Β

85 1895 304 1964 inquit,
367 1895 460 1950 hic
507 1895 706 1966 religio
756 1902 858 1950 aut
913 1895 1050 1950 ordo
1113 1894 1448 1961 addiscitur,
1497 1894 1594 1948 scd
1625 1893 1672 1947 si
1711 1893 1798 1948 vis

85 1984 308 2050 doceri,
344 1984 413 2040 ad
441 1999 536 2040 eos
566 1985 664 2053 qui
699 1983 757 2038 in
792 1983 1042 2039 claustro
1074 1991 1211 2039 sunt
1249 1983 1414 2038 vade.
1455 1982 1576 2038 Illic
1629 1981 1798 2037 disci-

86 2073 268 2142 plinze
315 2071 589 2142 vigorem,
640 2080 694 2128 et
761 2072 1078 2127 sanctitatis
1133 2072 1462 2127 rudimenta
1532 2071 1796 2140 reperies.

87 2161 367 2216 Excedite
395 2175 533 2232 ergo
562 2161 717 2228 hinc,
764 2160 904 2230 quia
934 2161 1090 2230 quod
1121 2160 1259 2230 ipsis
1289 2159 1586 2215 monachis
1613 2158 1802 2214 domi-

88 2250 185 2305 nis
224 2249 335 2304 loci
364 2258 448 2306 est
504 2251 764 2317 vetitum,
798 2250 962 2306 vobis
993 2257 1077 2306 est
1106 2250 1274 2320 longe
1302 2249 1553 2318 amplius
1579 2247 1803 2302 incom-

89 2337 434 2408 parabiliter
465 2338 867 2394 inhibendum.

164 2431 433 2498 Cumque
463 2427 662 2482 eadem
710 2435 965 2497 repetere
1006 2425 1195 2494 vellet,
1253 2425 1584 2495 pariterque
1621 2437 1806 2480 mora-

89 2518 162 2585 ri,
199 2517 296 2572 ille
341 2515 650 2570 tonantiori
692 2515 763 2568 ad
820 2527 915 2569 eos
943 2527 1204 2568 sermone
1255 2511 1594 2579 infrenduit,
1646 2520 1701 2568 et
1730 2512 1803 2566 ab

88 2607 216 2661 aede
249 2604 476 2674 prodire
538 2603 736 2672 coegit.
789 2601 1052 2671 Cumque
1099 2601 1170 2655 ad
1201 2600 1409 2656 ostium
1450 2615 1635 2670 usque
1667 2614 1806 2669 pro-

91 2694 398 2750 cessissent
441 2692 500 2746 in
552 2689 748 2746 limine
794 2689 1192 2746 substiterunt.
1244 2689 1316 2744 Et
1377 2688 1686 2758 respiciens
1732 2689 1803 2744 ad

93 2781 381 2836 seniorem
423 2777 537 2844 ille,
595 2776 698 2846 qui
728 2776 850 2831 dux
902 2782 1026 2830 erat
1071 2775 1254 2842 verbi,
1302 2788 1506 2830 rursus
1563 2772 1802 2828 intulit:

95 2868 250 2924 Malo
282 2880 373 2921 me
418 2864 552 2920 hinc
601 2862 929 2930 eliminatis,
977 2869 1128 2918 certe
1165 2862 1213 2916 si
1251 2876 1343 2917 me
1385 2861 1687 2917 vobiscum
1717 2873 1806 2915 re-

97 2956 284 3010 tinere
314 2949 659 3017 voluissetis,
707 2956 792 3004 est
845 2949 1084 3019 quidam
1127 2949 1196 3004 de
1244 2949 1450 3004 vestris
1503 2947 1810 3004 clientibus

99 3042 240 3099 furti
288 3054 446 3106 reus,
496 3038 654 3109 quod
699 3037 749 3092 si
789 3036 1035 3092 inficiari
1083 3043 1478 3105 praesumeret,
1503 3050 1608 3107 ego
1659 3034 1809 3090 bello

101 3131 291 3202 pugili
323 3130 674 3198 impeterem,
706 3133 760 3182 et
809 3125 1128 3195 plurimum
1154 3125 1287 3180 inde
1329 3125 1491 3180 vobis
1521 3131 1810 3194 quaestum

100 3220 396 3275 inferrem.
449 3215 573 3282 Quo
627 3213 817 3270 senior
869 3213 1069 3268 audito
1123 3213 1377 3269 subrisit.
1452 3214 1579 3268 Iam
1631 3224 1810 3278 nunc,

103 3305 318 3377 inquit,
386 3303 622 3360 evidens
673 3301 1028 3370 sumpsimus
1066 3315 1137 3357 ex
1185 3308 1286 3356 tua
1351 3299 1815 3357 confabulatione

103 3392 452 3463 periculum,
470 3391 624 3446 dum
655 3389 760 3459 qui
795 3388 1090 3459 religionis
1118 3402 1293 3444 causa
1326 3388 1545 3444 venisse
1577 3395 1629 3443 te
1655 3388 1816 3443 dixe-

103 3497 218 3549 ras,
253 3495 413 3537 nunc
460 3487 514 3535 te
563 3477 818 3548 pugilem
869 3477 1120 3532 fatearis.
1167 3477 1351 3547 Igitur
1399 3483 1574 3532 tanta
1614 3477 1814 3532 merito

103 3569 373 3626 falsitatis
402 3582 507 3623 nec
536 3565 863 3622 audiendus
911 3579 992 3632 es,
1037 3579 1142 3620 nec
1188 3564 1489 3620 tenendus.
1521 3567 1591 3620 At
1625 3565 1816 3620 senior

104 3659 274 3714 valde
330 3656 611 3721 irritatus,
683 3653 841 3724 quod
900 3653 1042 3709 tales
1090 3654 1245 3708 intra
1295 3653 1531 3708 domum
1581 3652 1816 3708 admissi

108 3745 374 3811 fuissent,
406 3743 594 3812 surgit
623 3749 677 3797 et
720 3742 793 3798 ad
837 3741 1044 3797 domus
1078 3755 1266 3811 usque
1318 3740 1604 3810 porticum
1638 3740 1814 3808 vadit,

110 3832 394 3898 infirmos,
451 3831 663 3886 ibidem
713 3829 816 3899 qui
872 3843 1069 3885 secum
1127 3829 1439 3884 manebant
1480 3828 1683 3884 fratres
1729 3842 1816 3883 re-

112 3922 284 3990 perit,
336 3919 822 3988 vehementerque
887 3917 1174 3988 coarguit,
1217 3929 1324 3972 cur
1371 3923 1487 3972 tam
1554 3923 1820 3972 exterum

115 4023 304 4079 genus
329 4007 631 4064 hominum
676 4007 913 4061 introire
943 4006 1224 4060 sivissent.
1275 4004 1364 4060 Illi
1403 4011 1596 4060 autem
1631 4003 1822 4058 admi-

116 4105 331 4165 rantes,
363 4105 416 4152 et
449 4095 691 4151 delirare
739 4094 1054 4160 credentes,
1105 4093 1237 4149 fassi
1269 4099 1405 4148 sunt
1444 4094 1729 4148 neminem
1762 4107 1822 4147 se

117 4186 348 4241 vidisse.
393 4185 515 4254 Ipse
570 4197 707 4239 vero
746 4182 997 4238 referens
1045 4181 1398 4252 quiessent,
1443 4180 1733 4251 quomodo
1764 4194 1823 4236 se

119 4274 369 4344 egissent
400 4271 614 4343 quidve
642 4271 940 4337 dixissent,
969 4277 1024 4326 et
1063 4277 1291 4340 tempus
1318 4271 1531 4339 pariter
1562 4269 1818 4338 signans,

1901 587 2080 641 mora,
2137 574 2403 631 diabolus
2445 589 2566 631 sese
2609 574 2796 641 offert,
2841 577 3100 644 ascende,
3155 578 3443 648 inquiens,
3493 593 3600 649 ego

1903 668 1955 716 te
2004 661 2202 717 feram.
2258 662 2410 717 Illico
2441 662 2641 718 infelix
2675 663 2823 719 male
2860 678 3104 721 casurus
3152 667 3426 723 ascendit.
3483 667 3606 731 Quo

1900 751 2168 808 diabolus
2200 760 2496 822 assumpto
2553 753 2662 808 sub
2713 753 2911 808 eadem
2979 754 3122 810 hora
3153 756 3212 810 in
3243 755 3463 812 Italiam
3509 756 3606 811 de-

1901 840 2033 896 tulit
2080 841 2231 896 infra
2287 840 2637 896 suburbium
2685 840 2954 909 civitatis,
3009 856 3141 912 quae
3194 841 3450 898 Subtura
3503 843 3610 913 [vel

1900 926 2147 999 Subura]
2193 928 2423 993 dicitur,
2457 942 2596 984 eum
2649 935 2809 984 tanta
2840 928 3191 999 benignitate
3220 930 3505 999 deposuit,
3542 937 3608 985 ut

1899 1029 2106 1072 coxam
2159 1015 2208 1071 ei
2263 1016 2573 1085 frangeret.
2649 1016 2750 1070 Est
2797 1023 2989 1072 autem
3048 1017 3172 1086 ipsa
3237 1017 3442 1072 civitas
3499 1017 3611 1073 diei

1901 1102 2016 1160 fere
2070 1103 2250 1160 unius
2283 1104 2482 1160 itinere
2537 1103 2682 1158 citra
2713 1104 2936 1158 urbem.
2975 1104 3159 1160 Pridie
3198 1112 3390 1160 autem
3419 1105 3611 1160 domi-

1903 1206 2014 1247 nus
2041 1193 2166 1262 ejus
2196 1193 2482 1262 praedictis
2530 1192 2602 1247 ad
2640 1191 2842 1246 limina
2875 1191 3259 1260 apostolorum
3302 1193 3608 1262 profectus,

1903 1281 1975 1335 ab
2019 1281 2164 1336 urbe
2203 1280 2492 1350 digressus
2550 1279 2752 1344 fuerat,
2814 1287 2870 1334 et
2929 1279 3198 1335 Subturze
3269 1280 3608 1349 hospitatus.

1901 1368 2170 1434 Quicum
2214 1377 2527 1438 antequam
2571 1367 2867 1434 diesceret,
2925 1368 3290 1435 surrexisset,
3326 1377 3390 1424 ut
3424 1368 3606 1424 solent

1905 1457 2158 1512 hibernis
2190 1456 2618 1526 peregrinantes
2668 1456 2981 1522 mensibus,
3026 1470 3158 1510 cum
3205 1459 3369 1510 extra
3403 1457 3607 1511 civita-

1902 1552 2014 1600 tem
2035 1558 2169 1599 cum
2199 1545 2321 1599 suis
2357 1557 2525 1614 agros
2551 1543 2875 1614 attingeret,
2909 1545 3213 1613 cujusdam
3249 1545 3406 1599 haud
3444 1545 3612 1616 longe

1904 1646 1939 1688 a
1967 1639 2146 1687 strata
2167 1631 2400 1701 publica
2431 1631 2757 1701 plangentis
2787 1632 3010 1686 audivit
3043 1645 3261 1688 vocem.
3294 1632 3605 1700 Quaeritur,

1904 1719 2209 1789 reperitur,
2239 1719 2378 1788 quia
2424 1733 2537 1774 vox
2579 1727 2703 1774 erat
2733 1732 2767 1773 a
2799 1719 3030 1774 domino
3061 1733 3188 1785 suo,
3219 1735 3292 1776 ex
3323 1720 3444 1776 sola
3472 1735 3611 1777 voce

1906 1807 2288 1877 cognoscitur.
2326 1807 2722 1878 Interrogatus
2752 1807 3038 1876 quomodo
3071 1808 3210 1864 illuc
3261 1808 3604 1876 devenisset,

1905 1892 2076 1947 refert
2122 1904 2248 1947 sero
2302 1905 2360 1946 se
2417 1891 2595 1947 fuisse
2649 1891 2918 1958 Calniaci,
2981 1899 3036 1946 et
3089 1893 3338 1962 qualiter
3397 1894 3605 1950 ibidem

1905 1980 2132 2036 diabolo
2189 1987 2528 2050 exportante
2577 1980 2879 2035 corruerit.
2931 1980 3210 2036 Dominus
3239 1981 3376 2036 satis
3405 1995 3612 2051 super-

1908 2083 2022 2138 que
2072 2069 2318 2125 miratus
2362 2068 2652 2124 hominem
2715 2068 2774 2122 in
2805 2068 3129 2138 proximam
3163 2069 3370 2124 extulit
3399 2069 3608 2125 civita-

1906 2165 2041 2224 tem,
2097 2157 2166 2212 de
2213 2156 2336 2212 suis
2389 2157 2651 2227 praebens
2707 2157 2966 2225 pecuniis
2996 2157 3148 2212 unde
3179 2172 3351 2213 suum
3381 2164 3612 2214 curaret

1907 2244 2157 2300 reditum
2185 2251 2240 2299 et
2270 2242 2681 2298 infirmitatem.
2740 2245 2828 2298 Ex
2859 2242 2948 2297 his
2977 2257 3112 2313 ergo
3135 2258 3267 2313 quae
3298 2257 3502 2313 passus
3531 2252 3616 2300 est

1909 2332 2108 2388 didicit
2151 2339 2208 2387 et
2261 2331 2456 2387 docuit
2482 2333 2698 2402 .Deum,
2734 2345 2854 2386 non
2885 2331 3172 2387 dzemones
3218 2346 3318 2401 pro
3372 2334 3616 2404 negotiis

1911 2420 2284 2476 invocandos.
3282 2421 3304 2436 ‘

1981 2513 2131 2562 493
2177 2507 2465 2562 Clericum
2517 2506 2750 2562 obesum
2806 2505 3062 2573 febribus
3085 2506 3305 2563 diaboli
3333 2510 3614 2579 torquent.

1907 2626 1982 2638 —
2011 2595 2100 2666 (⁸³)
2132 2596 2297 2665 Apud
2343 2595 2616 2651 Sanctum
2657 2595 2994 2651 Medardum
3028 2596 3221 2652 itidem
3273 2597 3440 2652 homo
3468 2605 3612 2665 erat,

1912 2685 2061 2741 idem
2092 2686 2148 2740 in
2181 2684 2432 2750 abbatia,
2465 2684 2589 2753 ipsa
2617 2684 2836 2739 habens
2852 2683 3128 2740 ofﬁcium.
3157 2685 3420 2754 Cumque
3441 2700 3618 2756 super

1914 2773 2182 2829 turritam
2213 2788 2246 2828 a
2279 2781 2438 2843 parte
2497 2772 2704 2829 vivarii
2757 2779 2980 2841 portam
3010 2774 3211 2841 sistris,
3243 2788 3362 2841 ore,
3393 2782 3449 2830 et
3486 2787 3618 2830 cor—

1915 2862 2090 2918 nibus
2119 2861 2551 2931 aliquantulum
2583 2861 2766 2916 noctis
2782 2861 3129 2930 pervigilum
3150 2875 3309 2918 more
3336 2863 3617 2928 duxisset,

1916 2950 1989 3004 ad
2012 2953 2336 3004 extremum
2369 2962 2543 3017 super
2596 2961 2756 3003 oram
2791 2961 2960 3017 aquae
3008 2948 3488 3006 deambulaturus
3516 2950 3621 3005 de—

1919 3037 2236 3093 scenderat.
2276 3036 2383 3093 Cui
2426 3035 2540 3091 illic
2579 3036 2754 3091 stanti
2811 3036 2987 3091 trium
3048 3036 3358 3092 mulierum
3409 3039 3622 3108 species

1921 3139 2262 3195 apparuere,
2295 3138 2549 3194 quarum
2583 3138 2648 3179 eo
2665 3123 2933 3179 audiente
2962 3138 3080 3179 una
3110 3125 3256 3180 dixit
3290 3140 3303 3179 :
3339 3125 3624 3196 Ingredia-

1921 3229 2055 3271 mur
2093 3215 2150 3268 in
2207 3214 2382 3268 hunc.
2417 3211 2526 3267 Cui
2559 3211 2739 3267 altera
2773 3225 2784 3264 :
2816 3211 3043 3280 Pauper
3073 3218 3177 3278 est,
3219 3226 3323 3268 nos
3363 3212 3504 3269 bene
3529 3211 3622 3268 fo-

1922 3317 2055 3358 vere
2093 3315 2208 3357 non
2258 3307 2462 3370 posset.
2524 3299 2608 3354 Ad
2667 3299 2792 3354 haec
2844 3297 3054 3353 tertia:
3087 3299 3187 3354 Est
3236 3299 3471 3369 quidam
3529 3300 3624 3355 hic

1921 3391 2164 3446 clericus
2211 3389 2378 3458 Hugo
2412 3387 2620 3442 obesus
2669 3394 2724 3442 et
2761 3385 3013 3456 pinguis.
3069 3386 3244 3442 rebus
3270 3387 3621 3455 exuberans,

1923 3479 2024 3548 qui
2085 3478 2228 3532 bene
2274 3490 2378 3531 nos
2443 3474 2682 3538 nutriat,
2747 3475 2937 3544 ipsum
2991 3473 3205 3530 adoriri
3249 3475 3466 3532 bonum
3515 3483 3622 3533 est.

1921 3564 2390 3621 Inaneseentibus
2434 3563 2564 3630 illis,
2611 3563 2780 3618 homo
2831 3576 2951 3618 sese
2996 3562 3054 3616 in
3084 3577 3143 3618 se
3174 3565 3402 3633 recepit,
3434 3572 3488 3619 et
3518 3564 3628 3619 tria

1924 3654 2308 3711 nominatiora
2349 3651 2447 3707 illa
2490 3651 2738 3707 febrium
2793 3650 3072 3707 intellexit
3115 3665 3346 3722 genera,
3405 3667 3535 3722 quae
3566 3667 3627 3708 se

1926 3742 2171 3799 ridicula
2204 3739 2374 3811 quasi
2434 3753 2753 3810 pauperem
2803 3739 3138 3794 curiositate
3177 3739 3532 3809 despicerent
3573 3748 3628 3796 et

1926 3832 1986 3887 in
2037 3830 2198 3886 illum
2232 3829 2336 3898 qui
2387 3828 2659 3883 carnibus
2705 3833 2760 3881 et
2817 3826 3144 3883 substantia
3191 3828 3494 3883 exhauriri
3526 3829 3629 3884 vix

1928 3925 2171 3989 poterat,
2205 3915 2633 3972 contenderent.
2667 3914 2792 3970 Non
2819 3919 3150 3982 exspectata
3188 3915 3367 3985 igitur
3398 3916 3524 3972 luce
3557 3916 3629 3971 ad

1930 4004 2372 4078 propinquiores
2429 4017 2575 4072 quos
2637 4001 2871 4071 reperit,
2931 4003 3146 4057 accedit
3200 4004 3528 4074 monachos,
3575 4013 3632 4061 et

1930 4094 2109 4149 relato
2138 4092 2220 4147 eis
2246 4106 2313 4146 eo
2344 4091 2499 4160 quod
2531 4089 2771 4155 viderat,
2806 4097 2862 4145 et
2903 4088 3185 4155 audierat,
3215 4090 3284 4144 ad
3328 4091 3631 4160 praefatum

1933 4181 2081 4237 mitti
2113 4188 2276 4250 rogat
2307 4181 2627 4248 Hugonem,
2667 4183 2729 4232 ut
2755 4177 2999 4232 sciretur
3023 4176 3272 4246 qualiter
3298 4191 3357 4233 se
3375 4177 3628 4234 haberet.

1932 4268 2179 4324 Mittitur
2206 4274 2262 4322 et
2312 4266 2421 4322 sub
2470 4264 2738 4320 maximis
2779 4265 3022 4320 febrium
3054 4265 3288 4320 aestibus
3324 4267 3628 4334 reperitur.

122 4376 228 4418 suo
278 4369 334 4417 et
361 4359 621 4416 omnium
659 4358 978 4414 testimonio
1017 4357 1236 4425 didicit,
1287 4370 1322 4411 a
1365 4355 1725 4412 daemonibus
1764 4355 1904 4410 seD
1937 4357 2024 4412 Ex
2051 4369 2166 4425 quo
2187 4353 2491 4424 conjicitur
2529 4352 2666 4407 talia
2695 4353 3032 4408 morborum
3062 4367 3274 4423 genera
3303 4354 3415 4408 Deo
3440 4353 3633 4424 judice

125 4451 413 4506 delusum.
446 4447 761 4504 Suntenim
787 4446 1056 4516 quaedam
1087 4444 1371 4501 daemonia
1401 4444 1535 4500 solis
1558 4443 1825 4500 ludibriis

125 4538 366 4605 intenta,
402 4543 536 4592 sunt
564 4540 618 4591 et
649 4534 847 4606 aliqua
873 4541 1062 4589 mente
1091 4533 1368 4600 crudelia,
1417 4540 1473 4588 et
1511 4531 1583 4588 ad
1613 4531 1828 4588 laeden-

126 4627 267 4682 dum
297 4638 498 4696 prona,
532 4625 702 4694 cujus
733 4622 890 4679 verbi
912 4621 1100 4693 gratia
1132 4629 1299 4679 extra
1323 4621 1683 4692 propositum
1712 4621 1827 4676 duo

127 4714 391 4786 exempla
422 4714 813 4783 proponimus.

806 4798 1034 4854 CAPUT
1066 4798 1162 4856 VI.

197 4886 405 4944 Servus
429 4887 666 4960 quidam
692 4887 955 4942 invocato
975 4887 1228 4942 daemone
1255 4885 1319 4940 in
1346 4884 1593 4941 Italiam
1631 4887 1830 4940 trans-

131 4972 338 5034 fertur.
374 5007 444 5018 —
473 4977 644 5047 Apud
669 4984 923 5032 castrum
955 4975 1292 5031 Calniacum
1315 4972 1535 5046 [vulgo,
1564 4973 1831 5044 Chauny]

135 5073 206 5116 ex
240 5063 459 5121 familia
489 5065 837 5132 Guascelini,
875 5064 1047 5120 castri
1078 5062 1260 5134 ipsius
1299 5061 1544 5128 Domini,
1582 5061 1835 5118 famulus

137 5151 374 5218 quidam
420 5160 560 5221 erat,
629 5152 722 5209 cui
789 5152 860 5208 ad
922 5151 1136 5207 castelli
1193 5150 1514 5206 custodiam
1570 5149 1836 5205 noctibus

139 5241 465 5297 excubandi
495 5239 748 5297 officium
782 5239 1168 5296 incumbebat.
1201 5238 1307 5305 Qui
1349 5237 1692 5308 vespertinis
1721 5254 1837 5294 cze—

142 5327 389 5384 cutiente
419 5330 540 5400 jam
587 5342 827 5398 prorsus
881 5328 973 5384 die
1025 5327 1200 5394 horis,
1259 5341 1391 5382 cum
1450 5340 1626 5381 οωιιεθ
1657 5325 1840 5381 immi—

144 5416 299 5471 nenti
329 5417 521 5472 deesse
547 5416 791 5483 timeret,
823 5423 984 5472 trans
1033 5415 1280 5471 fluvium
1313 5414 1527 5484 positus
1555 5413 1840 5470 clamabat

146 5503 354 5571 appelli
385 5505 458 5560 ab
514 5504 714 5572 aliquo
767 5503 932 5559 alteri
976 5503 1117 5573 ripae
1171 5516 1401 5557 navem.
1435 5501 1696 5571 Cumque
1724 5501 1774 5556 ei
1806 5515 1842 5556 a

147 5588 372 5646 nemine
407 5589 804 5656 obaudiretur,
836 5589 894 5644 in
925 5588 1177 5644 furorem
1210 5587 1378 5643 homo
1417 5600 1618 5643 versus
1641 5586 1786 5644 dixit
1823 5604 1835 5643 :

502 5687 781 5751 PATROL.
835 5686 1038 5751 CLVI.

1933 4459 1968 4500 a
1995 4442 2353 4499 daemonibus
2381 4439 2718 4495 ministrari.
2763 4441 2922 4496 Unde
2953 4447 3007 4495 et
3042 4441 3248 4496 mulier
3278 4440 3338 4496 in
3369 4442 3634 4512 Evange-

1933 4533 2010 4589 lio
2041 4545 2221 4587 curva
2269 4529 2462 4584 decem
2492 4536 2547 4583 et
2577 4535 2792 4598 septem
2842 4526 2966 4599 [al.,
2993 4529 3138 4598 octo]
3170 4530 3338 4584 annis
3360 4543 3393 4584 a
3424 4529 3636 4586 Satana

1936 4620 2147 4692 legitur
2185 4618 2418 4688 alligata
2477 4619 2624 4688 (Luc.
2657 4631 2781 4682 XIII,
2843 4617 2949 4684 Il).
3010 4617 3064 4671 Is
3101 4616 3275 4672 etiam
3309 4618 3412 4687 qui
3461 4619 3636 4688 epile-

1938 4710 2106 4780 psim,
2137 4707 2192 4763 id
2243 4714 2328 4762 est
2357 4705 2642 4761 caducum
2691 4704 3016 4774 patiebatur
3048 4705 3338 4772 morbum,
3370 4719 3404 4760 a
3432 4706 3639 4775 spiritu

1937 4795 2237 4852 immundo
2271 4794 2427 4849 allidi
2478 4795 2536 4848 in
2578 4801 2811 4860 terram,
2843 4806 3135 4862 spumare.
3169 4794 3408 4849 stridere
3448 4795 3640 4850 denti-

1937 4887 2068 4952 bus,
2100 4891 2155 4940 et
2181 4883 2398 4939 asciare
2429 4881 2765 4951 perhibetur
2796 4881 3006 4951 (Marc.
3043 4896 3120 4946 1x,
3179 4884 3282 4950 l7),
3319 4882 3472 4951 quod
3504 4895 3641 4937 ora-

1939 4974 2094 5029 tione
2130 4970 2314 5027 solum
2364 4977 2418 5026 et
2456 4969 2679 5040 jejunio
2738 4969 2931 5024 curari
2982 4983 3142 5038 posse
3198 4972 3492 5025 asseritur.
3538 4969 3642 5025 Job

1941 5061 2112 5117 etiam
2140 5057 2402 5125 interius,
2435 5066 2486 5113 et
2520 5055 2792 5124 exterius,
2830 5058 2882 5111 id
2911 5065 2995 5112 est
3021 5070 3260 5126 corpore
3291 5064 3345 5112 et
3374 5057 3642 5113 substan-

1945 5149 2044 5213 tia,
2075 5148 2404 5203 daemonum
2437 5143 2797 5200 infestatione
2825 5145 3046 5200 feritur.

2017 5238 2102 5292 De
2128 5233 2339 5289 clerico
2374 5232 2580 5287 deinde
2605 5232 2876 5288 canonico
2892 5232 3146 5304 regulari
3145 5233 3336 5302 facio,
3367 5232 3468 5303 qui
3489 5237 3646 5305 post-

1945 5341 2120 5396 quam
2139 5321 2449 5395 pessimam
2470 5320 2682 5392 egisset
2697 5321 2897 5389 vitam,
2912 5321 3220 5375 monachus
3237 5322 3465 5376 tandem
3486 5323 3650 5376 beato

1939 5415 2062 5482 ﬁne
2089 5409 2330 5466 excessit
2354 5427 2393 5464 a
2425 5409 2566 5465 vita.
2615 5438 2684 5447 —-
2713 5409 3065 5480 Coneeptum
3097 5423 3420 5465 sermonem
3459 5417 3650 5465 tenere

1951 5501 2084 5571 quis
2117 5499 2327 5568 possit?
2378 5498 2660 5564 Quartum
2713 5496 2986 5567 denique,
3037 5498 3191 5566 quod
3251 5497 3538 5552 memoriae
3594 5512 3653 5552 se

1952 5588 2187 5659 subigit,
2213 5589 2420 5656 scripto
2455 5587 2668 5654 pariter
2715 5585 3074 5655 subigamus.
3111 5584 3362 5640 Clericus
3391 5584 3651 5654 quidam,

3217 5686 3299 5742 29
