3946 6412
346 332 448 384 907

1231 325 1294 379 V.
1332 323 1661 380 GUIBERTI
1698 322 1994 380 ABBATIS
2030 322 2088 378 S.
2129 322 2374 380 IARIE
2410 323 2502 378 DE
2538 322 2939 381 NOVIGENTO

3754 328 3858 380 908

346 465 451 537 qui
505 464 716 521 nostris
769 434 1022 519 terribile
1071 459 1421 531 temporibus
1473 458 1630 514 dedit
1679 456 2034 527 exemplum,
2072 462 2119 514 Α
2150 455 2482 514 daemonum
2516 459 2787 515 examina
2837 457 3095 529 undique
3142 458 3368 516 infinita
3408 459 3469 516 in
3523 460 3724 530 ipsum
3775 460 3854 515 ir-

346 554 538 610 Bemis
577 551 994 617 commanebat,
1045 549 1400 606 mediocriter
1457 547 1759 613 litteratus,
1793 553 1852 602 at
1898 545 2033 615 pin-

345 642 516 713 gendi
547 654 787 713 gnarus.
821 639 929 706 Qui
966 638 1278 709 aliquando
1325 636 1621 693 levitatum
1655 649 1803 705 quas
1844 632 2033 705 pluri—

344 744 469 786 mas
524 728 888 786 commiserat
951 727 1205 791 timidus,
1256 724 1587 781 Catalaunis
1643 724 1701 779 in
1759 721 2031 779 Omnium

343 818 684 875 Sanctorum
713 816 949 873 ecclesia
995 815 1179 870 factus
1219 821 1302 869 est
1354 812 1642 882 regularis
1695 810 2027 868 canonicus.

341 906 489 963 Inibi
520 905 863 977 aliquandiu
890 904 1119 973 degens.
1154 915 1287 957 cum
1317 914 1352 956 a
1377 900 1678 970 primordii
1708 900 1799 957 sui
1829 901 1888 956 in
1909 901 2032 957 dies

339 996 563 1052 fervore
614 999 937 1065 tepesceret,
990 998 1048 1046 et
1088 990 1344 1046 calorum
1412 996 1672 1044 veterum
1727 988 2027 1045 refricare-

338 1086 436 1135 tur
464 1085 657 1145 aestus,
700 1078 922 1133 deserta
976 1073 1069 1130 cui
1110 1087 1169 1130 se
1199 1071 1509 1129 tradiderat
1564 1072 1789 1143 regula,
1820 1072 2027 1129 iterum

336 1167 409 1222 ad
430 1168 631 1223 Remos
658 1179 715 1220 se
743 1162 1005 1230 contulit,
1038 1175 1279 1218 uxorem
1310 1161 1501 1218 duxit.
1534 1160 1800 1231 Cumque
1818 1162 2028 1218 exinde

335 1256 554 1325 aliquot
584 1254 824 1324 pignora
868 1250 1212 1317 sustulisset,
1248 1249 1321 1305 ad
1351 1249 1441 1305 sui
1480 1249 1887 1305 correctionem
1921 1265 2030 1305 coe-

333 1344 468 1400 litus
498 1342 696 1399 morbo
719 1340 1059 1411 percutitur.
1090 1342 1378 1405 Attamen,
1403 1344 1711 1407 antequam
1743 1336 1852 1393 hac
1873 1336 2027 1393 inﬁr-

330 1430 525 1487 mitate
543 1420 927 1493 decumberet,
961 1425 1019 1481 id
1052 1425 1335 1482 habuerat
1362 1423 1699 1491 voluntatis,
1736 1430 2026 1495 quatenus

330 1517 904 1587 Hierosolymin
974 1512 1455 1584 expeditionnem,
1498 1527 1630 1583 quae
1681 1519 1821 1570 tunc
1883 1511 2026 1569 mire

328 1607 751 1677 percrebuerat,
778 1610 1136 1674 sequeretur.

2144 558 2331 613 ruere,
2360 546 2589 614 vellere,
2624 560 2724 616 per
2755 546 3087 617 pavimenta
3138 555 3485 618 prostratum
3518 549 3851 615 detrahere,

2143 632 2333 703 ipsum
2385 648 2620 705 quoque
2666 648 2897 691 sacrum
2932 635 3214 703 habitum,
3242 650 3376 692 cum
3398 636 3450 692 ei
3480 636 3684 694 rabida
3719 637 3853 692 vio-

2140 719 2317 777 lentia
2368 729 2711 793 extorquere
2765 723 3126 791 molirentur,
3178 723 3272 779 ille
3321 724 3597 795 capitium
3650 732 3851 782 tenere

2139 806 2429 877 dentibus,
2470 809 2710 867 brachia
2755 825 2826 867 ne
2867 810 3178 868 velleretur
3224 811 3524 883 stringere.
3574 812 3849 884 Cumque

2140 894 2249 952 hac
2283 895 2570 954 horrenda
2590 899 2818 955 miseria
2843 899 2953 955 sub
2983 899 3309 957 miserando
3332 900 3554 971 ejulatu
3583 901 3850 958 maxime

2138 982 2404 1041 noctibus
2450 993 2778 1056 urgeretur,
2835 986 3139 1058 aliquoties
3170 995 3362 1045 tamen
3394 988 3647 1046 interdiu
3674 1004 3851 1046 rece-

2138 1068 2409 1127 dentibus
2448 1071 2559 1127 illis
2611 1072 2906 1143 paulisper
2959 1074 3251 1145 quiescere
3296 1075 3613 1132 sinebatur.
3674 1076 3853 1132 Tunc

2137 1155 2309 1226 plane
2339 1159 2684 1230 interrogari
2717 1168 2937 1230 poterat
2966 1160 3217 1232 qualiter
3241 1162 3301 1218 in
3330 1162 3428 1218 illo
3454 1170 3851 1233 tempestuoso

2136 1246 2364 1315 negotio
2392 1260 2526 1303 cum
2581 1262 2646 1303 eo
2698 1248 2998 1319 agebatur.
3031 1250 3213 1307 Multa
3246 1258 3386 1307 tunc
3428 1250 3499 1307 de
3536 1250 3849 1320 spiritibus

2135 1331 2460 1403 hominum,
2514 1349 2663 1406 quos
2697 1336 2805 1406 ipsi
2859 1346 3116 1407 noverat,
3139 1348 3197 1396 et
3239 1354 3387 1409 quos
3433 1339 3484 1396 ei
3525 1346 3847 1409 praesentes

2133 1423 2541 1493 suggerebant,
2590 1425 2761 1496 quasi
2804 1440 2901 1483 eos
2939 1427 3279 1498 conspicuos
3328 1427 3583 1496 haberet,
3626 1426 3848 1497 loque-

2134 1509 2326 1566 batur.

2202 1597 2365 1665 Quod
2394 1614 2526 1657 cum
2552 1601 2805 1679 audisset
2837 1602 3045 1660 mulier
3072 1602 3337 1672 quaedam
3370 1602 3566 1671 vidua,
3598 1616 3736 1673 quae
3773 1602 3849 1657 de

399 1696 586 1765 igitur
643 1708 776 1749 cum
815 1693 917 1748 diu
957 1699 1012 1747 et
1056 1690 1222 1746 valde
1280 1696 1602 1760 aegrotaret,
1664 1694 2024 1745 excresceute
2066 1760 2098 1765 _
2131 1687 2325 1743 mariti
2369 1688 2459 1744 sui
2492 1690 2701 1747 animze
2751 1691 3007 1761 periculo
3057 1692 3367 1758 metuebat,
3398 1700 3453 1748 et
3483 1691 3678 1748 minus
3740 1705 3850 1761 pro

328 1760 585 1840 molestia
631 1782 701 1837 ad
741 1794 839 1837 cor
884 1792 1170 1845 reversus,
1222 1775 1309 1848 (⁸⁸)
1350 1777 1581 1833 directis
1627 1776 1699 1833 ad
1760 1776 2024 1832 abbatem
2065 1760 2109 1816 Β
2136 1775 2334 1832 eodem
2365 1777 2586 1844 orabat,
2618 1760 2908 1836 consuluit
2934 1794 3069 1837 eum
3103 1788 3297 1836 utrum
3324 1794 3429 1850 pro
3457 1794 3565 1836 suo
3589 1760 3851 1850 conjuge

328 1872 519 1927 Sancti
559 1870 772 1926 Nicain
812 1884 882 1925 ea
935 1874 1267 1937 tempestate
1332 1865 1929 1934 Joannem,.precibus
1957 1864 2029 1920 ad

325 1974 385 2015 se
423 1960 622 2016 venire
666 1957 994 2027 compellat,
1027 1955 1232 2011 mundi
1260 1953 1824 2010 abrenuntiationem
1848 1967 2030 2022 spon-

325 2048 439 2116 det,
479 2061 644 2104 sacro
695 2060 756 2103 se
784 2045 949 2101 indui
983 2044 1188 2100 habitu
1236 2042 1503 2113 postulat.
1536 2041 1727 2097 Abhas
1756 2040 1849 2097 ille
1890 2055 2028 2111 pro-

325 2137 515 2205 vidus,
548 2143 604 2192 et
630 2137 698 2191 de
727 2142 965 2205 experta
990 2134 1118 2204 ejus
1153 2132 1383 2189 levitate
1432 2138 1752 2201 suspectus,
1804 2128 2027 2186 distulit

325 2226 635 2293 hominem,
676 2232 731 2281 et
791 2223 1052 2279 habitum
1078 2236 1251 2292 quem
1281 2220 1508 2290 petebat
1540 2219 1679 2275 dare
1730 2231 2025 2287 recusans,

323 2315 478 2371 intra
514 2313 758 2370 ccenobii
820 2319 1013 2367 tamen
1069 2309 1381 2379 penetralia
1431 2307 1724 2364 transtulit
1777 2320 2021 2377 aegrum.

322 2403 587 2472 Cumque
657 2399 766 2456 sibi
836 2397 1101 2454 morbum
1156 2397 1550 2467 ingravescere
1614 2394 2019 2464 praesensisset,

324 2490 589 2546 abbatem
636 2485 993 2559 aggreditur,
1030 2493 1087 2540 et
1130 2482 1363 2539 schema
1390 2481 1791 2538 monachicum
1824 2481 2024 2538 multis

322 2576 817 2647 deplorationibus
839 2573 914 2630 ab
943 2587 1008 2629 eo
1038 2572 1204 2642 quasi
1232 2570 1400 2627 vellet
1449 2569 1622 2626 nollet
1648 2569 1905 2626 extorsit.
1931 2570 2019 2624 Ex

322 2666 526 2734 adepto
564 2664 758 2734 itaque
808 2662 962 2732 quod
1000 2659 1419 2716 desideraverat
1449 2658 1649 2722 laetior,
1683 2658 2019 2727 parvissimo

320 2753 593 2824 temporis
620 2751 803 2822 spatio
856 2764 916 2806 se
966 2749 1130 2805 solito
1176 2746 1432 2818 quietius
1481 2760 1652 2818 agere
1690 2746 2014 2803 videbatrtr.

319 2842 484 2898 Tunc
510 2848 741 2911 repente
765 2838 954 2895 nescio
989 2852 1108 2907 quo
1158 2836 1361 2892 divino
1388 2843 1578 2891 motus
1613 2834 1890 2891 instinctu
1914 2834 2016 2891 ab-

2139 1861 2248 1918 sibi
2279 1877 2443 1920 orare
2469 1864 2732 1923 liceretet
2758 1866 2943 1937 siipse
2971 1868 3113 1938 quid
3136 1866 3230 1923 ille
3277 1875 3492 1939 ageret,
3533 1867 3725 1923 sciret.
3769 1868 3849 1923 At

2136 1950 2234 2007 ille
2265 1951 2473 2021 quidni
2505 1953 2739 2024 inquit?
2795 1955 2909 2012 Ora
2937 1970 3135 2012 secure
3180 1970 3283 2026 pro
3337 1970 3433 2025 eo;
3475 1968 3608 2011 nam
3665 1955 3846 2025 paulo

2134 2046 2268 2096 ante
2297 2038 2392 2096 hic
2435 2040 2563 2098 fuit.
2594 2041 2925 2113 Aliquantis
2975 2058 3112 2115 ergo
3137 2042 3339 2100 diebus
3362 2044 3537 2099 tantis
3578 2050 3846 2100 tormen-

2136 2127 2206 2183 tis
2231 2128 2515 2196 addictus,
2550 2130 2779 2186 tandem
2813 2131 3075 2201 periectae
3126 2131 3304 2203 quieti
3355 2132 3633 2188 redditur.
3688 2130 3845 2186 Nam

2130 2215 2236 2271 etsi
2287 2216 2594 2287 aliquoties
2641 2217 2788 2275 inter
2833 2220 3170 2290 patiendum
3223 2233 3467 2290 pausare
3504 2219 3840 2287 videbatur,

2131 2317 2265 2359 mox
2305 2311 2495 2360 tamen
2536 2320 2568 2363 e
2627 2307 2964 2376 parietibus,
2997 2322 3029 2364 e
3076 2315 3227 2364 terra
3280 2308 3668 2378 undecunque
3716 2307 3841 2364 (ιω-

2130 2406 2369 2450 monum
2399 2393 2600 2450 turbas
2645 2394 2879 2453 videbat
2923 2410 3235 2468 emergere,
3284 2403 3340 2453 et
3385 2396 3458 2452 ad
3505 2395 3840 2466 discerpen-

2128 2477 2267 2535 dum
2324 2479 2551 2538 sibimet
2615 2483 2892 2540 involare.
2960 2484 3211 2540 Remotis
3263 2483 3510 2554 denique
3564 2482 3842 2554 malignis

2127 2566 2444 2637 spiritibus,
2500 2585 2634 2628 cum
2674 2571 2855 2628 divini
2903 2571 3013 2628 sibi
3044 2572 3249 2642 judicii
3290 2580 3437 2627 esset
3467 2571 3692 2627 indulta
3715 2571 3837 2626 cle-

2124 2656 2359 2723 mentia,
2401 2660 2583 2716 accito
2639 2660 2845 2717 abbate
2892 2660 2974 2715 sic
3026 2659 3287 2730 loquitur
3318 2676 3331 2714 :
3362 2661 3524 2725 Ecce,
3575 2659 3834 2727 domine,

2125 2745 2374 2813 peccatis
2421 2748 2564 2804 meis
2611 2748 2794 2804 vicem
2846 2748 3031 2804 reddit
3082 2748 3253 2805 Deus.
3321 2747 3477 2803 Scias
3520 2761 3657 2819 ergo
3686 2749 3838 2817 quia

2123 2834 2431 2902 post‘banc
2474 2836 2960 2909 examiqationem
3013 2835 3123 2891 cito
3158 2837 3425 2908 sequitur
3482 2836 3612 2891 tinis
3642 2850 3829 2892 meus.

320 2931 509 2987 batem
542 2928 879 2995 accersiens,
907 2927 1031 2983 ait:
1067 2926 1231 2993 Jube,
1290 2924 1477 2992 Pater,
1537 2922 1837 2980 sollicitam
1887 2931 2015 2980 tuos
2119 2919 2554 2979 Absolutionem
2621 2922 2817 2993 itaque
2883 2924 3179 2979 erroribus
3235 2924 3379 2979 meis
3433 2936 3612 2993 quam
3670 2930 3835 2993 potes

320 3018 531 3074 habere
562 3016 881 3074 custodiam
905 3015 1052 3084 mei;
1085 3014 1233 3070 scias
1258 3012 1411 3069 enim
1442 3025 1543 3081 pro
1571 3020 1723 3068 certo
1775 3012 2013 3068 evidens

319 3107 540 3177 aliquot
594 3105 798 3161 diebus
862 3103 1002 3159 mihi
1058 3101 1358 3158 imminere
1401 3100 1689 3171 judicium
1744 3100 1885 3156 Dei:
1929 3101 2018 3157 Tu

318 3195 601 3265 siquidem
630 3200 686 3249 et
716 3192 801 3250 tui
833 3192 1143 3263 plurimam
1171 3191 1241 3247 de
1269 3204 1361 3245 me
1390 3188 1883 3259 importunitatem
1913 3202 2013 3258 pa-

319 3282 557 3349 tiemini,
589 3282 689 3338 sed
745 3282 1026 3336 diurnum
1062 3293 1179 3335 non
1238 3292 1360 3335 esse
1402 3276 1661 3344 scientes,
1693 3291 1891 3346 quaeso
1945 3292 2018 3334 ne

318 3366 719 3423 molestemini.
750 3364 873 3432 Quo
928 3365 1147 3430 audito,
1199 3363 1380 3419 abbas
1437 3361 1593 3418 haud
1626 3361 1867 3430 pavidos
1920 3362 2019 3419 sed

316 3455 623 3526 vigilantes
666 3454 720 3511 ei
773 3452 1043 3523 precepit
1082 3450 1334 3521 delegari
1378 3450 1659 3506 custodes.
1715 3449 1832 3507 Nec
1858 3464 2022 3507 mora

2126 3006 2410 3079 impende,
2459 3019 2514 3066 et
2551 3024 2714 3067 sacro
2740 3025 2829 3067 me
2872 3011 2995 3067 oleo
3025 3012 3095 3068 ad
3143 3012 3444 3068 cumulum
3477 3011 3833 3068 remissionis

2128 3094 2362 3165 inunge.
2413 3095 2577 3162 Quod
2626 3098 2885 3156 celeriter
2921 3114 2989 3156 ac
3036 3101 3238 3157 devote
3294 3099 3475 3157 abbas
3517 3100 3683 3158 duxit
3739 3099 3830 3156 ef-

2126 3182 2277 3239 fectu
2317 3198 2331 3238 :
2374 3198 2489 3254 quo
2529 3185 2620 3242 ille
2652 3185 2961 3244 affectuose
3007 3195 3063 3244 et
3104 3195 3399 3259 gratanter
3442 3196 3701 3258 excepto,
3752 3188 3828 3244 ab

2124 3271 2283 3329 omni
2315 3274 2581 3344 contagio
2630 3288 2731 3344 per
2789 3283 3098 3346 praesentes
3145 3277 3413 3346 expiatus
3440 3291 3634 3345 poenas
3685 3276 3832 3333 liber

2124 3368 2181 3417 et
2205 3360 2368 3417 laetus
2396 3361 2553 3419 obita
2579 3362 2689 3419 sibi
2711 3371 2893 3421 morte
2918 3364 3198 3421 concessit
3222 3364 3293 3420 ad
3326 3364 3525 3422 vitam.

1648 3733 1985 3819 LIBER
2048 3735 2564 3826 TERTIUS.

403 3921 742 3998 Quomodo
775 3919 1111 3983 Galdricus
1144 3918 1487 3997 cpiscopus
1529 3915 1983 3979 Laudunensis
2014 3919 2503 3981 excarniﬁcatus
2550 3919 2777 3994 fuerit;
2812 3925 3004 3998 atque
3036 3920 3306 3982 ecclesia
3334 3940 3409 3982 ac
3439 3921 3738 3983 universa

1639 4034 1802 4095 pene
1833 4016 2059 4077 civitas
2088 4016 2521 4096 conﬂagrarit.

881 4303 1111 4361 CAPUT
1138 4302 1439 4360 PRIMUM.

387 4399 539 4450 496
588 4392 764 4447 Gesia
819 4390 1203 4446 Adalberonis
1234 4392 1294 4461 (a
1314 4407 1423 4464 quo
1446 4390 1741 4447 destructa
1766 4391 1931 4447 urer
1957 4398 2012 4448 et

314 4482 725 4539 calamitatum
746 4480 993 4552 sumpsit
1012 4479 1266 4552 initium)
1305 4497 1376 4535 ac
1402 4479 1472 4534 de
1509 4479 1849 4553 quibusdam
1877 4478 2013 4536 aliis

314 4569 592 4643 episcopis
625 4567 1119 4633 Laudunensibus.
1166 4599 1234 4608 —
1272 4569 1351 4624 De
1410 4569 1907 4636 Laudunensibus,
1945 4576 2010 4625 ut

313 4659 742 4731 spopondimus,
799 4658 921 4729 jam
972 4657 1140 4714 modo
1169 4657 1492 4724 tractaturi,
1526 4656 1638 4713 imo
1669 4656 2009 4712 Laudunen-

312 4749 465 4806 sium
518 4748 827 4820 tragmdias
882 4746 1090 4812 acturi,
1159 4746 1410 4816 primum
1463 4751 1548 4801 est
1600 4745 1785 4801 dicere
1836 4745 2010 4802 totius

311 4837 444 4894 mali
470 4838 767 4909 origimem
810 4850 883 4892 ex
922 4835 1277 4906 pontificum.
1311 4841 1375 4889 ut
1399 4834 1563 4890 nobis
1590 4833 1836 4896 videtur,
1881 4847 2006 4903 per-

311 4925 681 4981 versitatibus
724 4924 1021 4979 emersisse
1075 4923 1218 4992 (43).
1253 4921 1355 4985 Qui
1388 4920 1479 4993 LII,
1512 4920 1668 4992 quia]
1699 4934 1830 4977 cum
1879 4921 2007 4977 diu-

311 5012 538 5069 turnior
565 5012 733 5083 longe
782 5012 1083 5080 exstiterit,
1116 5010 1188 5066 ab
1218 5010 1474 5066 Ascelino
1500 5010 1602 5080 qui
1633 5008 1804 5066 etiam
1834 5009 2004 5065 Adal-

310 5101 447 5157 bero
475 5100 813 5167 vocabatur,
860 5100 997 5155 huic
1052 5099 1208 5170 operi
1258 5099 1585 5166 attexenda,
1634 5107 1894 5170 putatur.
1930 5100 2003 5168 Is,

311 5189 395 5245 uti
427 5194 786 5257 compertum
816 5186 982 5242 nobis
1038 5194 1142 5254 est,
1187 5201 1259 5243 ex
1291 5186 1663 5258 Lotharingia
1699 5187 2002 5255 oriundus,

311 5275 469 5331 dives
509 5288 706 5344 opum,
765 5273 1187 5343 possessionum
1236 5275 1506 5345 locuples,
1539 5289 1672 5331 cum
1721 5273 2005 5331 distractis

310 5363 583 5419 omnibus
654 5361 837 5432 pretia
910 5361 1166 5433 ingentia
1204 5362 1276 5419 ad
1319 5362 1529 5429 sedem,
1597 5362 1691 5420 cui
1739 5369 2000 5435 praeerat,

382 5530 495 5603 (43)
525 5527 799 5584 Nonnihil
828 5527 923 5585 hic
951 5528 1260 5586 desiderari
1289 5528 1536 5586 videtur.

2045 4309 2089 4365 Ι)
2120 4303 2523 4373 transtulisset,
2587 4305 2882 4362 ecclesiam
2971 4321 3135 4364 suam
3200 4307 3507 4379 praecipuis
3579 4309 3812 4381 quidem

2118 4392 2421 4449 ornatibus
2453 4392 2770 4464 insignivit,
2795 4395 2945 4451 clero
2985 4410 3053 4452 ac
3082 4395 3373 4466 pontiﬁcio
3424 4397 3596 4467 plura
3627 4398 3808 4466 auxit,

2118 4480 2214 4536 sed
2234 4488 2445 4537 cuncta
2483 4481 2581 4537 illa
2613 4482 2886 4538 beneficia
2922 4484 3177 4554 quadam
3207 4486 3675 4555 praestantissima
3694 4485 3811 4541 ini-

2117 4568 2338 4639 quitate
2370 4570 2621 4627 foedavit.
2669 4572 2814 4636 Quid
2846 4585 2997 4628 entm
3044 4574 3313 4644 nequius,
3346 4574 3487 4644 quid
3520 4574 3628 4631 sibi
3653 4574 3812 4646 igno-

2118 4656 2441 4726 miniosius,
2477 4672 2653 4729 quam
2695 4660 2850 4730 quod
2886 4660 3186 4717 dominum
3230 4676 3404 4719 suum
3434 4677 3624 4736 regem
3655 4664 3810 4720 inno-

2115 4752 2336 4801 centem
2423 4760 2688 4816 puerum,
2744 4747 2839 4804 cui
2901 4757 3327 4806 sacramentum
3381 4751 3666 4808 fidelitatis
3717 4751 3808 4808 ille

2115 4832 2462 4903 praebuerat,
2496 4834 2746 4904 prodidit
2773 4843 2830 4892 et
2861 4836 2919 4891 in
2950 4844 3214 4894 exterum
3242 4852 3427 4908 genus
3464 4840 3654 4912 Magni
3697 4839 3809 4897 Ca-

2114 4919 2221 4977 roli
2248 4934 2487 4977 cursum
2517 4922 2864 4995 genealogiae
2890 4924 3201 4981 transfudit
3224 4925 3252 4980 ?
3280 4927 3440 4991 Quod
3469 4927 3690 4985 facinus
3719 4928 3808 4985 die

2113 5022 2295 5064 ccenaa
2328 5009 2633 5066 Dominicaa
2679 5010 2862 5068 instar
2906 5013 3070 5069 Iuda:
3110 5014 3379 5084 patravit.
3414 5014 3479 5070 In
3507 5029 3627 5086 qua
3668 5016 3807 5073 sub-

2111 5095 2373 5152 versione
2423 5105 2867 5168 regnaturorum
2917 5108 3093 5171 atque
3148 5103 3445 5172 regnantis
3496 5103 3614 5173 ipse
3664 5112 3808 5161 certe

2111 5196 2226 5239 non
2259 5183 2506 5253 providit
2535 5185 2736 5243 utilem
2765 5187 2839 5242 ad
2869 5196 3096 5259 tempus
3120 5190 3516 5259 mutationem,
3550 5192 3647 5248 sed
3688 5206 3808 5263 pra-

2110 5284 2199 5327 vae
2229 5284 2350 5326 suae
2379 5285 2553 5340 penes
2590 5273 2870 5332 innocuos
2920 5276 3233 5335 voluntatis
3270 5279 3673 5349 expletioncm.
3706 5280 3802 5338 Ur-

2111 5357 2242 5415 bem
2271 5366 2464 5415 autem
2512 5360 2792 5431 urbisque
2824 5365 3128 5433 praesulem
3172 5368 3510 5438 temporalia
3545 5368 3669 5426 ideo
3696 5384 3801 5428 non
