3946 6420
51 391 160 441 909

1178 388 1269 444 DE
1311 387 1474 443 νιΤΑ
1512 388 1645 443 SUA
1685 386 1872 444 LIBRI
1913 388 2114 444 TllES.
2140 417 2206 428 —
2231 389 2360 444 LIB.
2404 391 2475 444 Il.

3472 395 3575 447 910

51 517 266 574 minus
319 524 404 573 est
461 523 678 584 secuta,
712 516 825 572 Deo
870 531 1096 586 pmnam
1126 515 1441 584 diﬁ‘erente,
1476 517 1763 587 prosperi~
1802 523 1847 571 A
1878 519 1996 588 regi
2024 518 2295 572 universa
2329 518 2562 584 remisit,
2595 518 2812 588 quibus
2841 520 3016 574 trium
3061 520 3180 590 jam
3215 534 3316 589 per
3343 535 3572 578 succes—

52 614 164 661 tas.

755 694 985 750 CAPUT
1025 694 1096 749 II.

120 785 210 836 De
259 781 602 837 Helinando
644 780 847 835 itidem
895 781 1182 853 episcopo.
1236 812 1295 823 —
1358 781 1446 853 (⁸⁸)
1493 783 1774 838 Przelerea

52 869 356 928 Helinand
368 885 434 926 us
455 871 545 924 vir
562 869 876 924 admodum
898 869 1165 940 pauperis
1191 871 1419 940 domus,
1450 878 1505 926 et
1531 871 1772 926 obscure

52 958 432 1029 progenitus,
486 958 810 1014 litteratura
866 959 1178 1028 pertenuis,
1229 967 1284 1015 et
1335 972 1578 1029 persona
1635 960 1772 1013 satis

51 1046 254 1112 exilis,
315 1060 451 1102 cum
500 1061 600 1118 per
638 1047 897 1102 notitiam
958 1046 1214 1103 Gualteri
1253 1046 1476 1102 comitis
1530 1047 1772 1102 senioris

54 1135 509 1202 I’ontisarensis,
559 1135 628 1190 de
676 1134 847 1205 cujus
889 1135 1163 1190 comitatu
1193 1134 1428 1204 gerebat
1463 1135 1766 1206 originem,

54 1224 128 1278 ad
165 1224 424 1294 gratiam
456 1222 750 1279 Eaduardi
791 1221 926 1296 [al.,
961 1222 1238 1292 Eduardi]
1274 1222 1591 1293 Anglorum
1620 1223 1773 1293 regis

58 1312 399 1382 pertigisset
433 1317 601 1380 (uxor
645 1313 797 1366 enim
830 1325 938 1366 sua
967 1325 1098 1366 cum
1136 1311 1403 1380 praedicto
1429 1310 1633 1366 comite
1663 1309 1769 1366 sibi

59 1399 556 1454 necessitudinem
613 1399 806 1454 nescio
876 1412 1052 1469 quam
1117 1398 1378 1468 crearat),
1439 1396 1772 1467 capellanus

58 1488 192 1556 ejus
224 1485 361 1553 fuit,
387 1494 443 1542 et
487 1487 625 1556 quia
684 1486 1016 1541 Francicam
1047 1486 1388 1558 elegantiam
1425 1494 1606 1541 norat.
1661 1487 1774 1541 An-

61 1577 258 1644 glicus
314 1574 410 1631 ille
443 1575 510 1630 ad
546 1575 898 1630 Francorum
931 1588 1122 1646 regem
1146 1574 1454 1630 llenricum
1508 1588 1641 1630 eum
1674 1589 1773 1630 sa:-

61 1663 199 1732 pius
260 1662 608 1718 destinabat.
670 1662 811 1717 Cum
862 1676 978 1732 quo
1012 1677 1162 1732 rege,
1220 1661 1318 1732 qui
1351 1661 1600 1717 multum
1649 1667 1772 1716 erat

62 1750 340 1820 cupidus,
383 1758 440 1806 et
495 1749 929 1820 episcopatuum
1001 1749 1426 1805 venditionibus
1484 1757 1766 1817 assuetus,

62 1811 379 1909 largissimi
409 1811 868 1894 lenocinantibus
888 1839 1076 1894 xeniis
1104 1838 1241 1908 egit,
1286 1845 1350 1893 ut
1399 1838 1444 1893 si
1477 1811 1765 1909 quispiam
1807 1811 1849 1868 Β

62 1926 472 1996 episcoporum
505 1925 756 1981 Francia:
789 1925 1101 1992 decederet,
1140 1925 1566 1995 pontiﬁcalibus
1609 1925 1768 1981 infu-

71 2014 140 2068 lis
188 2015 314 2083 ipse
359 2014 706 2070 succederet.
758 2015 810 2068 Is
853 2013 1005 2069 enim
1043 2013 1101 2068 in
1149 2013 1464 2082 capellania
1509 2015 1662 2084 regis
1705 2028 1772 2070 ac

70 2101 290 2171 reginae
340 2101 578 2171 positus,
607 2100 882 2170 quoniam
917 2099 1120 2170 Anglia
1152 2099 1389 2155 inﬁnitis
1416 2114 1480 2155 eo
1519 2108 1770 2169 tempore

72 2189 316 2245 ﬂorebat
349 2189 578 2259 opibus,
611 2188 822 2244 multos
853 2187 1228 2258 pecuniarum
1257 2192 1478 2243 montes
1506 2202 1768 2258 aggesse-

72 2287 178 2342 rat,
202 2277 336 2332 ideo
365 2277 654 2332 arridente
675 2275 725 2332 ei
757 2276 992 2344 praefata
1024 2275 1396 2346 largitionum
1429 2290 1624 2343 causa,
1658 2290 1772 2331 vox

73 2366 193 2435 ejus
213 2364 372 2434 apud
405 2364 715 2420 Henricum
750 2377 939 2434 regem
977 2363 1329 2420 exaudibilis
1356 2372 1497 2420 erat.
1525 2363 1687 2431 Quod
1715 2371 1772 2420 et

73 2454 287 2510 factum
317 2460 401 2508 est
435 2469 448 2507 :
494 2452 774 2508 Lauduno
803 2452 958 2507 enim
985 2453 1266 2519 invectus,
1303 2455 1443 2523 quia
1469 2467 1584 2508 non
1614 2452 1770 2509 aesti-

74 2542 324 2599 matione
357 2548 681 2612 parentum,
716 2555 832 2596 non
869 2541 1118 2596 scientiae
1166 2541 1488 2597 litterarum
1524 2555 1582 2596 se
1625 2540 1767 2596 vali-

79 2635 273 2685 turum
302 2629 558 2699 putabat,
603 2627 659 2683 in
686 2628 1000 2698 opulentia,
1034 2643 1164 2698 quae
1205 2629 1457 2698 plurima
1499 2636 1770 2700 suppete-

77 2715 187 2783 bat,
233 2724 290 2772 et
338 2731 514 2788 quam
589 2716 916 2772 cautissime
974 2716 1304 2786 dispensare
1357 2717 1652 2784 didicerat,
1718 2725 1772 2772 et

79 2803 398 2873 dapsilitate
430 2819 558 2874 spes
589 2803 792 2860 fuerat.

146 2893 230 2949 Ad
263 2894 558 2950 ornandas
592 2893 769 2964 igitur
797 2901 852 2949 et
881 2893 1232 2949 extruendas
1289 2908 1348 2950 se
1378 2891 1576 2950 vertit‘
1600 2892 1773 2950 eccle-

82 2980 206 3049 sias,
238 2989 296 3038 et
325 2996 457 3038 cum
494 2983 675 3037 multa
694 2996 795 3052 pro
823 2982 934 3037 Deo
963 2981 1258 3038 videretur
1301 2981 1507 3051 facere,
1537 2983 1770 3038 eviden-

1881 607 2096 661 sionem
2166 608 2564 676 episcoporum
2642 607 2880 663 ecclesia
2944 613 3118 676 caret,
3181 617 3573 679 perpetuoque

1881 693 2119 749 fortasse
2148 694 2385 749 carebit.
2420 695 2582 750 Unde
2629 695 2844 751 factum
2896 704 2981 752 est
3016 704 3079 752 ut
3119 711 3318 752 omnes
3347 698 3449 769 qui
3479 712 3571 754 se-

1880 782 2070 837 cuturi
2101 789 2236 837 sunt
2265 781 2556 852 episcopos
2588 783 2765 853 hujus
2803 783 3070 840 Simonize
3112 785 3434 855 participes,
3467 786 3573 842 sic-

1879 878 1944 926 ut
1978 869 2116 925 mihi
2152 870 2398 934 videtur,
2453 870 2668 939 fecerit,
2698 871 2798 941 qui
2830 873 3201 941 praesulatum
3240 880 3400 928 tanta
3429 874 3573 945 regii

1879 966 2066 1014 metus
2095 957 2453 1014 affectatione
2512 958 2836 1028 suscipiunt
2900 968 2963 1015 ut
3020 969 3272 1030 repetere
3317 976 3430 1017 non
3460 976 3573 1018 au-

1877 1043 2072 1110 deant,
2126 1059 2259 1114 quae
2302 1043 2395 1098 ille
2462 1052 2526 1100 ut
2575 1045 2876 1115 episcopus
2949 1047 3104 1102 ﬁeret
3166 1047 3574 1105 damnabiliter

1881 1133 2138 1188 indulsit.
2157 1134 2205 1187 Is
2230 1148 2363 1188 cum
2381 1147 2578 1189 exsors
2591 1143 2734 1188 esset
2763 1133 2935 1190 totius
2948 1133 3261 1190 affectionis
3279 1136 3334 1190 in
3369 1137 3569 1204 Deum,

1878 1228 1932 1275 et
1960 1221 2144 1276 omnis
2174 1221 2224 1275 ei
2256 1221 2558 1293 frugalitas
2589 1235 2657 1276 ac
2691 1223 2887 1292 religio
2925 1230 3069 1278 esset
3109 1223 3375 1291 ludibrio,
3407 1233 3469 1280 ut
3515 1225 3572 1280 in

1879 1301 2320 1379 garrulitatibus
2379 1317 2435 1364 et
2504 1308 2733 1365 lascivis
2771 1310 3131 1365 sermonibus
3187 1311 3375 1378 palam
3435 1310 3573 1365 foret

1877 1396 2033 1450 omni
2071 1410 2274 1452 scurra
2305 1401 2361 1452 et
2393 1397 2667 1452 choraula
2698 1397 2962 1464 deterior,
3015 1405 3316 1466 coeperunt
3367 1397 3573 1453 diebus

1877 1483 2004 1553 ejus
2042 1484 2445 1540 destructionis
2485 1484 2646 1540 urbis
2691 1484 2846 1539 illius
2875 1493 2930 1539 et
2975 1485 3341 1540 ecclesiarum
3401 1493 3575 1554 atque

1880 1572 2052 1628 totius
2114 1574 2423 1642 provinciae
2482 1573 2805 1628 occasiones
2862 1587 3170 1643 emergere,
3243 1572 3460 1642 quibus
3519 1579 3575 1627 et

1877 1659 2118 1731 contigit
2155 1675 2290 1716 eum
2328 1661 2522 1716 exitus
2560 1675 2672 1715 non
2702 1661 2961 1716 salubres
2993 1660 3225 1715 habere.

1950 1748 2343 1819 Ingelrannus
2397 1747 2670 1804 Ecclesiis
2716 1749 2904 1802 multa
2951 1748 3202 1812 confert,
3250 1763 3448 1804 verum
3472 1765 3574 1802 ne-

1877 1835 2172 1906 quissimi:
2203 1835 2532 1890 libidinibus
2560 1836 2885 1892 immersus.
2929 1837 3120 1892 Uxore
3142 1835 3443 1896 Godefridi
3467 1853 3567 1891 co-

1875 1923 2036 1978 mitis
2058 1924 2452 1981 Namurensis
2466 1925 2742 1993 abutitur,
2767 1924 3056 1980 simulans
3083 1923 3274 1996 ipsam
3294 1924 3354 1978 in
3374 1924 3575 1980 matri-

1878 2011 2136 2067 monium
2184 2012 2428 2068 duxisse.
2479 2045 2547 2053 —
2592 2014 2736 2069 Nam
2778 2015 3014 2085 quidam
3044 2013 3171 2084 ejus
3200 2013 3577 2085 cognominus

1881 2099 1971 2172 (⁸⁸)
2031 2102 2413 2173 Ingelrannus
2463 2103 2678 2158 scilicet
2737 2101 3037 2158 Botuensis
3087 2101 3289 2172 [vulgo
3345 2102 3567 2172 Boves],

1881 2190 2131 2260 plurima
2159 2190 2264 2247 sibi
2292 2191 2790 2262 consanguinitate
2820 2191 3033 2258 afﬁnis,
3065 2191 3152 2245 vir
3173 2189 3568 2260 fuitequidem

1880 2278 2192 2334 admodum
2249 2279 2520 2342 liberalis,
2575 2279 2774 2349 largus
2810 2287 2864 2334 et
2894 2278 3148 2348 dapsilis,
3198 2278 3575 2334 reverentiam

1879 2367 2294 2435 permaximam
2346 2367 2922 2436 muniﬁcentiamque
2977 2375 3258 2436 praestans
3301 2367 3574 2434 ecclesiis,

1881 2453 1941 2508 in
1992 2455 2208 2524 quibus
2268 2454 2555 2510 duntaxat
2624 2454 2964 2525 religionem
3015 2455 3213 2510 haberi
3278 2455 3578 2521 didicerat,

1881 2539 2025 2594 alias
2050 2548 2239 2596 autem
2262 2541 2444 2596 amori
2474 2540 2718 2596 femineo
2747 2541 2889 2596 adeo
2920 2541 3148 2596 deditus
3181 2549 3242 2597 ut
3273 2556 3574 2612 quascun-

1883 2642 1996 2698 que
2047 2627 2198 2683 circa
2255 2643 2314 2684 se
2366 2637 2468 2684 aut
2519 2629 2738 2685 debitas
2803 2637 2905 2685 aut
2963 2629 3262 2685 usurarias
3312 2630 3582 2686 mulieres

1878 2718 2131 2785 haberet,
2155 2718 2296 2773 nihil
2331 2733 2472 2788 pene
2504 2719 2733 2785 faceret,
2758 2719 2911 2789 quod
2940 2719 2989 2775 ei
3021 2720 3354 2775 earumdem
3410 2727 3581 2790 petu-

1883 2805 2061 2861 lantia
2102 2805 2405 2862 dictitaret.
2442 2807 2495 2861 Is
2535 2806 2719 2877 igitur
2755 2821 2887 2863 cum
2921 2807 2979 2863 in
3010 2808 3314 2864 sortiendis
3368 2808 3574 2864 matri-

1882 2892 2088 2948 moniis
2112 2892 2528 2949 infortuniosus
2564 2901 2731 2962 esset,
2764 2908 2865 2964 per
2906 2903 3136 2951 exteras
3183 2896 3381 2967 vagari
3434 2896 3582 2952 inci-

1882 2981 2060 3051 piens,
2111 2980 2415 3050 cujusdam
2481 2981 2706 3051 cognati
2759 2981 2850 3036 sui
2917 2981 3141 3037 comitis
3209 2984 3582 3039 Namurensis

85 3068 295 3125 tissima
339 3076 531 3126 tamen
581 3069 751 3125 dabat
799 3069 1012 3125 indicia
1053 3083 1110 3125 se
1163 3069 1311 3126 solos
1358 3069 1490 3126 inde
1529 3070 1768 3137 favores,
1811 3105 1852 3162 Ο
1882 3069 2079 3124 furtim
2120 3068 2226 3124 sibi
2276 3068 2550 3124 conscivit
2621 3083 2896 3138 uxorem;
2954 3069 3127 3138 clam,
3177 3084 3377 3140 quam,
3437 3072 3584 3126 solli-

84 3154 249 3212 solam
278 3154 529 3212 nominis
562 3155 950 3211 dilatationem
1006 3156 1063 3210 in
1092 3156 1233 3212 bene
1263 3156 1437 3226 gestis
1481 3170 1765 3226 quaerere.

90 3242 180 3298 His
208 3244 380 3300 etiam
423 3243 544 3314 ipse
573 3243 796 3299 artibus
833 3243 1166 3298 Remensem
1217 3243 1772 3314 archiepiscopatum

93 3331 302 3401 insedit,
356 3347 529 3404 quem
578 3347 709 3388 cum
743 3331 1075 3401 dilapidatis
1130 3347 1302 3401 penes
1333 3347 1522 3402 regem
1556 3331 1770 3401 Philip-

95 3433 240 3489 pum,
272 3421 564 3477 hominem
599 3420 657 3476 in
702 3419 800 3476 Dei
840 3419 1014 3474 rebus
1062 3419 1513 3487 venalissimum,
1547 3419 1773 3490 magnis

96 3509 343 3566 censibus
409 3508 640 3565 biennio
676 3507 1038 3576 obtinuisset,
1109 3521 1142 3562 a
1179 3507 1420 3563 Domino
1457 3521 1604 3578 papa
1679 3508 1770 3577 44)

95 3596 320 3664 audivit,
353 3595 495 3667 quia
534 3609 776 3652 uxorem
810 3595 942 3665 quis
991 3594 1230 3662 habens,
1278 3595 1516 3650 alteram
1565 3608 1772 3664 super-

97 3680 350 3741 inducere
371 3697 743 3755 nequaquam
768 3684 960 3754 possit.
995 3683 1324 3740 Consulenti
1359 3683 1522 3753 plane
1543 3683 1772 3739 cuidam

98 3782 149 3825 se
184 3787 280 3829 cur
331 3787 396 3829 eo
427 3772 700 3839 tenderet,
762 3771 926 3838 dixit,
968 3770 1109 3841 quia
1137 3771 1185 3825 si
1227 3771 1401 3827 etiam
1452 3785 1602 3842 papa
1652 3770 1773 3827 fieri

98 3860 274 3928 possit,
309 3859 465 3916 haud
494 3872 794 3929 quaquam
824 3855 1230 3914 dissimularet.

163 3947 212 4002 Is
238 3948 412 4020 igitur
437 3947 863 4018 qualiscunque
892 3954 992 4002 aut
1020 3945 1349 4006 ambitione,
1375 3953 1478 4001 aut
1501 3959 1774 4016 quacun-

106 4046 206 4102 que
233 4037 340 4092 alia
393 4036 774 4102 humanitate,
827 4034 981 4104 apud
1020 4049 1078 4089 se
1130 4034 1429 4100 exstiterit,
1465 4034 1521 4089 in
1569 4034 1676 4089 hoc
1722 4033 1772 4090 ei

104 4119 266 4179 honor
309 4124 548 4180 omnino
597 4123 985 4179 asservandus
1027 4129 1131 4188 est,
1167 4122 1322 4192 quod
1352 4131 1406 4178 et
1454 4122 1771 4178 libertatem

106 4208 344 4268 Ecclesiae
401 4211 706 4284 magnifice
754 4211 935 4267 tuitus
970 4212 1061 4272 sit,
1115 4218 1170 4266 et
1200 4218 1314 4266 tam
1349 4210 1528 4279 ipsam
1559 4211 1770 4278 sedem,

108 4309 262 4364 quam
306 4299 647 4370 appendices
695 4300 822 4370 ejus
848 4298 1114 4355 ecclesias
1145 4298 1437 4354 uberrima
1476 4298 1775 4370 largitione

1879 3155 2110 3212 citatam
2187 3155 2245 3210 in
2322 3155 2623 3225 propatulo
2695 3155 2802 3211 sibi
2863 3155 3200 3225 nuptialiter
3253 3159 3578 3228 conjunxit.

1878 3243 2061 3310 Quam
2092 3243 2554 3314 conjunctionem
2589 3243 2890 3313 multiplici
2916 3244 3282 3300 anathemate
3339 3246 3566 3302 addem-

1880 3339 2096 3399 natam,
2181 3331 2556 3387 conciliorum
2639 3332 3114 3388 detestationihus
3193 3333 3580 3398 maledictam,

1881 3421 2031 3476 {acili
2065 3427 2311 3489 uterque
2338 3419 2572 3475 instanti
2599 3419 2817 3490 ﬁagitio
2852 3419 3238 3490 abjurassent,
3286 3422 3394 3476 nisi
3438 3437 3582 3492 prae-

1879 3508 2059 3564 fatum
2093 3508 2447 3577 episcopum,
2480 3515 2535 3563 et
2559 3507 2750 3562 mariti
2781 3508 3278 3578 consanguinitas,
3310 3517 3365 3564 et
3416 3509 3585 3564 femi-

1879 3611 1970 3652 nae
2017 3594 2308 3652 adulantis
2359 3595 2632 3650 dolositas
2689 3595 3082 3652 mollivissent.
3124 3595 3262 3663 Quae
3320 3597 3585 3653 mollities

1879 3691 2174 3754 tantopere
2203 3683 2558 3739 adulterinos
2607 3681 2750 3738 fovit
2781 3684 3085 3754 amplexus
3125 3693 3190 3741 ut
3222 3685 3376 3756 quod
3409 3698 3580 3757 gene-

1880 3771 2078 3828 raliter
2104 3771 2290 3827 fuerat
2337 3771 2602 3842 ligatum,
2652 3771 2963 3842 palamque
2991 3775 3581 3842 excommunicatum,

1879 3860 2092 3916 furtive
2143 3858 2480 3914 absolveret.
2549 3859 2698 3915 Proh
2766 3860 2986 3928 pudori
3048 3869 3198 3916 certe
3269 3862 3304 3916 ii
3369 3863 3587 3933 quibus

1880 3947 2299 4004 absolutionem
2329 3946 2535 4002 factam
2582 3947 2932 4003 mendaciter
2962 3958 3243 4018 suaserat,
3280 3964 3584 4021 nunquam

1881 4036 2171 4092 absolutos
2200 4049 2258 4090 se
2290 4035 2501 4091 ducere
2533 4043 3046 4105 praesumpserunt.

1951 4123 2164 4195 Rogeri
2191 4122 2415 4178 comitis
2445 4123 2748 4177 Porcensis
2779 4123 3228 4194 ﬁtiajnupserat
3275 4123 3587 4190 Godefrido

1878 4211 2077 4267 comiti
2102 4211 2478 4266 Namurensi.
2514 4241 2580 4250 —
2635 4213 2854 4267 Interea
2883 4211 3158 4282 quoniam
3184 4225 3217 4266 a
3251 4213 3443 4268 radice
3479 4227 3582 4268 co-

1882 4301 2034 4356 lubri
2065 4299 2361 4370 egreditur
2399 4299 2640 4370 regulus
2673 4299 2840 4366 (Isai.
2870 4315 2989 4368 xw,
3022 4300 3137 4369 29),
3170 4300 3322 4355 mala
3373 4301 3587 4356 scilicet

111 4389 364 4451 provexit.
418 4389 489 4444 Et
531 4387 770 4459 dignum
824 4394 946 4443 erat
993 4394 1056 4442 ut
1108 4394 1349 4442 externa
1378 4386 1430 4443 ei
1460 4388 1609 4443 bona
1634 4401 1770 4457 sup-
1813 4399 1854 4454 ι)
1886 4389 2001 4444 fota
2028 4395 2341 4456 erumpunt
2373 4387 2429 4442 in
2463 4388 2644 4458 pejus,
2698 4389 2933 4458 quantis
2976 4389 3109 4458 quis
3135 4388 3286 4444 dicat
3322 4389 3433 4456 ille,
3485 4389 3587 4458 qui

111 4479 360 4543 peterent,
395 4490 525 4547 quae
557 4475 613 4531 in
646 4475 1077 4532 Dominicarum
1099 4474 1377 4531 domuum
1407 4475 1608 4532 decore
1641 4489 1773 4544 pro-

111 4557 417 4626 jicerentur.

751 4652 983 4708 CAPUT
1015 4651 1116 4707 III.

180 4737 246 4789 De
285 4738 632 4811 Ingelranno
681 4738 966 4810 episc0po.
1029 4739 1442 4796 Immunitates
1508 4737 1784 4794 Ecclesiae

121 4827 449 4889 pessumdari
493 4825 647 4882 sivit.
710 4827 882 4882 Urbis
913 4825 1314 4884 destructiom‘s
1339 4843 1520 4882 causa
1531 4826 1682 4897 fuit.
1717 4858 1780 4869 —

124 4906 225 4965 Hoc
248 4923 456 4982 exacto,
477 4915 748 4972 successit
776 4915 1164 4986 Ingelrannus
1185 4915 1275 4972 vir
1303 4916 1450 4972 sicut
1467 4915 1780 4984 nobilitate,

126 4994 251 5054 sicut
275 5000 470 5060 litteris
518 5009 666 5058 491
714 5003 787 5058 ad
831 5003 1052 5073 praefati
1103 5003 1351 5074 episcopi
1402 5004 1787 5074 comparatio-

128 5094 237 5141 nem
272 5089 475 5158 clarus,
505 5090 582 5148 ita
609 5091 678 5146 ad
703 5091 918 5146 tuenda
958 5091 1096 5161 jura
1126 5091 1389 5147 Ecclesiae
1421 5091 1479 5146 in
1511 5092 1638 5162 ejus
1666 5092 1789 5147 col-

131 5166 310 5231 latione
337 5179 677 5235 teterrimus.
711 5178 856 5233 Nam
882 5179 1130 5249 episcopi
1176 5178 1434 5234 redditus
1481 5179 1786 5248 quosdam,

136 5267 256 5322 quos
295 5263 364 5320 illi
397 5264 516 5321 sedi
547 5263 817 5320 violentia
875 5265 1035 5336 regia
1063 5264 1379 5334 aliquando
1409 5265 1788 5332 subduxerat,

137 5355 247 5400 cum
287 5363 439 5418 prece
487 5365 554 5407 ac
582 5351 924 5407 muneribus
952 5365 986 5406 a
1018 5365 1150 5422 rege
1194 5350 1453 5420 Philippo
1491 5351 1789 5420 exegisset,

140 5434 185 5482 et
210 5431 444 5494 Ecclesiae
475 5437 697 5495 reddita
731 5437 930 5493 litteris
976 5438 1148 5509 regiis
1194 5444 1248 5492 et
1280 5437 1467 5508 sigillo
1514 5438 1792 5494 IIelinan-

141 5513 230 5574 dus
256 5521 356 5592 ipse
384 5526 686 5592 ﬁrmasset,
721 5525 815 5580 hic
831 5523 1468 5582 adsuifunestationem
1503 5525 1792 5590 introitus,

204 5659 297 5734 (44)
315 5665 540 5722 Urbano
580 5666 652 5720 ll.

1884 4490 2129 4533 uxorem
2159 4475 2457 4545 amiserat,
2501 4475 2820 4532 desaevierit
2865 4477 3119 4532 caedibus
3164 4477 3219 4531 in
3253 4478 3589 4532 Porcensem

1887 4564 2220 4621 comitatum
2243 4564 2271 4619 ?
2300 4564 2443 4619 Filia
2477 4563 2642 4633 plane
2671 4561 2766 4634 (⁸⁷)
2797 4564 2998 4635 Rogeri
3043 4565 3268 4621 comitis
3299 4564 3592 4620 Porcensis

1891 4653 2015 4708 haec
2046 4652 2234 4708 fuerat
2289 4651 2635 4721 (extremum
2674 4651 2938 4708 videlicet
2999 4652 3211 4723 pignus
3241 4653 3433 4722 ejus),
3488 4652 3589 4722 qui

1890 4741 2174 4797 abdicatis
2206 4739 2337 4795 ﬁliis
2392 4754 2457 4795 ac
2489 4739 2737 4811 ﬁliabus,
2767 4755 2912 4810 quos
2940 4754 3013 4796 ex
3062 4739 3405 4810 generosiori
3441 4739 3592 4794 mul-

1891 4837 2016 4886 tum
2074 4842 2256 4884 uxore
2294 4827 2628 4896 sustulerat,
2687 4827 2839 4884 hanc
2891 4842 2962 4883 ex
3022 4827 3322 4883 mediocris
3368 4826 3594 4897 generis

1894 4923 2076 4972 matre
2103 4923 2320 4982 natam,
2350 4915 2552 4986 primis
2583 4915 2934 4980 haeredibus,
2984 4928 3231 4970 noverca
3280 4913 3591 4981 insistente,

1893 5002 2164 5072 exclusis,
2199 5003 2553 5074 Botharingo
2585 5003 2666 5058 illi
2694 5002 3059 5069 Namurensi,
3093 5000 3304 5057 scilicet
3336 5000 3438 5071 (⁸⁸)
3481 4999 3596 5055 Go-

1894 5091 2111 5148 defrido
2177 5091 2368 5148 comiti
2418 5107 2550 5147 cum
2594 5105 2700 5147 suo
2755 5091 3032 5146 comitatu
3086 5089 3342 5146 tradidit.
3394 5088 3596 5144 Marito

1896 5177 2076 5248 igitur
2108 5178 2258 5235 intra
2282 5178 2712 5250 Lotharingiam
2755 5177 3103 5249 quibusdam
3156 5178 3282 5233 suis
3340 5177 3600 5232 hostibus

1898 5264 2136 5334 intento,
2196 5281 2346 5323 uxor
2399 5275 2677 5336 praecepto
2737 5265 2917 5336 ipsius
2969 5267 3123 5336 apud
3169 5265 3425 5320 Tornum
3470 5265 3640 5326 Por-,

1901 5367 2066 5410 cense
2116 5363 2371 5410 castrum
2443 5354 2641 5424 (vulgo
2718 5355 3006 5423 Porcean)
3060 5353 3416 5409 morabatur.
3471 5351 3600 5422 Cui,

1902 5456 2035 5497 cum
2068 5444 2264 5498 minus
2295 5457 2472 5513 quam
2521 5442 2750 5498 volebat
2807 5441 2997 5496 mariti
3031 5441 3287 5496 debitum
3337 5440 3599 5496 reddere-

1904 5534 2021 5596 tur,
2057 5536 2256 5585 utrum
2298 5529 2410 5585 alia
2451 5527 2540 5600 [f.,
2569 5527 2736 5598 alias]
2766 5543 2886 5584 sese
2941 5527 3305 5596 cohibuisset,
3353 5528 3456 5582 hoc
3487 5542 3604 5583 uno
