3946 6386
386 390 485 444 9H
1305 383 1368 438 V.
1404 384 1725 439 GUIBERTI
1756 382 2055 439 ABBATIS
2086 383 2140 439 S.
2182 382 2421 439 MARUE
2460 382 2550 439 DE
2601 385 2993 440 NOVIGENTO
3875 390 3898 439 ε

324 554 331 559 -
387 518 521 576 sciri
573 525 771 589 potest,
839 516 996 587 quod
1075 514 1147 570 ad
1214 521 1330 570 tam
1383 512 1664 569 evidentis
1711 520 1765 569 et
1812 513 2082 569 immanis
2118 518 2338 584 Aquos
2366 513 2550 570 adfuit
2577 512 2693 584 ipse
2715 513 2862 570 idem
2893 513 3300 585 Ingelrannus,
3331 514 3507 585 quiet
3539 515 3898 585 superior.

389 606 592 679 ﬂagitii
620 606 832 662 saltum
889 617 1196 674 nunquam
1227 602 1493 666 venisset,
1549 602 1657 656 nisi
1686 601 2074 657 clandestino-

387 709 520 752 rum
551 694 835 750 malorum
857 692 1135 763 gradibus
1161 689 1556 756 descendisset,
1600 690 1918 759 prasertim
1944 703 2079 745 cum

385 784 639 841 externis
694 780 1099 838 concubitibus
1154 777 1396 849 gravida
1469 777 1689 833 veniret
1741 777 1811 833 ad
1884 778 2077 846 istum,

388 887 562 944 quem
618 884 777 927 nunc
834 868 1068 925 obsidet.
1109 867 1253 924 Nam
1312 867 1730 936 prateritarum
1783 866 1908 937 ejus
1950 865 2080 921 libi-

386 962 591 1018 dinum
620 974 686 1015 ea
711 957 862 1028 apud
891 970 1106 1023 omnes,
1142 955 1243 1025 qui
1273 968 1401 1009 eam
1450 962 1686 1021 norunt,
1735 954 1929 1024 opinio
1975 961 2077 1022 est,

385 1058 451 1107 ut
480 1064 595 1105 non
618 1047 785 1102 modo
814 1060 915 1101 nos
941 1052 1153 1111 texere,
1204 1042 1301 1099 sed
1334 1043 1422 1098 vel
1473 1042 1801 1098 meminisse
1833 1042 2065 1112 pudeat.

455 1137 595 1193 Erat
638 1141 831 1190 autem
907 1131 1001 1188 ille
1083 1130 1425 1187 Godefridus
1472 1130 1707 1201 juvenis
1755 1130 2081 1186 omnimode

385 1225 645 1297 pulcher,
674 1222 1059 1292 Ingelrannus
1089 1234 1245 1287 vero,
1279 1217 1351 1274 ad
1400 1233 1574 1289 quem
1605 1233 1664 1274 se
1693 1219 1953 1285 contulit,
1994 1220 2082 1274 vir

384 1312 751 1388 grandaevus.
787 1309 973 1379 Igitur
1023 1308 1171 1365 inter
1210 1314 1530 1378 utrumque
1578 1311 1740 1363 tanta
1798 1306 2079 1363 bellorum

384 1402 630 1472 ﬂagrare
660 1397 829 1467 coepit
866 1395 1151 1463 vecordia,
1193 1398 1260 1451 ut
1284 1396 1622 1466 quicunque
1654 1409 1688 1450 a
1737 1394 2080 1466 Lotharingo

385 1490 496 1555 illo,
531 1487 599 1544 de
645 1486 733 1542 his
775 1484 877 1556 qui
935 1484 1006 1540 ad
1060 1483 1475 1555 Ingelrannum
1529 1483 1905 1555 pertinebant,
1952 1482 2079 1554 capi

384 1582 632 1648 possent,
673 1580 777 1629 aut
815 1570 993 1628 furcis
1026 1571 1508 1641 appenderentur,
1544 1579 1645 1628 aut
1675 1571 1858 1627 oculis
1887 1572 2079 1641 priva-

383 1672 605 1729 rentur,
647 1669 749 1717 aut
798 1659 1037 1731 pedibus
1092 1665 1529 1715 truncarentur.
1585 1657 1746 1725 Quod
1796 1658 2079 1729 hodieque

383 1754 716 1809 Porcensem
761 1747 1081 1804 visentibus
1132 1760 1347 1818 pagum
1399 1746 1620 1816 liquido
1660 1753 1899 1802 constat.
1948 1747 2073 1803 Au-

382 1842 499 1898 divi
524 1848 675 1896 certe
702 1852 736 1894 a
766 1837 1040 1908 quodam,
1082 1835 1186 1906 qui
1227 1836 1520 1906 quondam
1574 1835 1673 1891 tali
1730 1835 2079 1891 carniﬁcina

380 1928 660 1994 interfuit,
727 1924 1031 1982 duodecim
1084 1923 1261 1979 ferme
1338 1923 1596 1979 homines
1644 1923 1703 1978 in
1745 1922 2081 1994 hujusmodi

380 2017 647 2088 conﬂigio
675 2013 1057 2085 deprehensos
1103 2026 1221 2068 uno
1276 2011 1365 2067 die
1420 2011 1676 2068 sublatos
1726 2011 1783 2067 in
1830 2012 2074 2068 furcam.

381 2102 749 2161 Porcensium
799 2101 952 2157 enim
982 2098 1220 2170 quidam
1261 2098 1539 2169 primores
1594 2097 1773 2169 hujus
1802 2098 2079 2155 transmi-

381 2192 659 2264 grationis
716 2188 1001 2260 sequestri
1042 2187 1219 2254 fuere,
1274 2194 1329 2242 et
1381 2194 1662 2254 auctores,
1718 2187 1819 2257 qui
1869 2186 1941 2243 ob
1971 2186 2081 2243 hoc

379 2288 435 2337 et
464 2281 521 2337 in
551 2280 690 2346 vita,
724 2285 778 2334 et
810 2277 867 2332 in
911 2283 1092 2332 morte
1124 2275 1284 2330 fuere
1314 2274 1573 2330 infames.
1608 2274 1697 2331 Sic
1728 2276 1922 2331 Venus
1960 2289 2076 2331 non

381 2376 654 2438 concepta
704 2365 951 2424 Vulcani
1009 2362 1245 2434 ignibus
1317 2363 1590 2432 processit
1670 2362 1739 2418 ad
1814 2363 2072 2431 Martem,

378 2456 567 2512 fervor
595 2454 808 2510 scilicet
838 2451 1146 2508 libidinum
1177 2450 1531 2520 despumans
1562 2449 1619 2505 in
1651 2450 2071 2506 crudelitatem.

381 2544 521 2610 Quis
548 2542 791 2613 pradas,
814 2539 947 2610 quis
975 2538 1241 2594 incendia
1290 2538 1426 2594 hinc
1454 2546 1509 2594 et
1537 2537 1669 2594 inde
1701 2538 1849 2594 facta
1882 2552 2074 2594 enun-

382 2632 501 2698 tiet,
560 2638 614 2686 et
681 2636 887 2685 catera
956 2639 1088 2697 qua
1134 2640 1334 2695 parere
1383 2625 1715 2697 hujusm’odi
1774 2633 2077 2696 tempestas

382 2719 539 2786 solet,
582 2731 714 2788 qua
762 2722 925 2771 tanta
981 2714 1162 2781 fuere,
1230 2721 1295 2770 ut
1351 2721 1541 2769 mutos
1595 2713 1808 2770 faciant
1867 2712 2076 2770 referre

380 2808 633 2863 volentes
666 2804 757 2875 [f.,
786 2802 1063 2873 nolentes]
1087 2803 1117 2855 ?

451 2895 653 2965 Itaque
682 2892 950 2949 dominus
1000 2890 1301 2960 episcopus
1332 2888 1671 2945 diabolicam
1721 2889 1870 2945 hanc
1897 2904 2072 2959 copu-

379 2983 492 3039 lam
523 2981 670 3038 male
729 2994 907 3037 sanus
937 2978 1202 3035 absolvit.
1238 2978 1418 3034 Multa
1457 2991 1629 3047 super
1660 2978 1914 3048 epicopis
1943 2992 2072 3033 mo-

2191 602 2544 672 episcopum,
2584 618 2717 659 cum
2747 618 2879 659 eum
2904 618 3005 658 rex
3041 618 3145 674 pro
3173 605 3294 659 suis
3328 603 3694 661 levitatibus
3729 619 3775 660 λ
3814 621 3898 675 ρ(

2191 690 2379 746 tiﬁciis
2403 691 2723 761 objurasset
2750 690 2850 764 1].,
2878 689 3247 765 abjurasset],
3279 706 3385 748 sua
3430 693 3592 763 apud
3635 694 3898 749 Gllde

2190 792 2380 849 regem
2438 777 2889 849 interpellatione
2914 788 3158 835 crearat.
3215 779 3298 835 Ad
3352 780 3461 836 hoc
3513 781 3715 851 plane
3793 782 3897 835 ni‘

2192 866 2365 922 batur
2395 866 2625 923 animus
2654 874 2709 923 et
2738 880 2924 923 sermo
2952 867 3080 938 ejus
3105 874 3170 923 ut
3200 866 3302 937 qui
3332 867 3663 939 eligeretur
3700 869 3898 938 episc

2192 967 2301 1024 pus
2346 953 2453 1010 sibi
2510 963 2655 1011 esset
2709 955 3016 1012 obnoxius.
3084 955 3190 1013 Cui
3250 956 3619 1028 potissimum
3688 959 3766 1013 in
3829 966 3898 1014 et

2188 1042 2389 1097 ciendo
2427 1043 2690 1114 episcopo
2717 1057 2818 1100 rex
2846 1044 3063 1101 faveret
3092 1052 3146 1101 et
3176 1045 3385 1113 clerus,
3419 1053 3474 1103 et
3503 1045 3641 1103 ideo
3710 1047 3898 1102 mini

2188 1129 2481 1185 adversari
2511 1131 2748 1187 auderet
2803 1130 3073 1203 conjugio
3117 1132 3263 1202 ejus.
3296 1133 3381 1188 Ad
3420 1132 3743 1190 excidium
3785 1149 3898 1204 erg

2188 1217 2369 1285 urbis,
2424 1226 2479 1274 et
2529 1218 2705 1275 totius
2735 1220 3046 1289 provincia
3075 1220 3505 1289 detrimentum,
3560 1219 3673 1293 (⁸⁸³)
3729 1223 3898 1278 Gua

2187 1304 2413 1361 dricum
2466 1305 2689 1378 eligunt
2718 1308 3029 1378 quemdam
3083 1310 3238 1379 regis
3287 1310 3617 1381 Anglorum
3650 1310 3897 1366 refere:

2185 1393 2435 1463 darium,
2468 1409 2642 1466 quem
2691 1409 2834 1452 auro
2887 1404 3241 1468 argentoque
3278 1397 3586 1454 audierant
3642 1398 3898 1468 opuler

2187 1487 2335 1538 tum.

2257 1570 2503 1636 Quidam
2518 1570 2778 1626 ambiens
2800 1570 3191 1645 episcopatum
3220 1589 3259 1628 a
3289 1575 3409 1629 Deo
3435 1573 3810 1646 percutitur.
3856 1606 3898 1614 —

2185 1663 2507 1731 Antequam
2589 1661 2920 1717 electionem
2976 1662 3091 1718 duo
3149 1663 3416 1721 Ecclesia
3483 1664 3897 1719 archidiacor

2190 1763 2290 1818 per
2318 1755 2552 1805 mutuas
2602 1748 2938 1820 eligentium
2987 1751 3379 1807 contentiones
3431 1752 3490 1807 in
3543 1750 3898 1807 cathedrar

2190 1835 2417 1891 fuerant
2465 1837 2669 1903 evecti,
2718 1837 3047 1894 Gualterius
3104 1838 3318 1895 scilicet
3370 1847 3425 1895 et
3472 1840 3748 1906 Ebalus;
3810 1855 3898 1895 se.

2188 1924 2511 1993 apostolica
2541 1924 2690 1980 sedis
2715 1925 2931 1995 judicio
2963 1934 3099 1982 sunt
3127 1927 3309 1997 ejecti.
3356 1927 3696 1983 Gualterius
3740 1930 3898 1983 enin

2187 2026 2303 2067 non
2334 2011 2628 2080 clericum,
2668 2014 2764 2069 sed
2806 2013 3111 2070 militarem
3143 2029 3202 2070 se
3230 2029 3453 2085 semper
3496 2015 3880 2071 exhibuerat

2187 2099 2331 2155 alter
2402 2101 2715 2157 mulierum
2789 2101 3152 2159 incontinens
3201 2111 3343 2159 erat.
3393 2102 3618 2170 Quibus
3661 2103 3898 2160 emissi:

2185 2188 2389 2245 tertius
2420 2188 2679 2245 Ecclesia
2718 2189 2935 2246 candor
2962 2205 3020 2245 se
3052 2190 3345 2247 intrudere
3384 2192 3602 2259 volens,
3664 2192 3897 2248 curian

2186 2278 2367 2347 petiit,
2396 2284 2469 2343 et,
2492 2292 2625 2333 cum
2657 2278 2825 2348 quasi
2869 2292 2973 2347 pro
3003 2278 3181 2334 altero
3236 2293 3295 2334 se
3338 2293 3508 2350 agere
3554 2280 3711 2336 velle
3743 2294 3897 2349 praet

2186 2365 2461 2433 tenderet,
2514 2364 2574 2420 in
2622 2381 2680 2421 se
2711 2366 2956 2422 verbum
2994 2367 3063 2421 de
3090 2366 3404 2423 sacerdotio
3434 2368 3687 2424 retorsit.
3739 2368 3898 2434 Qui:

2184 2452 2357 2508 effluo
2377 2452 2405 2508 ?
2453 2453 2792 2523 Multiplices
2822 2454 2941 2525 regi
2970 2454 3278 2523 paciscitur
3309 2468 3621 2512 munerum
3667 2458 3898 2525 copias.

2183 2554 2310 2610 spes
2384 2548 2439 2597 et
2499 2542 2778 2611 promissa
2835 2542 3169 2599 divitiarum
3222 2544 3531 2600 tuberosus
3589 2542 3897 2617 [inﬂatqu

2184 2628 2569 2698 amplectitur,
2627 2631 2724 2686 sed
2750 2645 2864 2686 non
2897 2630 3145 2687 divitias.
3191 2632 3473 2687 Reversus
3522 2645 3736 2702 nempe
3784 2633 3898 2688 do-

2185 2731 2342 2773 mum
2373 2717 2814 2787 prastolabatur
2842 2726 2906 2775 ut
2944 2720 3208 2790 sequenti
3262 2719 3561 2775 Dominica
3592 2733 3628 2775 a
3675 2720 3898 2791 legatis

2183 2805 2356 2875 regiis
2382 2814 2690 2875 poneretur
2719 2807 2776 2862 in
2805 2808 3096 2864 cathedra.
3146 2807 3214 2863 Et
3243 2822 3371 2864 ecce
3404 2809 3554 2863 Deus
3589 2809 3713 2878 (qui
3746 2810 3896 2865 tali-

2183 2890 2293 2947 bus
2331 2892 2489 2948 dolos
2517 2895 2817 2964 praponit,
2850 2894 2949 2965 qui
2979 2909 3074 2950 eos
3101 2894 3239 2950 dum
3281 2895 3611 2950 allevantur
3663 2895 3891 2966 dejicit)

2183 2979 2376 3035 lethali
2422 2981 2737 3051 superbum
2771 2983 2969 3038 morbo
2996 2982 3261 3052 percutit,
3294 2992 3348 3038 et
3368 2990 3637 3038 mortuus
3666 2997 3733 3039 eo
3782 2984 3879 3040 die

379 3071 540 3128 ribus
595 3069 793 3127 referri
842 3074 1067 3138 possent
1123 3080 1360 3137 prorsus
1403 3066 1581 3137 digna
1611 3067 1805 3135 taceri,
1845 3066 1906 3121 in
1958 3080 2074 3136 quo
2110 3064 2153 3122 (Γ.
2186 3067 2239 3123 in
2296 3068 2533 3123 ecclesia
2594 3070 2838 3137 sistitur,
2898 3071 2957 3124 in
2996 3083 3114 3140 qua
3168 3069 3276 3125 sibi
3332 3069 3784 3126 cathedraticum
3847 3086 3886 3126 a

378 3159 746 3229 sepereminet
800 3156 962 3222 illud,
1024 3154 1180 3225 quod
1238 3154 1398 3210 nulla
1452 3155 1667 3224 peccati
1724 3153 2074 3210 conscientia

377 3246 873 3319 compungebatur
927 3244 1000 3300 ad
1060 3244 1262 3300 Deum.
1331 3244 1383 3298 Is
1441 3243 1675 3298 tandem
1734 3242 2069 3297 infirmitate

378 3342 692 3403 contactus,
724 3349 829 3389 nec
868 3347 903 3387 a
941 3332 1273 3388 levitatibus
1316 3330 1650 3386 inﬁrmitate
1707 3329 2071 3398 contractior,

378 3426 457 3481 ita
486 3430 717 3493 repente
749 3420 949 3490 sopitis
978 3419 1243 3475 sensibus
1303 3418 1503 3474 nubilo
1534 3418 1731 3473 mortis
1759 3417 2077 3474 involvitur

376 3519 442 3568 ut
470 3512 630 3581 loqui
663 3524 736 3566 ex
766 3509 985 3563 ratione
1015 3520 1131 3561 non
1162 3513 1365 3575 posset,
1401 3506 1493 3560 cui
1549 3506 1847 3572 confessio,
1908 3506 2077 3562 inun-

377 3600 511 3673 ctio,
543 3595 870 3654 communio
892 3593 1017 3649 aliis
1045 3592 1387 3649 curantibus
1411 3600 1547 3648 sunt
1592 3593 1870 3649 violenter
1894 3595 2072 3666 illata,

377 3703 485 3743 nec
512 3694 595 3742 est
621 3684 903 3741 sententia
955 3682 1263 3752 postulata.
1324 3680 1586 3751 Cumque
1632 3688 1825 3737 tamen
1873 3681 2074 3752 lingua

378 3784 433 3832 et
463 3774 644 3831 oculis
673 3785 817 3844 pene
837 3772 957 3842 jam
1011 3770 1118 3827 sub
1170 3776 1353 3826 morte
1382 3769 1739 3837 natantibus,
1774 3770 2073 3841 Ingelran-

378 3877 493 3919 nus
520 3862 635 3931 ille,
675 3875 849 3932 quem
889 3859 1039 3915 male
1068 3858 1339 3914 solvendo
1377 3857 1679 3929 ligaverat,
1730 3857 2069 3926 advenisset,

377 3966 553 4023 quem
582 3950 753 4006 etiam
786 3947 971 4005 clerici
1002 3954 1066 4003 ut
1099 3946 1483 4017 inungeretur
1531 3945 1699 4016 quasi
1738 3960 2072 4002 excommu-

376 4039 630 4095 nicatum
678 4051 711 4092 a
758 4037 924 4092 domo
980 4033 1364 4101 excluserant,
1405 4048 1655 4104 eumque
1707 4032 2075 4103 illacrymans

377 4126 769 4197 compellasset
820 4129 992 4191 498,
1043 4122 1237 4178 dicens
1278 4137 1292 4176 :
1331 4123 1567 4177 Domine
1623 4122 1901 4191 episcope,
1944 4136 2074 4178 ecce

378 4215 790 4285 Ingelrannus,
824 4227 929 4283 ego
973 4225 1101 4267 sum
1133 4216 1416 4281 cognatus
1444 4217 1594 4265 tuus.
1622 4210 1718 4267 Ille
1751 4211 1851 4281 qui
1884 4224 2074 4280 neque

379 4302 657 4369 conﬁteri,
690 4313 882 4370 neque
922 4298 1150 4369 inungi,
1189 4311 1380 4368 neque
1426 4296 1841 4354 communicari
1886 4306 2073 4368 petere

378 4392 642 4446 solverat.
677 4389 891 4458 Injecta
918 4400 1098 4443 manu
1146 4386 1290 4442 collo
1322 4385 1503 4456 ipsius
1558 4400 1729 4442 suum
1778 4386 2071 4443 hominem

376 4472 669 4535 contraxit
698 4475 768 4531 ad
800 4475 1083 4531 osculum.
1135 4474 1257 4541 Quo
1296 4474 1442 4530 facto
1501 4474 1897 4531 scandalizatis
1947 4489 2069 4531 om-

378 4566 572 4633 nibus,
606 4565 725 4635 ipse
752 4563 1112 4634 postmodum
1145 4571 1351 4633 prater
1378 4563 1756 4619 deliramenta
1802 4562 1883 4618 nil
1922 4563 2071 4619 dixit

376 4669 564 4726 usque
608 4654 679 4710 ad
729 4652 1154 4710 exhalationem
1208 4652 1465 4721 spiritus.
1499 4652 1658 4707 Certe
1689 4652 1810 4722 ipsa
1841 4651 2066 4721 mulier,

375 4744 547 4815 cujus
575 4756 771 4799 amore
825 4741 882 4796 id
928 4748 1140 4813 egerat,
1194 4739 1482 4797 multoties
1522 4739 1631 4795 hoc
1680 4739 1909 4810 publice
1959 4740 2070 4796 sub

375 4832 637 4903 exemplo
702 4830 965 4886 narravit
1013 4829 1172 4901 quia,
1235 4828 1449 4885 scilicet
1503 4828 1657 4899 quod
1703 4828 1850 4884 male
1898 4828 2071 4884 vivus

376 4927 592 4990 egerat,
624 4920 733 4976 hoc
759 4918 1011 4974 moriens
1057 4916 1460 4991 quasi'calcem
1505 4916 1721 4972 militia
1768 4916 2066 4986 posuisset.

332 5020 337 5025 '
377 5007 517 5062 Ecce
564 5007 647 5062 sic
675 5006 801 5063 cali
830 5005 1221 5076 quorumdam
1249 5004 1586 5075 iniquitates
1617 5003 1897 5071 revelant,
1925 5011 1992 5059 ut
2015 5010 2071 5059 et

376 5102 532 5150 terra
586 5094 866 5151 adversus
912 5108 1009 5150 eos
1053 5100 1367 5165 consurgat
1422 5100 1478 5149 et
1535 5092 1672 5163 ipsis
1730 5090 2070 5164 displiceant

377 5181 593 5253 quibus
613 5180 761 5237 foede
790 5180 1014 5251 placere
1042 5179 1319 5251 gestiunt.

1040 5266 1271 5324 CAPUT
1303 5267 1400 5325 IV.

447 5352 689 5411 Biennio
714 5356 886 5412 vacat
926 5353 1107 5409 sedes.
1132 5354 1224 5409 Ad
1240 5353 1635 5427 episcopatum
1653 5352 1887 5410 tandem
1905 5354 2069 5411 adle-

375 5446 507 5501 σίων
557 5441 859 5501 Galdricus
886 5441 948 5498 in
971 5441 1291 5515 perniciem
1328 5442 1489 5498 urbis
1529 5459 1601 5497 ac
1642 5440 1962 5515 provincia.
1998 5474 2068 5485 --

379 5533 496 5589 Hoc
525 5533 705 5603 igitur
747 5533 830 5588 sic
883 5540 1133 5599 mortuo,
1165 5545 1299 5587 cum
1350 5531 1581 5588 biennio
1610 5539 1866 5588 vacasset
1884 5531 2067 5589 Eccle-

376 5621 461 5677 sia
498 5620 729 5677 tandem
771 5620 1008 5677 electuri
1073 5617 1399 5688 pontiﬁcem
1462 5618 1859 5676 convenimus.
1911 5621 2065 5676 Inter

2182 3152 2331 3209 clero
2362 3161 2416 3209 et
2446 3155 2652 3225 populo
2691 3164 3032 3226 accepturus
3062 3156 3386 3213 videbatur.
3437 3157 3502 3211 In
3532 3170 3647 3228 qua
3703 3157 3877 3227 depo-

2182 3241 2347 3309 situs,
2380 3251 2444 3299 ut
2483 3244 2621 3299 mihi
2683 3245 2929 3300 relatum
2975 3252 3079 3313 est,
3113 3259 3247 3301 mox
3278 3245 3523 3314 crepuit,
3579 3252 3635 3301 et
3664 3245 3736 3301 ad
3762 3261 3878 3302 me-

2182 3329 2342 3386 dium
2377 3345 2565 3401 usque
2606 3332 2764 3387 chori
2794 3331 2928 3387 fadi
2958 3332 3219 3388 humoris
3244 3331 3624 3388 exuberantia
3674 3331 3868 3389 ﬂuxit.

2183 3416 2289 3472 Sed
2319 3418 2392 3472 ad
2414 3418 2470 3473 id
2492 3418 2646 3474 unde
2666 3420 3019 3475 excessimus
3050 3427 3431 3475 revertamur.

2253 3505 2586 3563 Galdricum
2610 3506 2749 3579 eligi
2774 3508 2835 3561 in
2858 3507 3188 3580 episcopum
3219 3505 3369 3579 petit
3394 3522 3495 3561 rea:
3521 3507 3865 3579 Anglorum,

2180 3594 2275 3650 cui
2300 3610 2598 3650 assensum
2616 3596 2903 3667 prabuere
2930 3611 3144 3662 omnes,
3164 3598 3375 3666 prater
3403 3595 3754 3650 Anselmum.
3794 3628 3868 3637 —

2182 3681 2289 3752 Spe
2320 3683 2498 3755 igitur
2516 3682 2819 3739 falsissima
2852 3683 3282 3739 commodorum
3322 3681 3535 3738 electus
3587 3682 3674 3738 ille
3728 3698 3868 3754 pra-

2182 3768 2370 3824 dictus
2415 3783 2450 3824 a
2496 3769 2668 3837 clero,
2723 3768 3067 3839 Ingelranno
3127 3768 3378 3838 primum
3416 3768 3749 3835 elaborante,
3805 3781 3862 3828 et

2182 3856 2401 3911 cateris
2453 3855 2601 3912 malo
2648 3871 2753 3912 suo
2820 3855 3213 3912 adnitentibus
3270 3855 3607 3927 Rothomagi
3654 3871 3688 3912 a
3730 3872 3863 3929 rege

2181 3943 2503 4015 Anglorum
2553 3940 2649 4013 (9°)
2699 3943 2769 3999 de
2815 3943 2979 3999 curia
3006 3950 3205 3999 contra
3255 3955 3503 3997 canones
3558 3942 3857 4011 expetitur.

2180 4030 2287 4098 Qui
2315 4046 2686 4102 nequaquam
2746 4032 2923 4102 hujus
2952 4031 3240 4088 electionis
3268 4031 3539 4098 incertus,
3573 4030 3717 4101 quod
3748 4031 3856 4087 sub

2180 4116 2402 4174 nullius
2429 4119 2677 4174 ecclesia
2704 4118 2869 4175 titulo
2909 4126 3051 4186 erat,
3081 4133 3188 4174 nec
3235 4117 3534 4188 quidpiam
3585 4116 3721 4173 sacri
3763 4131 3854 4173 or-

2181 4205 2332 4261 dinis
2358 4214 2566 4276 prater
2590 4206 2924 4263 clericatum
2957 4215 3278 4276 exceperat,
3321 4206 3563 4262 factione
3607 4205 3732 4276 egit,
3788 4213 3851 4263 ut

2180 4318 2211 4360 e
2243 4302 2486 4374 vestigio
2515 4303 2907 4359 subdiaconus
2930 4303 3106 4371 ﬁeret,
3136 4310 3190 4359 et
3220 4302 3554 4358 canonicam
3586 4301 3640 4357 in
3669 4301 3846 4359 Eccle-

2179 4393 2262 4448 sia
2331 4392 2773 4463 Rothomagensi
2844 4392 3178 4462 susciperet,
3228 4405 3361 4447 cum
3419 4391 3684 4446 hactenus
3730 4404 3845 4446 sese

2180 4480 2414 4537 omnino
2476 4479 2800 4535 militariter
2856 4478 3173 4535 habuisset.
3236 4478 3381 4535 Cum
3439 4477 3609 4548 igitur
3660 4491 3842 4533 omnes

2178 4582 2473 4624 assensum
2525 4567 2583 4622 in
2624 4566 2751 4636 ejus
2796 4565 3157 4635 susceptione
3206 4564 3510 4630 dedissent,
3568 4560 3648 4634 (θι)
3696 4565 3840 4621 solus

2177 4656 2453 4726 magister
2508 4654 2793 4722 Ansellus,
2841 4654 2934 4711 vir
2981 4653 3155 4709 totius
3210 4652 3488 4718 Francia,
3546 4652 3647 4708 imo
3689 4651 3833 4707 latini

2178 4742 2334 4799 orbis
2360 4743 2555 4798 lumen
2584 4742 2646 4797 in
2698 4740 3032 4799 liberalibus
3057 4739 3392 4811 disciplinis,
3424 4752 3493 4795 ac
3537 4738 3835 4809 tranquillis

2176 4829 2455 4896 moribus,
2489 4827 2562 4883 ab
2591 4830 2719 4901 ejus
2747 4828 3019 4885 electione
3066 4828 3349 4883 dissentit.
3388 4828 3513 4896 Ipse
3543 4825 3692 4896 plane
3723 4838 3834 4880 cer-

2176 4916 2247 4972 tis
2303 4916 2637 4973 auctoribus
2692 4917 2820 4988 ejus
2878 4922 3120 4972 noverat
3168 4914 3530 4986 qualitatem,
3573 4927 3689 4969 cum
3735 4926 3831 4968 nos

2176 5005 2305 5060 licet
2347 5003 2513 5060 inviti
2573 5016 3060 5074 prosequeremur
3118 5003 3401 5073 ignotum.
3435 5004 3663 5058 Eramus
3704 5014 3827 5057 sane

2175 5095 2393 5167 quibus
2448 5093 2803 5164 displicebat,
2857 5092 2955 5149 sed
3011 5090 3259 5147 aliorum
3304 5089 3456 5145 male
3511 5088 3694 5157 timidi,
3735 5088 3827 5158 qui

2175 5181 2342 5239 nobis
2379 5188 2663 5252 praerant
2692 5180 2974 5252 potentias
2993 5179 3379 5236 sectabamur.

2244 5270 2390 5325 Adit
2429 5285 2650 5342 papam
2708 5267 3019 5323 Galdricus
3049 5283 3180 5322 cum
3229 5264 3410 5321 tribus
3450 5263 3733 5320 abbatibus.
3761 5294 3823 5304 —-

2174 5359 2456 5430 Receptus
2487 5358 2680 5429 itaque
2709 5371 2843 5413 cum
2874 5370 3085 5427 pompa
3102 5353 3421 5410 vanissima
3450 5353 3664 5409 veniens
3689 5352 3818 5407 intra

2174 5446 2399 5516 urbem,
2429 5459 2542 5502 non
2601 5446 2783 5502 multo
2846 5453 2971 5516 post
3025 5443 3288 5500 sollicitat
3335 5457 3461 5512 nos,
3520 5449 3577 5498 ut
3618 5441 3819 5497 Romam

2172 5548 2369 5591 secum
2401 5533 2616 5605 pariter
2647 5546 3041 5604 properemus.
3082 5531 3365 5587 Abhatem
3389 5528 3656 5600 siquidem
3688 5529 3814 5585 San-

2174 5620 2250 5678 cti
2298 5620 2585 5680 Vincentii
2656 5619 3079 5677 Adalberonem
3154 5618 3349 5676 virum
3408 5632 3484 5676 ex
3549 5617 3810 5677 Suessiouis
