3946 6452
169 387 272 438 913

1273 389 1362 442 DE
1403 388 1559 443 VITA
1600 389 1734 444 ΒΗΛ
1779 387 1964 442 LIBRI
2003 387 2200 444 TBES.
2229 417 2298 429 —
2325 388 2456 445 LIB.
2500 391 2591 444 Ill.

3569 394 3672 448 914

35 545 128 601 sum.
167 518 485 577 oriundum
526 527 582 577 et
627 521 772 578 bene
811 521 1126 578 litteratum
1151 521 1242 593 (θ’)
1277 536 1410 579 cum
1457 522 1665 580 abbate
1696 522 1862 579 Ribo—
1897 523 1946 577 Α
1975 536 2108 592 quae
2139 523 2408 580 Ecclesiae
2461 525 2817 593 imminebat,
2874 527 3052 584 verba
3100 525 3386 596 transtuli,
3443 533 3498 584 et
3529 527 3671 598 quia

14 624 127 686 “ﬁt”.
166 605 512 665 dimontensi
569 609 763 680 (vulgo
805 610 1109 682 Ribemot),
1169 618 1224 667 et
1279 611 1400 680 ipso
1437 625 1550 667 non
1598 611 1720 666 sine
1769 610 1865 666 lit-

14 689 122 773 ad
165 695 324 764 teris,
356 711 448 752 me
485 713 740 769 quoque,
801 700 902 770 qui
953 700 1154 770 junior
1203 708 1258 757 et
1317 699 1555 756 scientia
1602 706 1657 754 et
1702 706 1866 754 atate

13 801 120 866 Nam
163 783 412 851 fueram,
447 786 595 842 datis
641 787 909 856 expensis
958 803 1153 844 secum
1188 789 1403 858 pariter
1432 788 1708 843 conscivit
1746 787 1863 842 itu-

13 896 117 964 ,ιητῷ
161 885 298 964 ros.-
341 873 768 964 Proﬁciscentes
828 875 1106 964 igitur‘et
1155 875 1860 964 Lin_gonas_attingentes,

13 958 116 1039 ,ΜΤ
159 958 371 1015 auditu
428 961 812 1030 comperimus
869 961 1178 1018 Dominum
1243 961 1573 1017 Paschalem
1632 975 1860 1032 papam,

13 1069 55 1125 1,,
81 1079 113 1129 Ε
153 1043 277 1114 jam
308 1046 532 1102 dudum
565 1048 634 1102 ab
667 1047 809 1103 urbe
839 1047 1184 1118 digressum,
1219 1048 1374 1104 illius
1402 1048 1704 1105 dioeceseos
1737 1049 1861 1104 ﬁni-

15 1160 111 1216 ΜΕ
159 1132 270 1188 bus
329 1134 742 1205 propinquare.
786 1136 852 1190 In
883 1136 1092 1206 oppido
1132 1136 1226 1192 illo
1257 1136 1458 1192 diebus
1485 1144 1610 1194 octo
1642 1137 1860 1193 desedi-

45 1248 54 1269 ε
158 1234 313 1276 mus.

227 1307 500 1378 Cumque
526 1309 827 1366 Divionem
849 1311 1118 1367 dominus
1164 1327 1314 1382 papa
1361 1314 1628 1376 venisset,
1671 1312 1858 1369 clerici

160 1394 599 1463 Laudunenses,
660 1411 913 1466 quorum
961 1398 1266 1467 plurimam
1308 1401 1538 1456 turbam
1590 1398 1862 1469 praefatus

95 1479 102 1484 ’
157 1495 358 1536 secum
404 1482 620 1538 electus
644 1483 986 1551 adduxerat,
1013 1486 1240 1542 obviam
1276 1501 1438 1556 papae
1477 1487 1719 1554 vadunt,
1767 1486 1859 1542 cui

14 1608 102 1655 mf
158 1568 218 1623 in
265 1569 469 1624 eodem
510 1577 696 1624 castro
751 1571 1078 1638 constituto,
1133 1574 1204 1628 de
1251 1575 1414 1630 electi
1443 1574 1536 1630 sui
1569 1588 1747 1630 causa
1777 1573 1856 1630 lo-

155 1665 448 1726 (ιιιιιηιιιτ.
494 1657 744 1725 Spondet
792 1673 852 1714 se
882 1673 1050 1728 papa,
1096 1668 1291 1730 utpote
1348 1661 1546 1716 multis
1601 1661 1859 1717 referen-

58 1741 96 1818 ξς
157 1745 316 1800 tibus
341 1745 463 1814 jam
515 1744 598 1800 rei
649 1759 886 1815 gnarus,
947 1760 1047 1816 pro
1110 1749 1426 1817 petentium
1485 1757 1615 1804 voto
1650 1757 1859 1805 cuncta

152 1831 473 1888 facturum.
525 1831 712 1887 Causa
742 1839 933 1887 autem
961 1842 1084 1888 erat
1125 1835 1264 1904 quia
1295 1834 1446 1890 infra
1473 1835 1706 1892 ordines
1737 1844 1859 1892 erat

83 1923 92 1988 ζ
150 1919 389 1986 electus,
445 1919 700 1988 exceptis
751 1918 878 1974 aliis
924 1920 1213 1988 capitulis,
1263 1920 1480 1990 quibus
1550 1921 1623 1976 ad
1687 1935 1858 1977 aures

148 2020 314 2076 pasz
345 2021 378 2061 a
411 2006 646 2075 praefato
703 2005 932 2061 Ausello
963 2006 1149 2062 fuerat
1188 2005 1310 2076 jam
1353 2015 1605 2063 notatus.
1640 2011 1710 2063 At
1746 2023 1854 2078 pa-

149 2094 316 2149 latini
366 2108 529 2163 papae
583 2093 844 2148 videlicet
899 2094 1224 2159 necessarii,
1277 2103 1569 2163 comperta
1607 2095 1856 2151 hominis

150 2182 470 2252 opulentia,
521 2182 900 2254 aggratulari,
935 2182 1126 2238 virum
1155 2183 1300 2238 ferre
1348 2183 1640 2239 laudibus.
1681 2183 1858 2240 Moris

148 2269 304 2326 enim
331 2279 436 2337 est,
471 2279 535 2326 ut
564 2271 760 2326 audito
789 2270 919 2326 auri
951 2271 1182 2326 nomine
1205 2280 1626 2326 mansuescaut.

218 2335 496 2412 Summus
521 2357 792 2428 pontifex
818 2356 1052 2411 discutit
1100 2355 1436 2412 electionem
1471 2355 1752 2411 ϐαιάν-ἰοὶ.
1787 2386 1854 2397 -

148 2446 310 2502 Intra
340 2447 547 2501 urbem
578 2445 773 2515 itaque
796 2459 943 2515 papa
972 2453 1275 2515 susceptus
1308 2445 1648 2515 Lingoniam
1681 2458 1856 2513 super

149 2533 430 2590 electione
461 2541 657 2588 nostra
683 2534 888 2590 habuit
928 2533 1196 2602 postridie
1227 2537 1555 2589 tractatum.
1593 2534 1856 2602 Cumque

152 2621 458 2678 electionis
488 2621 746 2677 libellum
785 2633 977 2676 coram
1012 2620 1128 2688 ipso
1162 2620 1443 2690 legissem.
1498 2620 1556 2674 in
1588 2634 1702 2689 quo
1738 2619 1856 2673 νεεδ

149 2709 277 2777 ejus
321 2716 379 2764 et
424 2721 610 2763 mores
637 2707 776 2762 satis
805 2721 1098 2776 superque
1150 2706 1503 2772 ferebantur,
1546 2705 1855 2762 abbatibus

33 2785 77 2834 ξίν·
150 2795 318 2852 nobis
364 2794 469 2865 qui
499 2795 825 2860 aderamus,
884 2802 939 2849 et
972 2793 1319 2863 presbyteris
1349 2793 1701 2863 quibusdam
1741 2795 1853 2848 Ec-

18 2874 72 2905 ”f
149 2883 340 2938 clesiae
372 2883 477 2952 qui
508 2895 640 2936 cum
686 2880 860 2936 electo
890 2888 1190 2947 venerant,
1220 2893 1368 2949 papa
1413 2879 1629 2943 accitis,
1684 2881 1851 2947 θωβίῐ

16 2959 68 3036 il"?
146 2971 218 3026 ad
266 2985 374 3025 nos
421 2969 773 3036 concionari,
815 2969 1111 3024 materiam
1161 2969 1230 3024 de
1281 2969 1572 3024 electionis
1615 2968 1853 3024 lectione

1974 622 2215 678 persona
2255 611 2612 681 pontiﬁcatui
2657 621 2793 684 apta
2851 628 2964 669 non
3019 621 3187 681 esset,
3240 614 3450 671 ibidem
3490 629 3665 672 .com-

1974 697 2244 767 pendiose
2267 699 2579 756 subnexui.

2043 787 2365 857 Interrogat
2413 787 2664 857 denique
2712 802 2858 858 quos
2907 787 3143 844 haberet
3187 788 3436 857 ordines,
3495 804 3668 860 quem

1971 872 2390 929 subdiaconum
2451 873 2572 930 fore
2618 874 2904 944 respondi.
2958 875 3172 932 Deinde
3225 877 3434 946 quaarit
3463 875 3521 931 iu
3552 891 3670 947 qua

1969 959 2222 1015 Ecclesia
2277 959 2642 1027 militaverat,
2699 961 2754 1016 in
2787 977 2903 1032 quo
2960 964 3189 1019 mentiri
3245 966 3463 1021 veritus
3514 965 3668 1030 haesi,

1969 1046 2066 1102 sed
2100 1060 2135 1100 a
2160 1045 2300 1101 meis
2331 1047 2468 1101 mihi
2501 1048 2878 1104 coabbatibus
2916 1058 3253 1120 suggestum
3277 1060 3362 1107 est
3411 1053 3566 1122 ‘quod
3609 1053 3670 1110 in

1970 1134 2414 1204 Rothomagensi
2449 1135 2722 1190 Ecclesia.
2785 1136 2887 1192 Ubi
2921 1145 3110 1192 tamen
3158 1152 3232 1193 ex
3285 1153 3420 1195 vero
3450 1140 3666 1208 addidi,

1969 1223 2108 1292 quia
2167 1222 2274 1277 hoc
2324 1237 2528 1294 nuper.
2584 1224 2671 1279 Ad
2718 1233 3041 1281 extremum
3086 1225 3255 1280 infert
3285 1241 3361 1280 an
3417 1226 3669 1298 legitime

1967 1317 2113 1366 esset
2165 1311 2518 1382 progenitus.
2596 1313 2821 1369 Dictum
2882 1314 3051 1383 plane
3105 1312 3212 1368 sibi
3262 1313 3449 1369 fuerat
3510 1317 3666 1385 quod

1966 1411 2111 1460 esset
2155 1403 2458 1460 naturalis.
2517 1406 2581 1460 In
2615 1421 2732 1476 quo
2761 1407 3014 1476 capitulo
3061 1421 3192 1462 cum
3229 1406 3358 1475 plus
3387 1420 3563 1475 quam
3609 1407 3667 1462 in

1968 1491 2186 1546 caeteris
2219 1505 2308 1547 me
2358 1494 2716 1549 constantius
2747 1494 3098 1558 habuissem,
3163 1494 3477 1564 przesertim
3530 1509 3664 1549 cum

1967 1592 2142 1647 super
2165 1579 2268 1634 isto
2307 1580 2643 1636 nullatenus
2669 1581 3026 1648 dubitarem,
3060 1581 3207 1636 dixit
3237 1594 3384 1650 papa
3416 1597 3428 1636 :
3465 1581 3665 1636 Perhi—

1968 1664 2112 1722 betis
2138 1667 2530 1722 testimonium
2586 1681 2759 1737 super
2816 1668 2951 1723 his?
2983 1669 3084 1723 Cui
3115 1667 3354 1738 inquam
3390 1683 3401 1723 :
3435 1669 3513 1724 De
3556 1685 3662 1724 cre-

1970 1753 2103 1809 teris
2148 1754 2421 1823 capitulis
2479 1762 2656 1822 taceo,
2709 1757 2798 1812 isti
2855 1765 3044 1812 tamen
3100 1755 3341 1811 ﬁdenter
3380 1757 3666 1826 astipulor

1969 1840 2125 1910 quod
2157 1855 2344 1912 neque
2381 1843 2454 1898 sit
2495 1843 2727 1910 nothus,
2779 1857 2969 1914 neque
3027 1843 3281 1914 spurius.
3331 1844 3464 1899 Haec
3516 1851 3665 1900 certe

1966 1928 2048 1984 sic
2081 1928 2305 2000 objecta
2353 1930 2626 1988 dominus
2656 1945 2805 2002 papa
2834 1946 2950 1987 non
3004 1931 3170 1988 aliter
3199 1945 3376 2001 quam
3408 1931 3666 1987 diximus

1967 2020 2320 2074 retractavit.
2363 2019 2550 2076 Causa
2575 2028 2771 2077 autem
2823 2029 2889 2076 ut
2929 2021 3052 2076 haec
3101 2019 3353 2076 seriatim
3405 2020 3483 2084 ita
3511 2020 3663 2090 obji-

1965 2111 2135 2173 ceret,
2171 2121 2286 2162 non
2335 2107 2683 2176 impediendi
2716 2123 2849 2164 eum
2904 2108 3029 2175 fuit,
3065 2108 3160 2164 sed
3222 2107 3363 2177 quia
3396 2107 3664 2163 Ansellus

1965 2184 2255 2254 magister,
2284 2187 2383 2256 qui
2415 2200 2549 2242 eum
2598 2186 2686 2242 his
2737 2187 3007 2243 omnibus
3063 2193 3397 2253 arcesserat,
3458 2185 3663 2254 impre-

1963 2271 2280 2327 sentiarum
2330 2281 2471 2338 erat,
2532 2275 2594 2327 ut
2643 2273 2795 2342 quod
2836 2273 3045 2328 scilicet
3120 2273 3268 2328 clam
3315 2273 3562 2340 dixerat,
3614 2274 3661 2329 si

1962 2358 2104 2414 forte
2134 2358 2192 2413 in
2224 2359 2424 2414 faciem
2455 2373 2522 2415 ea
2551 2360 2773 2415 homini
2806 2360 3075 2416 illaturus
3100 2360 3437 2417 insumeret.

2035 2446 2160 2514 Ipse
2196 2461 2331 2502 vero
2357 2447 2624 2518 Magister
2669 2448 2854 2502 altiori
2889 2448 3105 2504 intuitu
3146 2449 3454 2504 ambitione
3498 2449 3659 2518 pala-

1964 2533 2219 2590 tinorum
2273 2536 2525 2604 inspecta
2581 2538 2719 2600 (non
2776 2536 2902 2591 dico
2952 2537 3167 2591 domini
3198 2538 3381 2607 papze)
3437 2537 3660 2592 clavam

1965 2623 2194 2678 Herculi
2226 2631 2572 2693 extorquere
2605 2623 2674 2679 de
2704 2638 2882 2680 manu
2937 2624 3166 2679 difﬁcile
3196 2624 3382 2686 duxit.
3420 2623 3661 2680 Domino

1962 2723 2097 2778 ergo
2140 2723 2304 2778 papa,
2336 2718 2390 2765 et
2422 2725 2530 2776 me,
2564 2711 2610 2765 si
2651 2710 2841 2766 dicere
2884 2712 3150 2776 audeam,
3183 2710 3505 2780 nugaciter,
3543 2711 3660 2780 ipse

1963 2795 2334 2852 scholasticus
2375 2796 2479 2851 niti
2535 2797 2733 2852 videns
2763 2797 3024 2852 dominos
3074 2798 3132 2852 in
3185 2797 3481 2853 diversum
3532 2812 3661 2853 con-

1962 2883 2242 2938 tradicere
2295 2883 2633 2952 supersedit.
2668 2883 2867 2939 Omnis
2899 2883 3074 2953 igitur
3107 2883 3256 2940 illico
3305 2883 3659 2940 discussione

1960 2971 2165 3040 sopita,
2211 2970 2425 3026 electus
2487 2971 2579 3026 ille
2637 2972 2708 3026 ad
2770 2972 3022 3027 medium
3055 2973 3380 3039 deducitur,
3434 2973 3564 3027 etei
3625 2987 3660 3027 a

146 3073 348 3115 recens
395 3058 511 3112 lata
559 3071 812 3112 sumens.
871 3057 1010 3110 Erat
1061 3061 1212 3110 499
1281 3065 1474 3112 autem
1534 3064 1850 3113 conventus
1889 3079 1930 3134 ρ
1963 3058 2192 3114 domino
2224 3072 2370 3126 papa
2399 3060 2588 3130 gratia
2641 3060 3011 3129 pontiﬁcandi
3059 3060 3408 3115 conceditur.
3465 3059 3658 3114 Soluto

14 3133 43 3216 ll“
145 3147 407 3216 locuples
457 3144 770 3215 insignium
812 3144 1124 3200 admodum
1187 3159 1584 3214 personarum,
1638 3145 1852 3200 Italico-

54 3231 66 3308 ί,
147 3249 278 3289 rum
311 3233 736 3302 episcoporum,
773 3238 947 3300 atque
973 3233 1336 3297 nostratium,
1365 3233 1464 3287 sed
1493 3240 1549 3288 et
1585 3231 1849 3287 cardina-

147 3322 309 3388 lium,
345 3297 1314 3389 aliorumquelitteratissimorum.
1366 3321 1688 3390 Interrogat
1715 3333 1850 3388 ergo

147 3424 299 3480 papa
322 3410 582 3480 primum
617 3422 724 3464 cur
742 3408 1104 3478 elegeramus
1137 3407 1398 3478 ignotum
1426 3406 1735 3462 hominem.
1764 3407 1847 3462 Ad

146 3498 301 3566 quod
334 3511 473 3553 cum
527 3510 693 3552 nemo
740 3496 1205 3564 presbyterorum
1254 3495 1655 3564 respondisset,
1692 3495 1847 3565 (nam

15 3572 57 3610 ³³·
146 3584 390 3652 quidam
421 3583 703 3639 elementa
755 3583 856 3638 vix
911 3585 1144 3651 norant)
1174 3583 1247 3638 ad
1300 3583 1535 3638 abbates
1563 3597 1622 3638 se
1654 3583 1846 3639 vertit.

14 3672 57 3698 "
145 3671 427 3727 Sedebam
459 3677 648 3726 autem
676 3671 826 3726 inter
854 3679 1173 3740 utrumque
1197 3669 1439 3728 medius.

14 3746 54 3830 π
216 3761 436 3813 Invitus
460 3774 656 3814 coram
681 3758 807 3830 ipso
829 3775 1148 3816 sermonem
1171 3759 1371 3814 habuit
1416 3757 1742 3812 Guiberlue.
1779 3786 1849 3799 —

148 3847 394 3916 Utrique
443 3847 621 3917 igitur
672 3847 746 3902 ad
800 3847 958 3902 illata
1005 3855 1280 3915 tacentes,
1333 3861 1442 3913 me,
1487 3853 1555 3901 ut
1583 3845 1851 3914 loquerer

146 3933 283 3988 hinc
314 3943 373 3990 et
404 3934 538 3990 inde
569 3949 777 4004 urgere
814 3943 1132 4004 creperum,
1187 3935 1292 4004 qui
1323 3949 1461 3989 mea:
1492 3934 1728 3989 timidus
1752 3933 1848 4002 ju-

145 4023 421 4087 ventutis,
477 4029 532 4078 et
570 4021 630 4077 in
664 4030 819 4078 tanto
853 4021 976 4078 loco
1023 4030 1197 4092 atque
1241 4021 1466 4092 negotio
1515 4021 1850 4078 temeritatis

144 4119 341 4166 notam
373 4125 599 4178 verens,
655 4111 758 4168 vix
785 4126 849 4167 os
876 4126 993 4180 prae
1041 4113 1260 4182 pudore
1308 4111 1532 4181 aperire
1562 4111 1845 4168 consensi.

145 4199 344 4255 Fiebat
375 4206 571 4256 autem
598 4214 689 4256 res
726 4215 843 4257 non
889 4208 1151 4257 materno
1181 4214 1464 4266 sermone,
1493 4199 1590 4255 sed
1621 4199 1845 4255 litteris.

144 4289 276 4344 Dixi
303 4303 450 4359 ergo
479 4289 588 4344 sub
613 4288 798 4345 multa
841 4288 956 4345 oris
1007 4303 1075 4344 ac
1117 4288 1296 4344 animi
1353 4288 1670 4344 suffusione
1716 4302 1846 4356 quae

1927 3581 2026 3648 _de
2080 3596 2177 3650 spe
2239 3583 2456 3651 optima
2508 3582 2880 3638 denariorum
2951 3591 3118 3638 extra
3160 3623 3173 3636 .
3219 3622 3231 3635 .

1961 3147 2157 3217 itaque
2189 3154 2498 3214 conventu,
2532 3155 2588 3202 et
2618 3162 2768 3218 papa
2793 3162 3039 3217 egresso,
3080 3161 3208 3203 ecce
3237 3161 3329 3202 me
3385 3147 3657 3202 cardina-

1963 3235 2099 3290 lium
2133 3242 2312 3289 cretus
2341 3234 2700 3305 aggreditur,
2737 3233 3129 3302 multipliciter
3153 3234 3360 3289 ardens
3389 3241 3444 3288 et
3464 3233 3658 3290 dicens

1961 3318 2101 3372 mihi
2136 3333 2148 3372 :
2182 3319 2428 3374 Multum
2459 3321 2624 3376 nobis
2668 3321 3011 3391 placuerunt
3041 3320 3216 3375 verba
3251 3328 3366 3375 tua.
3400 3320 3505 3387 Qui
3535 3323 3654 3390 pla-

1958 3419 2076 3474 cor,
2114 3407 2346 3462 Domine
2388 3408 2540 3463 Deus
2572 3422 2734 3464 meus
2788 3417 2847 3463 tu
2904 3409 3030 3476 scis,
3064 3408 3204 3478 quia
3255 3422 3370 3464 non
3413 3415 3525 3463 tam
3587 3409 3656 3464 de

1957 3493 2241 3564 elegantia
2278 3495 2591 3552 verborum
2650 3510 2911 3551 meorum
2963 3495 3308 3563 emergebat,
3368 3503 3654 3565 quantum

3278 3622 3291 3636 .
3338 3625 3349 3636 .
3391 3583 3655 3639 bensium

1957 3671 2173 3742 quibus
2231 3673 2323 3729 ille
2369 3673 2782 3730 suffarcinatus
2809 3673 3142 3728 advenerat.
3173 3671 3318 3728 Nam
3364 3680 3420 3727 et
3465 3687 3570 3742 ego
3600 3679 3656 3728 et

1957 3760 2201 3815 coabbas
2262 3775 2425 3817 meus
2472 3761 2664 3817 Sancti
2722 3759 3006 3817 Vincentii
3057 3759 3358 3827 Adalbero,
3417 3767 3654 3816 moneta}

1957 3847 2216 3916 ejusdem
2247 3847 2574 3904 ferebamus
2598 3847 2850 3918 quisque
2892 3853 3157 3902 nostrum
3190 3848 3420 3902 vicenas
3452 3846 3648 3913 libras,

1957 3932 2174 4002 quibus
2201 3942 2397 3989 tantus
2417 3934 2876 4004 exspectantium
2900 3933 3094 3988 hiatus
3119 3931 3358 3987 forsitan
3391 3932 3655 4002 oppletus

1955 4027 2060 4087 est,
2091 4027 2145 4076 et
2172 4020 2297 4076 ideo
2325 4020 2735 4077 adminiculari
2782 4019 2833 4074 ei
2877 4019 3120 4089 ejusque
3151 4017 3653 4074 adminiculatores

1957 4108 2249 4164 amabant.

2025 4196 2284 4266 Denique
2337 4195 2778 4252 abscedentibus
2833 4195 2918 4262 iis,
2971 4191 3368 4250 cubicularius
3424 4193 3642 4248 domini

1955 4297 2113 4354 papae
2145 4283 2374 4338 nomine
2432 4283 2651 4351 Petrus,
2707 4282 3102 4338 Cluniacensis
3145 4281 3486 4347 monachus,
3535 4282 3650 4352 qui

144 4375 453 4446 rogitantis
495 4377 792 4432 sententiae
857 4382 1264 4446 congruerent.
1320 4374 1438 4430 Sub
1495 4373 1843 4429 dictionibus
1879 4398 1923 4451 ι)
1953 4370 2078 4440 ejus
2109 4371 2367 4426 notitiam
2415 4370 2758 4441 Rothomagi
2788 4369 3076 4439 attigerat,
3139 4383 3273 4424 cum
3306 4383 3340 4424 a
3370 4383 3503 4439 rege
3530 4373 3650 4424 An-

144 4564 178 4604 a
199 4565 337 4606 vero
359 4550 673 4614 deviantia,
705 4550 996 4606 hominem
1026 4564 1164 4606 sane
1191 4563 1264 4604 ex
1309 4548 1698 4603 familiaritate
1744 4562 1846 4603 nos

143 4646 198 4692 et
227 4652 342 4693 usu
373 4651 491 4693 non
545 4651 730 4703 nosse,
771 4638 871 4694 sed
898 4652 971 4694 ex
1019 4637 1420 4693 benevolentia
1471 4635 1842 4691 referentium

145 4725 461 4792 probitates
489 4725 559 4779 de
589 4739 655 4780 eo
684 4724 912 4794 aliquas
960 4725 1259 4794 accepisse.
1313 4722 1472 4790 Quod
1524 4735 1656 4777 cum
1707 4733 1843 4789 pro—

145 4809 257 4865 lato
286 4810 592 4880 Evangelii
619 4810 977 4867 testimonio:
1007 4832 1035 4858 ‹‹
1067 4809 1176 4876 Qui
1205 4809 1372 4876 vidit,
1416 4807 1628 4877 inquit,
1683 4805 1843 4862 testi-

145 4897 409 4952 monium
443 4897 738 4966 perhibuit
768 4899 962 4963 (Joan.
995 4912 1112 4964 xix,
1148 4899 1262 4968 35),
1293 4919 1321 4946 ››
1373 4909 1600 4952 cassare
1624 4900 1842 4949 tentas-

142 4993 244 5052 set,
266 4993 322 5040 et
353 4985 496 5040 illud
528 4986 636 5041 hoc
662 5000 778 5041 non
807 4985 1079 5056 explicito
1121 4983 1417 5054 objecisset
1456 4982 1614 5052 quod
1669 4982 1843 5036 etiam

143 5073 212 5128 de
234 5073 400 5128 curia
423 5073 641 5128 electus
671 5081 838 5141 esset,
895 5087 1000 5144 ego
1039 5072 1274 5142 quidem
1323 5084 1452 5126 mox
1508 5068 1698 5124 inutili
1724 5076 1841 5124 ter-

143 5160 530 5231 giversatione
562 5162 891 5231 postposita,
926 5161 1115 5217 fassus
1160 5175 1252 5216 me
1276 5157 1467 5215 verbis
1495 5157 1624 5227 ejus
1655 5156 1842 5212 refra-

145 5250 269 5320 gari
300 5264 419 5307 non
453 5265 634 5320 posse.
666 5251 827 5318 Quod
869 5251 1035 5308 valde
1081 5251 1186 5320 ipsi
1239 5249 1471 5320 placuit.
1523 5249 1662 5304 Erat
1687 5246 1839 5302 enim

147 5340 339 5396 minus
369 5353 549 5409 quam
598 5354 704 5396 suo
749 5347 1092 5409 competeret
1133 5339 1317 5394 ofﬁcio
1365 5337 1667 5394 litteratus.
1702 5335 1842 5392 Inde

143 5441 274 5482 cum
297 5427 675 5482 defensoriam
694 5426 1261 5482 circumlocutionem
1285 5437 1466 5478 meam
1495 5423 1565 5477 ad
1595 5421 1839 5490 primam

147 5515 325 5584 ipsius
355 5513 732 5583 quaestionem
767 5528 971 5581 parum
1002 5512 1269 5581 ponderis
1311 5511 1516 5565 habere
1546 5508 1838 5573 sentirem,

146 5602 418 5672 quamvis
473 5601 550 5656 illi
589 5600 901 5670 plurimum
954 5608 1118 5671 grata
1148 5600 1311 5666 foret,
1343 5599 1414 5653 ad
1448 5597 1838 5654 necessitatem

13 4355 36 4408 Ιιι

14 4455 34 4496 ³
145 4464 381 4532 quidem
410 4463 738 4532 compositis
769 4463 952 4519 verba
984 4463 1246 4532 tepentia,
1300 4462 1398 4518 sed
1447 4475 1562 4516 non
1617 4461 1844 4529 penitus

13 4545 30 4584 ﬁ

13 4631 28 4671 ll

1955 4460 2181 4531 glorum
2230 4459 2520 4514 hominem
2549 4467 2871 4528 peteremus
2902 4458 3190 4521 eumdem,
3224 4457 3313 4512 his
3343 4471 3432 4513 me
3459 4457 3650 4513 verbis

1954 4555 2168 4603 secreto
2201 4545 2539 4616 aggreditur
2572 4560 2584 4598 :
2626 4544 2908 4611 Quoniam
2957 4545 3169 4614 recepit
3199 4545 3468 4601 dominus
3500 4559 3651 4614 papa

1955 4632 2338 4692 testimonium
2384 4640 2639 4688 vestrum
2687 4647 2791 4703 pro
2823 4647 3065 4702 persona
3123 4646 3300 4702 quam
3349 4633 3546 4697 vultis,
3595 4640 3649 4688 et

1949 4736 2052 4780 vos
2105 4728 2401 4792 gratanter
2452 4721 2695 4788 audivit,
2741 4719 2959 4777 debetis
3013 4720 3279 4775 ammodo
3326 4733 3642 4790 suggerere

1951 4813 2128 4870 electo
2154 4817 2341 4866 vestro
2404 4817 2468 4865 ut
2507 4810 2740 4879 imperio
2797 4808 3013 4864 domini
3082 4822 3242 4877 papa:
3305 4807 3366 4862 in
3421 4809 3648 4863 cunctis

1951 4898 2197 4957 obediat.
2228 4904 2283 4951 et
2342 4895 2398 4950 in
2429 4905 2653 4953 tantum
2681 4897 2729 4952 ei
2764 4897 2834 4953 de
2864 4896 2984 4952 suis
3030 4896 3404 4966 obsequatur,
3433 4903 3497 4950 ut
3541 4909 3644 4951 vos

1951 4986 2140 5040 denuo
2168 4983 2213 5036 si
2245 4997 2392 5052 opus
2419 4983 2609 5048 fuerit,
2647 4997 2749 5052 pro
2781 4983 2902 5053 ipso
2947 4990 3000 5037 et
3031 4982 3160 5036 aliis
3189 4981 3430 5038 libenter
3459 4995 3646 5037 exau-

1951 5071 2088 5127 diat.
2125 5070 2266 5125 Ecce
2320 5069 2428 5125 mel
2463 5070 2670 5126 illitum
2721 5084 2819 5140 per
2877 5083 2978 5125 ora
3030 5070 3203 5125 virosi
3243 5069 3452 5140 poculi.
3498 5069 3644 5135 Quid

1949 5159 2104 5215 enim
2152 5157 2356 5213 melius
2414 5171 2592 5228 quam
2634 5171 2794 5227 papae
2851 5157 3242 5228 obtemperare
3300 5158 3644 5228 praeceptis?

1951 5247 2091 5319 quid
2125 5246 2288 5316 pejus
2313 5259 2492 5315 quam
2526 5259 2624 5314 pro
2680 5244 2906 5300 indulta
2945 5245 3044 5299 Dei
3085 5245 3274 5316 gratia
3311 5245 3646 5301 hominibus

1951 5333 2132 5404 pretio
2157 5333 2443 5403 obsequi?
2501 5333 2620 5402 Ego
2666 5339 2856 5386 tamen
2916 5331 3046 5387 talis
3079 5331 3292 5403 negotii
3349 5333 3646 5389 internun-

1951 5423 2066 5478 tius
2088 5421 2456 5476 vehementer
2479 5434 2602 5475 esse
2630 5418 2960 5488 perhorrui.

2022 5509 2410 5565 Pronosticum
2440 5510 2512 5565 de
2549 5505 2840 5563 Caldrz'co.
2877 5537 2944 5547 —
2967 5507 3153 5578 [gitur
3184 5505 3276 5577 (9³)
3301 5508 3455 5577 apud
3497 5509 3639 5563 San-

1948 5605 2104 5653 ctum
2146 5596 2380 5654 ltuli‘um
2433 5597 2502 5652 de
2553 5595 2773 5651 Aniene
2797 5602 3156 5651 sacramento
3195 5595 3505 5665 pontificali
3537 5611 3641 5652 su—
