3946 6416
333 342 438 395 915

1238 340 1299 393 ν.
1340 341 1668 397 GUIBERTI
1708 324 2001 397 ABBATlS
2037 341 2099 398 S.
2150 342 2388 397 MARUE
2424 343 2515 397 DE
2553 342 2939 405 NOVIGENTO

3782 348 3883 401 916

335 482 546 547 scepto,
581 474 969 547 pronosticum
1003 475 1162 533 triste
1183 475 1292 533 sibi
1321 476 1617 549 Evangelii
1640 482 1832 534 textus
1858 476 2021 533 exhi-
2056 477 2103 531 Δ
2135 475 2246 533 bus
2276 477 2493 548 pariter
2519 479 2833 536 adversari.
2869 480 3126 538 Fuerunt
3162 481 3316 539 enim
3350 486 3557 540 mutuo
3577 480 3884 552 antiqua-

336 566 481 623 buit.
506 565 811 623 Fuiteuim
845 579 859 620 :
893 584 920 617 α
952 566 1135 622 Tuam
1172 565 1350 635 ipsius
1378 567 1631 622 animam
1661 565 2034 636 pertransivit

338 653 567 726 gladius
620 654 778 726 (Luc.
825 668 885 722 ιι,
920 654 1034 723 35).
1077 674 1097 700 ι
1133 652 1291 709 Certe
1335 652 1609 723 Lingonis
1640 667 1774 708 cum
1804 660 2033 724 recepta

338 756 503 813 papae
528 742 716 814 gratia
761 742 834 799 ad
877 743 1057 799 altare
1091 741 1407 797 Mammetis
1438 741 1709 812 martyris
1754 756 1886 798 cum
1918 741 2033 797 cle-

339 829 494 897 ricis,
558 829 629 885 Te
688 829 855 886 deum
911 829 1218 885 laudamus
1269 828 1611 884 canentibus
1651 829 2029 898 processisset,

338 915 740 987 evangelicum
786 917 1128 988 conjecturae
1159 929 1337 971 causa
1376 923 1601 972 textum
1632 916 1752 986 ipse
1783 916 2029 986 aperuit.

339 1003 447 1062 Ubi
473 1005 820 1060 versiculum
853 1004 954 1075 qui
986 1003 1207 1073 primus
1226 1011 1554 1059 occurreret
1583 1003 1692 1060 sibi
1705 1002 1982 1073 corripuit
2012 1016 2030 1072 ;

337 1090 549 1147 scilicet
577 1105 589 1144 :
627 1109 655 1142 α
683 1090 905 1158 Mulier,
928 1104 1057 1145 ecce
1090 1089 1243 1145 [ilius
1274 1097 1409 1145 tuus
1436 1088 1635 1161 (Joan.
1693 1104 1815 1157 χιχ,
1852 1092 1965 1157 26).
2003 1109 2030 1141 ι

337 1177 496 1245 Quod
520 1177 637 1247 ipse
690 1191 823 1233 mox
876 1177 1095 1247 ubique
1138 1177 1385 1233 multum
1412 1177 1755 1248 jactantiose
1792 1174 2033 1231 circum-

338 1265 489 1322 tulit.
524 1266 586 1320 In
617 1264 791 1320 verbo
846 1278 1101 1334 namque.
1139 1271 1196 1320 et
1240 1262 1462 1331 habitu,
1524 1264 1667 1320 mire
1728 1263 2030 1331 instabilis,

338 1352 481 1409 mire
524 1352 667 1408 levis
721 1351 1037 1408 exstiterat.
1090 1350 1168 1406 De
1216 1350 1389 1406 rebus
1443 1364 1643 1421 nempe
1689 1351 2035 1408 militaribus

336 1440 581 1498 canibus
608 1447 662 1496 et
690 1439 1061 1510 accipitribus
1089 1438 1247 1509 loqui
1279 1444 1511 1509 gratum
1544 1439 1845 1495 habuerat.
1878 1440 2033 1510 quod

335 1528 489 1600 apud
529 1528 745 1600 Anglos
787 1527 1083 1584 didicerat.
1114 1527 1277 1583 Unde
1307 1526 1559 1596 quodam
1591 1534 1863 1596 tempore,
1899 1539 2033 1582 cum

336 1617 652 1688 quamdam
703 1616 1080 1672 dedicavisset
1109 1615 1427 1681 ecclesiam,
1460 1620 1516 1670 et
1558 1629 1666 1685 ego
1706 1628 1840 1671 cum
1895 1629 2035 1685 quo-

335 1702 467 1759 dam
518 1704 683 1760 bonze
714 1703 918 1759 indolis
957 1703 1177 1774 juvene
1215 1701 1423 1758 clerico
1465 1704 1511 1758 ei
1564 1703 2033 1772 adequitaremus

2140 578 2274 620 rum
2300 578 2544 622 suarum
2575 566 2873 623 levitatum
2903 569 3166 637 consciae,
3184 578 3240 626 et
3263 576 3422 626 tanto
3443 569 3886 640 loquebantur

2140 649 2347 707 fmdius
2376 660 2595 723 quanto
2638 662 2922 711 noverant
2969 670 3090 712 sese
3120 657 3412 713 secretius.
3445 657 3735 714 Furebat
3778 658 3880 712 ita-

2141 751 2256 807 que
2285 739 2574 796 comitissa
2606 740 2703 796 illa
2731 742 3012 799 adversus
3039 743 3167 813 ejus
3222 743 3517 812 maritum,
3556 752 3881 815 tanquam

2141 836 2309 892 passa
2337 826 2644 895 repudium
2703 827 2984 884 adversus
3028 828 3355 900 conjugem,
3413 843 3488 885 ex
3541 831 3752 901 cujus
3786 845 3881 885 ore

2141 909 2411 981 frequens
2439 912 2547 970 sibi
2578 914 2789 970 sciebat
2844 916 3161 987 intorqueri
3213 917 3563 985 convicium,
3600 925 3666 975 et
3711 919 3885 975 sicut

2140 996 2261 1067 ipsa
2324 1007 2448 1055 erat
2490 1001 2645 1056 omni
2702 1013 2965 1072 serpente
3036 1003 3349 1072 nocentior,
3404 1005 3474 1059 ad
3530 1005 3888 1075 perniciem

2142 1083 2392 1140 hominis
2421 1085 2479 1141 in
2500 1087 2620 1143 dies
2651 1089 3000 1147 reddebatur
3028 1091 3233 1147 acrior.

2213 1170 2520 1227 Galdricu:
2547 1174 2816 1243 Romam,
2843 1193 2954 1248 quo
3002 1192 3042 1231 a
3067 1177 3216 1232 cavde
3271 1178 3516 1233 Germ-di
3551 1179 3892 1234 videretur

2138 1256 2426 1328 immunis,
2456 1261 2866 1331 proﬁciscitur.
2901 1263 3008 1320 Sed
3038 1265 3178 1335 quia
3202 1266 3360 1335 ponit
3400 1267 3550 1322 Deus
3609 1266 3889 1323 offendi-

2141 1345 2338 1402 culum
2406 1360 2597 1403 coram
2648 1349 2738 1405 his
2794 1350 2898 1421 qui
2965 1351 3293 1407 voluntarie
3344 1360 3602 1421 peccant,
3673 1366 3886 1409 causa

2141 1434 2518 1490 subvertendi
2568 1448 2702 1491 eum
2734 1437 2865 1493 talis
2889 1446 3123 1507 repente
3152 1439 3469 1505 suboritur,
3493 1440 3648 1495 inter
3685 1454 3883 1496 eum-

2140 1522 2267 1578 dem
2314 1523 2469 1578 enim
2507 1522 2827 1582 Gerardum
2875 1530 2932 1581 et
2967 1525 3347 1583 Gualdricum
3396 1527 3759 1597 episcopum
3800 1528 3882 1583 si-

2139 1609 2482 1666 multatibus
2538 1611 2724 1678 motis,
2767 1612 2887 1681 ipse
2936 1611 3228 1669 Gerardus
3278 1614 3756 1684 incompetenter
3807 1616 3885 1671 de

2138 1700 2423 1769 episcopo,
2490 1708 2545 1756 et
2601 1701 2671 1757 de
2723 1702 2850 1771 ejus
2895 1702 3408 1759 contubernalibus
3466 1704 3879 1774 loquebatur.

338 1789 621 1847 rustiéum
672 1796 827 1847 ξω
877 1763 1013 1847 cum
1063 1790 1265 1846 lancea
1307 1789 1537 1859 reperit.
1579 1763 1705 1856 Qua
1753 1789 2027 1859 pontifex,
2070 1763 2300 1854 BQuod
2332 1763 2566 1857 quidem
2599 1763 2770 1845 tacite
2807 1790 2905 1845 sed
2952 1796 3077 1846 non
3125 1791 3407 1861 patienter
3454 1763 3584 1847 tulit
3636 1791 3885 1861 episco-

338 1877 505 1944 tiara,
539 1883 717 1948 quam
750 1877 900 1934 inter
930 1890 1096 1935 sacra
1148 1877 1452 1945 habuerat,
1487 1876 1706 1932 habens
1736 1877 1794 1931 in
1825 1877 2029 1946 capite,

335 1979 469 2021 mox
499 1966 750 2033 sublata,
776 1981 993 2038 equum
1017 1966 1339 2022 calcaribus
1360 1979 1591 2036 urgens,
1612 1980 1679 2021 ac
1707 1965 1754 2021 si
1779 1964 2029 2036 aliquem

335 2067 722 2123 percussurus
754 2055 1022 2112 intendit.
1069 2054 1176 2112 Cui
1208 2069 1314 2126 ego
1342 2062 1399 2111 et
1423 2055 1687 2121 clericus,
1736 2054 1857 2125 ipse
1883 2054 2020 2111 vul-

338 2140 572 2211 gariter,
608 2139 696 2212 (9‘)
725 2156 830 2214 ego
864 2142 1079 2212 poetice
1109 2158 1122 2196 :

336 2232 423 2306 (9‘)
455 2237 593 2291 Non
621 2237 760 2291 bene
796 2237 1154 2364 σοηπέξέιὶιιῃι,
1181 2253 1285 2360 nec
1312 2235 1375 2290 in
1405 2253 1524 2291 una
1550 2236 1684 2291 sede
1705 2239 2029 2303 morantur,

942 2324 964 2360 ι
1002 2324 1131 2361 κατ-ω
1154 2323 1186 2360 e
1258 2322 1458 2364 anaea.

942 2322 1131 2361 suam
1154 2322 1209 2360 ετ
1235 2322 1458 2364 ιαησεα.

407 2403 632 2459 Interea
694 2417 943 2475 magnus
1003 2403 1096 2458 ille
1175 2416 1383 2457 census
1448 2410 1689 2459 monetae
1750 2403 2028 2474 Anglicm,

339 2485 428 2559 (θ’)
458 2486 855 2559 Hanaporum,
897 2496 953 2545 et
980 2489 1340 2553 Scutrarum,
1386 2488 1489 2559 qui
1536 2490 1681 2545 male
1720 2489 2029 2546 coaluerat.

338 2574 501 2630 brevi
532 2574 881 2644 dilapidatus
933 2582 1036 2631 est.
1085 2577 1247 2631 Certe
1294 2574 1492 2631 audivi
1542 2589 1575 2630 a
1609 2575 1874 2645 praedicto
1904 2589 2032 2631 ma-

339 2661 519 2732 gistro
549 2662 798 2732 Ausello,
849 2662 1112 2733 quicum
1151 2677 1217 2718 eo
1255 2663 1375 2733 jam
1414 2662 1675 2732 episcopo
1718 2663 1791 2718 ad
1820 2663 2033 2735 Anglos

338 2750 671 2806 revisendos
719 2751 1002 2820 profectus
1048 2750 1255 2817 fuerat,
1309 2765 1440 2806 cum
1499 2751 1636 2807 illuc
1688 2751 2027 2822 devenisset,

339 2843 498 2893 tanta
522 2838 969 2907 repetundarum
996 2837 1128 2892 hinc
1156 2850 1447 2900 vasorum,
1480 2838 1633 2893 illius
1656 2839 2030 2908 pecuniarum

340 2924 704 2995 querimonia
777 2939 1261 2995 quosumcunque
1345 2926 1695 2991 vertebatur,
1766 2926 2027 2995 emersit,

339 3018 402 3067 ut
430 3025 465 3067 a
491 3013 762 3084 magistro
814 3012 1343 3085 subintelligeretur
1379 3014 1628 3081 divitias,
1661 3028 1809 3086 quas
1836 3024 2032 3072 osten-

343 3106 583 3169 taverat,
612 3101 741 3158 aliis
765 3101 1135 3171 subduxisse,
1183 3116 1297 3157 non
1349 3102 1513 3158 bonis
1558 3102 1783 3159 artibus
1824 3105 2031 3175 acqui-

336 3186 497 3243 sisse.

1009 3274 1239 3333 CAPUT
1285 3275 1355 3333 V.

412 3363 495 3416 De
517 3359 651 3417 dira
680 3361 928 3419 Gerardi
956 3362 1297 3418 Caﬁsiensie
1321 3380 1476 3431 nece,
1511 3363 1778 3420 Galdrico
1797 3366 2033 3434 iubente

332 3444 525 3503 illata.
569 3476 641 3489 —
690 3449 818 3503 Post
849 3455 961 3504 tres
1010 3448 1188 3519 igitur
1233 3448 1409 3503 ferme
1438 3463 1620 3506 annos
1648 3465 1768 3507 suae
1798 3453 2028 3509 ordina-

334 3535 505 3592 tionis
550 3537 661 3591 tale
710 3536 849 3606 quid
906 3550 1013 3592 suo
1074 3537 1314 3607 tempori
1363 3537 1529 3607 quasi
1574 3538 1796 3610 insigne
1853 3540 2027 3596 dedit.

334 3623 580 3689 Quidam
631 3623 701 3678 de
749 3622 1081 3692 proceribus
1119 3624 1301 3692 urbis,
1335 3622 1425 3696 (9")
1467 3627 1788 3682 monasterii
1820 3628 2032 3697 puella-

335 3723 467 3764 rum
513 3708 879 3778 castellanus,
922 3710 1153 3767 nomine
1209 3711 1515 3779 Gerardus,
1570 3712 1664 3767 vir
1717 3714 2030 3771 admodum

334 3803 607 3850 strenuus
658 3803 801 3851 erat.
829 3794 937 3863 Qui
969 3798 1240 3867 quamvis
1284 3806 1506 3854 statura
1552 3799 1734 3856 brevi.
1782 3810 1837 3858 et
1891 3804 2027 3859 exili

332 3879 695 3937 carnulentia
725 3882 1037 3952 videretur,
1072 3893 1244 3942 tanta;
1283 3887 1608 3944 vivacitatis
1654 3897 1710 3945 et
1769 3890 2027 3962 linguam

331 3966 580 4024 habebat
607 3977 662 4025 et
698 3971 977 4039 animum,
1034 3979 1247 4028 tantam
1300 3974 1677 4031 acrimoniam
1734 3977 1791 4033 in
1837 3980 2026 4036 studio

328 4066 626 4113 armorum
683 4064 747 4113 ut
792 4058 848 4112 in
889 4058 1250 4128 Suessorum,
1290 4062 1782 4131 Laudunensium,
1817 4064 2028 4121 Novio-

330 4141 610 4197 mensium
644 4143 955 4212 provinciis
979 4144 1239 4201 timorem
1292 4145 1402 4202 sibi
1443 4147 1744 4214 addiceret,
1779 4157 1835 4206 et
1862 4165 2024 4208 reve-

334 4227 578 4282 rentiam
638 4228 1041 4298 plurimorum.
1102 4231 1156 4287 Is
1210 4240 1495 4304 quantum
1549 4236 1829 4305 probitate
1858 4238 2027 4311 longe

331 4313 569 4384 lateque
600 4317 851 4386 patebat,
883 4325 1041 4375 tanto
1097 4320 1288 4376 acrius
1320 4321 1623 4392 aliquoties
1649 4323 1803 4380 circa
1829 4340 1888 4382 se
1926 4342 2023 4397 po-

330 4399 468 4456 sitos
496 4414 759 4458 sermone
792 4402 949 4461 illoto
974 4405 1298 4475 mordebat,
1329 4409 1482 4477 quod
1512 4417 1701 4465 tamen
1734 4424 2024 4483 nusquam

332 4488 510 4558 probo
549 4488 785 4546 cuilibet
841 4491 1137 4550 inferebat.
1197 4494 1300 4563 (45)
1358 4496 1519 4552 Unde
1575 4495 1791 4554 factum
1837 4507 1921 4555 est
1963 4508 2026 4557 ut

327 4576 627 4633 comitissa;
679 4576 779 4647 illi,
822 4579 891 4635 de
921 4594 1037 4651 qua
1069 4595 1248 4652 supra
1276 4596 1464 4639 sermo
1490 4591 1575 4639 est
1600 4584 1853 4655 habitus,
1875 4587 2023 4645 clam

327 4660 626 4734 derogare,
656 4672 711 4721 et
753 4672 949 4736 aperte
993 4666 1286 4739 indignari
1318 4669 1614 4740 reciperet.
1647 4671 1709 4725 in
1739 4685 1804 4727 eo
1829 4680 2022 4728 autem

325 4750 751 4818 perversissime
808 4766 1005 4825 agens,
1063 4755 1217 4825 quod
1276 4756 1554 4812 adversus
1609 4758 2020 4830 ingelrannum

323 4837 607 4906 praedictae
636 4839 861 4897 feminae
890 4841 1261 4909 obsessorem,
1288 4843 1389 4913 qui
1411 4858 1543 4899 eum
1562 4845 1788 4916 magnis
1816 4846 2023 4916 opibus

322 4927 628 4996 extulerat,
696 4929 1056 5001 insurgebat.
1121 4932 1448 5001 Antequam
1510 4946 1644 4988 vero
1717 4935 2023 4992 sortiretur

324 5025 586 5081 uxorem,
618 5015 773 5084 apud
816 5016 1085 5072 feminam
1120 5031 1299 5088 quam
1329 5017 1576 5075 dicimus
1600 5019 1747 5076 male
1778 5020 2021 5077 femilia-

322 5096 403 5152 ris
425 5099 742 5155 exstiterat.
784 5100 929 5157 Cum
961 5117 1100 5174 ergo
1125 5117 1258 5159 eum
1290 5104 1390 5161 diu
1421 5106 1545 5162 loco
1564 5107 1766 5163 amasii
1788 5108 2022 5165 habuis-

322 5191 425 5253 set,
460 5193 693 5257 accepta
744 5188 991 5259 conjuge
1017 5190 1093 5246 ab
1139 5190 1266 5262 ejus
1296 5192 1576 5250 lenocinio
1598 5195 1883 5251 contraxit
1922 5196 2022 5252 ha-

323 5272 519 5330 benas.
574 5274 884 5347 C(eperunt
919 5285 974 5333 et
1006 5278 1137 5349 ipsae
1182 5280 1449 5337 mulieres
1492 5283 1653 5339 verbi
1689 5283 1795 5339 sibi
1832 5284 2017 5353 turpi-

398 5470 507 5541 (45)
537 5470 674 5528 Vide
703 5485 829 5542 cap.
862 5473 914 5527 3.

2142 1888 2269 1944 pus.
2304 1874 2449 1930 Nam
2472 1882 2711 1932 tractato
2740 1890 2873 1932 cum
2903 1876 3045 1941 suis,
3076 1885 3132 1934 et
3158 1892 3302 1947 pene
3330 1878 3602 1934 omnibus
3633 1892 3879 1948 proce-

2140 1960 2305 2016 ribus
2360 1960 2543 2030 urbis,
2577 1961 2811 2018 Gerardi
2864 1964 3060 2030 exitio,
3120 1972 3176 2020 et
3214 1965 3451 2034 praebito
3481 1965 3551 2020 ad
3595 1965 3876 2020 invicem

2141 2047 2333 2104 mutui
2362 2049 2434 2103 ad
2467 2048 2573 2106 hoc
2598 2049 2790 2119 ipsum
2817 2050 3087 2121 adjutorii
3140 2060 3517 2119 sacramento,
3549 2051 3608 2106 in
3638 2067 3781 2122 quo
3813 2058 3873 2105 et

2140 2135 2437 2192 ditissimis
2492 2137 2759 2207 quaedam
2823 2138 3091 2195 mulieres
3139 2138 3625 2208 adoperabantur,
3676 2138 3871 2193 dere-

2142 2222 2272 2279 licto
2298 2222 2359 2278 in
2405 2223 2676 2280 manibus
2732 2226 3169 2296 conjuratorum
3211 2226 3458 2296 negotio,
3513 2224 3586 2279 ad
3641 2223 3879 2279 limina

2140 2308 2527 2377 apostolorum
2591 2310 2837 2379 pessima
2868 2311 3079 2367 ductus
3137 2310 3479 2382 cogitatione
3523 2309 3870 2376 contendit,

2141 2410 2256 2453 non
2282 2397 2564 2467 apostolos
2599 2398 2774 2463 (Deus
2805 2406 2867 2455 tu
2919 2398 3090 2466 nosti)
3137 2412 3424 2470 quaerens,
3475 2397 3574 2453 sed
3621 2406 3691 2454 ut
3739 2412 3875 2453 non

2141 2491 2412 2541 tractasse
2445 2492 2669 2542 tantum
2694 2487 2856 2543 nefas
2902 2487 3196 2543 videretur
3224 2488 3450 2543 absens.
3481 2486 3651 2541 Circa
3682 2486 3874 2542 festi-

2140 2571 2375 2627 vitatem
2406 2573 2602 2643 itaque
2632 2576 2814 2630 sancti
2846 2575 3077 2631 Martini
3122 2575 3409 2644 profectus
3437 2587 3569 2630 cum
3602 2574 3874 2630 Romam

2140 2658 2406 2726 venisset,
2476 2661 2679 2717 tandiu
2741 2661 2956 2718 desedit
3023 2661 3233 2717 ibidem
3298 2661 3479 2717 donec
3553 2668 3872 2730 patratam

2141 2746 2418 2815 comperit
2467 2746 2734 2803 invidiosi
2774 2747 3023 2803 hominis
3070 2761 3288 2803 necem.
3328 2747 3433 2814 Qui
3491 2761 3608 2816 quo
3645 2746 3872 2802 minus

2145 2834 2336 2902 probis
2355 2835 2627 2891 omnibus
2646 2834 2881 2891 invidus
2908 2841 3051 2901 erat,
3072 2848 3138 2889 eo
3169 2834 3445 2905 improbis
3485 2833 3866 2891 invidiosior.

2142 2923 2315 2977 Facta
2338 2929 2531 2978 autem
2559 2922 2668 2978 hoc
2698 2922 2863 2978 modo
2893 2937 2984 2978 res
3009 2927 3114 2977 est.

2070 3034 2112 3090 ο
2212 3008 2400 3063 Gram
2440 3007 2503 3062 in
2532 3008 2777 3063 ecclesia
2819 3006 3186 3063 Laudunensi
3221 3007 3499 3064 occiditur
3526 3008 3859 3064 Gerardus.

2138 3126 2206 3135 —
2238 3095 2398 3151 Infra
2425 3096 2810 3166 Theophaniaa
2839 3104 3072 3153 octavas
3126 3110 3261 3152 cum
3302 3104 3448 3153 esset
3482 3104 3646 3153 sexta
3676 3098 3857 3165 feria,

2141 3196 2309 3239 mane
2353 3183 2547 3240 adhuc
2578 3184 2843 3240 videlicet
2890 3183 3139 3254 pallente
3158 3185 3516 3255 crepusculo,
3562 3186 3861 3257 surgebat

2138 3283 2169 3325 e
2205 3277 2413 3337 stratu,
2456 3273 2527 3327 ad
2580 3272 2765 3328 Beatze
2794 3272 2988 3328 Mariae
3018 3271 3392 3343 principalem
3429 3272 3621 3329 iturus
3651 3274 3860 3329 eccle—

2137 3357 2303 3414 siam.
2338 3358 2421 3415 Ad
2472 3374 2645 3430 quem
2712 3374 2846 3416 cum
2901 3360 3152 3416 venisset
3200 3374 3357 3417 unus
3405 3360 3476 3416 de
3520 3362 3862 3432 conjuratis

2138 3445 2491 3514 proceribus,
2520 3447 2716 3503 retulit
2742 3447 2792 3502 ei
2841 3448 3023 3504 noctis
3063 3448 3321 3519 ejusdem
3371 3448 3688 3515 somnium,
3724 3449 3857 3505 sibi

2134 3545 2206 3588 ex
2237 3546 2354 3603 quo
2384 3533 2704 3604 plurimum
2740 3535 2888 3591 dixit
2917 3542 3194 3591 terrorem
3242 3535 3443 3592 incuti.
3512 3536 3855 3592 Videbatur

2136 3620 2306 3690 plane
2329 3622 2402 3689 ei,
2432 3622 2589 3692 quod
2608 3635 2643 3678 a
2669 3623 2900 3680 duobus
2920 3624 3074 3679 ursis
3092 3630 3290 3680 utrum
3309 3624 3496 3695 jecur,
3530 3637 3603 3679 an
3636 3624 3858 3693 pulmo

2134 3707 2325 3764 nescio
2358 3709 2467 3765 sibi
2496 3709 2821 3766 vellebatur
2850 3724 2884 3766 a
2904 3724 3162 3781 corpore.
3201 3710 3329 3781 Sed,
3364 3710 3513 3767 heu!
3558 3712 3703 3780 proh
3732 3711 3857 3767 do-

2135 3795 2258 3851 lor!
2293 3804 2434 3853 tunc
2485 3797 2757 3867 temporis
2807 3805 2929 3853 erat
2975 3794 3011 3853 a
3065 3799 3469 3854 communione
3506 3798 3847 3855 abstentus.

2140 3883 2526 3941 Ahstentionis
2549 3892 2744 3941 autem
2786 3899 2966 3942 causa
3004 3886 3127 3942 haec
3170 3886 3298 3942 fuit.
3341 3886 3581 3950 Quidem
3633 3901 3852 3942 mona-

2134 3972 2279 4028 chus
2304 3973 2458 4042 apud
2509 3971 2866 4030 Barisiacum
2914 3973 3107 4030 Sancti
3157 3974 3402 4030 Amandi
3453 3988 3852 4039 commanens,

2133 4059 2278 4116 duos
2304 4060 2577 4130 puerulos
2625 4061 2934 4118 Teutonice
2955 4062 3142 4118 solum
3193 4061 3356 4132 loqui
3385 4074 3618 4133 gnaros,
3651 4062 3849 4118 Fran-

2131 4147 2313 4203 cicam
2344 4147 2603 4219 linguam
2644 4149 2899 4205 discendi
2952 4150 3141 4221 gratia
3205 4150 3277 4205 ad
3341 4164 3401 4205 se
3438 4157 3843 4207 contraxerat.

2132 4235 2270 4291 Erat
2300 4243 2494 4291 autem
2538 4237 2861 4293 Barisiacus
2899 4251 3032 4293 cum
3080 4237 3494 4307 appendicibus
3545 4238 3697 4293 villis
3727 4238 3848 4294 sub

2066 4323 2109 4377 D
2134 4323 2205 4378 ad
2215 4322 2435 4379 vocatia
2453 4323 2503 4395 ej
2514 4338 2600 4380 us.
2628 4324 2836 4381 Videns
2854 4324 3049 4395 itaque
3071 4338 3285 4395 pueros
3309 4325 3615 4396 elegantes,
3635 4325 3849 4382 sciens-

2136 4424 2250 4482 que
2291 4411 2517 4468 eosdem
2558 4426 2675 4468 non
2706 4413 2947 4469 obscure
3002 4420 3190 4476 natos,
3225 4413 3440 4483 rapuit,
3492 4413 3562 4467 ad
3612 4412 3844 4469 redem-

2135 4499 2385 4568 ptionem
2436 4514 2672 4571 quoque
2704 4501 2906 4572 coegit.
2960 4500 3067 4557 Cui
3112 4501 3286 4557 etiam
3334 4515 3469 4557 cum
3529 4508 3697 4570 pacta
3738 4516 3841 4570 pe—

2133 4586 2309 4642 cunia
2344 4587 2598 4643 tunicam
2656 4602 2729 4644 ex
2761 4588 3066 4659 peregrino
3099 4602 3265 4644 mure
3309 4588 3615 4658 pelliciam,
3652 4603 3838 4659 quam

2133 4686 2405 4731 renonem
2433 4675 2547 4745 (46)
2573 4676 2845 4743 vocitant,
2897 4685 3214 4746 puerorum
3246 4683 3430 4732 mater
3464 4676 3637 4732 misit.

2202 4762 2347 4818 Cum
2375 4763 2482 4819 hac
2518 4763 2696 4834 igitur
2722 4771 2877 4820 veste
2904 4764 3075 4834 Tyria
3102 4764 3523 4834 superindutus
3573 4764 3832 4831 lacerna,

2132 4863 2263 4905 cum
2309 4850 2529 4921 aliquot
2587 4851 2948 4922 equitatibus
3005 4852 3077 4908 ad
3136 4852 3437 4909 ecclesiam
3496 4852 3835 4922 praedictam

2130 4949 2306 5006 eques
2335 4937 2511 4993 venit.
2564 4937 2672 5005 Qui
2732 4941 3030 5010 ingressus
3075 4953 3209 4995 cum
3248 4947 3381 4996 ante
3412 4939 3674 4996 cruciﬁxi
3715 4940 3832 4997 Do-

2134 5023 2274 5079 mini
2319 5023 2625 5096 imaginem
2657 5026 3019 5096 substitisset,
3059 5026 3365 5083 corbitibus
3405 5028 3526 5083 suis
3557 5027 3667 5082 hac
3695 5027 3834 5083 illac

2132 5122 2232 5181 per
2284 5110 2543 5167 diversas
2598 5119 2931 5170 sanctorum
3002 5127 3135 5170 aras
3187 5114 3489 5183 euntibus,
3550 5114 3831 5173 ministris

2131 5196 2568 5268 conjuratorum
2629 5202 3080 5270 aucupantibus,
3140 5201 3393 5273 episcopi
3462 5201 3694 5258 familias
3770 5204 3827 5259 in

2127 5285 2409 5355 episcopio
2465 5287 2776 5343 nuntiatur
2848 5288 3159 5345 Girardum
3221 5289 3670 5347 Carisiacensem
3722 5291 3827 5359 (sic

393 5548 509 5620 (46)
539 5550 725 5609 Vestis
754 5564 961 5623 genus,
1012 5551 1093 5607 sic
1150 5552 1365 5611 dictum
1397 5557 1549 5627 quod
1581 5556 1768 5613 solum
1801 5568 1967 5613 renes
1998 5563 2167 5629 tegat.
