3946 6454
197 420 301 472 917

1298 417 1386 470 DE
1431 415 1592 470 VITA
1633 415 1765 469 SUA
1805 412 1991 469 LIBRI
2031 413 2463 467 TRES.—LIB.
2501 412 2594 466 Ill.

3594 414 3700 464 9l8

5 519 136 580 tum?
190 546 343 602 enim
402 545 910 616 agnominabatur,
981 559 1100 616 qua
1185 545 1461 600 Dominus
1506 543 1688 614 ipsius
1753 550 1878 599 erat
1913 540 2491 610 Aquasiprasentia
2519 541 2798 611 gaudens,
2852 553 2995 596 aure
3025 541 3268 596 attonita
3319 540 3692 612 prastolaba-

6 615 134 702 ῗ³¹ἷ⁷²έέῖ
189 630 378 691 castri)
435 615 664 688 oratum
742 632 812 687 ad
873 615 1184 688 Ecclesiam
1235 632 1552 688 devenisse.
1633 630 1891 700 Arreptis

6 701 127 754 ίπίῧε
184 733 324 790 ergo
371 719 831 776 subclamidibus
889 719 1117 791 gladiis.
1160 719 1371 790 Βοτίεο
1402 717 1580 774 frater
1634 717 1890 788 episcopi

5 794 31 846 '9
61 795 127 846 Ῑιέἓῖ,

45 878 122 940 rqie-

5 971 120 1020 πῆς

23 1062 116 1115 μηδ

30 1227 111 1278 die.

6 1328 19 1363 ς
56 1316 108 1369 rufa.

6 1411 44 1466 li,
78 1419 106 1457 ιτ

6 1499 64 1542 ‘le
77 1508 101 1545 5".

187 819 288 876 per
320 814 600 876 cryptam,
662 805 748 875 (9°)
775 821 908 877 qua
939 806 1189 862 basilica
1223 814 1400 876 caput
1431 805 1627 873 ambit,
1688 819 1889 876 perve-

183 894 358 950 niunt
393 900 534 949 50!
585 894 656 950 ad
691 895 880 951 locum
922 895 984 950 in
1014 911 1130 966 quo
1183 895 1278 950 ille
1307 895 1528 951 orabat.
1589 895 1728 950 Erat
1775 908 1886 951 au-

183 987 298 1036 tem
340 980 624 1036 columna
669 982 1014 1051 appodiatus
1051 982 1303 1049 cuidam,
1355 995 1533 1051 quam
1570 983 1752 1052 pilare
1780 995 1888 1035 vo-

182 1075 338 1134 cant,
369 1067 723 1138 interpositis
763 1067 1068 1138 aliquibus
1101 1069 1389 1125 columnis
1439 1083 1472 1124 a
1533 1069 1758 1140 pulpito
1814 1069 1888 1124 ad

183 1155 439 1211 medium
486 1156 601 1212 fere
658 1155 873 1225 templi.
927 1158 1192 1227 Cumque
1245 1157 1436 1213 adhuc
1503 1167 1647 1214 esset
1718 1171 1888 1214 mane

183 1257 426 1310 cacum,
453 1250 510 1298 et
540 1243 600 1298 in
651 1250 819 1299 vasta
845 1243 1084 1299 ecclesia
1134 1242 1251 1298 rari
1283 1243 1638 1308 viderentur,
1694 1245 1886 1301 homi-

183 1343 317 1386 nem
360 1338 620 1386 orantem
672 1343 706 1385 a
744 1338 903 1402 tergo
960 1330 1303 1400 corripiunt.
1361 1331 1576 1388 Orabat
1624 1347 1764 1388 sane
1794 1329 1884 1402 (99)

182 1417 456 1488 mastigia
513 1418 775 1474 clamidis
825 1431 859 1472 a
891 1425 1048 1488 tergo
1104 1418 1332 1488 rejecta,
1358 1419 1576 1489 junctis
1605 1433 1638 1474 a
1664 1427 1886 1490 pectore

185 1504 342 1560 inter
369 1506 655 1561 orandum
685 1505 911 1575 palmis.
955 1507 1274 1562 Constricta
1299 1506 1497 1578 itaque
1529 1522 1563 1563 a
1587 1508 1885 1578 posteriori

183 1599 347 1662 parte
378 1592 627 1661 lacerna,
662 1593 808 1649 alter
855 1608 1055 1650 eorum
1089 1594 1168 1650 ita
1218 1607 1351 1649 eum
1385 1596 1582 1663 insuit,
1617 1603 1678 1652 ut
1719 1595 1885 1651 facile

6 1677 88 1720 ea:
183 1693 396 1735 manus
417 1694 643 1735 movere
665 1695 777 1736 non
806 1689 1019 1751 posset;
1049 1696 1222 1752 quem
1261 1696 1394 1738 cum
1452 1685 1533 1741 sic
1566 1685 1756 1741 subito
1791 1685 1884 1740 ille

6 3708 39 3749 Εἴ

5 3785 38 3837 lar

5 3885 32 3926 β

6 3973 31 4012 θ

5 4061 26 4100 ιε

5 4151 25 4188 t

6 4234 19 4278 ι

6 4315 18 4365 l

5 4413 15 4452 'r

181 1769 432 1839 episcopi
464 1769 822 1840 dispensator
872 1771 1167 1837 tenuisset,
1205 1770 1354 1826 dixit
1403 1773 1492 1828 ei:
1535 1773 1750 1843 Captus
1797 1787 1875 1829 es.

5 1848 89 1911 Tt’ii
181 1854 365 1920 Quem
399 1870 529 1912 cum
562 1857 654 1912 illa
686 1857 853 1913 solita
910 1858 1201 1914 ferocitate
1255 1865 1470 1915 retorto
1525 1860 1690 1915 oculo
1737 1859 1883 1927 (erat

181 1942 340 1998 enim
398 1945 758 2014 monoculus)
815 1946 1194 2002 attendisset:
1252 1947 1408 2003 Vade
1472 1947 1625 2015 hinc,
1668 1947 1882 2017 inquit,

184 2028 427 2085 obscene
477 2029 752 2097 leccator;
813 2032 886 2087 At
946 2031 1040 2086 ille
1074 2032 1146 2087 ad
1202 2033 1564 2102 Borigonem.
1616 2035 1881 2101 Percute,

189 2115 401 2186 inquit.
439 2117 510 2170 Et
537 2117 708 2172 ducto
741 2117 833 2173 ille
888 2119 1283 2176 sinistrorsum
1314 2120 1526 2192 gladio,
1565 2121 1714 2177 inter
1758 2122 1882 2190 ipsa

185 2217 320 2260 eum
379 2205 505 2260 nasi
554 2204 875 2275 frontisque
923 2207 1175 2262 confinia
1202 2208 1554 2264 vulneravit.
1609 2209 1716 2276 Qui
1756 2223 1884 2264 sen-

187 2292 337 2348 tiens
366 2307 425 2348 se
449 2306 786 2362 percussum
825 2310 838 2347 :
873 2295 1092 2361 Ducite,
1134 2295 1232 2362 ait,
1265 2309 1356 2351 me
1385 2309 1503 2366 quo
1525 2295 1718 2352 vultis.
1752 2296 1884 2352 Mox

185 2377 272 2433 illi
340 2377 594 2448 repetitis
651 2378 860 2436 ictibus
925 2380 1314 2437 confodientes
1379 2382 1691 2449 hominem,
1749 2395 1883 2437 cum

187 2477 400 2535 urgere
457 2465 780 2535 capissent,
834 2467 955 2536 ipse
1006 2468 1075 2524 de
1123 2469 1245 2525 suis
1307 2470 1615 2538 desperans
1658 2469 1885 2525 viribus

183 2549 504 2607 inclamitat
533 2567 546 2606 :
579 2571 607 2600 ‹‹
630 2551 836 2609 Sancta
864 2555 1058 2622 Maria,
1109 2556 1344 2626 adjuva.
1380 2577 1400 2604 ι
1443 2556 1543 2611 His
1570 2556 1736 2611 dictis
1774 2555 1883 2610 sub

183 2644 442 2693 extrema
473 2638 748 2707 patientia
777 2640 915 2695 ruit.

256 2761 557 2831 Conjurati
581 2778 788 2832 corpus
830 2763 1030 2818 multis
1062 2762 1390 2818 vulneribus
1416 2764 1701 2830 sauciant,
1755 2782 1884 2822 con-

180 2850 495 2923 ciduntque
522 2852 582 2906 in
609 2855 827 2918 frusta.
864 2884 930 2894 —
957 2854 1140 2910 Erant
1172 2863 1366 2910 autem
1411 2855 1468 2910 in
1495 2870 1564 2911 ea
1607 2856 1880 2926 conjura-

184 2939 337 2994 tione
368 2944 482 2996 duo
513 2941 780 2997 Ecclesia
822 2957 956 2997 cum
991 2943 1110 3012 ipso
1153 2943 1420 3014 episcopo
1466 2944 1878 3012 archidiaconi,

181 3025 448 3082 Galterus
473 3035 528 3083 et
557 3027 764 3084 Guido.
807 3028 946 3084 Erat
995 3030 1112 3099 ipse
1150 3046 1383 3100 quoque
1428 3031 1613 3087 Guido
1660 3041 1714 3088 et
1754 3033 1882 3087 the-

1999 637 2114 693 tur,
2138 637 2335 685 utrum
2369 629 2670 700 quidpiam
2702 629 2846 699 grati
2870 629 3120 685 rumoris
3137 630 3195 685 "-a
3224 629 3488 699 partibus
3525 627 3694 683 Galli-

1997 717 2157 772 canis
2215 717 2543 788 attingeret.
2593 717 2845 772 Tandem
2920 717 3028 772 sibi
3103 731 3344 773 suorum
3418 723 3687 772 votorum

1997 805 2304 861 nuntiatus
2326 804 2580 872 etfeclus,
2615 819 2721 860 nec
2761 806 3058 860 dominum
3109 818 3312 875 papam
3361 804 3530 861 latuit
3562 812 3692 859 tan-

1999 900 2121 950 tum
2154 895 2213 949 in
2250 901 2411 950 tanta
2448 894 2687 950 ecclesia
2719 900 3110 962 perpetratum
3168 893 3372 948 scelus.
3409 892 3692 962 Loquitur

1995 982 2068 1038 ad
2137 995 2344 1052 papam
2402 981 2721 1052 episcopus,
2773 989 2828 1037 et
2867 982 3238 1038 adulantibus
3276 981 3441 1037 donis
3471 988 3690 1036 tantam

1995 1070 2176 1140 hujus
2233 1070 2503 1125 facinoris
2557 1070 2941 1139 suspicionem
2999 1082 3033 1123 a
3078 1084 3135 1125 se
3181 1069 3441 1139 'depellit.
3504 1069 3691 1126 Rediit

1995 1156 2174 1227 igitur
2193 1156 2359 1212 solito
2389 1157 2572 1212 latior
2601 1157 2673 1210 ab
2706 1157 2850 1212 urbe
2879 1155 3239 1212 Gualdricus.
3296 1157 3552 1212 Ecclesia
3572 1171 3684 1212 au-

1994 1250 2127 1312 tem,
2173 1257 2352 1314 quam
2407 1243 2547 1299 adeo
2600 1243 2816 1298 nefario
2881 1243 3146 1297 violatam
3219 1250 3439 1298 constat
3494 1259 3684 1314 opere,

1993 1347 2128 1388 cum
2161 1331 2517 1388 reconciliari
2560 1339 2770 1403 egeret,
2823 1331 3036 1387 directo
3085 1331 3153 1386 ad
3190 1332 3544 1387 Hucbertum
3577 1331 3688 1386 Sil-

1992 1428 2394 1476 vanectensem
2441 1419 2774 1489 episcopum
2819 1419 3026 1474 nuntio
3057 1419 3158 1489 qui
3210 1432 3395 1488 nuper
3426 1419 3690 1474 Simonia

1992 1523 2114 1565 sua
2139 1521 2319 1564 causa
2357 1515 2770 1563 exauctoratus
2801 1515 2904 1574 est,
2939 1507 3007 1562 ad
3043 1507 3096 1562 id
3142 1507 3538 1578 peragendum
3585 1521 3686 1561 ne-

1991 1596 2129 1668 gotii
2185 1596 2518 1652 accersitur.
2557 1596 2618 1650 In
2651 1609 2767 1664 quo
2802 1595 2998 1664 populi
3028 1594 3282 1664 clerique
3313 1602 3622 1660 conventu,
3656 1609 3690 1651 a

1991 1684 2205 1739 decano
2277 1682 2562 1748 Ecclesia,
2638 1682 2902 1738 videlicet
2971 1681 3248 1753 magistro
3308 1682 3558 1749 Ansello,
3630 1690 3686 1738 et

1991 1769 2284 1826 canonicis
2328 1771 2659 1840 injunctum
2709 1770 2849 1824 mihi
2899 1777 2980 1825 est
3034 1776 3098 1826 ut
3152 1783 3324 1840 super
3374 1770 3688 1826 infortunio
3765 1777 3768 1784 '

1919 1832 1965 1890 Β
1996 1859 2110 1927 illo,
2175 1859 2330 1930 quod
2384 1832 2690 1924 acciderat,
2744 1872 3064 1916 sermonem
3126 1832 3393 1916 haberem
3455 1860 3526 1916 ad
3589 1875 3688 1929 po-

1996 1947 2222 2018 pulum.
2271 1946 2452 2018 Cujus
2503 1947 2778 2003 orationis
2837 1953 3000 2002 tenor
3071 1947 3229 2002 hunc
3284 1955 3517 2004 secutus
3597 1953 3684 2002 est

1993 2051 2226 2093 sensum
2258 2053 2270 2092 Σ

2069 2145 2090 2173 ι
2125 2123 2362 2179 Salvum
2393 2137 2484 2179 me
2531 2122 2640 2187 fac,
2686 2121 2950 2191 inquam,
3003 2121 3157 2178 Deus
3187 2121 3467 2192 quoniam
3513 2120 3690 2176 intra-

1998 2235 2019 2263 ε
2055 2219 2268 2268 verunt
2298 2226 2467 2282 aqua
2486 2224 2676 2281 usque
2701 2211 2771 2265 ad
2806 2211 3055 2266 animam
3078 2225 3284 2267 meam.
3314 2209 3538 2266 Inﬁxus
3556 2224 3687 2266 sum

1998 2323 2019 2350 ε
2055 2300 2114 2355 in
2135 2300 2274 2355 limo
2304 2299 2598 2369 profundi,
2621 2306 2675 2354 et
2696 2313 2813 2354 non
2835 2307 2918 2355 est
2939 2300 3260 2356 substantia
3282 2299 3466 2370 (Psal.
3491 2313 3685 2364 vam,

1997 2409 2017 2437 ι
2061 2392 2110 2455 l,
2139 2391 2215 2458 2).
2252 2411 2280 2438 ››
2313 2389 2382 2443 Et
2403 2388 2449 2443 si
2467 2388 2620 2443 mala
2651 2387 3049 2458 qualicunque
3081 2388 3360 2444 hactenus
3381 2386 3683 2449 habuistis,

1986 2475 2106 2546 jam
2138 2476 2397 2546 pervenit
2423 2489 2583 2530 nunc
2612 2475 2840 2546 gladius
2869 2489 3056 2545 usque
3086 2476 3158 2531 ad
3188 2475 3442 2530 animam
3475 2486 3683 2529 meam.

1991 2563 2160 2619 Infixi
2209 2563 2346 2618 estis
2398 2561 2454 2617 in
2500 2561 2634 2616 limo
2681 2561 2978 2631 profundi,
3011 2561 3149 2616 dum
3181 2560 3429 2630 peccatis
3455 2573 3686 2628 prome-

1992 2651 2253 2707 rentibus
2282 2651 2352 2706 ad
2394 2656 2655 2705 extrema
2685 2651 2857 2705 totius
2903 2649 3316 2719 desperationis
3361 2648 3512 2703 mala
3559 2647 3686 2702 rui-

1990 2741 2116 2795 stis.
2159 2741 2313 2794 lnter
2342 2740 2464 2795 hac
2502 2739 2698 2808 itaque
2741 2753 2858 2794 non
2887 2745 2972 2794 est
3010 2737 3366 2805 substantia;
3398 2736 3538 2806 quia
3589 2749 3684 2789 eo-

1989 2839 2142 2893 rum,
2175 2827 2246 2882 ad
2277 2840 2423 2896 quos
2455 2825 2512 2880 in
2543 2825 2812 2894 periculis
2841 2825 3304 2881 concurrendum
3345 2824 3508 2879 vobis
3555 2823 3686 2878 fue-

1992 2922 2099 2980 rat,
2155 2921 2443 2970 rectorum
2496 2914 2758 2969 videlicet
2823 2921 3166 2980 vestrorum,
3228 2927 3294 2968 ac
3382 2925 3686 2981 procerum

1991 3000 2258 3055 honestas
2315 3002 2435 3057 ruit
2489 3008 2664 3070 atque
2725 3002 2995 3070 potentia.
3046 3002 3116 3056 Et
3170 3001 3216 3056 si
3266 3013 3507 3069 corpora
3548 3007 3686 3056 sunt

183 3113 506 3181 saurarius,
561 3115 794 3171 domum
853 3087 1034 3173 secus‘
1072 3087 1328 3175 earhder'n
1400 3087 1706 3177 ecclesiam
1781 3121 1879 3175 Μ,
1916 3121 1956 3176 C
1993 3087 2297 3158 aliquoties
2337 3089 2557 3145 mutuis
2579 3089 2994 3144 hostilitatibus
3018 3103 3236 3158 pressa,
3264 3097 3452 3145 tamen
3505 3101 3684 3143 vaca—

184 3201 327 3256 bens
377 3203 639 3271 positam.
701 3203 778 3260 De
830 3219 950 3276 qua
1001 3207 1168 3262 domo
1227 3209 1341 3264 duo
1399 3210 1689 3278 prosiliere
1741 3223 1877 3264 mox

182 3288 405 3356 famuli,
457 3289 556 3359 qui
588 3304 653 3345 eo
699 3294 956 3348 concitus
1010 3295 1302 3351 venientes
1354 3295 1534 3351 eidem
1585 3296 1876 3350 carnificio

182 3391 242 3432 se
275 3377 623 3448 junxerunt.
655 3377 744 3435 Sic
774 3381 926 3436 enim
977 3383 1255 3454 sacrilego
1284 3382 1473 3439 fuerat
1519 3391 1878 3438 sacramento

184 3463 498 3529 firmatum,
529 3472 592 3520 ut
625 3467 668 3520 si
718 3468 966 3538 episcopi
1021 3469 1077 3525 id
1125 3471 1373 3528 curiales
1439 3479 1873 3541 praesumerent,

181 3551 456 3606 auxiliari
486 3551 554 3607 de
577 3553 774 3609 eadem
804 3569 952 3620 ,mox
1008 3557 1178 3612 domo
1216 3558 1530 3627 prodirent.
1569 3558 1714 3614 Cum
1743 3573 1878 3628 ergo

179 3639 229 3694 ei
260 3639 468 3695 collum
502 3649 555 3696 et
584 3641 753 3698 tibias
784 3652 991 3712 prater
1033 3645 1145 3700 alia
1175 3645 1420 3701 vulnera
1472 3647 1875 3712 concidissent,

177 3735 234 3782 et
265 3727 360 3782 ille
393 3728 449 3783 in
486 3729 672 3785 media
701 3729 940 3786 basilica
970 3733 1080 3788 sub
1125 3733 1400 3789 extremis
1436 3735 1722 3805 angustiis
1769 3734 1879 3789 im-

180 3813 452 3885 mugiret,
513 3817 681 3884 pauci
726 3817 829 3886 qui
887 3817 947 3871 in
985 3817 1157 3874 choro
1205 3827 1342 3874 tunc
1367 3828 1534 3876 erant
1564 3819 1776 3885 clerici,
1824 3827 1880 3875 et

180 3901 538 3958 muliercula
565 3903 853 3972 quadam,
876 3919 1008 3974 qua
1037 3905 1313 3961 orationis
1355 3907 1542 3978 gratia
1572 3907 1678 3962 hac
1720 3893 1877 3963 illac-

180 4003 297 4058 qpe
330 3989 713 4058 vagabantur,
740 3990 1276 4061 immurmurantes,
1298 4001 1351 4050 et
1368 3995 1653 4050 horrendo
1676 3995 1880 4050 timore

182 4086 491 4147 torpentes,
523 4091 627 4133 nec
657 4078 945 4134 modicum
1003 4079 1239 4150 quidem
1289 4083 1686 4153 suggrunnire
1728 4096 1878 4152 pra-

181 4174 567 4235 sumpserant.
617 4166 717 4221 His
747 4168 1010 4236 patratis,
1065 4169 1180 4224 duo
1211 4168 1291 4224 illi
1333 4171 1542 4227 milites
1586 4170 1879 4227 lectissimi

181 4256 257 4310 ad
317 4253 633 4324 episcopale
681 4253 961 4324 palatium
1015 4264 1415 4324 revertuntur,
1447 4273 1610 4312 .cum
1665 4259 1880 4328 quibus

183 4345 349 4402 urbis
409 4359 670 4415 proceres
715 4359 834 4402 sua
866 4345 1117 4414 ipsorum
1167 4346 1506 4416 proditionis
1563 4347 1880 4417 proditores

181 4432 335 4487 illico
369 4431 780 4503 glomerantur,
814 4434 1030 4503 pariter
1072 4448 1306 4504 quoque
1353 4435 1739 4491 archidiaconi
1771 4449 1879 4506 ag-

181 4529 523 4591 gregantur.
559 4521 908 4591 Prapositus
937 4536 1076 4593 ergo
1110 4524 1303 4594 regius
1333 4525 1455 4579 Yvo
1509 4526 1758 4591 nomine,
1790 4525 1882 4579 vir

184 4608 499 4664 admodum
527 4608 723 4673 solers,
748 4609 935 4664 citatis
966 4610 1301 4665 hominibus
1331 4611 1526 4682 regiis,
1558 4620 1611 4668 et
1634 4611 1881 4667 abbatia

184 4693 375 4750 Sancti
412 4695 668 4761 Joannis,
715 4697 886 4766 cujus
912 4697 1010 4752 illa
1039 4696 1354 4753 advocatus
1386 4698 1592 4765 fuerat,
1626 4699 1884 4769 Burgen-

184 4783 365 4850 sibus,
393 4783 592 4840 domos
620 4799 818 4840 eorum
849 4785 951 4856 qui
976 4785 1446 4856 conjuraverant,
1480 4787 1716 4854 obsedit,
1752 4786 1885 4842 diri-

185 4870 331 4940 puit,
365 4885 433 4926 ac
460 4871 729 4939 incendit,
755 4886 826 4927 ex
861 4873 1002 4928 urbe
1031 4873 1202 4928 etiam
1242 4887 1339 4928 eos
1389 4874 1626 4944 pepulit.
1673 4874 1883 4930 Archi-

184 4957 411 5013 diaconi
436 4958 613 5030 igitur
642 4973 773 5014 cum
814 4959 1148 5029 proceribus
1180 4959 1417 5016 Gerardi
1453 4958 1885 5030 interemptbres

186 5045 406 5117 ubique
471 5045 578 5102 loci
640 5047 1159 5117 prosequebantur,
1244 5046 1574 5104 fidelitatem
1628 5049 1882 5106 absentis

186 5131 437 5204 episcopi
468 5147 641 5203 super
670 5134 775 5189 isto
805 5133 1240 5204 pratendentes.

860 5311 1088 5368 CAPUT
1121 5311 1216 5369 VI.

237 5535 239 5539 ι
259 5455 599 5511 Muneribus
607 5455 718 5511 sibi
725 5455 998 5512 conciliat
1003 5472 1222 5528 papam
1241 5455 1560 5528 Galdricus,
1581 5455 1888 5512 Guibertus

186 5546 258 5600 de
272 5543 582 5600 homicidio
599 5547 837 5615 patrato
857 5559 1179 5598 sermonem
1198 5544 1366 5598 habet
1397 5545 1476 5599 ad
1499 5545 1797 5631 populum.
1815 5575 1890 5588 —

190 5635 263 5691 At
295 5632 602 5704 episcopus
641 5632 912 5688 Bomase
952 5631 1248 5698 cohibens,
1269 5634 1325 5687 et
1344 5630 1561 5687 domini
1593 5632 1888 5701 apostolici

1990 3176 2087 3232 bat
2116 3177 2331 3236 anima,
2369 3176 2507 3246 quia
2542 3175 2640 3230 illa
2673 3175 2729 3229 in
2753 3189 2871 3244 qua
2890 3175 3094 3231 salutis
3113 3175 3352 3231 intentio
3391 3175 3681 3242 manebat,

1986 3263 2212 3318 interne
2245 3262 2646 3318 ﬂorentissima
2691 3261 2813 3318 sine
2843 3261 2974 3317 ullis
3033 3263 3200 3318 malis
3245 3262 3686 3334 jucundabatur

1988 3351 2264 3406 Ecclesia.
2304 3352 2486 3420 Aqua
2515 3364 2652 3421 ergo
2681 3358 2736 3407 et
2758 3350 2983 3421 gladius
3035 3350 3255 3405 intrant
3303 3349 3373 3404 ad
3404 3349 3680 3412 animam,

1987 3437 2126 3492 dum
2157 3437 2560 3492 tribulationes
2589 3443 2645 3492 et
2673 3436 2910 3492 dissidia
2957 3436 3246 3492 interioris
3289 3449 3560 3492 recursus
3593 3450 3684 3505 pe-

1985 3531 2217 3580 netrant
2246 3533 2300 3581 et
2324 3524 2982 3594 polluuntsanctitatem.
3003 3525 3071 3580 Et
3092 3538 3270 3594 quam
3291 3523 3506 3592 putatis
3524 3523 3684 3580 locus

1985 3612 2089 3667 iste
2118 3611 2373 3667 obtineat
2414 3612 2532 3682 jam
2577 3611 2728 3681 apud
2767 3625 2889 3676 vos,
2935 3611 3035 3681 qui
3077 3609 3400 3680 spiritualia
3430 3611 3677 3674 nescitis,

1984 3698 2340 3769 dignitatem,
2405 3699 2506 3768 qui
2558 3698 2779 3754 nullam
2844 3705 3072 3766 prastat
3131 3699 3302 3753 etiam
3341 3698 3679 3753 orationum

1987 3785 2325 3854 corporibus
2353 3786 2794 3841 immunitatem.
2853 3787 2991 3840 Ecce
3026 3806 3048 3833 α
3102 3785 3256 3841 misit
3280 3786 3343 3840 in
3374 3799 3477 3840 nos
3533 3786 3684 3841 Deus

1992 3894 2014 3922 ι
2051 3873 2194 3927 iram
2231 3873 2647 3944 indignationis
2667 3886 2808 3938 sua,
2840 3871 3312 3943 indignationem,
3346 3882 3400 3930 et
3431 3875 3597 3941 iram,
3630 3883 3686 3931 et

1993 3980 2014 4008 ι
2051 3960 2504 4025 tribulationem,
2533 3960 2915 4015 immissiones
2935 3974 3034 4029 per
3045 3963 3281 4032 angelos
3300 3963 3479 4019 malos
3497 3964 3681 4033 (Psal.

1989 4069 2017 4099 «
2051 4063 2260 4115 Lxxvu,
2294 4050 2407 4117 49).
2441 4069 2462 4097 ι
2497 4051 2586 4104 Ira
2619 4055 2704 4104 est
2728 4047 3157 4119 indignationis,
3191 4051 3275 4104 ira
3307 4065 3380 4106 ex
3410 4051 3685 4122 indigna-

1990 4137 2138 4194 tione
2168 4144 2462 4206 concepta.
2488 4135 2785 4208 Indignari
2810 4136 2958 4192 sicut
2975 4135 3149 4203 scitis,
3179 4136 3375 4192 minus
3400 4144 3484 4192 est
3505 4151 3681 4208 quam

1987 4226 2174 4282 irasci.
2220 4226 2421 4282 Nonne
2474 4225 2691 4281 meritis
2741 4232 3106 4294 peccatorum
3151 4232 3477 4281 vestrorum
3531 4227 3679 4283 indi-

1988 4314 2282 4384 gnabatur
2327 4314 2494 4381 Deus,
2531 4327 2664 4369 cum
2707 4321 2873 4369 extra
2920 4314 3126 4369 urbem
3182 4322 3430 4370 vestram
3460 4317 3686 4384 pradas

1916 4400 2252 4468 Dincendia
2333 4407 2510 4469 atque
2567 4414 2732 4456 neces
2798 4401 3000 4458 crebro
3057 4400 3436 4471 pateremini?
3485 4401 3686 4458 Nonne

1989 4489 2366 4555 irascebatur,
2429 4501 2561 4544 cum
2613 4487 2879 4544 forastica
2945 4488 3094 4544 bella
3147 4487 3303 4544 intra
3381 4488 3674 4545 civitatem

1990 4575 2142 4631 hanc
2170 4574 2450 4631 translata
2478 4584 2631 4640 sunt,
2666 4582 2721 4630 et
2766 4574 2959 4630 civilia
2988 4575 3138 4630 inter
3183 4591 3288 4631 nos
3318 4577 3525 4646 agitari
3567 4590 3685 4632 ca-

1991 4661 2392 4732 peruntodia?
2418 4661 2561 4717 Cum
2604 4660 2822 4716 domini
2857 4662 2913 4716 in
2954 4662 3298 4732 Burgenses,
3357 4662 3682 4732 Burgenses

1989 4749 2049 4804 in
2079 4749 2343 4805 dominos
2386 4749 2605 4805 mutuis
2650 4748 3071 4804 irritationibus
3102 4749 3511 4804 moverentur?
3540 4749 3685 4804 Cum

1991 4837 2286 4892 abbatiani
2327 4838 2386 4892 in
2437 4837 2830 4907 episcopanos,
2861 4837 3188 4907 episcopani
3241 4837 3298 4891 in
3345 4837 3686 4893 abbatianos

1992 4925 2246 4982 indebito
2286 4927 2444 4982 hoste
2495 4927 2870 4982 defurerent?
2926 4925 3029 4981 Sed
3071 4925 3209 4996 quia
3267 4925 3583 4995 indignatio
3632 4933 3688 4981 et

1993 5015 2080 5070 ira
2108 5015 2332 5070 nullam
2357 5016 2522 5071 vobis
2547 5016 2742 5072 attulit
2777 5015 3208 5081 correctionem,
3239 5015 3474 5070 tandem
3495 5014 3687 5071 obdu—

1989 5109 2130 5164 ratis
2162 5109 2454 5166 montibus
2484 5109 2718 5181 ingessit
2745 5108 3192 5165 tribulationem.
3225 5107 3368 5164 Nam
3399 5122 3514 5164 non
3547 5121 3687 5180 qua-

1991 5195 2298 5266 liscunque
2329 5197 2580 5252 Ecclesia
2611 5196 2950 5254 Christianis
2977 5195 3190 5253 fadata
3213 5196 3541 5265 cruoribus,
3582 5211 3690 5252 nec

1993 5290 2215 5354 captus
2266 5283 2404 5340 alibi
2461 5283 2742 5341 bellorum
2798 5291 2988 5341 motus
3045 5284 3103 5340 in
3155 5284 3462 5340 Ecclesiam
3535 5289 3686 5338 son

1993 5371 2290 5442 compulit,
2325 5380 2380 5428 et
2435 5372 2822 5442 pessumdedit
2873 5371 3176 5444 fugientes,
3235 5372 3334 5428 sed
3386 5371 3690 5443 malignis-

1994 5459 2175 5514 simus
2213 5459 2504 5529 appetitus
2545 5459 2780 5516 scelesta
2823 5459 3154 5529 provisione
3201 5459 3511 5530 depositus,
3560 5467 3692 5514 ante

1995 5545 2204 5603 Christi
2255 5549 2390 5604 Iesu
2424 5547 2483 5602 in
2529 5562 2699 5604 cruce
2746 5548 3048 5618 pendentis
3099 5548 3434 5620 imaginem,
3492 5548 3684 5603 virum

1995 5636 2309 5694 trucidavit
2332 5644 2614 5694 orantem.
2649 5637 2797 5704 Non,
2825 5637 3086 5708 inquam,
3128 5637 3556 5708 qualiscunque
3583 5636 3688 5691 Ec-
