3946 6428
200 2404 213 2411 -
308 2358 528 2416 texens,
587 2347 740 2404 clero
791 2346 1051 2417 jubente,
1103 2345 1433 2415 populoque
1471 2346 1717 2415 volente,

293 383 397 436 919

1180 381 1242 435 v.
1283 381 1615 439 GUIBERTI
1653 369 1944 438 ABBA‘I’IS
1980 383 2046 439 ε.
2088 381 2329 439 male:
2370 379 2460 436 DE
2500 376 2899 436 NOVIGENTO

3720 378 3855 432 920

296 509 490 578 clesia,
546 509 649 567 sed
724 508 1114 566 Ecclesiarum
1170 508 1367 567 Galliae
1424 509 1889 577 Flomntissima,_
1926 518 1981 567 et
2016 512 2064 566 Α
2090 509 2343 577 duceret,
2366 521 2501 565 cum
2521 521 2597 565 ex
2625 507 2753 578 ejus
2793 505 2970 563 latere
3021 504 3309 562 diutinam
3338 504 3603 564 fabulam
3667 517 3853 562 cum

299 599 471 670 cujus
525 597 799 654 Latinum
857 598 1054 654 orbem
1113 596 1620 668 praetergrediatur
1674 599 1847 654 fama.
1919 598 1991 654 Et

300 700 478 757 quem
497 684 739 742 virum?
776 684 980 742 Nonne
1005 697 1140 740 eum
1181 697 1355 753 quem
1396 691 1451 740 et
1488 698 1672 752 genus
1699 698 1991 742 commen-

301 775 479 832 dabat
530 773 851 845 egregium,
882 780 939 830 et
997 772 1469 843 prastautissima
1526 774 1691 830 tenui
1735 788 1990 843 corpore,

298 860 473 917 corde
485 860 856 930 magnanimo
876 858 1127 916 fecerant
1146 859 1247 914 toti
1273 860 1530 916 Francia)
1568 873 1733 917 arma
1745 869 1948 919 notum
1963 863 1993 919 ?

303 950 492 1006 Locus
518 948 697 1019 igitur
723 954 781 1004 et
803 948 1019 1003 crimen
1049 954 1104 1002 et
1129 946 1376 1003 dedecus
1397 948 1616 1019 ubique
1642 949 1989 1021 vulgabunt.

303 1035 360 1092 Si
389 1048 528 1106 ergo
571 1047 646 1091 ex
677 1032 890 1100 animo,
916 1045 989 1087 ex
1020 1032 1148 1088 imis
1188 1033 1518 1102 praecordiis
1549 1048 1651 1104 pro
1679 1035 1994 1092 missrahili

303 1130 516 1180 eventu
546 1135 663 1178 non
691 1119 1088 1186 tribulamini;
1119 1120 1169 1174 si
1209 1133 1324 1175 non
1386 1121 1771 1179 dehonestatte
1824 1130 1997 1180 tanta:

306 1210 595 1268 sanctitati
617 1208 1069 1279 compatiamini,
1121 1207 1315 1263 sciatis
1364 1209 1602 1266 indubie
1630 1211 1812 1268 Deum
1840 1212 1993 1269 viam

305 1296 594 1354 facturum
614 1295 829 1353 semitae
861 1294 960 1351 irae
990 1309 1132 1362 suae,
1167 1296 1587 1355 animositatem
1616 1298 1832 1357 scilicet
1861 1315 1995 1371 quas

307 1387 519 1443 latebat
565 1386 625 1441 in
678 1391 878 1455 aperta
919 1384 1095 1440 vestri
1132 1383 1445 1454 perditione
1494 1385 1893 1443 dilataturum.
1927 1390 1999 1445 Et

305 1474 590 1545 quomodo
642 1472 853 1543 putatis
882 1485 1120 1543 parsum
1167 1471 1234 1527 iri
1291 1474 1472 1528 Deum
1519 1472 1578 1528 in
1634 1474 1999 1532 conclusione

300 1564 719 1636 jumentorum,
770 1562 828 1617 id
878 1568 964 1618 est
1018 1574 1326 1630 corporum
1382 1568 1726 1628 vestrorum,
1782 1564 1885 1633 qui
1925 1564 1999 1621 ob

305 1650 860 1721 incorrigibilitatem
891 1656 1160 1715 vestram,
1224 1648 1392 1705 morti
1426 1662 1541 1704 non
1584 1650 1836 1718 pepercit
1863 1653 1997 1706 ani-

306 1737 576 1796 marum?
623 1736 765 1794 Cum
822 1736 1002 1807 igitur
1063 1734 1308 1806 pessimo
1362 1749 1629 1805 processu
1703 1738 1993 1808 graduum

305 1825 505 1882 divina
530 1823 589 1879 in
620 1837 724 1880 nos
743 1798 1154 1893 proinoveatur
1191 1798 1379 1887 ultio;
1401 1798 1807 1882 sciendumEst
1836 1825 2000 1881 vobis
2020 1798 2082 1857 ’Β

307 1912 447 1982 quia
477 1911 591 1967 nisi
619 1910 729 1967 sub
754 1910 857 1967 Dei
885 1910 1053 1980 virga
1082 1923 1186 1967 vos
1218 1909 1633 1967 emendatiores
1659 1912 1999 1980 exhibeatis,

308 1997 464 2068 quod
511 1997 571 2051 in
620 2003 836 2052 statum
892 1994 1283 2064 undecunque
1338 1996 1715 2062 teterrimum,
1776 2012 1875 2068 per
1935 2012 2004 2054 ea

307 2101 441 2156 quae
470 2084 622 2141 inter
658 2098 763 2139 vos
784 2082 1114 2139 coalescunt
1142 2081 1413 2138 intestina
1464 2082 1631 2150 bella,
1690 2085 1928 2141 cadatis.
1972 2105 2001 2135 ι

376 2172 784 2241 Interfectores
793 2168 1309 2226 excommunicatos
1319 2171 1659 2241 pronuntiat
1677 2172 1977 2230 Guibertus
1987 2215 2001 2241 ,

307 2278 419 2334 quo
444 2260 598 2316 iram
621 2259 866 2315 incurrit
891 2259 1350 2326 coniuratorum.
1372 2259 1586 2315 -Ηωο
1612 2259 1843 2331 aliaque
1859 2275 2003 2318 con-

1795 2350 2005 2405 nobilis

312 2436 466 2493 illius
513 2434 763 2491 hominis
828 2439 1230 2503 peremptores,
1310 2432 1687 2503 ejusdemque
1737 2435 2005 2493 facinoris

310 2523 586 2591 fautores,
641 2530 697 2578 et
745 2519 1081 2589 complicem
1139 2533 1240 2590 per
1293 2520 1631 2589 praedictum
1672 2523 2003 2593 episcopum

315 2610 418 2680 qui
453 2608 863 2665 reconciliabat
882 2606 1198 2675 ecclesiam,
1228 2609 2005 2668 excommunicandosenun-

314 2696 475 2765 tiavi,
508 2710 615 2752 nec
648 2696 844 2752 minus
885 2709 999 2761 eos,
1056 2694 1158 2765 qui
1200 2694 1464 2765 praesidio
1509 2697 1592 2752 eis
1637 2705 1843 2767 essent,
1903 2707 2006 2756 aut

315 2784 762 2842 contubernium
798 2783 1140 2854 praeberent.
1196 2781 1418 2849 Quibus
1459 2797 1560 2852 per
1592 2784 1852 2841 omnium
1903 2801 2005 2844 ora

310 2871 850 2938 excommunicatis,
930 2869 1171 2927 ecclesia
1238 2870 1567 2926 solemniter
1637 2873 2004 2930 reconciliata

310 2967 411 3016 est.
446 2962 667 3017 Interea
705 2959 779 3015 ad
804 2973 974 3015 aures
1005 2957 1539 3016 archidiaconorum
1589 2967 1643 3016 et
1675 2975 2001 3031 procerum,

2099 597 2230 665 illis,
2273 610 2421 667 quos
2462 596 2571 652 sibi
2624 594 2774 651 solos
2802 594 3200 650 arbitrabatur
3237 593 3450 658 ﬁdeles,
3527 595 3850 651 haberet.

2099 685 2240 741 Inde
2276 684 2621 755 digrediens,
2671 681 2951 740 Codiciaci
2995 681 3191 753 (vulgo
3242 681 3448 754 Coucy)
3491 696 3630 739 cum
3667 681 3853 752 ipsis

2098 772 2371 829 omnibus
2398 770 2721 841 hospitatus
2742 777 2848 826 est.

2172 859 2513 917 Gualdricua
2535 856 2666 913 mili
2671 864 2753 912 tes
2765 855 3584 929 congregatminitaturqueae
3599 855 3851 912 urbem

2099 950 2335 1002 armata
2392 946 2817 1019 ingressurum;
2890 945 2990 998 sed
3041 945 3302 1012 frustra.
3358 973 3428 989 —-
3483 944 3610 1012 Quo
3712 958 3855 1014 ego

2101 1043 2410 1105 comperto,
2443 1047 2576 1090 cum
2608 1032 2778 1090 valde
2830 1034 3000 1089 talem
3050 1032 3179 1102 ejus
3228 1033 3486 1089 habitum
3525 1032 3854 1091 horruis-

2102 1138 2241 1191 sem,
2301 1123 2536 1178 omnino
2590 1135 2683 1179 me
2737 1121 2811 1178 ab
2868 1122 2997 1192 ejus
3051 1121 3315 1177 contuitu
3342 1135 3410 1178 ac
3449 1122 3857 1177 salutatione

2104 1211 2386 1268 continui.
2411 1209 2520 1277 Qui
2545 1217 2672 1280 post
2700 1209 2979 1273 triduum,
3011 1210 3068 1265 ni
3098 1209 3284 1276 fallor,
3323 1209 3507 1279 sopita
3532 1210 3856 1266 exterius

2105 1312 2224 1370 qua
2254 1300 2405 1354 intro
2435 1298 2508 1354 ad
2538 1311 2630 1354 me
2657 1311 2890 1353 versum
2925 1296 3185 1367 spirabat
3221 1297 3486 1353 vecordia
3517 1296 3851 1365 (multum

2107 1387 2262 1443 enim
2294 1400 2383 1442 me
2432 1386 2588 1456 apud
2631 1399 2764 1442 eum
2815 1399 2920 1455 pro
2981 1384 3331 1455 supradictis
3371 1384 3635 1441 laterales
3673 1384 3856 1455 ejus

2106 1474 2482 1543 arcesseraut)
2515 1472 2812 1529 mandavit
2849 1479 2915 1529 ut
2956 1473 3029 1528 ad
3069 1487 3129 1527 se
3186 1472 3457 1529 venirem.
3490 1472 3619 1536 Quo
3660 1486 3847 1528 cum

2107 1577 2197 1620 me
2214 1562 2624 1628 exhibuissem,
2649 1568 2705 1616 et
2742 1561 2979 1616 domum
3000 1560 3227 1629 plenam
3260 1560 3848 1628 excommunicatis,

2108 1650 2526 1719 homicidisque
2573 1649 2861 1715 vidissem,
2919 1648 3181 1717 aestuavi,
3231 1647 3547 1703 exclusioni
3582 1660 3721 1703 sua:
3766 1654 3851 1702 ut

2114 1737 2360 1811 [videtur
2382 1737 2578 1792 deesse
2615 1736 2751 1809 non]
2808 1736 3123 1797 anniterer.
3174 1736 3502 1805 postulavit,
3557 1735 3851 1791 ostensis

2110 1840 2270 1897 papae
2308 1825 2561 1895 syllabis.
2612 1824 2917 1881 Auxilium
2947 1823 3121 1894 quale
3150 1836 3369 1893 possem
3397 1822 3701 1889 fallaciter,
3761 1830 3847 1879 tu

2108 1914 2222 1971 scis
2252 1915 2425 1981 Deus,
2453 1920 2509 1969 et
2536 1927 2655 1969 non
2698 1926 2772 1969 ex
2802 1912 2973 1967 corde
3003 1910 3304 1980 spopondi.
3337 1910 3615 1967 Videbam
3645 1910 3844 1966 enim

2110 2016 2247 2059 vera
2269 2002 2396 2072 ejus
2425 2000 2598 2069 mala,
2626 2014 2761 2056 cum
2802 2000 2889 2065 iis,
2939 2013 3086 2070 quos
3112 1999 3363 2054 Ecclesia
3421 2012 3529 2054 sua
3554 2012 3833 2053 excom-

2111 2089 2512 2147 municaverat
2592 2088 2815 2158 quique
2860 2101 2988 2144 eam
3056 2094 3358 2156 tantopere
3426 2086 3778 2142 fuedaveran
3794 2094 3845 2153 ι,

2108 2177 2554 2244 communicare,
2603 2189 2738 2232 cum
2791 2175 3179 2246 Ingelrannus
3232 2174 3328 2230 ille
3389 2174 3743 2244 praecriptus
3775 2176 3842 2229 ei

2109 2264 2404 2331 assideret,
2430 2272 2487 2320 et
2538 2263 2829 2320 comitissa
2879 2263 3170 2333 praedicta,
3223 2277 3356 2333 quae
3409 2262 3591 2332 pridie
3623 2276 3841 2333 quam

2110 2352 2400 2408 Gerardus
2436 2351 2714 2419 interiret,
2746 2351 2975 2407 duobus
3005 2351 3118 2406 illis
3162 2351 3429 2407 interitus
3455 2350 3582 2421 ejus
3605 2357 3840 2406 aucto-

2111 2439 2291 2507 ribus,
2316 2439 2536 2511 gladios
2563 2454 2699 2495 suos
2730 2440 2962 2510 propria
2992 2439 3195 2511 lingua
3241 2445 3491 2506 acuerat,
3523 2446 3844 2510 aggratu-

2112 2528 2344 2584 labatur
2372 2526 2672 2584 affectibus
2710 2528 2805 2597 [f.,
2853 2541 3055 2584 eorum
3102 2526 3444 2600 affectibus].
3491 2527 3636 2594 Quia
3663 2541 3835 2597 ergo

2110 2618 2267 2687 regio
2286 2616 2456 2687 jussu
2493 2615 2801 2672 arcebatur
2829 2617 2901 2671 ab
2921 2616 3084 2683 urbe,
3116 2616 3423 2671 temeraria
3468 2615 3643 2671 nimis
3688 2629 3831 2670 au-

2112 2704 2276 2760 dacia
2326 2703 2660 2760 minabatur
2725 2717 2783 2759 se
2842 2703 3243 2775 ingressurum
3310 2703 3835 2760 succenturiatum

2113 2792 2462 2849 militaribus
2514 2792 2621 2848 alis
2666 2792 2725 2849 in
2782 2792 3022 2863 urbem;
3079 2799 3131 2847 et
3182 2791 3337 2863 quod
3385 2791 3713 2849 Caesaribus
3762 2799 3834 2847 et

2112 2880 2392 2952 Augustis
2420 2879 2522 2937 vix
2551 2880 2815 2950 possibile
2867 2881 3025 2948 foret,
3059 2880 3169 2937 hoc
3197 2894 3256 2936 se
3285 2879 3571 2936 asserebat
3616 2892 3833 2935 armo-

2112 2981 2244 3024 rum
2282 2966 2556 3024 violentia
2614 2976 3002 3037 peracturum.
3036 2968 3274 3024 Manum
3331 2968 3527 3037 itaque
3581 2966 3833 3037 collegit

312 3046 418 3142 qui
467 3046 540 3103 ab
598 3048 824 3142 urbana
847 3046 1126 3142 societate
1183 3046 1564 3142 desciverant,
1599 3050 2005 3107 .anathematis
2045 3087 2086 3142 ο
2115 3063 2459 3126 equestrem,
2502 3062 2558 3112 et
2612 3055 2806 3125 copias
2853 3056 3241 3126 plurimarum
3299 3070 3447 3126 quas
3492 3069 3607 3111 non
3665 3055 3828 3111 bene

312 3134 491 3204 hujus
521 3133 804 3191 sententia
831 3134 1157 3191 devehitur.
1185 3134 1253 3190 In
1284 3148 1377 3190 me
1408 3135 1589 3205 igitur
1616 3150 1719 3205 pro
1746 3151 2006 3194 sermone

312 3222 528 3287 habito,
580 3230 636 3279 et
685 3221 1299 3279 excommunicationis
1351 3224 1837 3291 pronuntiatione,
1881 3239 2002 3281 om-

311 3311 475 3367 nium
503 3310 734 3367 illorum
761 3310 1128 3366 exclusorum
1176 3323 1458 3366 conversa
1484 3311 1637 3367 'sunt
1690 3311 1842 3378 odia,
1872 3326 2004 3368 ma—

311 3399 469 3455 xime
497 3398 707 3455 Galteri
735 3398 1126 3453 archidiaconi
1177 3398 1416 3469 grandis
1466 3407 1549 3455 est
1575 3399 1884 3457 adversum
1913 3414 2005 3456 me

310 3500 585 3543 succensa
620 3485 909 3542 vecordia.
945 3485 1086 3543 Erat
1118 3484 1405 3555 siquidem
1457 3486 1661 3543 audire
1692 3487 2001 3544 immanem

310 3574 614 3642 tonitrum,
661 3573 758 3630 cui
802 3580 1017 3637 tamen,
1063 3574 1178 3630 Deo
1208 3578 1444 3630 auctore
1473 3574 1773 3645 fulgurum
1804 3575 2005 3632 nullus

312 3677 485 3719 casus
501 3660 821 3718 accesserit.
855 3660 1013 3717 Clam
1047 3660 1105 3716 in
1124 3675 1240 3731 me,
1267 3661 1325 3716 in
1358 3670 1628 3733 promptu
1660 3664 2001 3721 reverentia.
2032 3676 2033 3679 ‘

313 3750 503 3821 Igitur
520 3748 594 3805 ad
625 3762 747 3804 rem
776 3749 1080 3805 redeamus
1110 3749 1405 3805 omissam.

915 3837 1148 3895 CAPUT
1190 3838 1262 3895 Vl
1293 3836 1398 3892 bis.
1980 3878 1983 3879 ν

381 3926 565 3981 Roma
591 3922 891 3996 episcopus
916 3925 1260 3981 Laudunum
1302 3923 1473 3981 venit.
1500 3926 1794 3997 Przcepto
1846 3924 2005 3998 regio

309 4012 511 4069 domus
564 4011 912 4084 episcopalis-
938 4012 1287 4070 exinanitur.
1322 4043 1385 4054 -
1420 4016 1691 4069 Armatus
1718 4012 1922 4085 sigillis
1948 4021 2004 4071 et

310 4101 573 4171 apicibus
601 4101 927 4171 apostolicis
956 4101 1225 4158 dominus
1264 4102 1474 4172 praesul
1528 4102 1706 4158 Roma
1739 4102 2002 4172 regredi-

314 4196 428 4245 tur.
462 4190 585 4245 Rex
614 4197 812 4246 autam
836 4188 1089 4246 Gerardo
1117 4190 1323 4257 occiso,
1363 4190 1641 4260 quoniam
1670 4189 2002 4260 episcopum

310 4276 491 4348 hujus
541 4276 812 4332 facinoris
840 4277 1133 4334 conscium
1162 4277 1397 4334 omnino
1425 4277 1792 4348 opinabatur,
1843 4278 1999 4348 quod

2113 3144 2485 3210 conﬂaverat,
2555 3157 2771 3212 rerum,
2802 3144 2925 3201 sine
2954 3145 3093 3212 ulla,
3130 3152 3194 3201 ut
3225 3143 3424 3201 solitus
3451 3149 3594 3208 erat,
3639 3141 3826 3212 fruge

2111 3230 2487 3300 consumpsit.
2512 3230 2766 3287 Tandem
2800 3247 2933 3289 cum
2964 3230 3111 3287 nihil
3153 3231 3264 3287 nisi
3291 3229 3606 3286 ridiculum
3657 3227 3819 3298 quid

2113 3318 2183 3374 de
2243 3322 2323 3373 tot
2376 3315 2698 3373 auxiliariis
2752 3317 3100 3380 confecisset.
3161 3331 3261 3387 per
3303 3315 3689 3373 internuntios
3753 3328 3827 3369 se

2112 3416 2365 3473 suosque
2423 3398 2482 3456 in
2530 3415 2668 3458 nece
2696 3402 2935 3459 Gerardi
2978 3401 3301 3471 complices,
3352 3400 3513 3457 urbis
3545 3399 3826 3456 videlicet

2113 3505 2243 3547 cum
2289 3496 2534 3558 utroque
2573 3490 2978 3547 archidiacono
3005 3504 3283 3560 proceres,
3326 3502 3536 3560 magno
3566 3494 3826 3558 aggestu

2114 3591 2421 3635 munerum
2473 3590 2607 3633 cum
2651 3577 2945 3635 Ludovico
2998 3576 3248 3649 Philippi
3307 3577 3460 3648 regis
3511 3576 3624 3632 lilio
3672 3589 3822 3647 rege

2113 3665 2450 3737 composuit.

2187 3755 2304 3812 Eos
2321 3757 2423 3828 qui
2449 3757 2512 3814 in
2538 3755 2865 3826 conjuratos
2882 3752 3317 3809 incurrit-merant
3345 3749 3643 3822 episcopus
3673 3748 3825 3803 Gal-

2110 3842 2302 3899 dricus
2330 3848 2704 3902 anathemate
2754 3841 3029 3915 percutit.
3072 3870 3145 3883 —
3190 3842 3576 3912 Introgressus
3629 3838 3825 3909 igitur

2113 3930 2339 3999 urbem,
2426 3948 2561 3990 cum
2622 3930 2775 4000 apud
2833 3928 3106 3986 Sanctum
3170 3927 3471 3984 Nicolaum
3520 3926 3589 3981 de
3655 3924 3821 3982 saltu

2112 4020 2582 4079 conventiculum
2620 4018 2977 4085 celebrasset,
3012 4015 3164 4072 inter
3208 4014 3430 4080 missas,
3463 4025 3613 4083 quas
3657 4010 3811 4067 inibi

2110 4104 2335 4175 agebat,
2385 4103 3030 4164 excommunicaturum
3062 4115 3122 4156 se
3150 4114 3262 4166 eos,
3300 4099 3399 4169 qui
3469 4097 3806 4167 conjuratos

2111 4190 2238 4248 illos
2283 4194 2457 4251 rebus
2512 4194 2632 4251 suis
2680 4191 3124 4257 abdamnaraut,
3178 4186 3429 4244 Gerardo
3480 4184 3810 4256 peremptol,

2110 4281 2183 4337 ab
2214 4282 2358 4340 urbe
2402 4282 2746 4353 prodierant,
2807 4276 3164 4350 pronuntiat.
3217 4275 3377 4342 Quod
3423 4289 3557 4331 cum
3587 4288 3693 4346 ego
3724 4273 3814 4329 sic

309 4365 505 4421 fucata
569 4363 829 4420 absentia
880 4371 1071 4435 tegere
1120 4364 1434 4433 nitebatur,
1509 4373 1684 4422 totam
1759 4366 2005 4436 episcopi
2047 4363 2611 4439 Ddieiaudivissem,
2636 4367 2863 4427 cuidam
2895 4364 3159 4423 coabbati
3182 4378 3306 4420 meo
3330 4361 3599 4419 assidenti
3642 4361 3807 4428 mihi,

309 4451 552 4516 curiam,
578 4450 764 4522 fruge,
793 4451 951 4519 vino,
987 4465 1056 4508 ac
1104 4452 1292 4509 larido
1346 4452 1579 4522 spoliari
1636 4460 1999 4524 praeceperat,

308 4553 413 4595 nec
440 4539 707 4595 eumdem
729 4540 921 4597 Romae
952 4540 1219 4611 positum,
1250 4541 1444 4611 praeda
1470 4548 1526 4597 et
1566 4541 1774 4611 praedae
1830 4552 2007 4598 causa

310 4626 576 4684 latuerat.
607 4628 758 4700 Ergo
786 4628 858 4684 ad
897 4642 1111 4700 regem,
1142 4629 1244 4699 qui
1286 4642 1421 4685 eum
1453 4642 1490 4684 a
1525 4628 1657 4685 sede
1687 4628 2000 4686 arcendum

308 4722 629 4783 censuerat,
658 4716 898 4787 suisque
912 4716 1264 4787 privaverat,
1298 4716 1501 4774 littera
1526 4722 1665 4774 sunt
1684 4717 2001 4785 destinatae,

307 4803 379 4859 ad
413 4803 777 4873 coepiscopos
805 4811 860 4860 et
889 4803 1128 4860 abbates
1153 4817 1275 4861 suae
1299 4811 1355 4861 et
1404 4804 1651 4861 aliorum
1696 4804 2003 4862 diteceseos

293 4890 501 4952 altera;
531 4892 606 4947 ab
653 4905 720 4947 eo
747 4894 907 4948 sunt‘
931 4891 1146 4958 allatae;
1199 4892 1297 4949 sed
1335 4892 1612 4963 quoniam
1667 4893 1817 4949 inter
1848 4894 2003 4949 Laue

307 4977 613 5041 dunenses.
644 4985 701 5034 et
742 4978 997 5046 Suessos,
1025 4987 1261 5049 pontem
1292 4980 1519 5051 Aquilia
1550 4979 1741 5036 Fluvii
1783 4979 2003 5036 limita-

308 5078 485 5121 neum
521 5079 643 5122 esse
670 5066 1069 5135 prmdiximus,
1098 5066 1410 5125 introeunti
1459 5068 1512 5126 ei
1558 5068 1804 5138 primam
1844 5080 2007 5136 paro-

307 5151 449 5209 chias
470 5153 719 5223 propriae
736 5152 966 5223 glebam
985 5163 1304 5212 occurrunt
1319 5170 1581 5226 propere,
1604 5169 1752 5225 quos
1784 5154 2001 5225 pridem

306 5238 1022 5298 excommunicaveramus
1049 5243 1440 5300 archidiaconi
1478 5243 1568 5300 sui
1612 5250 1670 5300 et
1711 5255 1992 5313 proceres.

307 5325 462 5392 Quos
482 5326 657 5385 tantis
686 5327 1017 5385 osculorum
1064 5338 1242 5400 atque
1283 5331 1695 5401 complexuum
1749 5329 2002 5400 suscepit

309 5411 611 5470 affectibus
660 5422 724 5470 ut
755 5415 938 5472 Beatae
984 5416 1198 5485 Mariae,
1246 5418 1338 5473 cui
1393 5418 1507 5474 Deo
1549 5426 1782 5475 auctore
1814 5416 1999 5474 servi-

309 5515 458 5569 mus,
515 5501 833 5570 ecclesiam,
880 5518 1058 5575 quam
1089 5504 1149 5561 in
1176 5504 1266 5560 sui
1338 5505 1556 5562 linihus
1632 5506 2000 5576 pontiﬁcatus

311 5590 554 5661 primam
574 5588 911 5659 oﬁ‘enderat,
942 5606 1050 5649 suo
1079 5591 1315 5649 visitatu
1345 5606 1718 5665 nequaquam
1762 5594 1999 5665 dignam

2112 4456 2242 4512 auri
2290 4456 2417 4527 ejus
2464 4457 2941 4517 immurmurans,
2993 4452 3131 4506 aio:
3193 4449 3365 4513 Audi.
3418 4464 3634 4520 quaeso,
3684 4462 3807 4504 rem

2114 4550 2542 4614 praepesteram.
2570 4537 3089 4597 Excommunicare
3109 4537 3383 4594 debuerat
3401 4551 3495 4592 eos
3517 4536 3614 4607 qui
3637 4550 3805 4592 suam

2114 4637 2229 4686 tam
2262 4631 2549 4688 horrendo
2579 4629 2832 4686 facinore
2856 4626 3352 4683 attaminaverunt
3380 4624 3693 4692 ecclesiam,
3748 4632 3807 4680 ct

2113 4716 2233 4788 ipse
2261 4718 2320 4774 in
2346 4716 2763 4775 homicidarum
2787 4714 3095 4786 punituros
3119 4711 3211 4785 [νζ
3240 4710 3594 4784 punitorum]
3620 4710 3807 4780 justas

2111 4813 2167 4862 et
2195 4805 2455 4862 criminis
2487 4805 2740 4861 vindices
2772 4814 2973 4873 poenas
3021 4798 3337 4856 ulciscitur.
3400 4798 3474 4854 At
3500 4797 3796 4868 episcopus

2113 4893 2374 4950 omnium
2403 4894 2688 4950 bonarum
2741 4887 3223 4947 conscientiarum
3265 4885 3528 4953 timidus,
3559 4900 3688 4942 cum
3714 4901 3805 4941 me

2109 4981 2418 5038 mussitare
2436 4979 2688 5048 vidisset,
2721 4985 2886 5035 ratus
2926 4983 3011 5032 est
3038 4974 3109 5031 de
3131 4989 3190 5030 se
3212 4974 3453 5030 verbum
3489 4972 3630 5028 ﬁeri.
3654 4979 3801 5029 503

2108 5067 2255 5134 Quid
2314 5067 2521 5137 inquit,
2561 5066 2768 5134 dicitis,
2821 5063 3051 5121 domine
3106 5060 3298 5119 abba?
3337 5061 3501 5117 Tunc
3545 5058 3801 5117 Galterus

2109 5152 2552 5209 archidiaconus
2575 5165 2695 5209 sese
2726 5148 3089 5222 propripiens
3119 5155 3434 5217 antequam
3464 5143 3621 5214 loqui
3673 5143 3798 5199 lice-

2110 5248 2236 5297 ret:
2283 5240 2468 5311 Agite,
2517 5239 2618 5308 ait,
2683 5238 2932 5302 domine,
2994 5251 3127 5308 quze
3163 5234 3454 5305 cmpistis:
3520 5231 3789 5289 Dominus

2108 5327 2287 5383 abbas
2323 5326 2466 5382 alias
2486 5325 2582 5400 [[2,
2614 5324 2744 5397 alia]
2780 5324 3149 5395 loquebatur.

2178 5412 2408 5471 Saniori
2428 5414 2668 5471 consilio
2686 5410 3148 5470 ewcommunicat
3169 5411 3227 5464 et
3250 5407 3528 5464 amisere:
3538 5406 3791 5467 Garat-di.

2104 5533 2174 5543 —
2207 5501 2748 5560 Excommuuicavit
2790 5500 2969 5569 igitur
2997 5498 3172 5569 (clero
3223 5503 3278 5551 et
3310 5495 3521 5565 populo
3564 5508 3794 5551 excom—

2106 5586 2553 5647 municationem
2613 5586 2784 5644 talem
2834 5582 3276 5653 detestantibus.)
3322 5582 3469 5651 illos,
3511 5581 3614 5654 qui
3643 5596 3794 5639 com—

2997 6383 3015 6388 -
3062 6381 3119 6386 ,ρ
3170 6378 3213 6384 ρ
3276 6375 3335 6382 ..α
3388 6377 3425 6379 μ
