3946 6424
135 398 261 450 921

1272 402 1365 458 DE
1409 403 1567 458 VITA
1607 402 1734 458 SUA
1780 403 1966 459 LIBRI
2003 401 2198 457 TRES.
2223 402 2444 458 ——LIB.
2489 401 2587 457 ΠΙ.

3570 407 3678 460 922

131 534 560 606 manipulares
586 535 996 608 sacrilegorum
1025 537 1362 594 carnificum
1403 539 1686 596 laaserant.
1738 539 1867 596 Diu-
1902 543 1950 595 A
1977 539 2086 594 sui.
2119 537 2381 608 Cumque
2419 543 2644 607 emptor
2672 537 2977 594 subsiliens
3019 552 3194 607 super
3232 552 3380 595 arcae
3429 539 3676 609 crepidi-

131 629 342 680 turna
372 624 568 694 itaque
597 626 770 682 totius
817 626 982 683 urbis
1008 635 1062 683 et
1099 628 1398 685 dioeceseos
1448 629 1709 686 simultas
1752 629 1860 684 ad-

134 722 369 766 versus
396 711 724 780 episcopum
765 713 891 780 fuit,
946 715 1086 784 quia
1137 716 1375 771 Gerardi
1431 717 1711 772 occisores
1751 729 1860 770 ex-

128 798 591 854 communicare
646 807 898 870 tempore
929 815 1045 857 non
1076 817 1254 872 parvo
1283 804 1582 860 distulerit.
1607 803 1860 859 Tandem

129 884 306 952 quia
359 899 418 941 se
483 894 809 955 suspectum
878 895 933 944 et
985 902 1128 958 pene
1195 892 1604 946 exsecrabilem
1664 889 1860 946 haberi

127 971 376 1027 sciebat
434 973 506 1028 ab
563 973 851 1041 omnibus,
910 985 1172 1032 auctores
1237 978 1758 1034 exeommunicavit
1807 983 1862 1032 et

128 1059 434 1116 conscios.
466 1061 748 1128 Quoniam
801 1071 994 1119 autem
1045 1063 1257 1119 multas
1304 1065 1578 1134 pecunias
1615 1079 1861 1135 spopon-

126 1145 324 1201 derat
354 1147 464 1216 his,
512 1150 614 1220 qui
656 1165 714 1206 se
755 1158 811 1206 et
867 1152 1272 1220 praedictorum
1321 1153 1660 1210 sicariorum
1708 1167 1862 1208 com-

130 1232 337 1301 plices
386 1249 557 1304 penes
589 1251 781 1306 regem
831 1238 1198 1308 adjuverant,
1231 1240 1567 1296 lateralibus
1603 1239 1866 1295 videlicet

133 1321 338 1390 regis,
372 1337 506 1378 cum
535 1327 793 1394 coepisset
822 1325 1142 1382 detractare
1191 1327 1490 1396 promissa,
1536 1327 1669 1398 quis
1715 1327 1867 1382 dicat

137 1416 391 1478 quanta
430 1410 488 1466 in
537 1413 768 1481 publico
825 1413 1172 1484 improperia
1213 1415 1458 1483 audivit,
1509 1416 1647 1472 dum
1701 1429 1868 1471 nemo

140 1509 370 1552 eorum
411 1497 510 1566 qui
537 1499 657 1554 suis
701 1499 757 1554 in
806 1501 912 1555 hoc
949 1515 1120 1570 opere
1149 1501 1420 1558 favebant
1464 1505 1744 1573 partibus,
1777 1517 1865 1559 re-

138 1582 324 1654 giam
364 1585 559 1640 aulam
598 1586 822 1658 ingredi
871 1597 1259 1658 praesumeret,
1307 1591 1488 1646 donec
1531 1605 1730 1647 eorum
1778 1590 1869 1646 fu-

137 1681 330 1728 nesta
356 1674 543 1743 capita
591 1687 625 1728 a
682 1676 852 1742 caede,
913 1691 1044 1746 quae
1076 1677 1182 1732 sibi
1231 1677 1641 1746 intentabatur,
1676 1678 1869 1734 "multo

135 1773 310 1816 auro
341 1770 695 1833 argentoque
751 1764 1071 1820 redimeret.
1128 1765 1244 1821 Nec
1273 1765 1392 1835 ipse
1421 1774 1609 1822 tamen
1643 1767 1714 1822 ab
1759 1767 1864 1822 Ec-

134 1848 336 1904 clesia
363 1857 582 1919 poterat
608 1852 867 1908 accusari
919 1866 1093 1922 quem
1126 1853 1197 1908 ab
1238 1854 1544 1924 apostolico
1593 1856 1861 1912 constite-

131 1945 244 1994 rat
275 1939 567 1994 excusari.

810 2078 1047 2137 CAPUT
1088 2081 1198 2136 VII.

215 2197 492 2252 Per-versi
507 2196 717 2255 civium
739 2199 1204 2256 Landunensium
1223 2218 1410 2256 more:
1436 2203 1856 2276 exprimuntur.

127 2315 208 2324 —
245 2283 444 2354 Igitur
489 2292 618 2355 post
646 2283 1010 2355 aliquantum
1052 2289 1342 2357 temporis,
1392 2305 1526 2346 cum
1574 2292 1647 2347 ob
1674 2307 1856 2362 expo-

129 2373 396 2429 scendas
450 2373 726 2443 pecunias
778 2389 812 2430 a
866 2389 1000 2446 rege
1029 2376 1366 2446 Anglorum,
1426 2379 1521 2434 cui
1563 2381 1857 2449 quondam

130 2463 455 2529 servierat,
509 2463 692 2518 amico
758 2462 864 2519 sibi
911 2464 1070 2532 olim,
1117 2465 1405 2534 profectus
1455 2474 1599 2522 esset
1648 2467 1705 2522 in
1747 2469 1859 2524 An-

131 2550 351 2621 gliam,
381 2548 646 2605 Galterus
699 2550 1160 2619 archidiaconus,
1183 2559 1237 2607 et
1263 2552 1450 2609 Guido
1479 2568 1610 2610 cum
1655 2570 1857 2624 proce-

130 2637 317 2692 ribus
365 2635 529 2692 urbis
569 2636 682 2692 tale
747 2637 887 2707 quid
965 2639 1326 2694 commentati
1381 2648 1536 2696 sunt.
1590 2642 1729 2697 Urbi
1777 2643 1855 2698 illi

130 2729 314 2778 tanta
383 2723 456 2778 ab
509 2723 751 2793 antiquo
823 2724 1140 2781 adversitas
1187 2727 1501 2784 inoleverat
1543 2738 1606 2785 ut
1669 2745 1856 2800 neque

132 2811 323 2875 Deus,
358 2822 546 2878 neque
578 2809 856 2866 Dominus
889 2811 1180 2881 quispiam
1210 2813 1352 2870 inibi
1393 2816 1710 2883 timeretur,
1756 2820 1855 2874 sed

131 2899 209 2954 ad
255 2912 446 2968 posse,
513 2905 570 2953 et
617 2898 842 2954 libitum
889 2900 1178 2971 cujusque
1216 2902 1442 2972 rapinis
1487 2911 1544 2959 et
1601 2906 1856 2962 caedibus

131 2986 476 3056 respublica
541 2987 900 3043 misceretur.
951 2990 1114 3052 Nam,
1164 2997 1231 3045 ut
1285 3004 1319 3045 a
1368 2992 1553 3061 capite
1594 2994 1854 3063 pestifero

1971 641 2101 681 nem
2132 626 2200 682 de
2229 633 2430 681 ventre
2460 625 2748 694 penderet,
2787 627 2972 695 capite
3002 641 3069 682 ac
3109 625 3366 682 humeris
3396 626 3453 681 in
3498 640 3678 681 unam

1970 713 2480 783 procumbentibus
2522 726 2736 779 arcam,
2771 712 2958 768 bonus
2984 713 3248 768 venditor
3274 727 3304 767 a
3334 721 3491 783 tergo
3522 713 3678 782 posi-

1970 809 2083 868 tus,
2131 801 2376 857 sublatis
2431 800 2719 856 hominem
2763 800 3075 864 lincautum
3135 801 3396 872 pedibus,
3448 809 3679 870 repente

1971 889 2239 944 trudebat
2271 889 2330 944 in
2362 901 2577 952 aream,
2627 896 2681 943 et
2713 887 2931 958 dejecto
2979 904 3154 960 super
3202 897 3465 946 ruentem
3507 901 3678 957 oper-

1970 977 2122 1043 culo,
2148 984 2270 1032 tuto
2299 977 2564 1032 servabat
2597 990 2781 1046 usque
2823 976 2896 1030 ad
2954 978 3046 1032 sui
3096 976 3543 1046 redemptionem
3580 987 3677 1029 er-

1970 1064 2218 1134 gastulo.
2256 1065 2389 1120 Haec
2419 1064 2476 1118 in
2508 1064 2652 1120 urbe
2671 1071 2726 1119 et
2757 1064 2805 1118 is
2831 1064 3042 1119 similia
3065 1064 3434 1134 gerebantur.
3477 1063 3674 1128 Furta,

1972 1151 2088 1206 imo
2116 1150 2414 1207 latrocinia
2441 1164 2540 1220 per
2578 1151 2853 1218 primores
2881 1159 2938 1206 et
2968 1149 3284 1220 primorum
3329 1147 3678 1217 apparitores

1974 1237 2201 1307 publice
2241 1239 2582 1308 agebantur.
2608 1236 2765 1293 Nulli
2795 1237 3060 1294 noctibus
3089 1235 3414 1306 procedenti
3454 1234 3676 1290 securi—

1972 1334 2058 1383 tas
2108 1328 2489 1397 praabebatur,
2557 1326 2744 1383 solum
2803 1327 3051 1384 restabat
3111 1333 3214 1382 aut
3262 1324 3520 1390 distrahi,
3577 1329 3677 1379 aut

1973 1416 2124 1485 capi,
2157 1422 2260 1471 aut
2289 1416 2450 1471 caedi.

2049 1502 2386 1557 Communia
2437 1501 2594 1573 quid.
2647 1531 2716 1542 ——
2773 1501 2934 1568 Quod
2997 1501 3423 1557 considerantes
3488 1498 3676 1554 clerus

1977 1607 2110 1648 cum
2145 1592 2583 1659 archidiaconis,
2647 1605 2713 1647 ac
2748 1605 3026 1661 proceres,
3062 1597 3115 1646 et
3159 1602 3363 1644 causas
3409 1584 3675 1657 exigendi

1978 1680 2254 1750 pecunias
2292 1694 2324 1734 a
2368 1680 2579 1749 populo
2618 1687 2995 1749 aucupantes,
3045 1678 3184 1733 dant
3229 1676 3312 1732 eis
3361 1689 3460 1744 per
3497 1674 3673 1728 inter-

1979 1767 2213 1822 nuntios
2235 1767 2544 1836 optionem,
2596 1775 2659 1822 ut
2702 1767 2746 1822 si
2801 1767 2982 1836 pretia
3034 1765 3209 1836 digna
3259 1762 3670 1832 impenderent,

1972 1854 2394 1910 communionis
2473 1854 2747 1910 faciendae
2811 1852 3098 1909 licentiam
3156 1852 3450 1906 haberent.
3499 1850 3673 1904 Com-

1969 1938 2173 1994 munio
2203 1947 2392 1995 autem
2426 1955 2640 1996 novum
2691 1953 2758 1995 ac
2788 1938 3098 2009 pessimum
3133 1950 3337 1992 nomen
3369 1935 3447 1991 sic
3473 1949 3533 1990 se
3563 1935 3673 1989 ha-

1971 2026 2084 2090 bet,
2129 2035 2192 2083 ut
2249 2026 2363 2097 (ίοο)
2411 2027 2592 2096 capite
2639 2027 2793 2082 censi
2833 2040 3031 2082 omnes
3089 2025 3321 2080 solitum
3378 2023 3672 2080 servitutis

1969 2114 2222 2171 debitum
2275 2114 2524 2171 dominis
2569 2114 2743 2171 semel
2786 2114 2844 2168 in
2885 2127 3038 2169 anno
3089 2112 3333 2178 solvant,
3363 2118 3418 2166 et
3453 2109 3496 2166 si
3530 2108 3672 2179 quid

1968 2209 2166 2258 contra
2207 2203 2345 2273 jura
2391 2202 2760 2272 deliquerint,
2806 2200 3078 2272 pensione
3131 2198 3300 2268 legali
3345 2196 3667 2252 emendent.

1967 2289 2195 2346 Caetera
2253 2304 2534 2346 censuum
2590 2290 2938 2356 exactiones,
2972 2302 3104 2358 quae
3151 2286 3330 2342 servis
3358 2283 3540 2354 inﬂigi
3572 2298 3692 2345 so-s

1968 2377 2104 2444 lent,
2137 2378 2480 2433 omnimodis
2533 2385 2754 2434 vacent.
2810 2379 2930 2432 Hac
2957 2390 3017 2432 se
3073 2373 3388 2432 redimendi
3423 2371 3668 2442 populus

1966 2464 2265 2520 occasione
2294 2471 2578 2534 suscepta,
2630 2464 2912 2519 maximos
2962 2470 3040 2518 tot
3065 2474 3378 2517 avarorum
3415 2458 3669 2514 hiatibus

1967 2552 2330 2608 obstruendis
2383 2552 2609 2623 argenti
2665 2565 2904 2622 aggeres
2941 2551 3314 2606 obdiderunt.
3351 2547 3459 2614 Qui
3508 2554 3666 2602 tanto

1967 2639 2151 2696 imbre
2194 2640 2319 2696 fuso
2388 2640 2704 2695 sereniores
2751 2638 2977 2704 redditi,
3037 2653 3096 2693 se
3152 2637 3320 2692 fidem
3366 2636 3446 2690 eis
3493 2646 3668 2703 super

1967 2726 2074 2782 isto
2114 2728 2342 2798 negotio
2390 2734 2723 2784 servaturos
2766 2726 3140 2782 sacramentis
3173 2722 3428 2795 przebitis
3467 2722 3666 2777 lirma-

1966 2824 2198 2872 verunt.

2034 2905 2111 2957 In
2149 2901 2410 2958 Galliam
2430 2903 2579 2958 redit
2627 2903 2946 2975 episcopus.
2977 2905 3173 2973 Ipsum
3209 2900 3362 2956 inter
3387 2902 3444 2954 et
3472 2897 3662 2954 archi-

1963 2988 2267 3044 diaconum
2296 2989 2738 3045 .n'mullales.—
2769 2992 2940 3046 Facta
2982 2991 3176 3060 itaque
3219 2989 3369 3044 inter
3421 2988 3658 3054 clerum,

127 3074 454 3130 exordium
526 3088 774 3142 sumam,
851 3077 899 3131 si
947 3078 1183 3147 quando
1233 3079 1368 3136 illuc
1426 3095 1617 3151 regem
1660 3083 1855 3140 venire
1893 3090 1931 3145 c
1964 3090 2242 3145 proceres,
2291 3084 2347 3132 et
2382 3077 2659 3146 populum
2695 3078 2881 3133 mutui
2910 3076 3180 3146 adjutorii
3237 3075 3658 3145 conjuratione,

135 3161 528 3232 contingeret,
564 3161 682 3231 ipse
715 3163 817 3233 qui
853 3164 962 3220 sibi
1009 3169 1386 3223 reverentiam
1433 3170 1666 3240 exigere
1697 3172 1853 3242 regio

129 3249 336 3319 rigore
385 3249 684 3317 debuerat,
738 3251 852 3320 ipse
888 3252 947 3307 in
982 3254 1074 3310 sui
1114 3255 1369 3324 primum
1401 3258 1648 3327 turpiter
1696 3261 1852 3316 mul-

136 3335 406 3391 tabatur.
439 3335 654 3405 Nempe
682 3352 816 3393 cum
847 3339 981 3409 equi
1021 3339 1148 3409 ejus
1180 3341 1252 3396 ad
1287 3355 1502 3413 aquam
1549 3358 1652 3400 seu
1681 3359 1851 3404 mane

131 3437 239 3480 seu
300 3437 536 3493 vespere
587 3425 954 3493 ducerentur,
985 3429 1303 3486 verberatis
1341 3431 1686 3490 clienticulis
1714 3436 1851 3505 equi

133 3511 604 3580 abripiebantur.
652 3514 810 3583 Ipsos
863 3515 1035 3570 etiam
1069 3517 1239 3572 tantis
1287 3518 1474 3574 addici
1521 3521 1850 3579 constiterat

135 3597 621 3667 vilipensionibus
651 3599 903 3667 clericos,
939 3609 1002 3657 ut
1033 3617 1222 3674 neque
1254 3605 1311 3659 in
1349 3606 1625 3674 personis.
1659 3621 1848 3678 neque

134 3687 194 3741 in
258 3687 438 3742 rebus
490 3700 690 3742 eorum
749 3697 1081 3758 parceretur
1139 3691 1370 3761 eisdem,
1430 3695 1528 3749 sed
1548 3693 1726 3766 lesset,
1763 3697 1844 3751 uti

134 3771 357 3842 legitur
391 3786 402 3824 :
434 3793 456 3820 ι
489 3771 644 3828 Sicut
677 3774 946 3842 populus,
1006 3776 1089 3831 sic
1143 3778 1406 3834 sacerdos
1464 3779 1628 3850 (Ιεαί.
1683 3795 1842 3850 xxxv,

135 3861 211 3929 2).
252 3880 275 3908 ο
316 3858 422 3914 Sed
474 3859 616 3928 quid
656 3859 726 3916 de
768 3861 982 3929 plebeis
1028 3863 1270 3934 loquor?
1299 3865 1476 3922 Nemo
1503 3868 1572 3924 de
1601 3870 1847 3939 agrariis

136 3945 578 4017 ingrediebatur
618 3947 685 4002 in
730 3950 952 4017 urbem,
1012 3966 1183 4009 nemo
1215 3953 1326 4009 nisi
1377 3955 1659 4012 tutissimo
1695 3971 1848 4012 com-

135 4041 336 4090 meatu
375 4033 680 4090 accedebat
700 4035 772 4090 ad
806 4036 1006 4106 ipsam,
1041 4039 1146 4110 qui
1178 4055 1292 4095 non
1323 4049 1425 4096 aut
1455 4039 1846 4101 incarceratus

138 4120 211 4176 ad
270 4119 724 4189 redemptionem
774 4132 1094 4195 cogeretur,
1139 4141 1241 4183 seu
1269 4127 1564 4185 occasione
1623 4131 1846 4201 objecta

136 4209 453 4264 duceretur
482 4209 604 4264 sine
624 4224 799 4267 causa
825 4212 883 4269 in
917 4227 1174 4270 causam.

209 4295 330 4350 Sub
386 4296 646 4365 exemplo
724 4298 1040 4357 inferamus
1091 4317 1298 4369 unum,
1373 4305 1531 4375 quod
1583 4304 1630 4360 si
1687 4307 1840 4376 apud

1959 3163 2032 3218 ab
2083 3163 2284 3233 Anglis
2341 3178 2474 3219 cum
2521 3164 2774 3234 plurima
2820 3164 2986 3234 copia
3041 3163 3313 3220 remeavit
3346 3163 3659 3231 episcopus,

1958 3253 2057 3322 qui
2089 3260 2292 3308 contra
2336 3253 2513 3324 hujus
2538 3260 2799 3308 auctores
2830 3253 3119 3318 novitatis,
3155 3259 3344 3307 motus
3389 3250 3657 3319 aliquan-

1957 3341 2058 3396 diu
2083 3355 2205 3396 sese
2251 3342 2324 3397 ab
2379 3339 2521 3397 urbe
2569 3341 2873 3397 continuit.
2925 3341 3140 3396 Tamen
3175 3339 3355 3409 plenae
3387 3337 3576 3394 laudis
3604 3343 3660 3392 et

1957 3427 2154 3498 gloriae
2237 3429 2385 3484 inter
2446 3430 2637 3499 ipsum
2691 3439 2747 3484 et
2813 3430 3106 3485 Galterum
3187 3427 3656 3484 archidiaconum

1954 3515 2284 3584 complicem
2331 3531 2505 3574 suum
2551 3519 2764 3573 oborta
2794 3526 2928 3574 sunt
2977 3518 3316 3574 simultates.
3352 3515 3657 3585 Loqueba—

1954 3611 2050 3659 tur
2099 3605 2544 3660 archidiaconus
2587 3620 2761 3676 super
2812 3621 2947 3662 nece
3000 3605 3238 3661 Gerardi
3288 3604 3455 3660 valde
3489 3603 3656 3658 inde-

1954 3694 2141 3746 centia
2170 3692 2239 3747 de
2267 3692 2532 3762 episcopo
2571 3708 2696 3749 suo.
2750 3693 3060 3763 Episcopus
3113 3692 3300 3748 nescio
3342 3706 3473 3762 quas
3521 3704 3654 3746 cum

1950 3781 2169 3836 czeteris
2197 3794 2373 3850 super
2403 3780 2510 3836 hac
2551 3796 2612 3837 re
2641 3782 2867 3851 agebat,
2922 3783 3028 3837 hoc
3081 3781 3218 3844 scio,
3254 3781 3394 3851 quia
3429 3793 3654 3836 mecum

1949 3867 2031 3923 sic
2051 3867 2118 3922 de
2147 3883 2211 3924 eo
2234 3870 2611 3938 querebatur.
2645 3877 2796 3925 504
2853 3871 3108 3937 Domine,
3149 3871 3434 3939 inquiens,
3469 3867 3651 3933 abba;

1950 3954 1998 4010 si
2028 3955 2330 4024 contigerit
2359 3957 2653 4013 Galterum
2679 3957 2742 4011 in
2792 3957 3000 4027 quovis
3027 3956 3272 4012 concilio
3302 3956 3528 4024 aliquas
3558 3954 3655 4008 ad-

1952 4056 2182 4098 versum
2257 4058 2345 4099 me
2416 4051 2634 4099 motare
2696 4043 3109 4109 accusationes,
3170 4041 3652 4112 aequanimiterne

1953 4130 2175 4186 feretis?
2233 4130 2428 4187 Nonne
2480 4131 2596 4201 ipse
2663 4139 2765 4197 eSt,
2821 4133 2920 4202 qui
2971 4145 3036 4187 eo
3094 4139 3367 4200 tempore,
3439 4144 3556 4198 quo
3618 4141 3653 4182 a

1950 4218 2154 4274 vestris
2209 4219 2506 4289 digressus
2555 4221 2848 4276 monachis
2907 4220 3235 4275 Flaviacum
3270 4215 3648 4282 concessistis,

1948 4305 2112 4361 vobis
2157 4306 2215 4360 in
2272 4315 2539 4377 promptu
2599 4308 3023 4372 blandiebatur,
3100 4307 3248 4362 clam
3307 4305 3652 4362 moliebatur

142 4383 426 4439 Barbaros
456 4392 558 4439 aut
585 4386 824 4454 Scythas
853 4388 1032 4455 ﬁeret,
1069 4399 1219 4447 certe
1262 4407 1464 4449 eorum
1512 4394 1615 4463 qui
1645 4396 1840 4452 nullas
1876 4385 1922 4438 Ι)
1949 4393 2266 4459 dissidium,
2317 4394 2502 4462 palam
2534 4395 2735 4450 vestris
2768 4395 3158 4452 favorabiliter
3191 4394 3456 4451 adnitens
3479 4393 3651 4464 parti-

142 4469 356 4527 babent
432 4470 590 4541 legas
641 4473 1108 4542 profanissimum
1181 4487 1327 4536 esset
1398 4480 1635 4550 judicio.
1694 4483 1839 4539 Cum

143 4560 391 4617 Sabbato
420 4561 662 4617 diversis
697 4576 728 4617 e
767 4564 1002 4621 ruribus
1051 4567 1402 4630 mercimonii
1456 4572 1644 4641 gratia
1682 4572 1840 4642 plebs

145 4648 458 4715 agrestium
494 4647 591 4703 illo
622 4649 909 4720 venirent,
963 4651 1327 4712 civitatenses
1357 4658 1542 4727 cypbo
1570 4666 1671 4714 aut
1701 4674 1838 4716 scu-

147 4732 296 4801 tella,
319 4741 423 4790 aut
459 4734 714 4804 quolibet
740 4737 850 4793 alio
889 4740 1056 4795 modo
1105 4741 1396 4812 legumen,
1427 4753 1528 4800 aut
1559 4745 1833 4814 triticum,

95 4819 100 4822 ’
144 4833 244 4876 seu
274 4822 572 4892 quidpiam
628 4824 878 4896 alicujus
926 4826 1110 4899 frugis
1136 4829 1257 4886 foro
1285 4831 1452 4900 quasi
1493 4833 1694 4889 venale
1724 4835 1836 4890 cir-

144 4909 552 4977 cumferebant,
655 4927 907 4984 cumque
979 4917 1192 4972 rustico
1241 4919 1410 4976 'talia
1482 4922 1836 4993 perquirenti

143 4997 445 5054 emendum
489 4998 848 5068 obtulissent,
893 5001 986 5057 ille
1039 5010 1234 5060 taxato
1279 5006 1460 5076 pretio
1505 5022 1565 5063 se
1617 5009 1837 5078 pollice-

145 5079 312 5140 batur
328 5087 964 5157 empturum.Sequere,
998 5090 1186 5146 aiebat
1213 5094 1496 5160 venditor,
1530 5109 1620 5151 me
1650 5095 1707 5150 in
1734 5097 1834 5152 do-

143 5181 298 5227 mum
328 5187 531 5236 meam.
565 5183 629 5230 ut
660 5175 734 5231 ibi
756 5177 1054 5233 residuum
1085 5178 1271 5251 frugis
1303 5181 1496 5254 hujus,
1531 5198 1708 5253 quam
1732 5184 1831 5240 tibi

144 5258 340 5344 vendo,
372 5262 589 5331 videas,
617 5263 926 5335 visumque
967 5268 1267 5338 suscipias.
1319 5273 1680 5342 Sequebatur
1707 5273 1830 5344 ille;

143 5343 237 5398 sed
264 5359 394 5404 cum
427 5350 821 5418 pervenissent
843 5353 916 5408 ad
939 5367 1154 5423 arcam,
1180 5357 1363 5414 fidelis
1392 5361 1656 5416 venditor
1685 5343 1832 5418 elato

146 5434 198 5482 et
243 5440 493 5491 sustento
541 5450 688 5492 arcte
739 5440 1031 5508 operculo,
1096 5442 1329 5511 inclina,
1401 5446 1606 5509 aiebat.
1656 5458 1833 5519 caput

149 5520 305 5574 tuum
325 5529 379 5577 et
401 5523 572 5578 ulnas
600 5524 656 5579 in
698 5540 913 5594 arcam,
948 5536 1009 5584 ut
1040 5530 1240 5587 videas.
1287 5535 1442 5603 quod
1501 5536 1608 5591 hoc
1649 5543 1830 5593 totum

153 5618 260 5662 non
300 5609 578 5684 discrepet
626 5614 700 5668 ab
729 5628 796 5669 ea
850 5623 1006 5686 parte
1031 5631 1210 5689 quam
1244 5619 1345 5678 tibi
1384 5621 1442 5676 in
1492 5622 1610 5679 foro
1632 5637 1830 5696 propo-

1950 4482 2081 4550 bus,
2135 4489 2192 4537 et
2251 4497 2338 4537 me
2395 4492 2596 4538 contra
2653 4498 2750 4540 vos
2807 4485 3048 4541 latenter
3088 4485 3370 4540 irritans?
3415 4485 3514 4540 His
3558 4498 3650 4540 me

1947 4571 2146 4623 contra
2201 4568 2492 4624 funestum
2576 4571 2865 4628 hominem
2922 4571 3207 4627 alliciebat
3262 4571 3646 4636 sermonibus,

1943 4655 2204 4725 ejusdem
2274 4657 2733 4725 ponderosissimi
2799 4669 2993 4716 reatus
3057 4659 3165 4714 sibi
3238 4658 3520 4724 conscius,
3593 4665 3650 4714 et

1947 4757 2117 4812 penes
2146 4744 2406 4800 omnium
2458 4745 2678 4815 judicia
2733 4746 3123 4816 undecunque
3181 4746 3417 4801 timidus
3454 4759 3521 4800 ac
3547 4761 3647 4802 su-

1946 4839 2193 4901 spectus.
2691 4897 2695 4903 I

2014 4919 2158 4976 Cum
2189 4919 2365 4989 igitur
2395 4921 2454 4976 in
2491 4936 2587 4978 eos
2618 4922 2720 4992 qui
2744 4922 3218 4992 conjuraverant,
3241 4928 3296 4976 et
3327 4921 3387 4976 in
3433 4929 3644 4978 aucto-

1945 5027 2034 5068 res
2062 5027 2262 5069 eorum
2305 5013 2603 5070 inﬂexibili
2655 5014 3156 5072 animadversione
3203 5022 3422 5071 motum
3465 5029 3526 5071 se
3553 5014 3641 5070 di-

1941 5108 2111 5164 ceret,
2141 5114 2310 5156 voces
2341 5101 2572 5157 tandem
2607 5103 2986 5173 grandisonas
3042 5101 3236 5158 oblata
3295 5111 3526 5172 repente
3553 5118 3641 5160 se-

1942 5187 2100 5252 davit
2169 5187 2299 5243 auri
2359 5189 2702 5260 argentique
2757 5190 3069 5259 congeries.
3143 5191 3370 5245 iuravit
3446 5189 3644 5260 itaque

1941 5274 2364 5332 communionis
2390 5277 2548 5333 illius
2575 5292 2635 5334 se
2654 5279 2793 5348 jura
2826 5287 3140 5340 tenturum,
3195 5293 3260 5336 eo
3290 5280 3445 5349 quod
3487 5280 3644 5350 apud

1939 5362 2451 5433 Noviomagensem
2524 5365 2724 5422 urbem
2813 5368 3014 5437 (vulgo
3068 5367 3320 5438 Noyon),
3376 5375 3430 5424 et
3490 5371 3642 5424 San-

1940 5449 2316 5514 Quintinense
2345 5452 2620 5521 oppidum
2671 5455 2872 5524 (vulgo
2926 5455 3402 5524 Saint-Quentin)
3442 5457 3644 5512 ordine

1938 5536 2149 5606 scripta
2177 5540 2534 5596 exstiterant.
2599 5543 2943 5614 Compulsus
2979 5553 3033 5599 et
3066 5559 3166 5600 rex
3196 5553 3278 5599 est
3340 5543 3643 5613 largitione

1944 5626 2164 5699 plebeia
2212 5627 2459 5702 idipsum
2505 5630 2637 5700 jure
2678 5630 2932 5702 jurando
2965 5632 3214 5692 lirmare.
3272 5633 3424 5688 Deus
3457 5646 3646 5708 meus,
3741 5637 3750 5640 “
