3946 6388
359 384 464 439 9'23

343 516 476 587 quis
503 514 691 571 dicere
714 517 889 583 queat
919 516 1061 582 quot
1096 507 1373 578 susceptis
1431 504 1625 576 populi
1678 503 2037 568 muneribus,
2077 506 2125 560 Α

342 610 485 675 quot
529 602 702 659 etiam
745 606 873 670 post
904 596 1144 669 prabita
1171 601 1527 651 sacramenta
1577 591 1647 647 ad
1698 591 2047 647 subverten-

342 691 484 748 dum
542 687 696 761 quod
772 687 1138 757 juraverant,
1188 679 1593 738 controversia
1645 685 2043 746 emerserumt,

341 779 481 836 dum
529 790 723 835 servos
781 772 953 830 semel
1001 771 1075 827 ab
1101 769 1230 841 jugi
1282 767 1578 824 exactione
1634 766 2043 836 emancipatus,

340 865 413 921 ad
443 865 678 921 modum
730 860 1037 932 pristinum
1085 856 1341 926 redigere
1387 854 1703 926 quarunt?
1744 855 1882 910 Erat
1909 867 2047 909 sane

343 950 720 1023 implacabilis
783 944 1102 1004 invidentia
1184 942 1452 1014 episcopi,
1504 956 1572 998 ac
1617 955 1921 1012 procerum
1984 940 2046 996 in

340 1042 673 1112 burgenses,
703 1044 758 1094 et
794 1036 931 1092 dum
964 1031 1436 1099 Northmannico,
1473 1032 1558 1087 vel
1608 1030 1847 1102 Anglico
1891 1042 2047 1085 more

341 1127 675 1185 Francicam
758 1136 874 1179 non
961 1118 1232 1191 pravalet
1322 1118 1627 1174 extrudere
1704 1117 2043 1182 libertatem,

340 1215 578 1286 languet
610 1217 803 1283 pastor
855 1221 977 1265 sua
1033 1204 1401 1278 professionis
1428 1206 1729 1261 immemor
1771 1204 1923 1260 circa
1954 1202 2042 1258 in-

338 1301 681 1373 explebilem
712 1296 1102 1368 cupiditatem.
1153 1294 1209 1351 Si
1244 1293 1377 1364 quis
1403 1292 1777 1364 popularium
1810 1291 1868 1346 in
1898 1304 2045 1346 cau—

339 1403 459 1446 sam
491 1389 702 1445 ductus
733 1398 849 1440 non
871 1383 1070 1438 divina
1098 1380 1191 1438 sed
1228 1380 1601 1452 placitatoria,
1635 1386 1696 1436 ut
1724 1378 1806 1435 sic
1833 1378 2043 1446 dicam,

338 1472 663 1529 conditione
718 1470 939 1542 legibus
968 1468 1167 1525 fuisset
1221 1467 1504 1535 addictus,
1548 1466 1726 1538 hujus
1756 1479 1943 1536 usque
1972 1465 2047 1521 ad

339 1567 664 1617 extremum
687 1557 1013 1615 substantia
1033 1556 1510 1613 exhauriebatur.

411 1648 774 1702 Monetamm
826 1642 1139 1717 corruptio.
1189 1673 1258 1683 —-
1304 1643 1465 1700 Unde
1541 1642 1683 1713 quia
1737 1656 2045 1699 munerum

338 1736 723 1806 susceptiones
772 1734 946 1791 totius
986 1732 1189 1803 judicii
1244 1732 1408 1803 sequi
1439 1731 1578 1788 solet
1628 1732 1870 1799 eversio,
1929 1745 2047 1787 mo-

1256 374 1314 427 V.
1357 371 1686 428 GUIBEBTI
1727 367 2021 424 ABBATIS
2054 368 2115 423 S.
2155 366 2397 423 MANE
2436 366 2524 422 DE
2562 364 2958 421 NOVIGENTO

3747 360 3854 416 924

2226 503 2272 555 ,4
2280 503 2371 557 rte
2397 499 2800 571 “perductum
2824 497 3004 554 violat
3029 496 3371 570 quandoque
3397 495 3690 568 pudorem.

2293 589 2581 661 Impietas
2607 590 2867 644 contecta
2892 584 3013 654 diu,
3044 602 3150 641 nec
3171 584 3343 640 clara
3371 584 3618 640 recondi.

2232 677 2307 732 Ut
2339 677 2439 732 tua:
2464 678 2629 732 clara
2658 675 2889 743 vitrum,
2912 674 2999 729 sic
3025 676 3293 746 penetrat
3319 671 3531 736 faciem
3558 689 3576 726 :

2152 765 2309 837 quod
2360 766 2605 822 obscure
2656 765 2727 821 de
2777 763 3045 830 Gerardu,
3076 769 3133 818 et
3161 761 3333 832 quasi
3358 776 3475 817 non
3506 760 3746 827 fecisset,
3770 759 3860 816 fe-

2152 861 2306 911 cerat
2334 853 2404 909 de
2439 853 2619 908 altero
2641 860 2762 922 post
2791 851 3028 921 aliquod
3060 857 3288 919 tempus
3316 848 3590 916 Gerardo,
3625 849 3864 905 evidens

2152 956 2273 999 sua
2327 939 2690 998 crudelitatis
2743 939 2898 995 dedit
2945 938 3246 995 indicium.
3294 938 3433 993 Erat
3479 936 3766 1007 siquidem
3814 936 3865 993 is

2150 1029 2444 1087 Gerardus
2476 1028 2660 1099 major
2716 1028 2927 1091 nescio,
2979 1041 3053 1083 an
3112 1026 3367 1082 decanus
3400 1026 3748 1082 rusticorum
3787 1024 3865 1081 ad

2151 1132 2212 1175 se
2234 1117 2665 1189 pertinentium,
2697 1118 2799 1187 qui
2856 1116 2998 1186 quia
3025 1114 3259 1186 pronior
3297 1122 3419 1171 erat
3443 1115 3516 1171 ad
3556 1115 3860 1183 Thomam,

2151 1204 2505 1277 Ingelranni,
2534 1205 2604 1261 de
2635 1219 2750 1275 quo
2798 1218 2977 1274 supra
3004 1204 3252 1275 egimus,
3297 1210 3359 1259 ut
3411 1201 3625 1258 dicitur
3652 1200 3859 1267 ﬁlium,

2150 1294 2345 1351 virum
2395 1293 2656 1350 omnium
2706 1306 2853 1364 quos
2903 1291 3173 1348 novimus
3220 1292 3327 1347 hac
3355 1298 3520 1346 atate
3566 1288 3862 1359 nequissi-

2152 1398 2333 1450 mum,
2384 1384 2687 1455 episcopus
2733 1396 2869 1439 eum
2912 1380 3182 1438 omnibus
3241 1380 3485 1437 habebat
3545 1379 3857 1435 infensum.

2152 1472 2313 1529 Unde
2349 1478 2404 1528 et
2434 1486 2568 1528 eum
2596 1470 2930 1541 corripiens,
2963 1476 3019 1525 et
3051 1469 3205 1524 intra
3230 1467 3550 1538 episcopale
3578 1464 3862 1537 palatium

2150 1558 2422 1615 custodia
2479 1572 2613 1615 eum
2664 1558 2923 1625 trudens,
2957 1563 3120 1613 nocte
3150 1570 3248 1625 per
3286 1569 3501 1611 manus
3552 1553 3864 1625 cujusdam

2150 1647 2243 1703 sui
2317 1646 2620 1717 Ethiopis,
2687 1646 2884 1702 oculos
2944 1644 3073 1715 ejus
3121 1644 3250 1699 fecit
3296 1642 3487 1698 evelli.
3531 1644 3653 1709 Quo
3710 1641 3864 1697 facto

2152 1742 2345 1805 aperte
2400 1733 2733 1805 ignominia
2764 1747 2824 1789 se
2852 1732 3095 1799 addixit,
3131 1732 3284 1803 quod
3341 1731 3413 1787 de
3440 1729 3734 1801 superiore
3758 1728 3866 1785 Ge-

339 1818 486 1881 neta
516 1836 881 1894 percussores
928 1820 1169 1877 scientes
1195 1818 1240 1875 si
1273 1828 1575 1889 peccarent
1607 1820 1663 1875 in
1696 1819 1885 1875 ofﬁcio
1914 1833 2037 1886 suo,
2078 1792 2124 1850 Β
2153 1792 2327 1880 rardo
2355 1792 2584 1890 fecerat,
2624 1821 2937 1888 refricavit,
2993 1834 3100 1875 nec
3148 1792 3399 1884 clerum,
3429 1792 3535 1874 nec
3580 1815 3866 1887 populum

339 1912 494 1983 quod
526 1907 859 1982 pecuniaria
913 1913 1144 1978 possent
1172 1904 1562 1976 redemptione
1593 1904 1826 1973 salvari,
1880 1910 2043 1960 tanta

337 2001 596 2059 eamdem
646 1998 893 2055 falsitate
924 2001 1331 2065 corruperunt,
1368 2002 1433 2051 ut
1462 2009 1565 2065 per
1612 1995 1719 2050 hoc
1759 1994 1831 2049 ad
1860 2001 2044 2050 extre-

340 2102 495 2145 mam
529 2086 764 2157 plurimi
799 2084 1172 2156 indigentiam
1203 2083 1575 2140 ducerentur.
1608 2083 1754 2140 Nam
1782 2097 1914 2139 cum
1944 2083 2042 2139 de-

340 2176 538 2232 narios
566 2186 638 2229 ex
664 2186 776 2229 are
810 2171 1087 2227 vilissimo
1105 2170 1470 2239 conﬁcerent,
1493 2184 1641 2241 quos
1670 2170 1729 2225 in
1756 2177 2042 2226 momento

340 2259 535 2333 pravis
561 2258 912 2331 quibusdam
944 2256 1186 2321 artibus,
1219 2264 1460 2327 argento
1500 2255 1867 2312 micantiores
1888 2253 2040 2312 face-

338 2355 465 2406 rent
495 2346 712 2419 vigiliis
744 2360 758 2400 :
791 2344 934 2415 proh
980 2342 1168 2399 dolor!
1209 2342 1515 2398 fallebatur
1542 2341 1822 2412 ineptum,
1856 2351 1913 2399 et
1933 2356 2044 2399 sua

340 2437 614 2508 pretiosa,
656 2447 724 2490 ac
750 2432 891 2489 vilia
913 2432 1297 2497 detrahentes,
1329 2430 1560 2486 nonnisi
1589 2430 2043 2500 impurissimam

337 2524 725 2595 suscipiebant
753 2522 1017 2578 scoriam.
1053 2521 1123 2576 Et
1151 2518 1366 2576 domini
1419 2518 1667 2589 episcopi
1711 2532 1889 2591 super
1939 2519 2043 2575 isto

342 2612 767 2671 munerabatur
816 2608 1109 2678 patientia,
1166 2621 1267 2677 per
1313 2606 1469 2677 quod
1527 2620 1641 2663 non
1689 2606 1858 2662 modo
1892 2606 2045 2662 intra

340 2699 700 2773 provinciam
730 2696 1197 2761 Laudunensem,
1227 2696 1323 2751 sed
1349 2703 1405 2751 et
1434 2695 1603 2766 longe
1632 2694 1863 2765 lateque
1892 2693 2043 2750 mul-

340 2796 533 2845 torum
580 2784 1009 2841 accelerabatur
1056 2782 1305 2839 miseria.
1364 2783 1627 2854 Cumque
1694 2796 1860 2838 suam
1928 2782 2045 2852 ipse

340 2879 627 2929 monetam
687 2884 790 2942 per
843 2883 903 2925 se
945 2868 1095 2925 male
1145 2876 1478 2939 corruptam
1519 2868 1939 2935 miserabiliter,
1988 2876 2045 2925 et

341 2959 541 3016 merito
574 2959 873 3028 impotens,
934 2970 1039 3013 nec
1087 2964 1297 3025 tenere,
1340 2970 1447 3012 nec
1497 2956 1782 3027 corrigere
1835 2961 2041 3026 posset,

338 3047 753 3105 Ambianenses
815 3044 1030 3112 obolos,
1080 3043 1585 3113 corruptissimum
1640 3042 1811 3098 etiam
1873 3042 2042 3113 quid-
2082 3077 2122 3132 ο

338 3136 493 3204 dam,
528 3136 588 3192 in
644 3135 789 3191 urbe
844 3132 1189 3207 aliquandiu
1229 3144 1504 3187 cursurus
1559 3130 1853 3187 instituit:
1897 3145 2043 3201 quos

339 3239 575 3297 quoque
603 3237 737 3281 cum
769 3223 1101 3280 nullatenus
1125 3219 1395 3276 cohibere
1427 3217 1663 3284 valeret,
1695 3218 1785 3274 sui
1809 3219 2040 3276 tandem

339 3314 612 3383 temporis
667 3323 1079 3382 percussuram
1122 3306 1325 3374 erexit,
1382 3304 1475 3360 cui
1525 3305 1741 3374 pariter
1794 3306 1867 3361 ad
1918 3320 2041 3363 sua

337 3415 593 3473 persona
622 3400 876 3471 signum,
905 3395 1151 3452 ferulam
1205 3391 1551 3462 pastoralem
1601 3391 1856 3463 imprimi
1893 3393 2038 3451 fecit.

337 3488 474 3556 Qua
506 3489 654 3545 clam
684 3487 757 3541 ab
787 3484 1059 3541 omnibus
1114 3494 1248 3536 cum
1292 3487 1452 3535 tanto
1488 3480 1772 3537 cachinno
1804 3496 2039 3553 sperne-

338 3576 572 3642 bantur,
605 3580 671 3629 ut
700 3569 1012 3641 impuriore
1062 3573 1290 3622 moneta
1338 3566 1572 3623 omnino
1619 3568 1814 3627 minus
1842 3584 2040 3641 appre-

343 3664 616 3719 ciaretur.

407 3749 554 3804 Inde
587 3744 825 3803 sentina
857 3741 1240 3816 ﬂagitiorum.
1273 3773 1341 3783 --
1367 3743 1594 3800 Interea
1638 3758 1771 3801 cum
1823 3747 1894 3802 ad
1925 3747 2040 3803 sin-

339 3838 509 3910 gulas
542 3848 808 3906 quasque
864 3833 1074 3889 horum
1118 3844 1403 3909 novorum
1435 3831 1851 3889 numismatum
1900 3849 2035 3905 pro-

339 3924 615 3982 motioncs
653 3922 987 3979 ferebantur
1032 3919 1237 3986 edicta,
1269 3933 1342 3975 ne
1379 3918 1511 3989 quis
1556 3921 1829 3990 pessimas
1859 3922 2039 3992 ipsius

337 4019 719 4069 caraxaturas
758 4009 1146 4068 cavillaretur.
1186 4007 1324 4062 lude
1354 4008 1717 4064 creberrima
1755 4010 2035 4080 populum

339 4101 644 4172 impetendi
675 4099 1016 4165 occasiones,
1050 4096 1217 4168 quasi
1250 4095 1348 4167 qui
1404 4095 1759 4154 calumniam
1816 4099 2039 4156 intulis-

336 4197 461 4247 sent
518 4188 781 4245 instituto
828 4185 1129 4257 pontiﬁcis,
1187 4184 1322 4241 inde
1371 4183 1827 4257 largissimorum
1883 4201 2036 4258 qua-

337 4292 570 4348 cunque
599 4277 719 4333 ﬁeri
768 4281 1046 4347 poterant,
1078 4286 1359 4329 ceusuum
1393 4273 1765 4330 extortiones.
1813 4277 1899 4331 Ad
1930 4277 2037 4332 hoc

337 4366 658 4423 monachus
710 4364 950 4436 quidam
1007 4363 1063 4417 in
1101 4361 1433 4418 omnimoda
1462 4362 1731 4431 opinione
1777 4365 2038 4434 turpissi-
2075 4354 2116 4409 Ε

338 4466 488 4521 mus,
552 4452 783 4508 nomine
841 4449 1248 4516 Theudoricus,
1296 4462 1331 4504 a
1366 4449 1645 4518 Tornaco,
1710 4453 1881 4523 cujus
1916 4460 2041 4509 erat

339 4540 629 4613 indigena,
689 4540 963 4605 inﬁnitas,
995 4546 1049 4595 et
1081 4552 1116 4593 a
1159 4537 1443 4594 Flandriis
1496 4539 1784 4597 deferebat
1813 4542 2040 4613 argenti

339 4642 572 4685 massas.
608 4628 715 4696 Qui
757 4628 819 4684 in
848 4627 1210 4684 falsissimam
1252 4625 1521 4681 Lauduni
1550 4628 1813 4699 redigens
1830 4638 2041 4686 cuneta

335 4724 645 4786 monetam,
703 4717 1035 4773 universam
1096 4713 1305 4771 exinde
1378 4717 1742 4785 respergebat
1798 4718 2041 4775 circum-

336 4821 572 4878 quaque
604 4806 977 4876 provinciam.
1025 4803 1206 4874 Cujus
1231 4801 1421 4857 xeniis
1447 4802 1881 4863 detestabilihus
1900 4807 2042 4863 divi-

339 4903 459 4950 tum
517 4894 625 4951 sibi
682 4894 996 4951 concilians
1048 4889 1375 4958 avaritiam,
1431 4894 1818 4961 mendacium,
1849 4895 2042 4966 perju-

336 4982 510 5049 rium,
542 4986 970 5053 egestatemque
1003 4979 1273 5047 inferens,
1316 4980 1575 5047 veritate,
1605 4982 1850 5053 justitia,
1894 4996 2041 5053 opu-

338 5067 515 5125 lentia
562 5069 905 5126 destituebat
973 5069 1237 5140 patriam.
1288 5070 1464 5128 Nulla
1511 5070 1811 5139 hostilitas,
1863 5071 2041 5128 nulla

340 5156 567 5228 prada,
598 5157 759 5213 nulla
777 5158 1039 5213 incendia
1068 5159 1221 5214 hanc
1250 5160 1412 5231 pejus
1438 5158 1632 5216 lasere
1660 5158 2038 5229 provinciam,

339 5258 474 5301 cum
505 5251 791 5302 vetustam
818 5245 944 5316 ejus
973 5246 1135 5302 urbis
1162 5255 1453 5305 monetam
1505 5246 1717 5304 mania
1763 5246 2041 5305 haberent

342 5333 601 5389 Romana
623 5332 1028 5404 gratissimam.

411 5419 549 5475 Dira
567 5419 865 5492 cpiscopus
875 5422 1131 5478 Gerardo
1146 5421 1630 5492 Ingelranniﬁtio
1649 5423 1801 5478 eruit
1824 5423 2037 5479 oculos.

341 5508 390 5563 A
418 5520 578 5580 papa
605 5509 1298 5583 mpendtturabofﬁcio;
1314 5513 1467 5568 unde
1478 5513 1723 5568 Romam
1740 5511 2045 5584 proﬁcisci-

343 5599 455 5651 tur.
489 5627 557 5637 —
583 5598 655 5653 At
684 5598 960 5670 quoniam
995 5613 1008 5654 :

2149 1911 2337 1978 latuit,
2390 1910 2546 1981 quod
2582 1911 2894 1979 episcopos,
2933 1908 3309 1978 presbyteros,
3365 1914 3541 1976 atque
3600 1904 3861 1967 clericus.

2150 2013 2185 2056 a
2230 2012 2367 2055 nece
2406 1998 2678 2068 necisque
2725 1996 2965 2067 judicio,
3018 2010 3120 2051 seu
3167 1992 3865 2063 truncationelmemhro-

2150 2101 2282 2143 rum
2333 2085 2551 2153 Canon,
2617 2084 2678 2140 ni
2727 2084 2910 2151 fallor,
2960 2082 3270 2138 Toletanus
3325 2080 3596 2147 inhibuit,
3664 2092 3865 2150 regem

2149 2174 2322 2231 etiam
2373 2174 2493 2243 ipse
2547 2186 2749 2228 rumor
2800 2170 3055 2227 oﬁendit.
3100 2170 3301 2225 Nescio
3341 2176 3614 2239 praterea
3669 2180 3745 2222 an
3788 2166 3865 2223 ad

2150 2261 2519 2331 apostolicam
2547 2260 2736 2316 sedem
2798 2256 3143 2329 pervenerit,
3181 2258 3286 2313 hoc
3336 2256 3453 2312 scio
3481 2264 3670 2312 tamen
3701 2254 3866 2324 quod

2150 2348 2224 2404 ab
2251 2347 2439 2403 ofﬁcio
2466 2361 2600 2403 eum
2646 2360 2797 2417 papa
2849 2344 3229 2414 suspenderit,
3264 2343 3419 2413 quod
3457 2343 3678 2399 astimo
3716 2342 3866 2412 quia

2150 2449 2265 2491 non
2297 2435 2369 2491 ob
2415 2434 2588 2490 aliam
2643 2447 2879 2490 causam
2944 2431 3157 2487 fecerit.
3215 2429 3302 2485 Ad
3368 2429 3673 2486 cumulum
3721 2444 3865 2486 vero

2149 2522 2285 2580 mali
2335 2522 2651 2593 quamdam
2701 2532 3019 2589 suspensus
3060 2517 3357 2573 ecclesiam
3407 2516 3710 2573 dedicavit.
3746 2518 3863 2573 Ro-

2154 2624 2307 2667 mam
2347 2624 2482 2682 ergo
2529 2608 2927 2679 proficiscitur,
2969 2605 3140 2676 cujus
3168 2605 3360 2661 verbis
3384 2613 3441 2661 et
3487 2604 3867 2661 suasionibus

2151 2698 2442 2764 dominus,
2476 2710 2627 2768 papa
2655 2695 2949 2761 delinitur,
2980 2703 3036 2749 et
3065 2692 3459 2763 resumptalad
3488 2705 3594 2748 nos
3611 2694 3869 2749 auctori-

2153 2794 2267 2843 tate
2312 2791 2463 2840 ωε
2494 2784 2845 2841 remittitur..
2895 2783 3109 2840 Videns
3142 2782 3336 2852 itaque
3367 2782 3519 2837 Deus
3544 2780 3862 2851 magistros

2151 2881 2207 2930 et
2253 2873 2513 2930 subditos
2556 2872 2704 2928 facto
2733 2880 2788 2929 et
2818 2885 3103 2927 consensu
3136 2871 3257 2941 pari
3290 2869 3719 2925 communicare
3752 2884 3866 2924 ne-

2153 2961 2359 3033 quitia,
2387 2960 2505 3032 jam
2541 2975 2656 3016 non
2689 2960 2873 3030 potuit
2898 2973 3007 3015 sua
3035 2958 3330 3014 continere
3355 2957 3596 3028 judicia,
3640 2957 3865 3026 permi-

2151 3049 2224 3106 sit
2274 3049 2525 3120 denique
2584 3056 2886 3118 conceptas
2940 3046 3329 3117 malignitates
3384 3046 3444 3101 in
3490 3045 3861 3114 propatulum

2151 3138 2422 3194 devenire
2450 3137 2726 3205 furorem,
2760 3136 2862 3206 qui
2893 3135 3033 3191 dum
3054 3148 3126 3190 ex
3145 3133 3421 3203 superbia
3452 3146 3702 3203 praccps
3741 3133 3864 3203 agi-

2152 3234 2267 3293 tur,
2330 3227 2440 3282 Deo
2485 3224 2733 3292 vindice,
2768 3237 2910 3279 casu
2941 3235 3368 3293 usquequaque
3398 3220 3683 3277 horrendo
3714 3234 3861 3276 cons

2152 3313 2447 3385 fringitur.

2221 3402 2463 3457 Molitur
2483 3398 2921 3457 Communionis
2931 3397 3382 3470 abrogationem,
3405 3396 3500 3451 die
3518 3396 3725 3453 eadem
3737 3412 3864 3468 qua

2148 3490 2458 3546 Ascelinu:
2506 3506 2694 3562 regem
2751 3487 3106 3560 prodiderat.
3141 3516 3207 3528 —
3248 3486 3332 3542 Ad
3391 3485 3865 3541 communionem

2150 3579 2365 3650 itaque,
2420 3593 2598 3649 quam
2632 3579 2957 3649 juraverat,
3011 3584 3067 3631 et
3110 3589 3302 3645 regem
3360 3573 3613 3643 pramiis
3655 3572 3865 3642 jurare

2147 3666 2521 3737 compulerat,
2557 3664 2985 3731 destruendam,
3010 3664 3071 3718 in
3105 3675 3375 3733 supremo
3393 3660 3867 3732 Quadragesima

2145 3753 2527 3811 sacrosanctis
2610 3752 2920 3809 Dominica
3002 3750 3289 3821 passionis
3362 3747 3585 3814 diebus,
3657 3749 3862 3805 accitis

2147 3842 2505 3913 proceribus,
2562 3849 2617 3897 et
2675 3841 3027 3911 quibusdam
3103 3839 3346 3906 clericis,
3398 3840 3610 3894 instare
3666 3836 3861 3894 decre-

2144 3937 2328 3987 verat.
2356 3930 2440 3985 Ad
2496 3929 2551 3985 id
2582 3929 2661 3999 pii
2693 3928 2863 3985 ofﬁcii
2920 3940 3110 3999 regem
3148 3933 3507 3988 evocaverat,
3561 3932 3616 3981 et
3670 3926 3863 3995 pridie

2146 4020 2506 4085 Parasceves,
2582 4018 2756 4074 Cana
2838 4016 3052 4072 scilicet
3137 4014 3449 4081 Dominica,
3530 4026 3723 4084 regem
3805 4022 3862 4070 et

2144 4120 2319 4163 suum
2377 4104 2718 4161 universum
2774 4104 3054 4174 populum
3102 4103 3359 4174 pejerare
3414 4102 3706 4169 docuerat,
3761 4102 3859 4158 cui

2143 4209 2203 4252 se
2260 4194 2467 4266 laqueo
2524 4193 2747 4263 primus
2798 4193 3171 4248 immerserat.
3249 4190 3373 4257 Quo
3437 4189 3703 4245 videlicet
3760 4190 3856 4246 die

2147 4282 2447 4339 Ascelinus
2473 4281 2777 4351 episcopus
2815 4280 3201 4350 praedecessor
3250 4278 3378 4349 ejus
3404 4290 3596 4349 regem
3650 4291 3850 4346 suum,

2145 4378 2211 4429 ut
2260 4368 2523 4441 pradixi,
2584 4368 2932 4439 prodiderat.
2992 4367 3136 4423 Nam
3195 4380 3315 4437 qua
3368 4365 3459 4421 die
3516 4365 3855 4437 gloriosissi-

2146 4470 2308 4514 mum
2392 4455 2809 4527 pontiﬁcalium
2882 4454 3205 4511 officiorum
3269 4453 3522 4509 chrisma
3584 4452 3849 4510 videlicet

2146 4558 2480 4602 consecrare
2550 4544 2849 4611 debuerat,
2909 4551 2965 4599 et
3006 4557 3039 4598 a
3100 4544 3222 4598 suis
3284 4541 3616 4598 excessibus
3658 4542 3851 4597 absol-

2146 4647 2281 4691 vere
2334 4634 2577 4704 plebem,
2635 4645 2704 4688 ea
2760 4644 2832 4687 ne
2883 4631 3108 4703 ingredi
3156 4630 3389 4701 quidem
3446 4630 3607 4686 visus
3659 4637 3746 4687 est
3768 4645 3853 4687 ec-

2144 4722 2399 4779 clesiam.
2461 4719 2903 4777 Machinabatur
2956 4732 3088 4775 cum
3139 4718 3476 4775 lateralibus
3558 4718 3729 4788 regis.
3790 4724 3852 4774 ut

2145 4808 2551 4867 communione
2579 4809 2872 4865 destructa
2900 4821 3003 4865 rex
3049 4807 3200 4864 idem
3227 4808 3286 4862 in
3318 4806 3568 4877 priorem
3616 4806 3853 4868 modum

2142 4898 2279 4969 jura
2309 4896 2590 4967 redigeret
2621 4895 2802 4952 urbis.
2864 4897 2933 4951 At
2962 4895 3281 4966 burgenses
3327 4894 3397 4949 de
3444 4908 3553 4949 sua
3609 4893 3851 4949 subver-

2145 4986 2303 5042 sione
2353 4990 2631 5051 verentes,
2685 4981 3144 5054 quadringentas
3197 4982 3420 5051 (utrum
3462 4978 3712 5050 amplius
3754 4995 3851 5037 ne—

2146 5072 2285 5142 scio)
2316 5072 2495 5129 libras
2524 5071 2644 5143 regi
2676 5084 2743 5127 ac
2772 5069 2944 5141 regiis
2988 5068 3351 5139 pollicentur.
3384 5068 3599 5123 Contra
3646 5066 3856 5137 episco-

2146 5173 2257 5230 pus
2320 5172 2583 5230 proceres
2647 5158 2857 5226 fsecum
2921 5156 3081 5229 loqui
3155 5171 3288 5212 cum
3374 5170 3508 5228 rege
3566 5154 3850 5224 sollicitat,

2146 5248 2545 5318 spondentque
2597 5246 2815 5317 pariter
2879 5246 3287 5317 septingentas,
3356 5258 3460 5301 rex
3525 5243 3853 5301 Ludovicus

2147 5335 2388 5406 Philippi
2436 5334 2701 5391 ﬁlius.....
2768 5332 2863 5406 Lf.,
2910 5333 3174 5404 persona]
3231 5333 3598 5403 conspicuus,
3642 5340 3710 5388 ut
3750 5332 3850 5390 soli

2145 5423 2431 5495 majestati
2466 5423 2639 5495 regia
2681 5422 2980 5479 videretur
3020 5422 3281 5488 idoneus,
3325 5421 3502 5476 armis
3559 5428 3848 5487 strenuus,

2148 5526 2250 5583 pro
2280 5512 2505 5585 negotio
2552 5511 2771 5568 inertia
2821 5510 3145 5581 impatiens,
3196 5510 3390 5566 animo
3444 5508 3556 5565 sub
3601 5510 3850 5567 adversis

2149 5602 2488 5673 intrepidus,
2511 5615 2645 5657 cum
2669 5600 2813 5656 alias
2836 5600 3024 5656 bonus
3055 5606 3220 5666 esset,
3256 5598 3316 5653 in
3349 5598 3458 5653 hoc
3486 5611 3601 5654 non
3646 5599 3847 5670 aquis.
