3946 6384
115 364 219 416 925

1183 365 1274 420 DE
1311 365 1476 420 VITA
1514 365 1654 422 SUA
1692 366 1880 421 LIBRI
1921 367 2118 423 TRES.
2169 399 2236 408 —-
2283 371 2410 425 LIB.
2456 371 2554 426 III.

3519 383 3622 434 926

111 491 446 558 simuserat,
479 493 636 562 quod
661 491 943 550 vilibuset
972 495 1256 564 corruptis
1276 495 1523 552 avaritia
1550 497 1808 567 personis
1847 500 2215 570 Aepiscopus
2254 501 2560 558 missarum
2607 503 2814 574 ofﬁcio,
2864 519 2938 562 ex
2994 507 3418 580 episcopalibus
3465 511 3623 567 villis

113 581 290 636 nimie
326 595 525 637 aurem
579 588 632 637 et
659 582 919 638 animum
969 582 1162 638 dabat.
1196 584 1354 647 Quod
1385 585 1456 639 ad
1490 585 1812 641 maximum

114 669 204 724 sui
231 667 639 724 detrimentum
694 676 749 723 et
796 669 1366 740 vituperabilitatem,
1398 679 1454 727 et
1498 673 1811 728 multorum

114 756 423 826 perniciem
476 756 856 824 redundabat,
915 758 1071 828 quod
1127 759 1220 814 hic
1277 767 1332 815 et
1397 759 1541 816 alias
1600 761 1814 817 factum

118 853 362 900 constat.

186 933 373 1003 Igitur
402 933 617 1003 regius,
680 940 744 988 ut
795 933 938 999 dixi,
970 936 1261 1004 appetitus
1289 936 1361 991 ad
1421 936 1643 1006 potiora
1691 951 1818 1007 pro-

113 1021 288 1076 missa
344 1021 682 1088 deﬂectitur,
736 1035 920 1090 eoque
1001 1030 1202 1078 contra
1269 1023 1452 1080 Deum
1526 1025 1818 1081 sanciente

115 1107 312 1163 omnia
341 1115 700 1164 sacramenta
716 1122 844 1175 sua,
875 1108 1094 1166 scilicet
1117 1110 1369 1180 episcopi
1399 1125 1467 1166 ac
1489 1126 1814 1182 procerum,

114 1193 239 1250 sine
271 1195 390 1252 ulla
431 1196 743 1252 honestatis
773 1210 840 1252 ac
863 1211 1163 1253 sacrorum
1209 1199 1433 1255 dierum
1467 1201 1818 1270 respectione

115 1291 443 1339 cassantur.
519 1285 602 1339 Ea
648 1293 812 1340 nocte
883 1299 984 1341 rex
1060 1294 1287 1357 propter
1357 1287 1816 1358 injustissimam,

115 1385 296 1440 quam
327 1371 541 1441 populo
571 1371 889 1428 incusserat
920 1373 1175 1442 turbam,
1228 1389 1360 1430 cum
1393 1375 1530 1431 foris
1583 1376 1819 1433 haberet

118 1459 456 1528 hospitium,
489 1460 738 1516 dormire
773 1461 1070 1530 pertimuit
1110 1471 1278 1518 extra
1305 1463 1626 1533 episcopale
1654 1463 1818 1534 pala-

119 1547 286 1603 tium.
334 1547 455 1602 Rex
505 1562 734 1603 summo
784 1563 950 1604 mane
994 1559 1322 1618 recesserat,
1371 1559 1428 1606 et
1454 1552 1703 1622 episcopi
1744 1551 1818 1607 ad

119 1649 384 1704 proceres
411 1635 640 1704 sponsio
667 1635 816 1692 facta
867 1635 1074 1703 fuerat,
1112 1646 1176 1694 ut
1229 1653 1347 1695 non
1381 1648 1722 1695 vererentur
1750 1640 1819 1696 de

116 1729 295 1778 tanta
354 1724 611 1792 pactione
663 1725 940 1793 pecunia,
987 1726 1230 1782 scientes
1275 1741 1334 1782 se
1376 1727 1663 1797 quidquid
1708 1727 1815 1796 ipsi

119 1810 352 1880 polliciti
383 1811 614 1867 fuerant
669 1811 1002 1869 soluturum
1058 1827 1199 1869 esse.
1259 1812 1420 1880 Quod
1474 1815 1544 1880 si,
1602 1814 1812 1884 inquit,

115 1899 274 1969 quod
306 1899 465 1955 vobis
488 1900 758 1970 spondeo,
794 1914 912 1956 non
941 1900 1144 1969 fecero,
1176 1901 1386 1957 tradite
1417 1915 1509 1957 me
1539 1901 1819 1959 redimen-

122 1986 265 2043 dum
291 1989 506 2043 carceri
529 1988 706 2059 regio.

191 2073 492 2129 Dissoluta
509 2074 911 2131 Communione
923 2074 988 2130 in
1015 2075 1152 2131 urbe
1171 2077 1583 2147 perturbantur
1601 2076 1818 2132 omnia.

113 2163 443 2235 Burgenses
469 2162 734 2236 episcopo
756 2163 1038 2219 violentas
1071 2181 1279 2219 manus
1302 2166 1514 2236 aferre
1535 2168 1817 2221 statuunt.

116 2281 189 2292 —
222 2251 430 2322 Ruptis
479 2253 659 2323 igitur
714 2251 1142 2310 communitatis
1186 2254 1471 2324 praedicta
1515 2254 1824 2311 faderibns

114 2347 315 2396 tantus
343 2340 524 2407 furor,
585 2349 783 2396 tantus
815 2349 1036 2411 stupor,
1082 2342 1460 2415 burgensium
1491 2344 1665 2398 corda
1695 2358 1821 2400 cor-

115 2428 301 2498 ripuit
334 2436 400 2484 ut
418 2443 617 2484 omnes
659 2428 931 2484 ofﬁciales
984 2429 1174 2485 ofﬁcia
1229 2443 1338 2485 sua
1393 2430 1736 2499 desererent,
1768 2438 1824 2488 et

117 2515 436 2572 cerdonum
485 2529 552 2571 ac
597 2523 862 2571 sutorum
910 2516 1226 2572 tabernula
1280 2517 1710 2586 clauderentur,
1767 2529 1823 2576 et

117 2618 309 2660 scena
338 2618 445 2660 nec
465 2604 668 2660 venale
697 2604 997 2674 quidpiam
1047 2618 1082 2659 a
1120 2605 1478 2674 pandocibus
1522 2614 1577 2662 et
1619 2621 1824 2677 caupo-

116 2693 299 2747 nibus
327 2691 644 2759 sisteretur,
701 2693 856 2762 apud
917 2706 1063 2762 quos
1110 2693 1254 2748 nihil
1283 2693 1548 2750 futurum
1604 2695 1821 2751 residui

116 2779 369 2836 dominis
397 2779 790 2849 pradantibus
839 2788 1190 2850 speraretur.
1247 2781 1392 2836 Nam
1424 2784 1694 2852 protinus
1748 2784 1822 2840 ab

116 2868 388 2938 episcopo
432 2876 486 2924 et
517 2869 852 2937 proceribus
882 2869 1286 2925 universorum
1318 2870 1656 2927 substantia
1705 2885 1822 2926 me-

115 2954 371 3020 tiuntur,
403 2963 458 3010 et
489 2963 776 3026 quantum
806 2955 1057 3026 quisque
1086 2955 1218 3012 sciri
1243 2965 1466 3026 poterat
1493 2959 1714 3014 dedisse
1749 2960 1819 3015 ad

1925 589 2176 658 plurimo
2223 591 2402 646 accito
2459 593 2804 649 rusticorum
2855 595 3088 667 agmine
3133 603 3322 654 turres
3375 599 3626 655 ecclesiae

1925 677 2134 744 munit,
2192 679 2533 749 curiamque
2577 695 2744 737 suam
2804 685 3086 740 asservari
3155 686 3431 755 pracipit,
3491 703 3623 744 cum

1925 764 2078 834 ipsos
2108 781 2343 837 quoque
2391 781 2564 837 prope
2611 783 2724 824 non
2779 771 2974 828 minus
3002 781 3296 842 pateretur
3352 774 3622 844 infensos,

1927 862 2123 923 utpote
2184 856 2282 924 qui
2337 855 2549 912 scirent
2579 856 2951 914 denariorum
3011 874 3270 931 aggeres,
3325 876 3472 932 quos
3504 864 3628 935 regi

1925 942 2279 1011 promiserat,
2315 957 2389 998 ex
2411 943 2531 999 suis
2561 945 2814 1014 ipsorum
2847 949 3158 1017 marsupiis
3180 949 3550 1007 hauriendos.

1995 1029 2183 1084 Statio
2210 1030 2366 1101 apud
2395 1030 2456 1084 S.
2498 1031 2883 1088 Vincentium.
2930 1033 3184 1090 Guiberti
3227 1053 3458 1092 annona
3487 1037 3626 1093 diri-

1922 1117 2099 1184 pitur.
2122 1148 2191 1158 —
2219 1119 2383 1174 Feria
2410 1120 2588 1190 igitur
2615 1123 2869 1178 secunda
2901 1130 3024 1192 post
3055 1124 3274 1180 Pascha
3313 1127 3618 1194 procedere

1931 1208 2103 1262 moris
2151 1216 2236 1263 est
2283 1208 2518 1264 clericos
2580 1210 2882 1266 stationem
2962 1211 3212 1268 facturos
3282 1213 3398 1284 (ίθί)
3473 1217 3630 1284 apud

1927 1294 2200 1350 Sanctum
2232 1296 2619 1353 Vincentium.
2655 1298 2940 1361 Quoniam
2983 1314 3120 1370 ergo
3165 1301 3429 1358 heSterno
3477 1317 3627 1372 pra-

1927 1390 2129 1438 ventos
2157 1397 2214 1439 se
2241 1397 2361 1440 esse
2389 1393 2714 1453 senserunt,
2756 1386 2864 1441 hac
2891 1386 2982 1442 die
3017 1387 3204 1443 moliri
3235 1389 3628 1458 decreverant,

1927 1479 1982 1526 et
2031 1471 2310 1537 iecissent,
2369 1474 2412 1526 si
2471 1487 2603 1528 cum
2663 1475 2930 1543 episcopo
2978 1489 3175 1530 omnes
3219 1490 3482 1545 proceres
3510 1492 3631 1534 esse

1929 1560 2262 1615 sensissent.
2299 1559 2442 1615 Nam
2477 1575 2662 1616 unum
2714 1576 2744 1616 e
2776 1562 3110 1631 proceribus
3143 1563 3201 1618 in
3233 1564 3512 1620 suburbio
3541 1580 3630 1622 re-

1931 1654 2220 1716 pererunt,
2256 1647 2446 1703 virum
2494 1647 2832 1713 innocuum,
2883 1649 2986 1719 qui
3034 1651 3437 1706 consobrinam
3481 1659 3631 1708 506

1928 1748 2114 1790 meam
2175 1735 2660 1791 adolescentulam
2726 1737 3064 1806 quamdam,
3130 1739 3353 1807 pudica
3426 1739 3631 1796 indolis

1929 1822 2198 1877 feminam
2249 1836 2437 1892 nuper
2478 1832 2792 1893 acceperat.
2851 1824 2957 1880 Sed
3007 1839 3079 1880 ne
3137 1825 3278 1882 alios
3339 1827 3630 1883 cautiores

1929 1910 2248 1977 redderent,
2309 1912 2541 1982 aggredi
2574 1913 2908 1968 noluerunt.
2939 1913 3084 1968 Cum
3129 1914 3308 1984 igitur
3357 1915 3478 1985 jam
3522 1922 3630 1970 ter-

1930 1997 2071 2054 tium
2101 1999 2330 2055 Pascha
2353 2000 2631 2071 attigisset
2656 2000 2824 2066 diem,
2857 2015 2953 2056 eos
2979 2016 3126 2071 quos
3166 2002 3239 2056 ad
3271 2003 3356 2057 sui
3390 2002 3629 2058 tutelam

1928 2089 2190 2144 turribus
2216 2097 2272 2145 et
2323 2089 2499 2145 curia
2529 2099 2933 2159 praeposuerat,
2967 2097 3022 2146 et
3047 2105 3121 2146 ex
3150 2104 3257 2146 suo
3291 2091 3429 2147 inibi
3462 2090 3630 2146 victi—

1929 2185 2051 2233 tare
2109 2185 2391 2248 coegerat,
2447 2179 2704 2234 securior
2754 2178 2938 2234 taclus
2989 2177 3124 2234 sinit
3172 2178 3348 2234 abire.
3412 2178 3630 2245 Quarto

1928 2264 2035 2332 die,
2070 2266 2210 2334 quia
2268 2279 2561 2320 annonam
2609 2278 2817 2332 meam,
2852 2273 2907 2321 et
2945 2265 3171 2336 aliquos
3231 2267 3443 2336 pariter
3471 2274 3628 2337 peta-

1927 2367 2113 2419 sones,
2145 2367 2290 2422 quos
2335 2350 2454 2421 (‘0’)
2503 2353 2682 2424 vulgo
2737 2354 2980 2409 bacones
3025 2362 3254 2415 vocant,
3313 2355 3631 2424 diripuerat

1931 2455 2031 2510 per
2080 2454 2251 2496 suum
2286 2439 2636 2506 incendium,
2671 2443 2898 2511 perrexi
2950 2442 3022 2496 ad
3050 2457 3204 2498 eum.
3237 2442 3567 2498 Conventus
3593 2457 3628 2498 a

1930 2543 2020 2584 me
2077 2536 2140 2584 ut
2195 2533 2357 2585 tanta
2418 2529 2620 2584 urbem
2651 2530 2895 2598 procella
2949 2530 3245 2596 eximeret,
3289 2530 3625 2600 respondit:

1930 2617 2074 2681 Quid
2107 2616 2322 2686 puta-tis
2356 2617 2411 2671 in
2438 2631 2545 2672 sua
2605 2617 2962 2673 turbulentia
2991 2631 3086 2673 eos
3115 2631 3278 2686 posse
3309 2617 3492 2673 facere
3511 2618 3539 2670 ?
3585 2617 3632 2672 si

1927 2709 2172 2762 Joannes
2202 2719 2444 2761 maurus
2506 2720 2668 2762 meus
2699 2707 2909 2775 ipsum,
2958 2706 3060 2776 qui
3092 2705 3151 2760 in
3203 2707 3284 2760 eis
3311 2713 3395 2761 est
3425 2704 3627 2774 potior,

1931 2809 2068 2850 naso
2093 2793 2438 2860 detraheret,
2500 2792 2833 2848 nullatenus
2883 2793 3164 2864 grunnire
3219 2792 3632 2862 praesumeret?

1929 2883 2074 2939 Nam
2126 2895 2292 2937 suam
2352 2881 2494 2947 heri,
2554 2896 2731 2951 quam
2785 2881 3153 2951 appellabant
3213 2881 3626 2946 communiam,
3713 2869 3720 2876 ’

1928 2984 2044 3037 eos,
2077 2969 2268 3038 quoad
2305 2968 2574 3034 viverem,
2609 2967 2880 3038 abjurare
2935 2969 3113 3039 coegi.
3161 2968 3308 3033 Dixi,
3358 2975 3412 3022 et
3452 2967 3634 3022 multo

117 3043 534 3100 instituendam
568 3045 1052 3112 communionem,
1088 3046 1449 3101 tantumdem
1478 3047 1823 3118 exigebatur
1859 3073 1898 3128 ρ
1928 3057 2214 3114 hominem
2248 3056 2449 3112 videns
2499 3070 2766 3110 eversum
2822 3056 3143 3124 supercilio,
3197 3056 3384 3110 dicere
3432 3069 3633 3124 super-

117 3131 454 3202 impendere
488 3133 559 3187 ad
618 3132 1038 3188 destituendam
1094 3133 1374 3190 eamdem.
1435 3136 1566 3191 Hac
1597 3137 1687 3192 die
1728 3138 1828 3192 Pa-

117 3233 404 3286 rasceves,
441 3219 594 3289 quod
638 3219 1048 3289 interpretatur
1070 3220 1446 3292 praeparatio,
1505 3225 1829 3280 tractaban-

119 3316 236 3376 tur,
282 3308 405 3364 hac
436 3307 684 3364 Sabbato
741 3307 1136 3375 Sacrosancto,
1196 3309 1255 3363 in
1302 3310 1520 3380 quibus
1545 3312 1825 3370 Dominici

117 3395 375 3465 corporis
399 3403 456 3451 et
494 3395 800 3467 sanguinis
839 3396 1112 3464 receptui,
1147 3397 1282 3453 solis
1316 3397 1453 3454 hinc
1484 3399 1824 3468 homicidiis,

121 3484 282 3539 illinc
322 3483 596 3553 perjuriis
627 3483 805 3539 animi
841 3484 1214 3553 aptabantur.
1249 3485 1394 3550 Quid
1423 3485 1639 3554 plura?
1681 3489 1829 3544 Pra-

118 3572 264 3628 sulis
313 3580 368 3626 et
425 3585 724 3641 procerum
746 3571 932 3627 omnis
965 3571 1055 3627 his
1079 3573 1284 3629 diebus
1314 3574 1557 3629 vacabat
1588 3574 1828 3631 intentio

119 3661 192 3717 ad
214 3660 580 3716 abradendas
606 3659 949 3716 inferiorum
985 3661 1358 3717 substantias.
1387 3662 1461 3718 At
1491 3663 1827 3720 inferiorum

121 3763 239 3803 non
267 3749 390 3818 jam
428 3749 532 3816 ira,
567 3749 664 3804 sed
701 3749 890 3805 rabies
933 3749 1185 3806 feraliter
1229 3749 1440 3815 irritat,
1472 3751 1528 3805 in
1560 3759 1823 3820 mortem,

127 3836 241 3892 imo
274 3851 469 3892 necem
499 3837 747 3906 episcopi
770 3844 824 3892 et
863 3837 1209 3907 complicum
1239 3837 1386 3908 ejus,
1418 3839 1552 3895 dato
1581 3839 1825 3896 invicem

119 3933 484 3981 sacramento
539 3926 854 3995 conspirat.
917 3926 1115 3982 Fuisse
1175 3934 1367 3982 autem
1425 3929 1830 3999 quadragenos

120 4014 223 4084 qui
250 4013 601 4084 juraverint,
635 4013 890 4069 tradunt.
925 4015 1083 4079 Quod
1145 4029 1343 4071 eorum
1405 4016 1673 4073 molimen
1717 4033 1830 4073 om-

119 4103 259 4158 nino
290 4102 404 4173 tegi
435 4116 551 4157 non
588 4102 788 4157 valuit.
817 4102 962 4158 Nam
1004 4118 1137 4159 cum
1187 4104 1518 4175 contigisset
1565 4105 1828 4176 magistri

119 4191 333 4248 Anselli
369 4191 646 4256 notitiam,
675 4192 732 4246 in
764 4192 889 4261 ipsa
919 4193 1065 4247 sacri
1101 4192 1331 4249 Sabbati
1385 4193 1506 4263 jam
1555 4209 1823 4264 vespera-

120 4286 315 4335 scente
345 4279 454 4345 die,
487 4279 751 4335 cubitum
780 4281 940 4335 eunti
971 4280 1240 4350 episcopo
1279 4282 1596 4349 mandavit,
1652 4297 1722 4338 ne
1754 4283 1826 4338 ad

1933 3144 2094 3201 sedi?
2125 3145 2452 3215 Antequam
2504 3145 2698 3199 tamen
2749 3143 2822 3198 ab
2885 3142 3026 3197 urbe
3085 3142 3430 3206 recederem,
3466 3141 3628 3211 gravi

1935 3227 2008 3282 ab
2042 3225 2284 3280 invicem
2317 3224 2816 3280 animadversione
2857 3222 3265 3278 instabilitatis
3311 3235 3431 3277 sua
3459 3235 3637 3276 causa

1935 3313 2330 3370 dissensimus.
2355 3315 2432 3367 De
2461 3311 2695 3367 instanti
2734 3319 2926 3366 autem
2961 3311 3109 3366 malo
3141 3324 3273 3365 cum
3309 3323 3634 3379 praemone-

1937 3409 2096 3457 retur
2125 3414 2160 3455 a
2183 3399 2400 3466 multis,
2431 3400 2715 3454 neminem
2748 3399 3120 3469 dignabatur.

2575 3487 2806 3543 CAPUT
2839 3487 2984 3542 VIII.

2009 3577 2096 3630 De
2138 3575 2386 3630 caedibus
2434 3591 2753 3646 procerum,
2803 3577 2858 3628 et
2885 3573 3169 3628 incendii:
3195 3571 3355 3628 urbis
3399 3572 3636 3628 Laudu-

1934 3664 2150 3719 neruis.
2186 3693 2260 3705 —
2305 3664 2534 3719 Postero
2582 3663 2694 3729 die,
2747 3664 2888 3719 feria
2934 3663 3197 3719 videlicet
3246 3663 3470 3732 quinta,
3505 3675 3638 3717 cum

1939 3761 2064 3822 post
2110 3751 2458 3806 meridianas
2487 3751 2556 3806 de
2585 3751 2888 3820 exigendis
2935 3751 3194 3819 pecuniis
3225 3765 3357 3806 cum
3405 3750 3636 3806 Galtero

1937 3840 2340 3896 archidiacono
2371 3846 2564 3909 ageret
2600 3839 2792 3905 horas,
2821 3853 2952 3894 ecce
2980 3851 3081 3907 per
3111 3838 3314 3894 urbem
3351 3837 3638 3893 tumultus

1939 3929 2222 3998 increpuit
2273 3926 2670 3983 Communium
2705 3926 3143 3981 inclamantium
3186 3942 3198 3980 :
3234 3935 3354 3982 tum
3405 3939 3640 3995 quoque

1938 4031 2036 4086 per
2067 4017 2311 4072 mediam
2345 4015 2530 4071 Beata
2563 4014 2752 4070 Maria
2779 4013 3094 4080 basilicam,
3134 4021 3189 4069 et
3222 4027 3321 4082 per
3366 4026 3490 4067 eam
3521 4027 3640 4081 qua

1935 4105 2213 4160 occisores
2263 4103 2501 4160 Gerardi
2533 4102 2898 4169 introierant,
2943 4103 3324 4171 exierantque
3371 4101 3636 4170 januam,

1937 4208 2068 4250 cum
2098 4193 2350 4255 ensibus,
2380 4192 2748 4261 bipennibus,
2792 4191 3050 4246 arcubus
3073 4197 3128 4245 et
3158 4188 3480 4254 securibus,
3515 4189 3638 4244 cla-

1937 4295 2060 4347 vas,
2091 4281 2439 4349 lanceasque
2500 4280 2744 4335 terentes
2798 4291 2930 4334 cum
2962 4279 3219 4333 maximo
3255 4275 3485 4347 agmine
3531 4291 3640 4332 cu-

124 4366 443 4422 matutinas
490 4366 820 4435 procederet
860 4366 1104 4437 vigilias,
1139 4368 1324 4423 sciens
1372 4382 1448 4432 se,
1504 4370 1549 4424 si
1582 4369 1825 4434 veniret,
1863 4369 1908 4423 D
1938 4371 2080 4426 riam
2153 4369 2536 4440 pontificalem
2595 4370 2881 4448 intravere
2939 4368 3276 4438 burgenses.
3337 4366 3641 4435 Comperta

123 4452 606 4509 interficiendum.
628 4454 699 4509 At
716 4453 809 4510 ille
832 4460 962 4524 typo
993 4453 1170 4510 nimio
1185 4455 1472 4525 stupidus.
1498 4457 1581 4522 Fi,
1615 4456 1822 4526 inquit,

124 4556 230 4613 ego
287 4556 362 4597 ne
420 4541 622 4597 talium
675 4542 947 4598 manibus
1001 4543 1326 4600 inteream?
1367 4543 1520 4610 Quos
1558 4545 1828 4613 quamvis

123 4643 222 4686 ore
250 4629 589 4699 despiceret,
621 4630 693 4685 ad
727 4631 1042 4687 matutinos
1074 4639 1264 4688 tamen
1296 4645 1556 4703 surgere,
1597 4640 1650 4688 et
1683 4632 1829 4688 basi-

127 4717 296 4774 licam
328 4717 551 4787 ingredi
583 4732 698 4774 non
733 4719 1110 4789 praesumpsit.

194 4805 474 4863 Postridie
495 4820 628 4862 cum
658 4807 726 4861 ad
759 4807 1176 4876 processionem
1225 4807 1443 4864 clerum
1489 4823 1661 4864 suum
1712 4808 1828 4878 ipse

123 4902 486 4965 sequeretur,
555 4895 894 4951 domesticos
959 4910 1115 4962 suos,
1178 4904 1233 4952 et
1297 4911 1562 4968 quosque
1624 4897 1828 4953 milites

122 4991 316 5052 spatas
364 4982 475 5038 sub
526 4983 781 5039 vestibus
816 4990 940 5053 post
994 4998 1054 5039 se
1108 4982 1258 5040 ferre
1291 4985 1572 5055 praecepit.
1608 4987 1676 5040 In
1708 4998 1826 5054 qua

125 5070 488 5140 processione
534 5085 666 5127 cum
700 5085 908 5141 parum
938 5071 1081 5141 quid
1113 5072 1421 5139 tumultus,
1456 5080 1522 5128 ut
1541 5072 1746 5129 assolet
1769 5073 1827 5127 in

124 5158 520 5227 multitudine,
549 5159 796 5216 suboriri
847 5159 1126 5231 capisset,
1174 5159 1413 5231 quidam
1448 5160 1520 5216 de
1573 5161 1828 5231 Burgen-

125 5246 289 5303 sibus
315 5262 348 5304 e
367 5255 899 5319 cryptaemergens,
919 5256 1168 5319 captum
1189 5248 1401 5319 jurata
1417 5249 1828 5305 interfectionis

123 5336 425 5407 negotium
456 5337 750 5392 astimans
777 5336 896 5393 alta
923 5351 1061 5394 voce
1110 5337 1282 5407 coepit
1313 5337 1479 5407 quasi
1514 5352 1615 5408 pro
1659 5337 1826 5408 signo

126 5423 485 5480 inclamitare
517 5438 530 5478 :
567 5424 980 5491 Communium,
1009 5425 1400 5481 communiam
1440 5425 1825 5496 ingeminans.

123 5512 306 5579 Quod,
341 5513 481 5583 quia
509 5513 714 5570 festum
749 5522 892 5579 erat,
927 5513 1094 5570 facile
1131 5528 1451 5584 repressum
1506 5522 1609 5577 est,
1651 5513 1830 5582 suspi-

127 5602 347 5658 cionem
402 5608 592 5659 tamen
651 5603 892 5659 diversa
969 5603 1117 5674 parti
1176 5601 1389 5660 intulit.
1448 5605 1584 5658 Acto
1635 5603 1830 5672 itaque

1939 4459 2116 4530 hujus
2171 4459 2424 4513 novitate
2483 4455 2793 4512 moliminis
2843 4469 3106 4525 proceres
3159 4455 3230 4510 ad
3282 4455 3636 4524 episcopum,

1937 4547 2028 4604 cui
2083 4546 2413 4617 praesidium
2472 4559 2649 4614 super
2700 4545 2807 4600 hoc
2854 4545 3096 4599 incursu
3149 4543 3194 4598 si
3255 4543 3632 4612 contingeret,

1931 4635 2295 4704 juraverant,
2355 4649 2413 4689 se
2445 4634 2682 4700 laturos,
2737 4633 3131 4702 undecunque
3160 4636 3536 4686 concurrunt.
3573 4630 3638 4684 ln

1936 4738 2053 4792 quo
2116 4737 2404 4778 concursu
2456 4720 2835 4778 Guinimarus
2883 4719 3234 4775 castellanus
3289 4718 3377 4773 vir
3408 4715 3636 4778 nobilis,

1935 4821 1989 4866 et
2015 4810 2417 4881 pulcherrima
2446 4808 2804 4866 habitudinis
2819 4807 3029 4875 senior,
3055 4806 3316 4861 moribus
3340 4806 3637 4869 innocens,

1935 4913 2070 4955 cum
2104 4913 2204 4968 per
2255 4897 2551 4954 ecclesiam
2582 4897 2780 4967 clypeo
2811 4903 3038 4952 tantum
3085 4894 3348 4949 munitus
3391 4900 3446 4948 et
3477 4891 3645 4948 hasta

1939 4993 2324 5057 procurreret,
2378 5000 2513 5042 mox
2552 4993 2617 5042 ut
2669 4984 2932 5054 prasulis
2993 4982 3204 5038 atrium
3263 4980 3543 5046 introivit,
3607 4995 3643 5036 a

1936 5073 2189 5143 quodam
2236 5073 2569 5140 Rainberto,
2599 5073 2703 5142 qui
2734 5079 3025 5140 compater
3053 5070 3181 5140 ejus
3209 5070 3382 5125 etiam
3428 5069 3636 5136 fuerat,

1936 5161 2169 5232 bipenni
2194 5161 2253 5216 in
2282 5159 2544 5230 occipitio
2575 5175 2885 5231 percussus
2928 5158 3149 5228 primus
3183 5158 3476 5214 occubuit.
3522 5156 3640 5213 Nec

1937 5264 2098 5306 mora
2151 5249 2456 5306 Rainerius
2486 5249 2598 5316 ille,
2626 5249 2696 5305 de
2728 5263 2845 5319 quo
2875 5261 3050 5317 supra
3073 5247 3186 5317 egi,
3219 5245 3311 5302 cui
3340 5259 3468 5302 mea
3489 5260 3636 5302 con-

1938 5339 2174 5394 sobrina
2196 5345 2493 5407 nupserat,
2525 5351 2660 5393 cum
2689 5336 3032 5392 acceleraret
3077 5333 3305 5405 ingredi
3349 5333 3468 5404 ipse
3531 5347 3640 5403 pa—

1939 5425 2162 5492 latium,
2197 5424 2397 5480 lancea
2427 5437 2462 5479 a
2489 5431 2650 5494 tergo
2682 5423 2910 5490 feritur,
2941 5436 3072 5478 cum
3107 5421 3275 5490 podio
3304 5418 3644 5490 episcopalis

1939 5513 2171 5584 capella
2203 5513 2390 5568 nitens
2410 5526 2535 5568 eam
2565 5513 2760 5568 subire
2777 5511 2966 5576 vellet,
3005 5510 3200 5580 ibique
3230 5507 3638 5578 prosternitur,

1941 5618 2044 5658 nec
2104 5617 2265 5658 mora
2317 5616 2389 5658 ex
2422 5602 2552 5673 igne
2585 5601 2780 5673 palatii
2811 5601 2883 5656 ab
2918 5598 3157 5671 inguine
3212 5597 3452 5654 inferius
3497 5611 3636 5653 con-
