3946 6386
344 366 446 418 927

1281 358 1342 411 ν.
1385 357 1709 416 GUIBERTI
1745 356 2036 412 ABBATIS
2073 354 2132 411 S.
2173 354 2413 411 ΗΔΒἰῶ
2454 355 2547 410 ΒΕ
2578 353 2974 412 κονισΕΝΤο

3740 356 3853 409 928

344 493 653 545 crematur.
708 486 833 544 Ado
903 485 1301 543 vicedominus
1373 485 1548 541 minis
1628 498 1780 552 acer,
1847 483 2042 540 animo
2072 486 2126 540 Α
2152 484 2456 554 episcopus
2478 498 2614 541 eum
2634 484 3001 556 Isengrinum
3032 483 3325 541 irridendo
3354 497 3581 553 vocare,
3610 492 3855 556 propter

343 577 518 634 nimis
557 576 765 645 acrior,
821 575 963 647 quia
1002 575 1249 631 solitudo
1313 581 1453 630 tunc
1500 586 1607 628 sua
1655 573 1853 629 minus
1904 587 2039 629 eum

346 665 496 721 inter
524 671 604 721 tot
633 664 920 721 efﬁcacem
973 662 1203 730 fecerat,
1234 675 1368 718 cum
1399 660 1473 717 ad
1500 660 1754 731 episcopi
1800 661 2039 717 domum

345 753 585 812 tendens
640 752 713 808 ab
773 751 1045 809 universo
1093 750 1463 820 impeteretur
1511 763 1718 815 cuneo,
1768 749 1933 805 hasta
1982 754 2039 805 et

346 841 537 913 gladio
585 847 882 909 tantopere
932 838 1157 903 restitit,
1212 844 1276 892 ut
1328 844 1443 892 tres
1517 836 1587 892 de
1646 836 2039 893 insistentibus

344 928 455 985 sibi
509 928 567 984 in
626 935 910 984 momento
982 933 1385 995 prosterneret.
1456 924 1669 981 Deinde
1740 925 2038 994 pransoria

344 1030 541 1073 mensa
594 1015 744 1072 aulae
771 1026 1097 1082 conscensa,
1127 1026 1263 1070 cum
1310 1020 1518 1082 praeter
1547 1021 1751 1069 caetera
1794 1011 2039 1069 vulnera

344 1104 618 1175 corporis,
674 1104 871 1159 saucia
914 1101 965 1157 ei
1014 1103 1139 1173 jam
1193 1101 1572 1158 reddidissent
1629 1114 1839 1171 genua,
1901 1101 2039 1170 ipsis

344 1193 576 1250 demum
608 1191 851 1262 genibus
880 1189 1224 1247 incumbens
1275 1189 1479 1246 tandiu
1508 1189 1639 1245 hinc
1662 1197 1716 1244 et
1746 1189 1879 1245 inde
1908 1204 2038 1246 con-

345 1279 565 1336 fodiens
617 1278 938 1336 obsidentes
988 1278 1418 1350 fpropugnavit,
1477 1277 1660 1334 donec
1731 1277 2035 1349 fatigatum

347 1367 582 1438 quidam
641 1381 854 1437 corpus
901 1366 1010 1423 telo
1064 1366 1306 1436 trajecit,
1354 1379 1528 1435 quem
1562 1372 1687 1435 post
1732 1364 2035 1434 paululum

345 1455 679 1512 earumdem
727 1455 1031 1511 domorum
1086 1455 1235 1526 ignis
1291 1468 1478 1524 usque
1507 1453 1580 1509 ad
1633 1460 1922 1509 extremos
1953 1453 2035 1509 ci-

346 1557 511 1599 neres
539 1542 775 1613 redegit.

412 1633 484 1687 In
503 1631 940 1687 subterraneum
966 1628 1216 1685 ecclesiae
1244 1628 1434 1684 locum
1459 1626 1692 1699 aufugit
1712 1627 2031 1699 episcopus.

341 1744 414 1759 -—
437 1717 611 1773 Porro
639 1718 971 1788 episcopum
997 1717 1249 1773 insolens
1265 1716 1479 1787 vulgus
1503 1716 1868 1787 aggrediens,
1899 1730 2033 1772 cum

342 1818 446 1874 pro
475 1806 760 1862 moenibus
788 1805 937 1863 aulae
966 1811 1362 1875 prostreperet,
1389 1804 1691 1875 episcopus
1713 1818 1846 1861 cum
1895 1804 2033 1875 qui-

339 1892 586 1949 busdam
650 1894 753 1964 qui
809 1893 919 1950 sibi
951 1892 1408 1962 opitulabantur,
1442 1891 1697 1962 jactibus
1751 1892 2029 1963 lapidum,

338 1982 803 2052 sagittarumque
860 1980 1070 2037 ictibus
1131 1980 1323 2051 quoad
1392 1980 1596 2051 potuit,
1661 1982 2028 2052 repugnavit.

339 2069 657 2126 Plurimam
689 2071 843 2126 enim
866 2083 1034 2125 suam
1059 2083 1284 2139 semper
1322 2070 1381 2125 in
1408 2068 1589 2125 armis
1634 2068 2030 2137 acrimoniam,

340 2156 425 2211 uti
452 2157 767 2225 quondam,
822 2162 878 2211 et
916 2169 1076 2213 nunc
1102 2170 1338 2227 quoque
1376 2156 1694 2225 promebat.
1735 2155 1844 2212 Sed
1893 2156 2035 2227 quia

340 2242 591 2300 indebita
618 2250 674 2300 et
704 2244 919 2300 frustra
946 2242 1128 2299 alium
1173 2250 1471 2313 acceperat
1517 2243 1797 2313 gladium,
1842 2243 2034 2315 gladio

338 2329 523 2399 periit.
554 2331 908 2387 Temerarios
934 2344 1072 2401 ergo
1128 2329 1304 2399 plebis
1346 2329 1601 2385 assultus
1632 2329 1873 2387 tolerare
1918 2345 2033 2387 non

338 2418 679 2488 praevalens,
712 2426 943 2488 sumpta
967 2417 1273 2488 cujusdam
1306 2416 1577 2487 mancipii
1621 2418 1714 2473 sui
1749 2425 1924 2485 veste,
1974 2418 2032 2474 in

338 2504 637 2562 cellarium
664 2506 918 2562 ecclesia)
948 2504 1305 2576 confugiens,
1338 2505 1491 2562 intra
1519 2520 1754 2575 parvam
1791 2508 2029 2578 apothe-

337 2606 463 2647 cam
493 2606 553 2648 se
583 2592 855 2660 condidit,
882 2601 937 2649 et
966 2607 1002 2648 a
1035 2592 1188 2648 fideli
1239 2593 1493 2663 quodam
1549 2593 1819 2650 clientulo
1849 2594 2032 2650 fronte

337 2680 608 2736 abstrusa
657 2680 1025 2747 introclusus,
1106 2694 1165 2736 se
1228 2680 1403 2737 latere
1450 2682 1710 2751 putabat.
1770 2682 2033 2753 Cumque

338 2767 446 2822 hac
470 2766 718 2839 illacque
754 2768 1142 2825 discurrentes
1170 2768 1274 2825 ubi
1312 2777 1476 2837 esset,
1539 2784 1655 2826 non
1711 2770 2027 2840 episcopus,

336 2856 432 2912 sed
459 2854 710 2925 furcifer,
761 2857 1203 2924 conclamarent,
1258 2872 1440 2914 unum
1492 2858 1563 2914 de
1596 2858 1858 2927 puerulis
1903 2858 2032 2928 ejus

334 2943 676 3014 corripiunt,
733 2945 829 3001 sed
882 2946 942 3000 in
1002 2945 1111 3001 ﬁde
1156 2945 1283 3015 ejus
1339 2945 1421 3001 nil
1468 2946 1623 3015 quod
1671 2945 1781 3002 sibi
1833 2946 2031 3003 liberet

332 3030 610 3087 efficiunt.
634 3031 894 3089 Alterum
923 3039 1311 3099 attrectantes,
1334 3040 1482 3089 nutu
1508 3033 1710 3104 perfidi
1736 3048 1855 3104 quo
1882 3041 2030 3091 esset

333 3119 683 3189 quaerendus
713 3120 1030 3190 accipiunt.
1085 3121 1477 3191 Iugredientes
1518 3122 1695 3192 igitur
1731 3122 2027 3179 cellarium

331 3215 387 3264 et
415 3208 881 3281 circumquaque
910 3210 1205 3277 rimantes,
1239 3210 1471 3266 tandem
1521 3210 1629 3266 hoc
1673 3210 1841 3266 modo
1869 3224 2027 3280 repe-

332 3296 514 3354 riunt.

402 3384 806 3456 Teudegaldus
834 3386 1004 3443 homo
1034 3393 1158 3442 erat
1211 3385 1636 3443 funestissimus
1676 3386 1831 3443 Beati
1881 3386 2029 3443 Vin-

332 3471 504 3528 centii
562 3473 814 3530 ecclesias
865 3473 1051 3543 capite
1099 3488 1325 3541 census,
1383 3473 1717 3544 Ingelranni
1767 3473 2030 3529 Codicia—

330 3560 515 3617 censis
541 3561 646 3617 diu
674 3560 937 3616 officialis
960 3568 1136 3630 atque
1156 3561 1517 3631 praepositus,
1542 3563 1645 3631 qui
1675 3561 2031 3617 transitorias

328 3647 741 3705 redhibitiones
768 3648 923 3718 apud
946 3658 1196 3718 pontem,
1219 3650 1321 3719 qui
1355 3648 1551 3705 Soordi
1579 3649 1811 3717 dicitur,
1832 3649 2028 3704 obser-

328 3750 495 3804 vans,
548 3738 995 3795 commeantium
1024 3740 1367 3809 paucitatem
1421 3739 1725 3810 aliquoties
1766 3752 2027 3807 aucupa-

330 3826 528 3895 batur,
550 3834 750 3883 etcum
778 3841 873 3884 eos
896 3827 1072 3884 rebus
1090 3829 1358 3884 omnibus
1381 3828 1691 3897 spoliasset,
1715 3827 2026 3897 nequando

330 3914 443 3971 illis
469 3922 671 3971 contra
690 3930 824 3972 eum
849 3915 1211 3986 interpellare
1236 3917 1449 3982 liceret,
1475 3916 1683 3987 ejectos
1700 3916 1758 3971 in
1788 3916 2026 3973 ﬂumine

328 4003 784 4073 supplumbabat
811 4004 944 4075 (47).
982 4004 1100 4061 Hoc
1157 4004 1382 4075 quoties
1419 4005 1615 4061 fecerit
1665 4005 1824 4061 solus
1874 4005 2025 4061 Deus

327 4092 508 4148 novit.
567 4093 900 4162 Furtorum,
962 4093 1517 4162 latrociniorumque
1564 4106 1833 4149 numeros
1888 4106 2023 4148 cum

327 4180 401 4236 sit
428 4179 642 4237 referre
682 4180 927 4248 nullius,
970 4180 1327 4248 incohibilcs,
1369 4187 1435 4236 ut
1475 4180 1559 4237 sic
1604 4180 1812 4248 dicam,
1850 4180 2019 4237 corde

327 4265 623 4334 nequitias
651 4266 822 4322 vultu
842 4267 1131 4323 teterrima
1160 4266 1517 4337 praeferebat.
1550 4267 1603 4322 Is
1634 4266 1693 4322 in
1743 4265 2019 4323 offensam

327 4352 587 4409 incidens
617 4354 972 4424 lngelranni,
1018 4359 1202 4411 totum
1248 4368 1307 4411 se
1338 4354 1409 4410 ad
1457 4354 1849 4411 communiam
1879 4355 2024 4411 Lau-
2058 4352 2125 4417 D5

327 4442 487 4498 duno
533 4442 874 4498 contulerat.
928 4443 974 4499 A
1028 4458 1144 4513 quo
1207 4457 1346 4515 ergo
1401 4457 1508 4499 nec
1560 4443 1858 4511 monacho,
1919 4457 2024 4498 nec

327 4529 558 4593 clerico,
578 4544 684 4586 nec
715 4530 1037 4602 peregrino,
1089 4531 1203 4586 imo
1233 4530 1382 4587 nulli
1410 4531 1579 4587 sexui
1625 4543 1865 4600 parsum
1887 4530 2021 4586 olim

325 4618 533 4683 fuerat,
557 4618 642 4675 sic
666 4618 918 4690 denique
954 4634 1017 4677 se
1066 4619 1272 4677 habuit
1309 4620 1611 4676 occisurus
1666 4617 2020 4688 episcopum.

325 4706 454 4776 Ipse
512 4705 637 4763 dux
658 4714 716 4763 et
747 4706 1007 4764 incentor
1032 4714 1337 4764 cumesset
1382 4706 1564 4778 hujus
1588 4705 1793 4763 nefarii
1825 4705 2019 4775 ccepti,

325 4808 685 4865 summopere
731 4810 904 4867 quem
963 4798 1183 4853 ceteris
1210 4796 1407 4853 acrius
1441 4795 1663 4863 oderat,
1703 4794 2025 4865 vestigahat

325 4883 677 4954 episcopum.

402 4970 747 5028 Trucidatur
755 4972 1057 5045 episcopus
1073 4976 1129 5029 et
1138 4987 1343 5045 corpus
1357 4970 2021 5044 opprobriirezponitur.

328 5087 396 5100 —
427 5059 572 5115 Cum
617 5061 812 5132 itaque
848 5076 949 5132 per
977 5062 1212 5135 singula
1258 5076 1393 5118 eum
1439 5073 1581 5118 vasa
1616 5059 2021 5131 disquirerent,

329 5146 436 5203 iste
459 5160 565 5217 pro
594 5148 779 5205 fronte
807 5151 1064 5207 tonnulm
1121 5150 1297 5216 illius,
1356 5149 1417 5205 in
1447 5161 1568 5219 qua
1597 5147 1808 5205 latebat
1829 5149 2021 5214 homo,

330 5231 613 5298 substitit;
630 5242 687 5291 et
724 5243 918 5293 retuso
943 5237 1104 5294 obice
1131 5236 1578 5294 sciscitabantur
1610 5234 2024 5307 ingeminando

331 5321 464 5389 quis
504 5329 669 5379 esset.
694 5323 959 5395 Cumque
979 5325 1080 5381 vix
1108 5340 1177 5382 eo
1207 5326 1521 5397 fustigante
1551 5324 1740 5395 gelida
1764 5324 1884 5395 jam
1921 5336 2025 5378 ora

332 5410 644 5467 movisset:
695 5415 843 5469 εστ
902 5413 1197 5488 Captivus,
1257 5414 1467 5485 inquit.
1537 5413 1763 5470 Solebat
1828 5419 2023 5469 autem

404 5574 512 5644 (47)
540 5574 976 5643 Submergebat.
1011 5574 1149 5632 Inde
1166 5573 1397 5639 Gallice,
1424 5573 1683 5647 planger.

2147 571 2411 642 lupinam
2462 572 2678 629 scilicet
2739 573 3023 643 speciem;
3065 572 3148 629 sic
3215 572 3371 628 enim
3430 572 3610 643 aliqui
3655 573 3849 629 solent

2146 660 2433 730 appellare
2488 660 2675 731 lupos.
2732 662 2828 717 Ait
2862 675 3000 732 ergo
3058 660 3329 717 scelestus
3358 661 3433 716 ad
3490 661 3849 731 praesulem:

2147 749 2381 805 Hiccine
2407 756 2493 805 est
2519 748 2789 805 dominus
2832 749 3168 820 Isengrinus
3204 748 3506 817 repositus.
3560 749 3855 805 Renulfus

2145 836 2325 907 igitur
2362 837 2632 908 quamvis
2687 846 2965 907 peccator,
3018 836 3279 892 Christus
3327 844 3448 892 tum
3494 836 3587 910 Ui,
3626 835 3847 908 tamen]

2145 924 2392 992 Domini,
2441 925 2512 981 de
2567 925 2802 981 vasculo
2861 923 3083 995 capillis
3133 925 3476 993 detrahitur,
3537 925 3854 995 multiplici

2146 1013 2265 1069 ictu
2300 1013 2691 1083 pertunditur,
2748 1022 2802 1069 et
2830 1013 2945 1068 sub
2999 1013 3131 1068 divo
3160 1012 3219 1067 in
3268 1013 3507 1069 claustri
3558 1012 3857 1069 clericalis

2145 1100 2457 1171 angiportu
2477 1108 2610 1157 ante
2627 1101 2863 1157 domum
2892 1100 3180 1156 Godefridi
3229 1102 3509 1171 capellani
3540 1102 3850 1157 statuitur.

2141 1189 2406 1258 Cumque
2428 1187 2509 1244 eis
2538 1188 3024 1245 miserabilissime
3050 1188 3422 1258 supplicaret,
3456 1189 3855 1260 jurejurando

2144 1277 2253 1348 ipsi
2302 1284 2561 1333 astruere
2615 1278 2814 1333 volens
2863 1290 2923 1333 se
2976 1290 3281 1347 nunquam
3332 1277 3600 1347 deinceps
3637 1291 3852 1333 eorum

2143 1364 2473 1434 episcopum
2505 1364 2792 1431 futurum,
2826 1362 3081 1419 infinitas
3108 1363 3190 1419 cis
3232 1363 3508 1433 pecunias
3564 1363 3852 1433 praebitu-

2144 1468 2297 1522 rum,
2325 1453 2395 1509 de
2421 1454 2607 1524 patria
2637 1467 2998 1510 recessurum
3024 1468 3041 1523 ;
3078 1466 3395 1523 omnesque
3437 1460 3638 1508 contra
3666 1452 3854 1508 obﬁr-

2143 1542 2315 1597 matis
2369 1542 2579 1597 animis
2625 1541 2986 1609 insultarent,
3047 1554 3202 1596 unus
3229 1540 3461 1596 nomine
3489 1540 3851 1606 Bernardus,

2140 1637 2520 1701 cognomento
2571 1629 2641 1685 de
2712 1628 2985 1695 Brueriis,
3032 1628 3256 1684 elevato
3313 1627 3545 1697 bipenni
3583 1641 3852 1692 sacrant,

2144 1718 2415 1787 quamvis
2436 1716 2770 1787 peccatoris,
2804 1716 3070 1773 verticem
3102 1715 3460 1771 truculenter
3477 1715 3851 1779 excerebrat;

2144 1805 2246 1875 qui
2275 1819 2411 1862 cum
2438 1805 2729 1862 laberetur
2758 1805 2907 1861 inter
2935 1803 3250 1860 tenentium
3285 1817 3495 1859 manus
3525 1810 3855 1873 antequam

2140 1893 2443 1961 decideret,
2499 1893 2574 1949 ab
2630 1892 2810 1948 altero
2867 1892 2978 1948 sub
3029 1891 3366 1948 ocularibus
3422 1905 3519 1959 per
3572 1890 3846 1945 medium

2140 1980 2265 2036 nasi
2294 1995 2367 2037 ex
2398 1988 2725 2037 transverso
2752 1979 2871 2050 (ίοι)
2902 1993 3210 2047 percussus
3248 1978 3541 2035 occubuit.
3595 1977 3684 2033 lbi
3714 1992 3852 2046 pes-

2139 2068 2406 2125 sumdata
2433 2075 2491 2124 et
2522 2068 2689 2124 tibias
2731 2068 3127 2134 conciderunt,
3186 2074 3240 2121 et
3292 2067 3535 2122 vulnera
3587 2065 3854 2135 plurima

2141 2156 2495 2212 indiderunt.
2512 2157 2588 2211 At
2601 2155 3025 2225 Teudegaudus
3044 2154 3248 2210 videns
3277 2154 3563 2210 annulum
3585 2154 3644 2209 in
3657 2153 3851 2224 digito

2140 2243 2433 2315 quondam
2457 2242 2759 2313 pontificis,
2808 2256 2942 2298 cum
3001 2241 3167 2298 facile
3221 2255 3337 2296 non
3396 2249 3581 2311 posset
3634 2248 3852 2297 extor-

2139 2346 2338 2403 quere,
2371 2331 2444 2388 ab
2472 2345 2538 2386 eo
2567 2329 2813 2401 digitum
2852 2336 3100 2396 mortuo,
3148 2344 3284 2384 ense
3315 2329 3590 2399 praecidit,
3652 2343 3851 2386 annu-

2138 2421 2379 2489 lumque
2436 2418 2735 2488 corripuit.
2768 2418 2972 2488 Itaque
2999 2416 3353 2485 exspoliatus
3408 2416 3482 2472 ad
3515 2416 3749 2472 nudum
3786 2417 3849 2472 in

2139 2508 2425 2579 angulum
2445 2514 2579 2562 ante
2619 2505 2896 2576 capellani
2942 2506 3031 2561 sui
3064 2506 3299 2561 domum
3332 2504 3649 2575 projicitur.
3685 2506 3851 2561 Deus

2139 2611 2317 2660 meus,
2348 2596 2482 2665 quis
2512 2602 2734 2650 retexat
2765 2601 2905 2664 quot
2939 2594 2998 2648 in
3019 2593 3303 2664 jacentem
3332 2606 3367 2648 a
3395 2593 3850 2649 transeuntibus

2137 2693 2273 2740 sunt
2298 2683 2551 2740 ludibria
2596 2683 2752 2753 jacta
2780 2682 3113 2747 verborum,
3145 2690 3286 2752 quot
3329 2681 3628 2751 glebarum
3662 2680 3847 2750 jacti-
3902 2684 3915 2695 ‘

2138 2773 2268 2838 bus,
2313 2779 2457 2842 quot
2521 2772 2699 2837 saxis,
2765 2779 2907 2841 quot
2956 2777 3042 2826 est
3096 2770 3438 2839 pulveribus
3485 2783 3695 2839 corpus
3734 2783 3845 2838 op-

2139 2866 2677 3017 presziluualtitequam
2733 2948 2806 3003 ad
2854 2946 2970 3002 alia
3025 2946 3484 3017 progrediamur,
3520 2945 3842 3001 dicendum

2066 3062 2107 3120 α
2139 3038 2294 3109 quod
2325 3036 2603 3107 quiddam
2634 3049 2820 3104 nuper
2847 3034 3061 3090 factum
3084 3034 3157 3089 ad
3185 3048 3357 3091 suum
3400 3034 3566 3089 valde
3596 3034 3844 3103 profecit

2139 3125 2457 3182 interitum.
2490 3123 2638 3179 Ante
2680 3122 2847 3188 duos,
2907 3122 3018 3178 nisi
3070 3121 3256 3189 fallor,
3286 3136 3406 3178 suae
3450 3121 3647 3177 mortis
3690 3120 3841 3187 dies,

2137 3220 2456 3270 conventus
2496 3217 2581 3267 est
2623 3210 2683 3266 in
2722 3210 2908 3266 media
2965 3210 3203 3266 basilica
3254 3224 3289 3265 a
3314 3208 3667 3279 primoribus
3695 3207 3840 3264 cleri

2135 3301 2248 3367 sui,
2281 3300 2439 3370 quod
2464 3298 2584 3369 regi
2609 3298 2666 3353 in
2695 3298 2837 3354 urbe
2862 3312 3051 3367 nuper
3079 3297 3384 3353 constituto
3405 3311 3500 3351 cos
3525 3296 3837 3361 detulerat,

2136 3390 2333 3445 dicens
2369 3387 2603 3443 clericos
2636 3400 2751 3441 non
2795 3399 2918 3442 esse
2961 3386 3326 3451 reverendos,
3368 3384 3508 3454 quia
3538 3398 3680 3452 pene
3708 3371 3839 3440 om-

2136 3488 2239 3530 nes
2265 3487 2339 3529 ex
2360 3475 2517 3543 regia
2560 3473 2745 3529 forent
2800 3475 3078 3529 servitute
3132 3471 3435 3543 progeniti.
3482 3471 3644 3537 Quod
3697 3485 3840 3526 cum

2133 3562 2187 3619 ei
2213 3561 2500 3632 objectum
2560 3561 2777 3624 fuisset,
2828 3561 2938 3634 hoc
2990 3561 3158 3616 modo
3198 3561 3459 3615 inlicians
3497 3562 3576 3615 ait
3609 3574 3622 3613 :
3655 3559 3837 3615 Com-

2135 3649 2336 3706 munio
2377 3656 2598 3715 sancta,
2649 3663 2828 3719 quam
2856 3663 2932 3706 ex
2983 3648 3077 3704 illo
3106 3648 3328 3718 pridem
3383 3647 3553 3703 altari
3600 3646 3842 3717 suscepi

2134 3737 2451 3807 (dexteram
2483 3736 2637 3793 enim
2661 3736 2757 3792 illo
2789 3736 3174 3806 protenderat)
3201 3736 3397 3791 veniat
3422 3735 3563 3791 mihi
3595 3735 3669 3790 ad
3696 3749 3841 3803 per-

2135 3824 2361 3893 niciem,
2392 3832 2449 3881 et
2471 3824 2656 3880 sancti
2676 3824 2923 3894 Spiritus
2952 3824 3211 3895 gladium
3251 3824 3455 3879 invoco
3485 3822 3543 3877 in
3576 3823 3838 3877 animam

2133 3927 2341 3980 meam,
2374 3913 2420 3969 si
2456 3915 2577 3969 haec
2610 3927 2872 3983 unquam
2903 3913 3081 3969 verba
3114 3913 3234 3982 regi
3257 3912 3326 3968 de
3356 3911 3520 3967 vobis
3538 3910 3679 3966 dixi.
3707 3909 3838 3976 Quo

2132 4001 2349 4069 audito,
2391 4001 2629 4071 quidam
2683 4000 2851 4056 valde
2905 4000 3096 4056 mirati
3151 4008 3307 4065 sunt,
3361 4006 3415 4056 et
3457 3999 3839 4054 sacramentis

2132 4096 2512 4147 astruxerunt
2548 4103 2608 4145 se
2645 4102 2719 4145 ex
2749 4102 2848 4145 ore
2901 4090 3049 4159 ejus,
3074 4102 3209 4144 cum
3238 4087 3375 4143 talia
3404 4088 3523 4157 regi
3563 4086 3834 4153 deferret,

2130 4178 2377 4235 audisse.
2430 4176 2772 4235 Volubilitas
2800 4177 2968 4247 plane
3003 4177 3131 4247 ejus
3161 4176 3368 4233 mentis
3385 4182 3441 4231 et
3472 4175 3675 4247 lingua
3717 4172 3833 4243 ipsi

2132 4266 2405 4338 parturiit
2427 4266 2552 4322 haec
2566 4266 2766 4323 exitia.

2797 4353 3030 4411 CAPUT
3060 4352 3159 4408 1X.

2200 4441 2552 4514 Inter/icitur
2588 4442 2955 4515 Radulphua.
3004 4471 3073 4482 —
3100 4442 3321 4497 Interea
3366 4453 3499 4509 pars
3553 4439 3826 4510 quaedam

2133 4531 2377 4588 furentis
2426 4532 2588 4602 vulgi
2636 4532 2710 4587 ad
2757 4532 2993 4588 domum
3037 4529 3263 4586 Radulii
3317 4528 3679 4598 pertendunt,
3723 4528 3831 4597 qui

2129 4617 2377 4687 episcopi
2408 4616 2783 4687 discopborus
2826 4622 2970 4681 erat,
3023 4622 3080 4671 et
3144 4613 3216 4670 de
3267 4612 3511 4669 summis
3536 4610 3832 4668 familiari-

2132 4705 2242 4762 bus
2298 4705 2537 4762 Gerardi
2580 4704 2991 4762 Carisiacensis
3038 4703 3355 4769 exstiterat,
3413 4701 3505 4757 vir
3531 4699 3668 4757 exili
3700 4701 3829 4769 qui-

2131 4793 2258 4850 dem
2286 4790 2493 4861 forma,
2526 4792 2624 4849 sed
2653 4791 2950 4848 heroicum
3008 4789 3228 4846 habens
3255 4789 3537 4845 animum.
3584 4788 3643 4844 Is
3690 4787 3828 4843 lori-

2130 4890 2313 4945 catus,
2371 4879 2653 4951 galeatus,
2717 4893 2837 4935 non
2864 4878 2989 4934 sine
3017 4877 3129 4933 levi
3173 4885 3637 4934 armaturacum
3686 4876 3825 4930 resi-

2131 4976 2279 5026 stere
2349 4968 2676 5037 destinaret,
2749 4965 2953 5022 videns
3008 4965 3129 5021 vim
3171 4965 3431 5033 nimiam,
3487 4963 3831 5032 veritusque

2097 5056 2343 5128 ~subjici
2399 5056 2612 5126 ignem,
2669 5067 2835 5110 arma
2886 5052 3113 5125 projcit,
3175 5053 3827 5121 nudumquesecorum

2131 5143 2535 5201 misericordia
2584 5142 2644 5198 in
2677 5142 2913 5198 m.dum
2938 5142 3130 5199 crucis
3159 5140 3447 5209 exposuit.
3482 5139 3616 5208 Qui,
3647 5139 3762 5194 Deo
3792 5153 3827 5195 a

2130 5248 2191 5291 se
2232 5239 2470 5296 remoto,
2525 5230 2689 5287 humi
2723 5238 3073 5300 prostratum
3124 5228 3521 5286 crudelissime
3574 5226 3827 5302 trucida-

2134 5327 2291 5377 runt.
2323 5318 2451 5389 Ipse
2475 5326 2789 5390 antequam
2827 5318 3188 5376 carniﬁcium
3222 5317 3366 5374 illud
3390 5317 3462 5373 de
3488 5315 3742 5371 Gerardo
3771 5315 3826 5370 in

2131 5407 2371 5463 ecclesia
2417 5406 2595 5475 ﬂeret,
2624 5407 2958 5479 huiusmodi
2999 5405 3277 5464 visionem
3308 5404 3470 5460 vidit.
3514 5403 3828 5460 Videbatur
