3946 6396
108 409 224 461 929

1194 407 1284 462 DE
1325 407 1484 462 VITA
1522 409 1655 462 SUA
1694 408 1886 462 LIBRI
1925 406 2119 464 TRES.
2159 437 2226 448 —
2258 409 2386 464 LIB.
2432 409 2525 463 III.

3525 416 3630 468 930

102 535 224 591 sibi
261 537 320 591 in
345 537 529 592 Beata
579 535 772 592 Maria
803 536 1037 592 basilica
1075 551 1214 602 esse,
1277 538 1473 608 ibique
1523 552 1819 609 perversos
1857 538 2239 598 Ainstantem
2294 543 2537 594 mortem
2601 539 2769 608 capit
2836 540 3065 596 veniam
3113 541 3185 597 ab
3243 557 3331 610 eo,
3393 543 3438 598 si
3496 557 3628 615 qua

103 625 474 680 habitudinis
532 625 790 681 homines
845 626 1170 693 convenire,
1231 628 1334 697 qui
1366 627 1697 698 peregrinos
1735 627 1819 682 lu-

99 713 216 768 dos
247 713 366 768 illic
410 721 743 780 statuerent,
775 721 831 770 et
871 715 1221 784 quibusdam
1263 714 1819 771 circumsedentibus

96 802 440 869 spectacula
498 816 649 857 nova
694 801 916 857 darent.
977 801 1096 858 Sub
1143 816 1262 873 qua
1318 803 1703 874 propositione
1748 803 1820 858 de

97 889 284 945 domo
344 889 622 946 Guidonis
680 890 1046 958 thesaurarii,
1124 905 1254 961 qua
1297 893 1469 961 juxta
1522 891 1818 948 ecclesiam

95 985 258 1044 erat,
308 978 404 1032 alii
435 979 695 1035 homines
719 979 957 1036 exibant
987 979 1192 1048 pocula
1224 978 1561 1046 deferentes,
1597 979 1654 1034 in
1686 979 1816 1050 qui-

97 1065 225 1120 bus
254 1067 400 1122 tanti
447 1067 641 1122 fetoris
687 1066 1095 1122 continebatur
1137 1074 1308 1136 potus
1337 1073 1402 1122 ut
1444 1066 1820 1123 intolerabilis

93 1152 495 1208 sentientibus
542 1161 708 1219 esset,
739 1153 842 1223 qui
905 1159 959 1208 et
1013 1167 1114 1223 per
1148 1154 1694 1211 circumsedentium
1725 1170 1816 1211 or-

95 1239 307 1294 dinem
357 1239 662 1296 ferebatur.
713 1239 874 1306 Quod
905 1240 1031 1294 luce
1081 1239 1295 1296 clarius
1329 1248 1433 1296 est.
1462 1239 1646 1306 Quam
1678 1242 1818 1297 hor-

97 1327 333 1382 rendus
361 1328 514 1383 enim
545 1327 624 1383 ibi
679 1328 978 1384 emicuerit
1017 1328 1366 1394 damonum,
1399 1341 1695 1399 quamque
1724 1329 1820 1384 in-

96 1416 277 1471 visus
309 1415 502 1484 ludus,
535 1417 669 1486 quis
697 1423 866 1485 putor
889 1415 1142 1472 enormis
1182 1416 1412 1471 sceleris
1459 1416 1681 1486 ubique
1738 1417 1818 1473 lo-

95 1517 317 1560 corum
371 1505 441 1560 de
477 1505 674 1560 eadem
709 1505 877 1559 domo
908 1504 1178 1570 manarit,
1213 1503 1274 1558 in
1306 1513 1579 1574 promptu
1607 1513 1663 1560 et
1691 1519 1820 1561 mo-

95 1593 185 1647 do
241 1600 342 1649 est.
403 1592 546 1648 Nam
592 1591 750 1662 plebs
809 1591 1124 1647 furibunda
1179 1592 1372 1646 domni
1405 1592 1508 1655 illi,
1566 1593 1818 1662 primum

97 1680 252 1735 ﬁcos
279 1679 490 1750 injecit,
519 1679 590 1735 de
635 1693 704 1734 ea
744 1681 803 1734 in
845 1679 1142 1735 ecclesiam
1192 1679 1476 1748 prosiluit,
1505 1687 1562 1735 et
1587 1681 1818 1736 demum

95 1769 393 1838 palatium
423 1767 741 1838 episcopale
770 1767 1068 1836 corripuit.

181 1857 456 1912 Ecclesia
470 1855 772 1927 omniaque
790 1855 974 1926 ipsius
982 1858 1326 1911 ornamenta
1343 1856 1724 1928 conﬂagrant.
1747 1887 1818 1900 —-

93 1945 271 2001 Vidit
287 1953 343 2001 et
374 1946 529 2001 aliud
557 1946 949 2016 pranuntium
980 1953 1165 2000 status
1196 1946 1284 2000 sui
1319 1946 1520 2001 futuri.
1550 1946 1817 2000 Nuntiari

94 2031 221 2087 sibi
271 2033 328 2087 in
377 2033 600 2089 visione
653 2034 884 2089 videbat
931 2033 1004 2088 ab
1061 2034 1348 2103 armigero
1393 2047 1519 2100 suo,
1560 2041 1614 2089 et
1664 2033 1814 2088 dici:

94 2119 371 2188 Domine,
407 2135 595 2192 equus
621 2128 757 2177 tuus
785 2121 842 2176 in
888 2121 1160 2177 anteriori
1209 2129 1371 2190 parte
1421 2123 1616 2178 multa
1647 2129 1701 2178 et
1731 2123 1817 2177 iu-

95 2206 294 2263 solita
340 2208 628 2264 vastitatis
668 2215 770 2275 est,
818 2215 874 2264 et
904 2208 963 2263 in
1007 2208 1416 2277 posterioribus
1445 2217 1619 2265 tanta
1647 2211 1820 2266 exili-

98 2295 249 2352 tatis
282 2303 346 2352 ut
395 2310 502 2367 par
537 2310 832 2366 nusquam
893 2297 1157 2352 viderim.
1209 2297 1448 2366 Optima
1486 2299 1639 2354 enim
1668 2313 1818 2368 opu-

95 2384 323 2452 lentia,
351 2386 704 2457 plurimique
736 2385 903 2455 pretii
935 2394 1065 2441 ante
1099 2385 1304 2452 fuerat,
1332 2401 1466 2456 qua
1488 2388 1615 2458 ejus
1643 2389 1815 2444 uber-

95 2480 197 2528 tas
233 2473 306 2528 ad
360 2480 474 2529 tam
530 2474 844 2545 proﬂigata
901 2475 1102 2530 mortis
1155 2474 1383 2531 devenit
1428 2477 1816 2547 tenuitatem;

93 2575 302 2631 equus
333 2575 587 2632 namque
618 2562 861 2633 gloriam
891 2563 1085 2618 saculi
1111 2563 1320 2634 signat.

177 2650 372 2719 Igitur
397 2665 470 2706 ex
497 2651 847 2721 cujusquam
890 2652 1140 2707 maxime
1196 2658 1425 2721 peccato
1476 2653 1815 2723 contigerat,

97 2745 169 2794 ut
232 2737 644 2807 gloriosissima
693 2738 928 2794 ecclesia
976 2739 1402 2796 miserabilibus
1457 2741 1819 2797 addiceretur

97 2827 374 2894 excidiis,
423 2840 494 2883 ex
540 2827 708 2883 domo
747 2828 960 2883 scilicet
998 2828 1361 2894 thesaurarii,
1413 2831 1512 2899 qui
1544 2836 1599 2884 et
1629 2828 1818 2885 Simo-

98 2917 278 2972 niace
325 2914 767 2971 archidiaconus
822 2925 964 2981 erat,
1016 2917 1076 2970 in
1123 2917 1418 2971 ecclesiam
1483 2928 1818 2985 proserpere

99 3005 275 3059 visus
322 3011 406 3058 est
451 3003 621 3074 ignis.
673 3003 810 3069 Qua
858 3019 991 3060 eum
1025 3019 1129 3074 pro
1179 3006 1476 3074 prasentis
1514 3004 1696 3074 gloria
1726 3017 1816 3058 so-

99 3091 426 3148 lemnitatis
495 3092 680 3160 palliis
731 3100 905 3162 atque
945 3093 1232 3163 tapetibus
1295 3093 1644 3149 nobilissime
1675 3092 1817 3148 foret

100 3181 562 3248 circumornata,
621 3189 865 3252 urgente
913 3182 1045 3252 igne
1101 3195 1287 3252 pauca
1316 3197 1388 3237 ex
1431 3181 1615 3250 palliis
1663 3181 1816 3236 furto

102 3270 355 3339 abrepta
384 3270 576 3339 potius
607 3283 784 3340 quam
833 3270 970 3325 focis
1005 3277 1153 3325 tacta
1209 3271 1528 3326 creduntur
1558 3283 1573 3338 ;
1605 3269 1818 3339 tapetia

105 3365 313 3414 autem
339 3356 558 3427 aliqua,
607 3357 748 3427 quia
774 3357 952 3412 facile
991 3357 1159 3413 funes
1186 3371 1220 3411 a
1261 3357 1486 3412 trocleis
1532 3356 1752 3412 demitti
1783 3369 1818 3411 a

107 3446 321 3516 paucis
364 3459 476 3500 non
529 3453 810 3514 poterant,
856 3446 1216 3501 succubuere
1245 3445 1550 3506 caloribus,
1584 3445 1818 3501 Tabula

108 3532 318 3588 altaris
391 3545 603 3598 aurea,
647 3539 702 3587 et
758 3540 1090 3588 sanctorum
1169 3534 1375 3589 feretra
1420 3540 1620 3600 erepta
1681 3546 1817 3587 cum

108 3622 242 3691 ipsa
288 3621 403 3690 (ιοι)
457 3619 803 3689 prominenti
863 3635 1084 3688 eorum,
1159 3634 1335 3691 quam
1395 3621 1477 3674 sic
1547 3620 1815 3688 vocitant,

110 3723 276 3779 repa,
309 3716 514 3764 catera
561 3709 621 3763 in
675 3723 819 3778 gyro
865 3709 1143 3764 incendiis
1190 3716 1329 3778 puto
1383 3715 1676 3777 correpta;
1711 3709 1820 3764 sub

109 3811 182 3853 ea
213 3796 371 3852 enim
401 3796 640 3866 quidam
689 3812 823 3853 cum
868 3811 929 3852 se
976 3798 1302 3852 reclusisset
1345 3796 1416 3851 de
1445 3796 1822 3853 nobilioribus

110 3885 357 3951 clericis,
411 3885 543 3941 inde
585 3886 853 3956 progredi
928 3900 1042 3940 non
1099 3899 1455 3956 prasumeus
1501 3899 1572 3940 ne
1621 3886 1824 3942 turbas

109 3981 377 4030 errantes
429 3972 723 4041 incideret,
756 3987 889 4028 cum
945 3973 1136 4044 ignem
1197 3974 1351 4028 circa
1383 3988 1442 4029 se
1469 3973 1655 4029 ridere
1692 3987 1823 4029 sen-

112 4063 303 4128 sisset,
331 4061 404 4116 ad
460 4061 792 4117 cathedram
839 4061 1215 4131 episcopalem
1247 4061 1450 4126 currit,
1501 4060 1827 4130 superposi-

118 4158 240 4206 tam
287 4150 525 4205 vitream
579 4149 883 4220 capitalem
951 4149 1094 4220 pede
1164 4148 1473 4218 impulsam
1535 4148 1823 4219 pertudit;

119 4239 324 4308 sicque
351 4237 581 4294 desiliit.

193 4331 348 4382 506
404 4325 821 4381 Monasterium
855 4327 912 4383 S.
942 4325 1202 4382 Joannis
1255 4329 1428 4398 atque
1480 4325 1724 4381 ecclesia
1754 4327 1826 4381 Β.

1854 1819 1898 1874 Β

1924 633 2123 682 contra
2177 641 2311 683 eum
2369 626 2760 695 commisisset,
2837 637 3044 698 petere,
3091 639 3145 686 et
3201 646 3258 686 se
3310 632 3629 688 diutissime

1925 728 2057 770 cum
2125 715 2442 785 ejulatibus
2501 716 2980 787 constringentes,
3024 725 3079 774 et
3130 719 3328 775 oscula
3371 728 3631 776 extrema

1925 801 2185 870 libantes,
2230 817 2363 858 eum
2397 802 2492 858 illa
2522 802 2766 872 diceret;
2797 818 2904 859 cur
2938 819 3028 860 me
3056 806 3164 861 sub
3217 807 3423 876 gladiis
3461 809 3632 864 urbi-

1925 905 2126 946 corum
2159 891 2560 962 derelinquis?
2590 890 2686 946 llle
2729 893 3092 962 apprehensa
3139 894 3398 950 mulieris
3426 895 3632 952 dextra

1925 979 2182 1034 lanceam
2243 991 2424 1034 manu
2468 983 2685 1043 tenens,
2737 993 2868 1033 cum
2911 979 3288 1049 dispensatori
3333 983 3632 1051 pracepis-

1924 1074 2006 1124 set
2043 1067 2308 1137 clypeum
2341 1074 2464 1136 post
2493 1079 2553 1121 se
2599 1065 2744 1121 ferre
2779 1067 2923 1136 (erat
2966 1075 3159 1123 autem
3203 1070 3272 1124 de
3304 1070 3632 1138 primordiis

1925 1155 2306 1226 proditorum)
2337 1155 2457 1224 ipse
2488 1168 2601 1210 non
2649 1155 2834 1209 solum
2876 1163 3000 1224 post
3040 1170 3172 1211 eum
3219 1157 3482 1227 clypeum
3513 1173 3629 1214 non

1927 1243 2083 1312 tulit,
2125 1243 2221 1299 sed
2252 1258 2387 1298 eum
2417 1243 2562 1298 dure
2606 1243 2784 1298 verbo
2828 1243 3206 1299 reverberans
3238 1259 3272 1298 a
3312 1253 3471 1316 tergo
3497 1261 3632 1302 eum

1927 1331 2182 1402 impegit.
2217 1333 2344 1387 Jam
2371 1345 2510 1402 ergo
2550 1345 2704 1397 eum,
2740 1331 2910 1401 cujus
2938 1345 3142 1388 servus
3182 1340 3328 1402 erat,
3377 1348 3492 1389 non
3529 1350 3632 1391 no-

1927 1428 2035 1476 rat.
2077 1421 2183 1476 Cui
2234 1429 2384 1477 certe
2415 1421 2564 1476 inter
2616 1421 3015 1490 prandendum
3049 1421 3222 1490 paulo
3251 1430 3383 1478 ante
3415 1423 3633 1479 servie-

1927 1514 2035 1562 rat.
2069 1508 2177 1562 Per
2232 1508 2450 1564 medias
2504 1508 2701 1578 itaque
2735 1517 2956 1563 turmas
2986 1508 3216 1563 defensa
3246 1523 3445 1576 uxore,
3479 1510 3634 1566 intra

1927 1594 2162 1650 domum
2197 1595 2426 1650 tandem
2457 1593 2760 1663 cujusdam
2820 1594 3056 1663 portarii
3087 1596 3331 1665 episcopi
3364 1611 3491 1651 eam
3531 1613 3633 1652 oc-

1927 1684 2130 1739 culuit.
2165 1684 2302 1749 Qua
2340 1697 2473 1738 cum
2502 1681 2734 1739 vidisset
2778 1683 3048 1750 assultus,
3106 1693 3160 1738 et
3188 1683 3475 1754 subjectos
3501 1684 3634 1739 adi-

1930 1771 2038 1826 bus
2094 1771 2275 1840 ignes,
2317 1771 2375 1825 in
2443 1771 2640 1841 fugam
2691 1785 3043 1842 quocunque
3095 1772 3340 1827 ducebat
3399 1772 3633 1827 fortuna

1928 1858 2302 1914 convertitur.
2364 1857 2502 1924 Qua
2550 1873 2684 1915 cum
2756 1861 3071 1930 burgenScs
3116 1861 3337 1930 aliquot
3390 1860 3632 1916 feminas

1926 1945 2269 2015 olfendiSset,
2301 1954 2469 2016 rapta
2499 1947 2571 2002 ab
2599 1948 2701 2017 eis,
2735 1949 3064 2019 pugnisque
3112 1949 3358 2018 pulsata,
3391 1957 3446 2004 et
3496 1963 3632 2018 pre-

1926 2035 2100 2102 tiosis,
2136 2048 2284 2104 quas
2314 2034 2560 2090 habebat
2614 2037 2870 2092 vestibus
2911 2037 3171 2106 spoliata,
3222 2037 3322 2091 vix
3371 2037 3440 2091 ad
3483 2036 3631 2091 San-

1926 2129 2083 2177 ctum
2116 2122 2300 2192 potuit
2348 2129 2579 2192 sumpta
2632 2123 3092 2180 Sanctimonialis
3140 2133 3293 2181 veste
3332 2125 3631 2194 pervenire

1930 2211 2321 2269 Vincentium.

1997 2303 2067 2354 At
2103 2299 2448 2354 consobrina
2487 2313 2612 2355 mea
2657 2300 2978 2356 discedente
3021 2302 3246 2367 marito,
3304 2309 3633 2372 contempta

1926 2387 2264 2458 supellectili
2322 2387 2547 2456 domus,
2594 2389 2772 2444 solam
2829 2389 2937 2444 sibi
2997 2389 3285 2444 lacernam
3353 2390 3628 2458 retinens,

1927 2487 2184 2540 murum,
2234 2489 2353 2545 quo
2405 2490 2576 2532 suum
2649 2476 2992 2532 viridarium
3053 2478 3413 2547 cingebatur,
3480 2476 3631 2533 virili

1925 2562 2217 2618 alacritate
2246 2564 2596 2632 conscendit,
2638 2564 2907 2634 saltuque
2951 2565 3160 2620 exinde
3207 2565 3432 2622 desiliit.
3493 2567 3632 2622 Inde

1926 2648 1985 2704 in
2042 2651 2404 2719 paupercula
2461 2651 2767 2721 cujusdam
2836 2657 3063 2720 recepta
3121 2653 3446 2722 tugurium,
3496 2668 3628 2708 cum

1925 2745 2251 2806 grassantes
2290 2744 2414 2807 post
2468 2738 2758 2794 modicum
2816 2739 3083 2793 sensisset
3115 2738 3396 2804 ﬂammas,
3433 2754 3634 2810 proru-

1925 2824 2006 2894 pit
2071 2826 2144 2880 ad
2203 2825 2435 2893 ostium,
2497 2825 2652 2895 quod
2713 2839 2861 2880 anus
2921 2833 3088 2880 extra
3135 2827 3518 2895 obseraverat,
3576 2835 3634 2884 et

1924 2913 2112 2983 lapide
2143 2914 2326 2970 fracta
2373 2929 2519 2983 sera,
2553 2929 2587 2970 a
2643 2917 2896 2985 quadam
2929 2917 3349 2974 sanctimoniali
3389 2925 3634 2990 cognata

1925 3013 2031 3055 sua
2062 3002 2362 3070 impetrato
2393 3002 2596 3057 habitu
2639 3011 2692 3058 et
2724 3003 2850 3058 velo
2902 3017 2962 3058 se
3007 3013 3334 3075 contegens,
3379 3014 3434 3061 et
3467 3006 3634 3076 [inter

1858 3112 1898 3167 ο
1927 3089 2238 3144 monachas
2268 3089 2569 3145 fovendam
2613 3105 2671 3145 se
2719 3091 2973 3158 credens,
3010 3106 3144 3147 cum
3185 3094 3450 3149 incendia
3490 3094 3631 3149 inibi

1927 3178 2149 3234 fervere
2200 3177 2556 3248 conspiciens
2604 3179 2920 3235 retorsisset
2961 3180 3228 3250 gradum,
3269 3181 3328 3236 in
3395 3182 3630 3238 domum

1926 3265 2237 3335 quamdam
2293 3266 2654 3322 remotiorem
2683 3279 2741 3322 se
2787 3267 3029 3322 contulit
3060 3267 3241 3323 donec
3301 3268 3570 3337 postridie
3599 3283 3634 3324 a

1926 3353 2262 3422 parentibus
2292 3353 2534 3424 quasita
2563 3355 2906 3424 comparuit,
2934 3363 2989 3410 et
3011 3361 3149 3411 tunc
3172 3356 3424 3412 dolorem
3457 3372 3632 3427 quem

1926 3454 2099 3509 super
2146 3449 2302 3497 metu
2361 3443 2560 3498 mortis
2611 3443 2915 3510 habuerat,
2968 3443 3025 3497 in
3085 3443 3430 3500 rabidiorem
3454 3460 3632 3515 super

1925 3527 2133 3583 marito
2163 3528 2426 3584 mutavit.
3329 3552 3332 3555 ·

1995 3615 2134 3671 Alia
2185 3617 2476 3686 quadam,
2537 3631 2688 3673 uxor
2749 3617 2964 3674 scilicet
3018 3627 3074 3674 et
3121 3619 3252 3675 ﬁlia
3307 3619 3630 3678 Guinimari

1929 3705 2225 3760 castellani
2279 3720 2410 3761 cum
2445 3706 2730 3775 pluribus,
2762 3707 2900 3762 locis
2929 3722 2988 3762 se
3041 3707 3361 3764 humilibus
3387 3709 3633 3764 abdide-

1931 3801 2089 3848 runt.
2142 3792 2430 3848 Galterius
2473 3803 2665 3849 autem
2714 3794 3160 3850 archidiaconus
3195 3810 3329 3851 eum
3367 3797 3634 3867 episcopo

1933 3882 2173 3952 positus,
2209 3895 2343 3936 cum
2392 3881 2638 3936 obsideri
2668 3882 2902 3937 vidisset
2957 3881 3173 3949 aulam,
3227 3884 3365 3954 quia
3411 3898 3639 3955 semper

1933 3970 2121 4026 oleum
2173 3969 2398 4024 camino
2447 3984 2506 4025 se
2566 3969 2852 4025 addidisse
2899 3978 3265 4040 cognoverat,
3333 3983 3432 4039 per
3489 3969 3638 4025 fene-

1935 4067 2111 4114 stram
2169 4059 2373 4114 domus
2420 4058 2708 4125 exsiliens,
2761 4058 2816 4112 in
2872 4058 3212 4114 viridarium
3246 4057 3548 4128 pontificis,
3581 4065 3636 4113 et

1936 4163 1968 4202 a
2003 4162 2188 4214 muro,
2222 4161 2338 4218 quo
2371 4147 2751 4215 ambiebatur,
2786 4147 2842 4201 in
2901 4147 3099 4202 vineas
3132 4160 3232 4216 per
3259 4147 3391 4201 avia
3419 4146 3638 4202 vadens

1936 4237 2123 4306 capite
2169 4236 2442 4305 adoperto
2501 4235 2732 4291 castello
2800 4235 3002 4291 Montis
3049 4235 3204 4290 acuti
3254 4249 3313 4290 se
3362 4233 3634 4290 condidit.

1939 4326 2262 4395 Burgenses
2290 4339 2424 4380 vero
2453 4338 2586 4380 cum
2623 4323 2857 4380 minime
2879 4325 2950 4379 ab
2987 4324 3068 4379 eis
3109 4326 3458 4394 reperiretur
3495 4322 3641 4378 cloa-

120 4415 323 4470 Maria
375 4414 709 4485 Profunda,
758 4419 815 4469 et
843 4415 899 4471 S.
941 4415 1103 4470 Petri
1138 4415 1542 4470 incenduntur.
1576 4445 1644 4456 ——-
1676 4417 1825 4471 Cru-
1863 4412 1905 4466 E
1935 4427 2031 4469 cas
2061 4427 2193 4468 eum
2224 4413 2314 4468 sui
2346 4413 2551 4468 timore
2599 4413 2790 4468 fovere
2846 4412 3128 4468 ridebant.
3196 4413 3347 4469 Uxor
3403 4425 3638 4482 quoque

121 4503 282 4558 cilixi
339 4503 566 4559 Domini
618 4504 810 4575 imago
858 4503 1255 4560 decentissime
1305 4505 1607 4568 obaurata,
1675 4518 1828 4574 gem-

122 4590 354 4660 misque
381 4590 668 4658 distincta,
701 4605 836 4646 cum
875 4604 1011 4647 vase
1055 4591 1414 4662 saphyretico
1445 4606 1548 4662 pro
1588 4592 1828 4661 pedibus

126 4675 282 4733 illius
339 4677 609 4748 imaginis
666 4691 938 4747 appenso,
993 4677 1052 4733 in
1088 4686 1296 4734 terram
1355 4678 1485 4735 fusa
1517 4677 1824 4746 delabitur,

127 4778 232 4820 nec
257 4766 382 4822 sine
410 4765 661 4836 plurima
684 4767 914 4837 jactura
957 4767 1252 4836 recipitur.
1295 4767 1439 4824 Cum
1483 4768 1660 4837 igitur
1706 4779 1824 4821 cre-

127 4860 388 4908 maretur
447 4851 687 4908 ecclesia
753 4860 928 4922 atque
983 4852 1284 4922 palatium,
1345 4853 1504 4909 dictu
1543 4852 1825 4919 mirabile,

127 4940 552 5010 mysticumque
597 4939 696 4996 Dei
739 4940 1047 5011 judicium,
1095 4941 1220 4997 titio
1279 4949 1477 4998 utrum
1534 4943 1724 4997 nescio
1753 4953 1830 4995 an

129 5027 302 5083 carbo
332 5027 404 5083 ad
436 5031 854 5084 monasterium
903 5028 1200 5098 virginum
1239 5029 1586 5096 convolavit,
1621 5026 1745 5098 ('0')
1777 5034 1833 5082 et

128 5113 318 5173 Sancti
369 5117 606 5173 Joannis
651 5117 945 5173 ecclesiam
997 5117 1369 5184 succendens,
1428 5117 1613 5172 Beata
1659 5117 1833 5171 etiam

129 5201 342 5274 Maria,
386 5219 519 5276 qua
575 5205 867 5262 Profunda
918 5205 1147 5274 dicitur,
1202 5205 1512 5275 Sanctique
1571 5203 1724 5260 Petri
1772 5204 1832 5259 in

135 5290 353 5349 cineres
382 5294 681 5349 convertit.

201 5381 471 5436 Matrona
489 5379 748 5452 quadam
782 5379 1125 5436 liberantur.
1153 5410 1223 5420 —-
1254 5379 1328 5436 At
1357 5393 1660 5450 procerum
1691 5393 1834 5435 con-

130 5465 297 5537 iuges
339 5469 592 5540 qualiter
619 5469 728 5524 sub
766 5477 924 5525 tanto
977 5469 1206 5539 negotio
1243 5483 1302 5525 se
1331 5468 1568 5537 egerint,
1623 5467 1834 5523 referre

137 5567 248 5608 non
300 5555 474 5626 piget.
511 5555 864 5611 Vicedomini
893 5555 1109 5610 Adonis
1141 5568 1292 5610 uxor
1318 5554 1520 5609 videns
1545 5555 1618 5609 ad
1647 5561 1836 5622 partes

134 5641 377 5714 episcopi
436 5642 709 5699 maritum
739 5650 865 5698 orta
911 5641 1186 5698 seditione
1236 5640 1565 5708 concedere,
1601 5640 1838 5710 opinata

1935 4499 2161 4571 Rogerii
2190 4500 2395 4556 Montis
2439 4499 2593 4554 acuti
2627 4499 2862 4566 domini,
2917 4498 3331 4570 Armengardis
3383 4498 3636 4566 nomine,

1936 4603 2070 4644 cum
2098 4595 2243 4643 esset
2272 4587 2362 4643 die
2385 4587 2582 4642 eodem
2617 4587 2673 4641 in
2696 4587 2840 4643 urbe
2869 4588 3012 4656 (erat
3039 4587 3191 4642 enim
3232 4586 3478 4642 maritus
3514 4588 3642 4656 ejus

1937 4675 2282 4731 castellanus
2314 4675 2588 4730 ’abbatia
2630 4683 2754 4744 post
2799 4674 3140 4743 Gerardum)
3175 4675 3294 4744 ipsa
3324 4688 3456 4730 cum
3487 4689 3642 4730 uxo-

1937 4777 1999 4819 re
2030 4762 2144 4834 (¹⁰⁶)
2189 4762 2480 4834 Radulphi
2531 4763 2848 4832 discophori
2908 4762 3344 4828 monacharum,
3381 4762 3492 4817 nisi
3534 4762 3640 4817 fal-

1938 4851 2042 4919 lor,
2095 4851 2345 4922 tegmine
2394 4859 2624 4920 sumpto
2671 4865 2771 4921 per
2811 4849 3128 4906 convallem
3173 4849 3536 4905 Bibracinam
3569 4848 3641 4903 ad

1941 4939 2214 4995 Sanctum
2275 4939 2570 4994 contendit
2621 4938 3004 4994 Vincentium.
3059 4936 3238 4992 Filius
3267 4944 3458 4992 autem
3489 4949 3644 5006 pra-

1940 5027 2075 5083 dicti
2115 5027 2342 5082 Badulti
2421 5041 2520 5082 sex
2573 5027 2801 5083 circiter
2881 5039 3170 5081 annorum
3222 5039 3357 5081 eum
3405 5038 3440 5080 a
3491 5039 3644 5095 quo-

1941 5116 2072 5171 dam
2103 5117 2216 5186 (¹οτ)
2275 5115 2382 5170 sub
2414 5115 2570 5171 birro
2624 5114 2979 5172 Iiberationis
3033 5126 3212 5169 causa
3242 5113 3512 5183 ferretur,
3542 5126 3641 5182 pa-

1939 5204 2135 5260 risitus
2155 5211 2345 5259 autem
2379 5203 2588 5274 aliquis
2609 5204 2660 5260 ei
2690 5204 2919 5260 obviam
2959 5203 3144 5258 factus
3180 5201 3322 5272 quid
3356 5201 3463 5257 sub
3519 5214 3645 5272 cap-

1942 5305 2016 5361 pa
2059 5299 2309 5360 portaret
2366 5291 2609 5361 aspexit,
2637 5299 2691 5347 et
2749 5292 2896 5347 inter
2923 5290 3052 5360 ejus
3098 5288 3339 5344 brachia
3367 5288 3516 5344 illico
3541 5289 3646 5358 ju-

1896 5427 1898 5430 .
1943 5379 2186 5450 gulavit.

2015 5467 2121 5522 Per
2144 5467 2342 5523 vineas
2392 5467 2585 5536 itaque
2615 5467 2765 5522 inter
2801 5466 2916 5522 duo
2972 5463 3211 5520 brachia
3263 5462 3473 5519 montis
3502 5462 3649 5532 posi-

1945 5560 2052 5616 tas,
2083 5554 2174 5608 die
2204 5554 2318 5620 illa,
2345 5563 2400 5610 et
2433 5561 2596 5610 nocte
2627 5555 2732 5608 iter
2773 5552 3141 5622 fugientium,
3173 5558 3230 5606 et
3284 5550 3645 5618 clericorum,

1942 5649 1999 5698 et
2030 5643 2339 5700 mulierum
2371 5641 2496 5699 fuit.
2529 5641 2633 5700 Vir
2686 5641 2855 5711 plane
2886 5639 3223 5696 muliebrem
3255 5652 3370 5694 non
3399 5637 3648 5694 vereba-
