3946 6410
283 385 379 440 931

1185 381 1248 434 ν.
1289 380 1619 437 GUIBERTI
1658 377 1946 436 ABBATIS
1976 378 2040 433 S.
2082 379 2325 435 ΙΙΑΒΙᾹΞ
2366 379 2459 435 DE
2496 379 2895 436 NOVIGENTO

3680 381 3791 435 932

277 520 376 569 tur
405 512 693 577 habitum,
751 524 854 567 nec
894 509 1102 566 mulier
1141 509 1383 565 virilem.
1418 510 1636 565 Tantus
1689 508 1862 564 etiam
1904 507 1980 563 in-
2015 514 2063 566 Α
2088 508 2297 578 probro
2351 523 2451 565 seu
2483 508 2782 565 maledicto
2822 508 3157 578 praeteriret,
3183 508 3253 565 de
3298 510 3598 580 sepultura
3652 524 3795 566 vero

277 601 615 657 cendiorum
655 600 999 655 altrinsecus
1031 598 1341 668 positorum
1398 603 1586 653 motus
1629 596 1837 662 fuerat,
1872 596 1976 652 has

276 690 335 747 in
370 696 559 760 partes
602 687 800 744 ﬂabris
854 687 1117 743 ﬂammas
1162 684 1568 756 torquentibus
1607 692 1669 741 ut
1710 684 1977 741 monachi

273 792 380 834 sua
419 778 617 834 omnia
661 783 1000 832 vererentur
1056 774 1306 830 incendi.
1356 773 1541 830 Metus
1579 788 1715 830 vero
1765 773 1834 829 iis
1872 774 1974 843 qui

276 867 381 923 isto
405 865 785 935 confugerant
812 870 1010 919 tantus
1047 870 1171 919 erat
1214 876 1282 919 ac
1328 863 1373 917 si
1411 875 1611 919 eorum
1658 861 1978 918 cervicibus

274 953 452 1026 gladii
481 952 867 1009 imminerent.
900 950 1059 1007 Felix
1113 950 1298 1008 Guido
1325 949 1768 1006 archidiaconus
1801 956 1978 1019 atque

274 1041 695 1107 thesaurarius,
752 1040 854 1111 qui
907 1039 999 1096 isti
1037 1039 1262 1110 negotio
1305 1038 1506 1096 defuit.
1557 1034 1679 1109 (‘0')
1726 1038 1813 1095 Ad
1842 1037 1980 1093 San-

274 1139 424 1186 ctam
454 1130 606 1185 enim
640 1129 880 1185 Mariam
932 1126 1398 1184 Versiliacensem
1439 1132 1668 1182 oratum
1709 1133 1841 1182 ante
1870 1127 1979 1180 Pa-

274 1218 415 1274 scha
464 1222 831 1287 processerat.
893 1217 973 1271 De
1014 1216 1142 1285 ejus
1179 1213 1539 1285 potissimum
1570 1213 1827 1269 absentia
1858 1225 1980 1268 car-

274 1306 472 1363 nifices
502 1304 917 1376 querebantur.

349 1393 552 1449 Plures
604 1390 961 1447 occiduntur.
995 1420 1062 1431 —
1096 1388 1307 1447 Occisis
1354 1389 1534 1461 igitur
1581 1388 1664 1447 sic
1717 1387 1980 1459 episcopo

274 1495 696 1553 procerumque
742 1478 1109 1549 primoribus,
1149 1478 1220 1533 ad
1252 1478 1606 1548 reliquorum
1630 1476 1733 1547 qui
1786 1490 1983 1546 super-

274 1576 441 1626 erant
483 1569 680 1625 domos
746 1567 1068 1624 obsidentes
1149 1565 1473 1622 intendunt.
1546 1566 1790 1621 Demum
1841 1579 1981 1635 ergo

276 1655 564 1713 Guillelmi
614 1654 714 1711 ﬁlii
764 1653 1038 1718 Haduini,
1078 1653 1181 1723 qui
1210 1667 1326 1709 non
1364 1658 1730 1709 consenserat
1756 1651 1983 1708 civibus

2084 594 2281 651 nullus
2318 595 2615 665 cogitaret,
2674 595 2947 665 magister
2994 596 3319 659 Anselmus,
3364 597 3465 667 qui
3524 597 3796 654 hesterno

2084 698 2217 740 cum
2261 684 2458 745 seditio
2507 691 2797 751 aestuaret,
2845 684 3082 739 omnino
3107 699 3167 740 se
3198 684 3519 753 abdiderat,
3560 686 3634 742 ad
3673 694 3799 741 tra-

2088 772 2287 841 gindite
2306 771 2485 842 hujus
2510 779 2774 828 auctores
2802 784 3025 841 precem
3056 770 3226 838 fudit,
3260 779 3324 828 ιιι
3354 772 3670 837 hominem,
3701 772 3797 828 vel

2085 861 2226 931 quia
2270 860 2515 930 episcopi
2563 873 2772 916 nomen
2816 865 2871 915 et
2905 858 3133 930 insigne
3180 859 3485 929 habuerat,
3535 861 3800 917 sinerent

2085 961 2320 1018 quoque
2346 947 2577 1006 humari
2621 947 2722 1003 vix
2761 954 3051 1003 annuunt.
3108 946 3257 1011 Quia
3291 961 3430 1019 ergo
3476 948 3673 1006 nudus
3721 947 3798 1004 ad

2085 1041 2253 1092 terrae
2302 1035 2513 1092 canina
2563 1035 2819 1105 quadam
2864 1034 3105 1098 vilitate,
3144 1048 3182 1090 a
3231 1036 3573 1106 vespertinis
3635 1036 3800 1092 feriae

2085 1122 2303 1193 quintae
2363 1122 2539 1189 boris,
2590 1123 2815 1179 tertiam
2887 1122 3123 1179 crastini
3167 1123 3281 1179 diei
3347 1124 3548 1181 horam
3604 1138 3801 1195 usque

2080 1211 2359 1282 jacuerat,
2401 1210 2643 1282 jubetur
2681 1211 2912 1268 tandem
2941 1225 2978 1267 a
3004 1211 3284 1281 magistro
3326 1212 3526 1281 levari,
3586 1212 3702 1285 (ιίο)
3738 1220 3798 1268 et

2084 1300 2322 1356 salbano
2388 1298 2708 1369 superjecto
2780 1298 2856 1355 ad
2919 1298 2977 1355 S.
3052 1299 3423 1357 Vincentium
3476 1300 3796 1371 deportari.

2087 1388 2208 1445 Dici
2239 1402 2352 1444 non
2394 1395 2571 1458 potest
2596 1395 2737 1458 quot
2774 1387 2966 1454 minis,
2998 1396 3140 1459 quot
3179 1388 3451 1446 conviciis
3492 1396 3799 1445 curatores

2087 1475 2306 1532 funeris
2357 1475 2735 1546 urgebantur,
2802 1483 2943 1545 quot
3001 1485 3265 1534 mortuus
3315 1476 3433 1547 ipse
3499 1476 3799 1533 maledicis

2087 1563 2451 1619 Sermonibus
2503 1562 2852 1633 illapidatur.
2911 1564 3032 1634 (ιιι)
3079 1564 3315 1621 Delatus
3368 1566 3438 1621 ad
3492 1563 3799 1621 ecclesiam

2090 1650 2233 1706 nihil
2282 1665 2519 1720 prorsus
2563 1649 2758 1718 ofﬁcii,
2815 1666 2931 1708 non
2976 1652 3103 1708 dico
3152 1653 3306 1722 quod
3361 1654 3650 1723 episcopo,
3690 1651 3798 1708 sed

278 1745 339 1801 in
370 1750 552 1800 morte
585 1742 844 1811 Gerardi,
894 1742 992 1798 sed
1021 1755 1154 1799 cum
1187 1742 1305 1811 ipso
1359 1741 1668 1798 occidendo
1706 1741 1779 1796 ad
1810 1740 1984 1796 eccle-
2031 1803 2066 1811 _
2094 1739 2250 1809 quod
2301 1740 2622 1794 Christiano
2690 1748 3033 1809 competeret
3101 1740 3157 1795 in
3212 1740 3506 1811 exsequiis
3563 1740 3795 1796 habuit.

276 1833 423 1890 siam
470 1841 743 1889 oraturus
791 1803 959 1887 mane
1010 1803 1360 1901 perrexerat,
1412 1837 1532 1886 tota
1569 1837 1732 1886 nocte
1779 1842 1989 1900 perva—
2031 1803 2071 1859 Β
2097 1826 2273 1883 Terra
2327 1826 2616 1897 receptui.
2640 1827 2769 1898 ejus
2831 1828 3199 1896 semicavata,
3243 1803 3454 1899 corpus
3505 1835 3591 1884 est
3640 1827 3801 1884 intro

279 1921 443 1977 dunt.
492 1921 757 1991 Cumque
805 1919 887 1975 illi
941 1919 1077 1975 hinc
1111 1919 1363 1990 ignibus,
1399 1918 1558 1974 illinc
1585 1917 1871 1984 asciculis,
1910 1930 1993 1973 se-

280 2011 522 2067 curibus
573 2017 749 2079 atque
804 2007 988 2064 contis
1017 2014 1264 2064 mactato
1302 2006 1518 2077 pariete
1551 2006 1906 2073 inatitissent,
1936 2012 1994 2060 et

278 2097 359 2154 illi
416 2096 519 2168 qui
578 2096 735 2153 intus
803 2103 969 2152 erant
1024 2095 1451 2153 mordacissime
1506 2095 1859 2161 restitissent,
1917 2093 1991 2150 ad

279 2184 624 2241 deditionem
656 2191 939 2254 postremo
971 2190 1225 2251 coactus,
1259 2183 1405 2238 miro
1436 2182 1536 2239 Dei
1567 2182 1804 2253 judicio,
1855 2193 1988 2237 cum

280 2273 441 2329 hunc
494 2271 715 2329 caeteris
770 2271 903 2341 plus
955 2271 1227 2339 odissent,
1277 2270 1505 2327 salvum
1537 2284 1605 2325 ac
1647 2270 1991 2326 incolumem

283 2360 661 2431 compedibus
710 2358 1073 2429 injecerumt.
1132 2357 1439 2414 Castellani
1472 2357 1665 2413 itidem
1699 2356 1814 2412 filio
1846 2355 1993 2413 fece-

282 2456 441 2505 runt.
475 2448 614 2503 Erat
653 2454 845 2503 autem
880 2447 939 2501 in
993 2446 1161 2502 domo
1189 2443 1481 2501 Guillelmi
1528 2444 1767 2514 quidam
1802 2443 1992 2500 adole-

283 2549 448 2592 scens
490 2533 680 2590 dictus
718 2540 775 2588 et
821 2533 941 2602 ipse
993 2532 1336 2589 Guillelmus
1380 2532 1626 2602 episcopi
1689 2530 1989 2588 cubicula-

285 2621 428 2689 rius,
463 2620 568 2691 qui
613 2619 930 2690 plurimum
967 2619 1199 2675 titulum
1230 2618 1291 2674 in
1323 2618 1422 2679 illa
1477 2618 1807 2675 defensione
1845 2632 1995 2674 com-

285 2708 518 2766 meruit.
576 2708 629 2763 ls
685 2708 853 2763 domo
917 2714 1104 2776 capta,
1152 2706 1225 2762 ab
1266 2721 1334 2762 ea
1380 2714 1540 2776 parte
1589 2705 1990 2777 burgensium,

287 2812 420 2868 qua:
444 2796 679 2853 domum
703 2795 1059 2863 consederat,
1091 2801 1177 2852 est
1204 2804 1543 2863 conventus,
1585 2802 1786 2852 utrum
1826 2794 1994 2851 sciret

287 2899 365 2941 an
393 2885 619 2941 occisus
667 2889 816 2940 esset
870 2883 1175 2953 episcopus
1220 2896 1420 2949 necne,
1469 2881 1563 2939 ille
1617 2896 1676 2938 se
1726 2882 1993 2953 ignorare

288 2972 599 3043 respondit.
661 2971 774 3028 Alii
827 2971 983 3027 enim
1031 2978 1218 3037 erant,
1270 2970 1375 3041 qui
1416 2970 1748 3040 episcopum
1779 2970 1995 3026 occide-

289 3068 454 3131 rant;
486 3060 581 3116 alii
620 3059 722 3149 qui
759 3059 909 3115 aedes
936 3065 1438 3149 expugnaverant.
1469 3060 1735 3149 Cumque
1754 3057 1995 3149 circum-
2031 3092 2072 3149 Ο

288 3148 479 3206 eundo
555 3148 802 3205 cadaver
860 3147 1108 3218 episcopi
1170 3148 1532 3217 reperissent,
1591 3146 1844 3217 rogitant
1894 3146 1995 3217 ju-

289 3250 494 3293 venem
542 3241 693 3292 509
727 3243 923 3293 utrum
970 3236 1173 3307 jacens
1220 3249 1429 3307 corpus
1482 3235 1531 3291 si
1568 3234 1694 3305 ejus
1733 3233 1877 3290 foret
1920 3247 1994 3289 ex

291 3324 486 3395 aliquo
524 3318 697 3395 signo
738 3322 1123 3380 convinceret.
1178 3322 1262 3379 Ita
1312 3328 1506 3379 autem
1553 3329 1754 3378 vertex
1796 3329 1853 3378 et
1894 3335 1998 3377 ora

291 3412 520 3469 fuerant
546 3426 620 3468 ex
650 3411 833 3468 multa
872 3410 1198 3466 concisione
1229 3416 1469 3473 mutata,
1504 3416 1570 3466 ut
1597 3409 1843 3466 discerni
1879 3423 1996 3465 non

294 3508 497 3571 posset.
533 3502 605 3556 At
639 3499 735 3554 ille
778 3497 1068 3563 recordor,
1110 3497 1248 3552 dum
1304 3497 1621 3565 adviveret,
1679 3497 1776 3564 ait,
1830 3504 1887 3553 et
1925 3496 1997 3554 de

291 3603 354 3646 re
393 3586 650 3654 militari,
711 3599 890 3657 quam
943 3584 1094 3641 malo
1148 3598 1253 3641 suo
1305 3583 1622 3654 plurimum
1671 3583 1993 3652 affectabat,

292 3675 554 3732 crebrius
599 3673 954 3744 loqueretur,
988 3672 1131 3743 quia
1169 3670 1226 3727 in
1257 3671 1566 3729 simulacro
1597 3686 1806 3743 pugnis
1858 3671 1997 3728 dum

293 3762 534 3819 militem
573 3760 881 3833 quemdam
930 3774 1081 3832 equo
1127 3769 1327 3817 vectus
1373 3759 1622 3817 ludendo
1682 3760 1995 3830 impeteret,

294 3850 368 3907 ab
397 3850 594 3907 eodem
634 3850 831 3921 equite
887 3856 1053 3905 conto
1102 3862 1439 3919 percussus,
1480 3848 1797 3920 subjectam
1855 3847 1999 3905 collo

293 3938 440 3996 illud
470 3938 627 4010 quod
677 3947 882 3995 vocant
910 3936 1174 3994 canolam
1226 3936 1475 4008 fregerit.
1506 3937 1579 3992 Et
1615 3936 2000 4007 disquirentes

296 4028 518 4085 nodum
549 4026 831 4084 cicatricis
855 4025 1179 4083 inveniunt.

365 4114 661 4170 Λάαιὸσο
683 4114 864 4171 abbas
880 4112 1214 4185 prohibetur
1227 4111 1433 4183 eﬂ'erre
1455 4112 1702 4168 cadaver
1722 4111 1996 4185 episcopi.

299 4202 556 4275 Corpora
579 4204 915 4263 sanctorum
938 4200 1003 4255 in
1029 4199 1274 4257 ecclesia
1298 4201 1360 4255 S.
1391 4200 1645 4257 Joannis
1680 4204 1900 4257 exusta.
1931 4230 2000 4242 —

297 4289 412 4362 (ων)
460 4289 652 4347 Abbas
704 4296 895 4346 autem
945 4288 1135 4344 Sancti
1194 4287 1482 4345 Vincentii
1534 4289 1817 4347 Adalbero
1866 4303 1999 4346 cum

2099 1915 2260 1971 brevi
2311 1915 2510 1971 tabula
2553 1915 2634 1971 sic
2690 1929 3084 1985 compressum
3126 1924 3190 1972 ut
3247 1925 3447 1986 pectus
3497 1924 3553 1973 et
3591 1923 3804 1971 venter

2099 2016 2273 2073 prope
2327 2017 2515 2073 usque
2566 2003 2640 2059 ad
2682 2004 2967 2073 crepitum
2999 2011 3375 2073 premeretur.
3410 2004 3640 2059 Etcum
3670 2016 3803 2057 ma-

2099 2090 2183 2147 los
2241 2091 2619 2161 pollinctores,
2673 2098 2736 2147 ut
2781 2092 2923 2158 dixi,
2957 2091 3209 2158 haberet,
3253 2092 3325 2148 ad
3372 2092 3493 2149 haec
3515 2098 3666 2146 certe
3693 2089 3803 2145 ad-

2099 2180 2217 2236 huc
2275 2194 2309 2234 a
2357 2179 2734 2249 prasentibus
2795 2180 3213 2249 arguebantur,
3277 2188 3341 2236 ut
3405 2178 3805 2235 miserrimum

2098 2281 2308 2337 corpus
2337 2282 2455 2337 quo
2509 2274 2733 2336 possent
2761 2267 3012 2336 nequius
3056 2273 3444 2324 attrectarent.
3503 2267 3586 2322 Ea
3618 2266 3713 2321 die
3740 2265 3804 2321 in

2097 2355 2295 2411 eadem
2319 2354 2559 2410 ecclesia
2587 2368 2623 2409 a
2668 2354 2964 2410 monachis
2992 2352 3138 2408 nihil
3168 2353 3432 2409 divinum
3462 2361 3656 2409 actum
3688 2361 3803 2410 est.

2100 2441 2205 2499 Sed
2232 2442 2371 2513 quid
2399 2442 2527 2498 dico
2555 2456 2624 2499 ea
2652 2442 2786 2499 die?
2845 2442 2956 2497 imo
2987 2456 3089 2512 per
3116 2441 3337 2512 aliquot
3383 2441 3523 2509 dies,
3554 2456 3690 2498 cum
3731 2442 3806 2498 de

2100 2531 2173 2586 ad
2209 2545 2268 2586 se
2326 2530 2669 2601 fugientium
2732 2529 2917 2587 salute
2980 2528 3204 2599 trepidi,
3262 2528 3331 2585 de
3375 2542 3484 2586 sua
3540 2530 3806 2598 ipsorum

2098 2618 2269 2675 etiam
2298 2626 2478 2677 morte
2497 2620 2783 2675 timerent.

2171 2706 2339 2763 Multi
2364 2706 2583 2762 nobile:
2606 2706 2719 2762 viri
2742 2707 3051 2779 sepulturae
3087 2706 3421 2763 traduntur.
3450 2705 3810 2775 Radulphue

2100 2795 2402 2852 Remensi:
2467 2794 2930 2868 archiepiscopus
2988 2794 3202 2852 missa:
3280 2793 3405 2867 agit
3446 2808 3554 2865 pro
3603 2793 3810 2862 defun-

2098 2883 2224 2939 ctis.
2279 2915 2349 2924 —
2402 2884 2512 2939 Nec
2547 2898 2707 2940 mora
2753 2882 3161 2940 Guinimarum
3209 2884 3585 2940 castellanum
3617 2881 3807 2952 (quod

2099 2971 2209 3028 dici
2241 2972 2401 3028 dolor
2445 2975 2552 3040 est)
2606 2987 2755 3029 uxor
2798 2972 2946 3042 ejus,
2976 2980 3030 3028 et
3078 2971 3229 3040 tiliae,
3280 2971 3468 3027 nobile
3502 2970 3666 3027 valde
3707 2985 3808 3041 ge-

2100 3075 2232 3127 nus,
2288 3062 2426 3131 ipsa
2476 3061 2610 3119 solae
2664 3060 3047 3132 impingentes
3099 3068 3156 3116 et
3204 3060 3493 3116 trahentes
3531 3060 3588 3114 in
3614 3058 3807 3114 biroto

2102 3148 2482 3205 advexerunt.
2539 3149 2854 3219 Postquam
2932 3148 3261 3215 Rainerius,
3309 3155 3542 3217 sumpta
3586 3146 3805 3203 alicubi

2103 3236 2411 3307 posteriore
2457 3245 2617 3307 parte
2645 3251 2781 3293 cum
2816 3237 2962 3293 inter
3007 3237 3156 3294 duas
3184 3244 3357 3301 rotas,
3410 3248 3586 3305 super
3628 3248 3807 3290 axem

2103 3325 2340 3395 positus,
2385 3326 2679 3394 superiore
2738 3332 2897 3395 parte
2953 3338 3233 3381 coxarum
3284 3324 3475 3381 adhuc
3526 3322 3808 3380 stridente

2102 3427 2177 3469 ex
2216 3413 2467 3483 ignibus,
2501 3427 2537 3467 a
2583 3413 2834 3483 quodam
2873 3427 2979 3470 suo
3019 3413 3253 3480 rustico,
3311 3421 3366 3469 et
3412 3412 3661 3483 quadam
3707 3425 3810 3466 no-

2105 3500 2204 3557 bili
2250 3500 2567 3570 juvencula
2620 3501 3051 3571 consanguinea
3078 3514 3206 3568 sua,
3259 3499 3568 3557 miserabili
3592 3506 3650 3555 et
3685 3499 3811 3568 ipse

2105 3588 2271 3644 modo
2294 3587 2621 3644 adducitur.
2655 3587 2839 3658 Super
2867 3588 2956 3645 bis
2982 3588 3212 3645 duobus
3265 3602 3452 3644 sermo
3485 3588 3694 3653 bonus,
3744 3594 3814 3643 ut

2104 3674 2316 3731 dicitur
2348 3674 2407 3730 in
2433 3673 2580 3731 libro
2609 3674 2855 3746 Regum,
2897 3676 3167 3732 inventus
3192 3675 3323 3747 (ΙΙΙ
3349 3676 3490 3747 Reg.
3519 3690 3635 3742 xiv,
3694 3676 3808 3742 l3),

2106 3771 2170 3820 ut
2220 3776 2418 3819 omnes
2446 3762 2552 3833 qui
2585 3763 2729 3820 bene
2768 3764 3067 3833 sentirent,
3113 3778 3312 3821 eorum
3345 3763 3629 3821 mortibus
3672 3778 3813 3821 con-

2105 3850 2380 3918 dolerent,
2433 3865 2536 3907 nec
2585 3850 2807 3921 uspiam
2856 3852 2994 3908 mali
3039 3859 3222 3920 erant,
3261 3859 3503 3922 excepta
3540 3851 3812 3909 societate

2106 3939 2535 3996 interfectorum
2578 3940 2833 3996 Gerardi.
2893 3941 3057 3999 Unde
3100 3949 3158 3998 et
3215 3941 3398 3997 multo
3443 3941 3814 4011 compassibi-

3890 105 3901 385 Ι

2106 4028 2221 4086 lius
2284 4042 2390 4084 suo
2464 4028 2733 4098 episcopo
2791 4035 2929 4085 sunt
2991 4029 3222 4099 sepulti.
3271 4029 3550 4099 Reliquias
3611 4036 3812 4086 autem
3914 4040 3915 4101 ξ

2109 4115 2325 4172 Adonis
2374 4114 2714 4172 vicedomini
2779 4125 2901 4185 post
2949 4116 3144 4187 plures
3195 4117 3370 4188 hujus
3415 4116 3710 4172 seditionis
3754 4125 3813 4173 et

2106 4203 2376 4271 incendii,
2409 4203 2530 4260 dies
2577 4205 2934 4275 parvissima»
2985 4212 3241 4276 repertae,
3272 4212 3329 4262 et
3373 4204 3434 4260 in
3464 4218 3657 4275 panno
3709 4218 3814 4260 an-

2111 4291 2441 4363 gustissimo
2493 4293 2833 4361 constrictae,
2889 4308 3078 4365 usque
3123 4294 3197 4350 ad
3250 4293 3402 4350 diem
3444 4306 3561 4363 quo
3600 4292 3812 4349 Radul-

297 4376 552 4434 audisset
598 4376 931 4446 episcopum
963 4376 1392 4447 interemptum,
1434 4377 1721 4449 velletque
1769 4378 1865 4434 illo
1897 4378 1999 4445 ire,
2039 4388 2085 4442 D
2112 4381 2264 4450 phus
2291 4381 2585 4437 Remensis
2636 4382 3099 4453 archiepiscopus
3149 4382 3501 4440 Laudunum
3538 4381 3696 4439 venit
3724 4395 3813 4438 ec-

300 4471 500 4536 aperta
526 4462 579 4520 ei
636 4463 825 4521 fronte
877 4462 1025 4520 illico
1078 4463 1309 4533 dicitur,
1342 4465 1497 4536 quod
1526 4466 1571 4520 si
1606 4465 1912 4522 insanienti
1945 4478 2005 4522 se

298 4553 487 4609 turbas
528 4552 822 4621 insereret,
854 4552 979 4624 pari
1010 4567 1146 4609 mox
1178 4553 1552 4611 internecioni
1580 4555 2001 4611 succumberet.

298 4642 581 4699 Asserunt
622 4649 774 4698 certe
802 4640 904 4712 qui
932 4640 1018 4697 illi
1048 4642 1276 4712 negotio
1309 4641 1696 4699 interfuerunt
1730 4642 1809 4699 ita
1853 4642 2002 4698 diem

298 4730 408 4787 diei
462 4730 725 4802 sequenti
770 4736 911 4787 tunc
939 4731 1363 4797 continuatum,
1397 4737 1462 4786 ut
1509 4730 1671 4787 nulla
1701 4730 1883 4786 noctis
1909 4744 2005 4786 oc-

298 4819 559 4876 cubitum
592 4817 893 4889 opacitatis
942 4817 1112 4889 signa
1138 4817 1563 4888 praetenderint.
1593 4817 1816 4886 Quibus
1871 4831 2005 4874 cum

299 4907 605 4977 objicerem
631 4906 950 4964 claritatem
974 4906 1199 4978 ignium
1228 4906 1336 4962 hoc
1368 4905 1584 4973 fecisse,
1633 4905 2008 4963 sacramentis

300 4994 658 5063 astruehant,
694 4995 849 5066 quod
881 5002 943 5051 et
984 5008 1189 5050 verum
1219 5001 1364 5062 erat,
1425 4993 1587 5066 ignes
1612 4993 1865 5051 interdiu
1900 4994 2009 5052 ob-

301 5090 484 5150 rutos,
508 5090 999 5153 consumptosque
1039 5082 1235 5139 fuisse.
1270 5082 1428 5154 Ignis
1455 5088 1649 5139 autem
1696 5082 1753 5137 in
1807 5094 2007 5139 mona-

302 5170 474 5227 sterio
522 5169 820 5240 virginum
853 5169 933 5225 ita
965 5170 1293 5239 praevaluit,
1326 5176 1394 5228 ut
1418 5170 1689 5242 quedam
1706 5168 1779 5227 de
1814 5183 2011 5242 corpoa

302 5257 467 5314 ribus
493 5264 825 5314 sanctorum
855 5264 1152 5313 exureret.

379 5431 638 5489 Tandem
660 5430 942 5506 repetitur
1369 5433 1614 5492 ecclesia
1640 5435 1705 5492 S.
1762 5433 2011 5491 Vincen-

308 5519 377 5575 tii
404 5523 572 5577 extra
596 5519 816 5578 urbem.
846 5550 917 5560 —
946 5521 1013 5577 In
1050 5520 1304 5579 crastino
1330 5521 1510 5593 igitur
1542 5521 1821 5593 quoniam
1844 5535 2013 5578 nemo

305 5616 427 5665 erat
462 5622 609 5680 pene
632 5608 735 5681 qui
765 5607 965 5680 jacens
994 5607 1247 5680 episcopi
1290 5608 1537 5667 cadaver
1569 5609 1698 5666 sine
1724 5608 1888 5680 jactu
1911 5616 2015 5667 aut

2108 4468 2338 4525 clesiam
2398 4469 2894 4539 reconciliaturus,
2933 4478 3072 4528 sunt
3114 4477 3377 4527 servatae.
3408 4468 3518 4537 Qui
3572 4470 3814 4527 veniens

2110 4557 2181 4613 ad
2214 4556 2269 4612 S.
2303 4556 2691 4625 Vincentium,
2746 4558 3029 4615 solemnes
3076 4566 3217 4615 tunc
3253 4559 3505 4628 primum
3563 4570 3665 4627 pro
3692 4556 3815 4626 epi-

2112 4659 2301 4715 scopo,
2333 4644 2529 4701 etsuis
2556 4645 2931 4716 complicibus
2954 4646 3069 4717 egit
3112 4646 3331 4712 missas,
3385 4659 3520 4702 cum
3574 4644 3741 4702 multi
3775 4657 3814 4700 a

2114 4733 2397 4791 mortibus
2445 4747 2644 4791 eorum
2711 4733 3223 4805 prmterﬂuxissent
3276 4734 3417 4791 dies.
3469 4733 3815 4804 Radnlphus

2114 4828 2309 4877 autem
2333 4819 2556 4892 dapifer
2582 4821 2782 4879 eadem
2813 4835 2933 4893 qua
2962 4828 3020 4879 et
3058 4820 3158 4878 alii
3195 4822 3308 4885 die,
3340 4821 3414 4878 ab
3466 4835 3587 4877 anu
3627 4828 3814 4878 matre

2113 4923 2248 4966 cum
2281 4909 2526 4979 parvulo
2554 4909 2669 4966 tilio
2689 4910 2916 4967 delatus
2939 4925 3176 4982 quoquo
3205 4910 3374 4967 modo
3416 4917 3503 4967 est
3530 4909 3811 4979 sepultus.

2114 5004 2170 5054 et
2195 4996 2348 5055 filius
2368 5011 2542 5068 super
2567 4998 2746 5070 patris
2768 5006 2969 5070 pectus
2994 5000 3233 5069 positus.

2184 5086 2353 5140 Inter
2379 5084 2990 5143 mismmeolemnia
3013 5085 3167 5143 cive:
3190 5103 3229 5142 a
3258 5084 3818 5154 Commiadehor-

2116 5174 2294 5227 tatur.
2327 5202 2396 5212 —
2424 5172 2784 5231 Venerabilis
2829 5181 3023 5232 autem
3073 5181 3129 5230 et
3175 5174 3402 5245 sapiens
3447 5173 3818 5244 archiepisco-

2117 5273 2245 5330 pus,
2297 5274 2429 5316 cum
2476 5261 2743 5330 quaedam
2790 5261 3194 5318 defunctorum
3240 5276 3484 5332 corpora
3521 5261 3581 5317 in
3611 5260 3819 5317 melius

2120 5347 2524 5416 transtulisset,
2561 5349 2834 5406 omnibus
2864 5357 3058 5407 tamen
3090 5363 3225 5407 cum
3272 5348 3527 5405 maximo
3553 5347 3816 5406 afﬁnium

2118 5448 2189 5490 ac
2217 5442 2523 5505 parentum
2553 5436 2751 5494 dolore
2785 5436 2986 5493 divina
3038 5436 3227 5493 officia
3254 5435 3639 5507 impendisset,
3673 5434 3820 5492 inter

2120 5523 2326 5580 missas
2356 5537 2680 5581 sermonem
2729 5523 2935 5582 habuit
2979 5524 3050 5582 de
3091 5524 3546 5582 exsecrabilibus
3573 5538 3819 5581 commu.

2121 5609 2235 5667 niis
2265 5609 2399 5679 illis,
2430 5611 2486 5667 in
2544 5611 2762 5683 quibus
2807 5618 3011 5670 contra
3034 5613 3135 5684 jus
3159 5620 3215 5670 et
3256 5612 3343 5669 fas
3367 5611 3647 5669 violenter
3672 5616 3820 5672 servi
