3946 6420
131 388 240 442 933
1201 388 1289 444 DE
1329 389 1488 444 VITA
1539 388 1675 444 SUA
1714 388 1902 444 LIBRI
1942 388 2141 444 TRES.
2183 418 2251 427 —
2296 389 2426 444 LIB.
2469 391 2566 444 III.
3531 395 3637 449 934

126 531 164 571 a
204 517 573 572 dominorum
618 517 750 587 jure
798 531 856 572 se
902 516 1275 574 subtrahunt.
1323 541 1344 567 ι
1396 517 1577 584 Servi,
1639 517 1826 588 inquit
1862 517 2253 587 Asponditse
2305 533 2420 574 non
2476 533 2655 588 posse.
2715 519 2829 586 Sta,
2891 519 3100 590 inquit,
3149 535 3255 592 ego
3309 521 3513 579 faciam
3571 533 3635 581 ut

125 606 442 674 apostolus,
503 605 718 661 subditi
783 613 960 661 estote
1016 607 1073 661 in
1131 606 1285 662 omni
1342 607 1543 662 timore
1583 607 1829 662 dominis
1933 621 2086 676 agre
2150 621 2437 677 properes.
2470 607 2755 678 Equoque
2794 607 3083 676 desiliens,
3114 608 3304 678 gladio
3328 611 3377 665 ei
3413 621 3634 668 utrum-

125 695 184 763 (Ι
213 695 370 748 Petr.
399 708 501 761 xu,
523 697 629 761 f8).
667 717 694 743 »
720 694 793 750 Et
818 709 891 750 ne
919 694 1071 750 servi
1097 702 1411 750 causentur
1431 695 1706 751 duritiam
1738 695 1828 751 vel

121 783 438 839 avaritiam
495 783 881 848 dominorum,
932 782 1125 838 adhuc
1191 783 1472 838 audiant:
1511 806 1538 832 ‹‹
1594 784 1659 838 Et
1712 797 1825 840 non

120 877 359 928 tantum
391 871 554 928 bonis
607 879 662 927 et
710 871 998 938 modestis,
1052 871 1147 927 sed
1191 879 1248 927 et
1289 871 1517 928 discolis
1558 871 1760 942 (ἰωὰ).
1799 895 1820 921 ι

121 959 304 1017 Plane
334 961 393 1016 in
441 959 788 1016 authenticis
817 959 1138 1015 canonibus
1183 960 1538 1016 damnantur
1587 961 1825 1017 anathe-

119 1052 302 1116 mate,
335 1048 437 1119 qui
466 1063 661 1105 servos
718 1047 965 1104 dominis
993 1047 1286 1118 religionis
1315 1061 1492 1104 causa
1525 1049 1827 1105 docuerint

116 1133 440 1204 inobedire,
493 1145 596 1192 aut
648 1136 854 1206 quovis
925 1134 1340 1206 subterfugere,
1410 1136 1623 1192 nedum
1679 1137 1826 1193 resi-

115 1233 273 1280 stere
305 1225 542 1295 (Concil.
595 1227 783 1296 Gang.
831 1238 962 1280 can.
1015 1225 1088 1294 3).
1124 1225 1284 1280 Unde
1336 1233 1392 1280 et
1446 1224 1590 1280 illud
1646 1240 1827 1296 argu-

113 1320 320 1368 mento
351 1319 454 1379 est,
489 1313 643 1382 quod
675 1327 864 1382 neque
895 1313 967 1368 ad
1007 1313 1242 1377 clerum,
1286 1327 1475 1383 neque
1517 1313 1588 1368 ad
1634 1327 1828 1370 sacros

115 1399 378 1465 ordines,
435 1415 551 1456 non
620 1401 689 1456 ad
745 1401 1154 1456 monachatum
1211 1401 1496 1470 quispiam
1529 1402 1822 1472 recipitur,

115 1488 237 1544 nisi
270 1487 370 1558 qui
403 1502 602 1544 exsors
625 1501 659 1542 a
684 1489 914 1543 servitio
965 1489 1277 1558 habeatur;
1309 1497 1572 1558 receptus
1607 1497 1825 1558 autem,

112 1575 470 1645 neutiquam
521 1584 720 1630 contra
758 1575 1054 1645 exigentes
1110 1577 1372 1632 dominos
1429 1585 1709 1632 teneatur.
1746 1579 1824 1633 De

112 1677 246 1734 qua
274 1679 336 1720 re
363 1664 536 1720 etiam
569 1664 861 1720 multoties
916 1665 977 1719 in
1003 1666 1163 1735 regia
1205 1665 1370 1721 curia
1415 1667 1647 1736 sapius,
1681 1667 1824 1722 alias

113 1753 180 1807 in
213 1752 456 1808 diversis
483 1753 864 1808 conventibus
919 1752 1256 1822 disputavit.
1294 1754 1425 1809 Hac
1473 1769 1573 1824 per
1602 1769 1822 1824 praec-

109 1842 492 1909 cupationem
517 1841 793 1908 diximus,
820 1841 942 1910 jam
976 1855 1134 1896 nunc
1178 1843 1508 1912 retrograde
1555 1842 1626 1897 ad
1666 1841 1818 1898 ordi-

108 1941 254 1984 nem
280 1929 601 1985 redeamus.

789 2052 1016 2109 CAPUT
1057 2052 1156 2108 XI.

191 2197 421 2250 Thema
449 2192 876 2249 Codiciasemz's
912 2193 1308 2265 ρταιτεαιίοηεε
1350 2209 1420 2248 ac
1447 2193 1662 2249 rabida
1688 2210 1819 2250 cru-

106 2283 412 2339 delitates.
443 2313 513 2324 —
537 2283 823 2352 Perpensa
851 2281 1030 2353 igitur
1066 2283 1444 2338 scelestissimi
1488 2284 1641 2338 cives
1688 2297 1823 2353 per-

107 2372 328 2443 petrati
355 2371 679 2442 quantitate
712 2370 983 2426 facinoris
1016 2383 1247 2440 magno,
1278 2370 1590 2426 extabuere
1640 2378 1821 2440 metu,

107 2461 349 2532 regium
383 2458 844 2530 pertimescentes
888 2457 1196 2528 judicium,
1229 2458 1382 2514 unde
1438 2458 1541 2529 qui
1588 2459 1820 2516 medici-

111 2564 263 2606 nam
291 2562 551 2618 quarere
575 2548 922 2612 debuerunt,
958 2561 1064 2602 suo
1091 2546 1310 2602 vulnus
1333 2547 1560 2603 vulneri
1593 2548 1822 2604 addide-

107 2645 279 2695 runt.
310 2638 421 2707 (¹¹³)
453 2637 727 2692 Thomam
773 2635 928 2691 enim
983 2635 1416 2703 Codiciasensis,
1477 2643 1542 2691 ut
1588 2637 1819 2704 dicitur,

106 2725 328 2791 filium,
365 2723 462 2780 cui
507 2730 631 2779 erat
692 2722 990 2778 castellum
1043 2721 1248 2777 Marna
1303 2722 1573 2791 (Mame),
1632 2723 1822 2792 prasi-

106 2813 278 2869 dium
334 2811 409 2867 ad
477 2812 567 2867 sui
627 2819 828 2867 contra
894 2810 1080 2880 regios
1129 2809 1376 2880 impetus
1431 2811 1817 2867 defensionem

105 2899 398 2956 accersire
456 2899 793 2969 disponunt.
871 2899 924 2954 Is
985 2898 1058 2953 ab
1139 2898 1372 2954 ineunte
1438 2897 1818 2954 adolescentia

104 2990 343 3059 pradas
395 2988 464 3044 de
510 2988 890 3058 pauperibus,
918 2995 974 3043 et
1001 2987 1530 3056 Hierosolymitanis
1567 2987 1817 3057 peregri-

1934 708 2049 763 que
2077 694 2318 750 succidit
2360 695 2582 764 pedem,
2637 696 2788 751 unde
2813 705 2869 752 et
2919 705 3186 752 mortuus
3236 706 3340 754 est.
3395 700 3633 756 Frustra

1932 789 2237 838 contexam
2270 782 2601 852 hujusmodi
2659 791 2858 853 pestes,
2891 800 3024 840 cum
3067 785 3209 841 alias
3255 801 3358 842 nos
3403 796 3633 844 maneat

1933 882 2050 924 non
2081 870 2271 925 minor
2297 870 2516 926 occasio
2541 870 2845 926 referendi.
2877 873 2960 926 Ad
2991 886 3109 928 rem
3142 873 3394 930 veniam.

2003 958 2293 1030 Pagemes
2336 975 2438 1012 seu
2482 957 2688 1014 rustici
2727 959 2925 1014 urbem
2979 961 3424 1017 Laudunensem
3481 962 3629 1018 diri-

1925 1044 2114 1114 piunt.
2146 1078 2213 1086 —
2245 1047 2371 1117 Ipse
2395 1045 2632 1103 Gerardi
2686 1047 3071 1104 interfectores
3100 1049 3202 1105 diu
3247 1051 3354 1106 sub
3395 1066 3628 1109 excom-

1932 1135 2324 1191 municatione
2354 1135 2610 1200 retinuit,
2643 1137 2742 1192 diu
2785 1137 2942 1204 fovit,
2993 1138 3279 1194 neminem
3337 1155 3452 1196 non
3504 1155 3630 1198 sce-

1931 1221 2342 1278 leratissimum
2396 1223 2590 1291 coluit,
2632 1223 2725 1278 cui
2777 1223 2919 1279 illud
2969 1223 3385 1282 Sallustianum
3443 1229 3631 1298 potius

1933 1325 2109 1381 quam
2161 1310 2416 1367 Catilina
2463 1311 2751 1382 congruit.
2804 1311 2950 1379 Quia
2997 1315 3177 1384 gratis
3223 1315 3410 1371 malus
3455 1325 3630 1387 atque

1931 1399 2181 1455 crudelis
2216 1408 2356 1456 erat.
2407 1399 2492 1454 Ad
2541 1399 2698 1456 hunc
2734 1414 2870 1470 ergo
2919 1414 3022 1470 pro
3075 1402 3310 1458 cumulo
3347 1404 3628 1462 malorum

1931 1488 2242 1558 dirigentes
2279 1496 2334 1544 et
2374 1496 2436 1544 ut
2467 1488 2538 1543 ad
2570 1501 2628 1543 se
2684 1488 2924 1554 veniret,
2958 1503 3134 1559 seque
3180 1499 3380 1546 contra
3439 1507 3628 1564 regem

1930 1583 2189 1631 tueretur
2233 1585 2481 1642 orantes,
2532 1574 2762 1631 tandem
2797 1576 3116 1632 venientem
3178 1577 3236 1632 in
3289 1579 3432 1634 urbe
3482 1580 3628 1635 reci-

1933 1663 2120 1731 piunt.
2151 1661 2296 1718 Cum
2336 1661 2430 1716 ille
2462 1660 2677 1717 auditis
2696 1676 2894 1716 eorum
2955 1661 3222 1730 precibus
3250 1662 3629 1719 consuluisset

1929 1762 2086 1818 suos,
2119 1749 2260 1819 quid
2299 1750 2406 1805 sibi
2463 1750 2611 1804 facto
2642 1763 2788 1819 opus
2823 1757 2985 1814 esset,
3022 1750 3441 1818 responderunt
3482 1765 3626 1807 una-

1931 1837 2114 1893 nimes
2175 1838 2233 1893 in
2293 1846 2451 1893 tanta
2503 1838 2813 1894 retentione
2869 1837 3030 1894 urbis
3082 1852 3217 1893 suas
3263 1839 3372 1894 sibi
3427 1847 3628 1896 contra

1930 1940 2121 1997 regem
2148 1942 2261 1982 non
2307 1925 2570 1982 sufficere
2618 1927 2768 1982 vires
2813 1926 2998 1996 (quod
3054 1926 3356 1982 oraculum
3411 1926 3628 1984 insanis

1929 2013 2261 2070 hominibus
2289 2014 2556 2085 quandiu
2584 2013 2640 2069 in
2662 2028 2769 2070 sua
2809 2015 3057 2084 ipsorum
3095 2014 3236 2071 urbe
3265 2022 3388 2071 erat
3414 2030 3622 2087 propa-

1927 2101 2045 2157 lare
2077 2116 2190 2157 non
2225 2105 2427 2172 ausus)
2458 2103 2602 2158 dixit
2627 2103 2708 2158 eis
2743 2110 2805 2158 ut
2832 2103 3243 2173 egrederentur
3276 2104 3332 2158 in
3355 2118 3622 2174 campum

1932 2190 2075 2246 inibi
2125 2197 2448 2247 retecturus
2502 2191 2828 2248 consilium.
2880 2191 3104 2257 Quibus
3152 2191 3328 2248 ferme
3358 2191 3625 2249 milliario

1927 2277 2001 2333 ab
2059 2279 2202 2334 urbe
2249 2278 2520 2350 digressis
2574 2278 2762 2334 infert.
2815 2279 3027 2334 Civitas
3073 2279 3192 2335 hac
3254 2295 3386 2336 cum
3452 2288 3624 2350 caput

1926 2366 2094 2436 regni
2157 2367 2249 2431 sit,
2308 2381 2422 2422 non
2473 2373 2654 2437 potest
2716 2374 2918 2422 contra
2968 2382 3160 2438 regem
3209 2381 3242 2422 a
3276 2383 3364 2424 me
3419 2369 3619 2424 teneri.

1926 2453 2091 2518 Quod
2123 2456 2169 2510 si
2207 2455 2366 2526 regia
2414 2469 2578 2511 arma
2631 2456 2932 2518 veremini,
2978 2455 3035 2510 in
3064 2464 3274 2511 terram
3310 2471 3493 2512 meam
3535 2471 3624 2512 me

1925 2551 2249 2614 sequentes,
2306 2558 2394 2600 me
2426 2551 2666 2614 patrono
2698 2551 2754 2600 et
2783 2545 2968 2599 amico
3013 2544 3261 2599 utimini.
3304 2543 3427 2610 Quo
3466 2544 3623 2602 dictu

1923 2632 2476 2688 consternatissimos
2519 2631 2785 2688 reddidit.
2846 2633 2976 2687 Mox
3025 2643 3162 2702 ergo
3206 2640 3364 2688 metu
3417 2647 3622 2703 perpe-

1923 2721 2057 2776 trati
2116 2720 2384 2776 facinoris
2427 2727 2697 2788 amentes,
2765 2727 2820 2776 et
2873 2734 3069 2790 regem
3123 2721 3245 2776 suis
3296 2721 3622 2778 cervicibus

1926 2809 2224 2866 imminere
2277 2815 2564 2878 putantes,
2633 2808 3053 2863 innumerabile
3105 2822 3236 2864 cum
3288 2823 3353 2864 eo
3409 2809 3623 2880 vulgus

1925 2897 2257 2968 aufugiunt.
2294 2897 2363 2952 Et
2411 2896 2813 2966 Teudegaldus
2868 2896 2960 2952 ille
2991 2904 3318 2966 peremptor
3346 2897 3617 2967 episcopi,

1925 2987 2025 3055 qui
2077 2985 2397 3053 lacunaria,
2457 2992 2512 3040 et
2563 2984 2807 3040 fornices
2861 2983 3113 3040 ecclesia
3190 2986 3247 3038 Β.
3311 2985 3619 3055 Vincentii,

103 3079 201 3134 nis
250 3077 489 3143 faciens,
539 3083 595 3132 et
645 3075 983 3132 incestuosis
1031 3075 1414 3131 matrimoniis
1469 3075 1811 3142 coalescens,
1853 3073 2374 3160 Cclaustraiesque
2423 3086 2700 3140 recessus,
2775 3071 3049 3142 fugitivos
3118 3087 3266 3143 quos
3338 3073 3620 3130 occideret

105 3165 180 3220 ad
261 3163 782 3220 innumerabilium
845 3163 1146 3219 hominum
1211 3162 1453 3219 exitium
1505 3161 1814 3232 plurimam

104 3256 266 3307 suo
315 3250 475 3307 visus
501 3257 586 3306 est
636 3249 891 3320 attigisse
921 3249 1254 3320 potentiam.
1286 3249 1467 3319 Cujus
1507 3249 1816 3305 crudelitas

105 3340 324 3396 nostris
350 3347 436 3395 est
463 3337 524 3394 in
554 3345 781 3394 tantum
807 3338 1033 3394 saculis
1063 3337 1328 3394 inaudita
1375 3345 1440 3394 ut
1483 3337 1666 3408 aliqui
1711 3337 1814 3408 qui

104 3428 285 3484 etiam
316 3426 578 3483 crudeles
609 3433 908 3496 putantur,
958 3426 1210 3482 mitiores
1241 3426 1550 3482 videantur
1586 3427 1645 3481 in
1676 3441 1814 3483 nece

106 3515 430 3584 pecudum,
460 3529 637 3584 quam
671 3515 772 3571 iste
797 3514 858 3569 in
919 3515 1243 3570 hominum.
1291 3515 1437 3570 Nam
1479 3529 1593 3569 non
1643 3515 1812 3570 modo

104 3618 204 3660 eos
225 3601 421 3674 gladio
467 3601 820 3672 simpliciter,
877 3610 934 3658 et
977 3615 1078 3671 pro
1133 3609 1306 3669 certo,
1352 3609 1417 3659 ut
1469 3603 1592 3658 ﬁeri
1651 3603 1810 3671 solet,

105 3699 278 3747 reatu
308 3689 604 3757 interimit,
655 3689 755 3746 sed
803 3688 1106 3745 horrendis
1147 3689 1613 3746 excarnificando
1666 3705 1810 3761 sup-

107 3779 318 3849 pliciis.
369 3780 515 3834 Cum
545 3778 697 3834 enim
749 3785 947 3847 captos
1003 3777 1074 3832 ad
1131 3778 1577 3848 redemptionem
1631 3793 1813 3849 quos-

106 3867 246 3924 libet
277 3875 524 3938 cogeret,
559 3866 663 3922 hos
701 3865 978 3922 testiculis
1031 3867 1386 3936 appendebat
1443 3869 1674 3938 propria
1711 3869 1813 3925 ali-

108 3954 342 4024 quoties
375 3966 575 4019 manu,
609 3952 828 4023 quibus
865 3965 1015 4022 sape
1044 3967 1320 4023 corporea
1349 3953 1496 4009 mole
1525 3955 1807 4026 abruptis,

103 4040 335 4110 eruptio
366 4041 578 4110 pariter
616 4039 884 4096 vitalium
931 4053 1048 4095 non
1099 4039 1382 4097 tardabat.
1443 4041 1620 4098 Alteri
1677 4056 1810 4098 sus-

107 4142 318 4198 pensos
349 4142 449 4198 per
470 4127 700 4199 pollices
730 4135 832 4184 aut
860 4141 963 4198 per
993 4127 1118 4198 ipsa
1148 4128 1436 4198 pudenda,
1476 4144 1616 4187 saxo
1636 4131 1808 4186 etiam

104 4217 466 4287 superposito
529 4217 800 4274 humeros
850 4215 1280 4286 comprimebat,
1332 4224 1386 4274 et
1436 4218 1556 4288 ipse
1611 4219 1810 4276 subter

107 4304 180 4360 ob
209 4304 538 4374 ambulans,
588 4319 721 4362 cum
747 4305 905 4374 quod
965 4305 1174 4361 habere
1214 4319 1327 4360 non
1363 4313 1585 4376 poterat
1629 4307 1702 4362 ab
1727 4307 1808 4364 eis

104 4400 454 4464 extorquere
482 4407 598 4449 non
626 4401 830 4464 posset,
882 4392 1133 4451 fustibus
1190 4408 1366 4464 super
1412 4409 1614 4451 eorum
1673 4410 1804 4451 cor-

104 4494 245 4549 pora
272 4482 477 4539 tandiu
528 4482 940 4550 bacchabatur,
997 4483 1177 4538 donec
1211 4483 1263 4538 ei
1315 4482 1600 4552 placentia
1625 4497 1804 4554 spon-

107 4568 328 4637 derent,
360 4578 462 4626 aut
493 4570 553 4626 in
582 4571 766 4640 panis
804 4578 1188 4627 morerentur.

176 4655 399 4712 Diciab
440 4656 556 4712 ullo
599 4670 718 4712 non
773 4663 953 4726 potest
1009 4665 1152 4726 quot
1180 4656 1239 4712 in
1285 4657 1414 4727 ejus
1468 4658 1801 4715 carceribus

108 4740 277 4811 fame,
310 4744 466 4812 tabo,
515 4745 888 4812 cruciatibus,
929 4752 985 4801 et
1023 4745 1081 4799 in
1115 4745 1241 4816 ejus
1289 4745 1537 4802 vinculs
1566 4748 1802 4816 expira-

107 4838 264 4886 runt.
305 4832 469 4889 Certe
497 4840 630 4888 ante
683 4832 788 4888 hos
828 4833 974 4888 duos
1014 4847 1198 4889 annos
1253 4847 1385 4890 cum
1439 4833 1497 4888 in
1555 4841 1803 4891 montem

108 4915 509 4974 Suessonicum
559 4927 760 4976 contra
815 4920 1099 4990 quosdam
1157 4921 1402 4977 rusticos
1457 4935 1619 4990 opem
1675 4923 1800 4978 cui-

106 5002 238 5060 dam
261 5005 490 5062 laturus
538 5007 769 5073 abisset,
795 5014 909 5062 tres
948 5020 1022 5062 ex
1078 5007 1188 5063 illis
1233 5008 1293 5063 in
1323 5007 1578 5078 quadam
1613 5023 1672 5064 se
1701 5023 1803 5064 oc-

107 5091 340 5150 culuere
368 5108 564 5150 cavea.
610 5094 875 5164 Cumque
930 5095 1003 5150 ad
1054 5109 1158 5151 ora
1207 5094 1378 5164 spelei
1408 5110 1542 5151 cum
1602 5095 1802 5152 lancea

109 5177 452 5250 devenisset,
509 5182 687 5239 unius
733 5196 806 5237 ex
865 5183 948 5238 eis
1003 5183 1089 5238 ori
1139 5182 1317 5239 telum
1371 5183 1689 5254 appodians
1721 5185 1804 5241 sic

109 5262 360 5338 impegit,
403 5279 468 5326 ut
494 5269 807 5326 interaneis
831 5270 1128 5327 terebratis
1153 5284 1255 5341 per
1279 5269 1534 5341 podicem
1584 5271 1800 5329 ferrum

110 5348 317 5412 lancea
378 5358 734 5415 redderetur.
799 5357 946 5424 Quid
995 5373 1314 5430 prosequor
1373 5359 1640 5416 infinita?
1694 5361 1801 5418 Per

109 5436 294 5506 ipsum
351 5445 470 5502 duo
496 5445 636 5500 inibi
680 5441 893 5501 residui
951 5446 1188 5516 periere.
1230 5445 1473 5512 Quidam
1525 5448 1694 5503 etiam
1730 5448 1800 5504 de

109 5529 347 5596 captivis
401 5534 636 5590 saucius
676 5532 957 5603 proficisci
1013 5549 1131 5590 non
1179 5541 1419 5603 poterat.
1476 5535 1800 5606 Interrogat

111 5610 393 5678 hominem
419 5633 526 5678 cur
559 5634 674 5676 non
715 5619 884 5676 celeri
935 5621 1123 5692 gradu
1170 5620 1529 5692 graderetur.
1575 5621 1673 5678 Ille
1702 5635 1798 5693 re-

1923 3161 2256 3231 quarendo,
2286 3168 2482 3216 exerto
2514 3159 2703 3230 gladio
2735 3159 3077 3226 rimabatur,
3101 3161 3202 3230 qui
3236 3161 3618 3231 episcopalem

1923 3249 2207 3306 annulum
2240 3249 2422 3320 digito
2442 3246 2769 3318 praferens,
2827 3262 2886 3304 se
2912 3247 3213 3318 prasulem
3271 3249 3610 3306 testabatur.

1922 3337 1979 3392 Is
2043 3352 2176 3394 cum
2229 3337 2350 3394 suis
2403 3336 2779 3407 complicibus
2831 3352 2944 3392 non
2977 3351 3158 3392 ausus
3209 3337 3417 3393 urbem
3457 3352 3617 3408 repe-

1925 3434 2060 3494 tere,
2108 3426 2383 3482 Thomam
2439 3440 2580 3496 pene
2652 3441 2872 3481 vacuus
2941 3426 3315 3494 sequebatur.
3373 3426 3622 3484 Thomas

1921 3522 2113 3570 autem
2171 3514 2539 3570 Guillelmum
2587 3513 2768 3570 lilium
2824 3513 3101 3579 Haduini,
3140 3523 3196 3570 et
3240 3514 3380 3570 alios
3425 3522 3621 3585 captos

1918 3602 2192 3658 liberarat
2231 3603 2290 3658 in
2335 3603 2498 3659 urbe.
2534 3603 2586 3658 ls
2641 3602 2792 3658 enim
2835 3616 3043 3672 expers
3062 3601 3299 3658 Gerardi
3341 3603 3621 3673 proditio-

1919 3691 2012 3745 nis
2034 3691 2349 3746 exstiterat.
2391 3689 2463 3745 At
2515 3687 2670 3744 fama
2705 3702 2946 3758 pegasea
2987 3689 3275 3746 celeritate
3327 3691 3617 3748 transfusa

1919 3776 2245 3832 vicinorum
2278 3789 2485 3831 rurum
2520 3775 2781 3830 homines
2819 3788 2883 3829 ac
2927 3775 3246 3846 oppidanos
3283 3777 3618 3846 exsuscitat,

1919 3879 2166 3920 vacuam
2232 3863 2656 3920 habitatoribus
2683 3863 2868 3918 ferens
2907 3864 3137 3919 urbem.
3198 3865 3362 3921 Tunc
3400 3866 3621 3936 quique

1920 3967 2197 4023 pagenses
2234 3952 2306 4007 ad
2354 3951 2671 4008 solitariam
2707 3960 3000 4022 proruunt
3043 3953 3358 4019 civitatem,
3401 3954 3621 4010 domos—

1919 4056 2034 4111 que
2067 4041 2286 4111 plenas,
2333 4040 2561 4097 nemine
2606 4040 2952 4107 defcnsante,
2998 4049 3418 4110 praoccupant.
3455 4041 3621 4099 Cives

1918 4131 2086 4200 plane
2115 4143 2248 4186 cum
2295 4138 2484 4186 essent
2517 4129 2793 4200 opulenti,
2850 4129 3051 4185 habitu
3108 4144 3166 4186 se
3210 4134 3491 4199 pauperes
3517 4145 3611 4187 os-

1919 4218 2244 4274 tendebant.
2287 4217 2494 4275 Oculos
2543 4218 2698 4274 enim
2755 4232 3058 4288 procerum
3089 4217 3398 4274 adversum
3440 4233 3500 4274 se
3546 4219 3616 4276 ir-

1917 4306 2092 4361 ritare
2126 4306 2416 4362 nolebant.

1841 4383 1886 4437 D
1989 4396 2070 4450 Eo
2101 4402 2353 4464 tempore
2393 4393 2488 4450 illa
2540 4393 2834 4464 illegitima
2882 4392 3216 4464 lngelranni
3268 4392 3525 4463 pradicti
3562 4400 3618 4450 et

1914 4482 2239 4539 incestnosa
2283 4495 2452 4550 uxor,
2503 4497 2636 4538 cum
2685 4481 2807 4551 jam
2864 4483 2972 4537 sub
3035 4481 3220 4552 specie
3248 4482 3615 4538 continentia

1918 4585 2023 4641 pro
2079 4571 2239 4627 senio
2266 4578 2322 4626 et
2351 4569 2606 4640 corporis
2651 4570 2796 4625 mole
2843 4577 3255 4638 aspernaretur
3309 4569 3614 4640 lngelran—

1913 4672 2074 4725 num,
2125 4657 2304 4714 veteri
2370 4665 2561 4714 tamen
2621 4657 2975 4713 amasiorum
3056 4671 3169 4713 usu
3231 4671 3426 4714 carere
3499 4671 3613 4713 non

1913 4754 2154 4816 poterat.
2219 4745 2380 4802 Unde
2425 4753 2480 4801 et
2527 4745 2800 4816 juvenem
2857 4745 3124 4801 idoneum
3183 4760 3315 4800 cum
3369 4752 3609 4813 amaret,

1909 4842 1966 4891 et
2011 4848 2137 4890 eam
2176 4833 2562 4904 Ingelrannus
2593 4834 2665 4890 ab
2695 4835 2820 4904 ejus
2865 4833 3100 4889 omnino
3149 4833 3611 4889 confabulatione

1911 4929 2152 4986 arceret,
2186 4921 2360 4976 tantis
2409 4928 2641 4990 repente
2689 4920 2977 4976 hominem
3026 4920 3324 4976 lenociniis
3371 4920 3608 4976 demen-

1910 5010 2055 5064 tavit
2085 5017 2149 5065 ut
2179 5023 2312 5065 eum
2364 5009 2436 5064 ad
2468 5023 2527 5065 se
2561 5008 2881 5076 accersiret,
2938 5009 2995 5064 in
3043 5009 3212 5064 domo
3242 5023 3350 5065 sua
3388 5016 3610 5066 statue-

1910 5104 2017 5162 ret,
2076 5096 2250 5152 filiam
2303 5109 2469 5153 suam
2528 5095 2834 5166 parvulam
2884 5096 2952 5152 ad
3011 5096 3332 5166 palliandos
3388 5111 3610 5154 amores

1908 5185 2158 5241 nefarios
2226 5184 2404 5254 pactis
2461 5183 2829 5254 sponsalibus
2895 5184 3076 5248 daret,
3139 5183 3608 5256 defensoremque

1909 5280 2076 5328 terra
2117 5287 2237 5328 sua
2275 5279 2475 5327 contra
2534 5271 2829 5340 Thomam,
2882 5286 3055 5342 quem
3113 5271 3611 5328 irremediabilitcr

1910 5360 2050 5430 ipse,
2085 5360 2509 5430 quidicebatur
2556 5367 2737 5430 pater,
2796 5359 3013 5428 oderat,
3071 5366 3126 5416 et
3161 5375 3334 5430 quem
3369 5374 3609 5431 prorsus

1907 5447 2274 5504 exharedare
2306 5447 2548 5516 volebat,
2580 5447 2807 5502 faceret.
2862 5447 2970 5503 Iste
3015 5463 3149 5503 cum
3175 5461 3242 5504 ea
3273 5455 3607 5518 tempestate

1909 5535 2188 5591 Codiciaci
2218 5543 2382 5599 esset,
2435 5543 2490 5592 et
2546 5535 2764 5592 hostem
2808 5549 2866 5590 se
2893 5535 3125 5591 Thema
3189 5536 3456 5594 futurum
3489 5551 3607 5592 om-

1908 5622 2080 5680 nibus
2115 5623 2298 5682 modis
2331 5623 2669 5691 declararet,
2698 5637 2905 5680 census
2960 5630 3152 5680 tamen
3200 5623 3416 5682 deesset
3451 5624 3605 5681 unde
