3946 6396
372 376 479 430 935

1251 373 1314 430 V.
1353 374 1694 430 GUIBERTI
1734 374 2027 429 ABBATIS
2062 372 2123 430 S.
2172 372 2414 429 ΙΑΒΙᾸΞ
2455 373 2545 429 DE
2585 371 2980 431 NOVIGENTO

3753 377 3849 430 936

371 514 530 567 tanta
561 517 949 582 praesumeret,
984 508 1191 565 accidit
1242 509 1290 564 ei
1323 508 1500 579 hujus
1552 509 1798 564 fortunae
1845 522 2064 564 succes-
2100 508 2146 561 Α
2257 506 2421 562 Vilia
2449 506 2718 563 Galdrici
2753 506 3103 563 exhibentur.
3136 537 3205 548 —-
3238 506 3553 580 (“")Facta
3577 519 3711 567 sunt
3739 511 3853 567 haec

371 614 831 760 sujugelramm:
871 688 927 741 et
960 684 1137 742 Guido
1172 684 1378 739 iterum
1414 685 1615 741 urbem
1640 684 1962 739 devertunt.
1993 714 2063 724 —

369 775 681 833 Audientes
732 781 923 831 autem
976 773 1358 846 Ingelrannus
1410 780 1467 829 et
1516 772 1700 828 Guido
1753 772 1856 841 (sic
1908 771 2060 827 enim

370 863 709 934 vocabatur)
738 863 1017 918 Thomam
1078 862 1151 917 ab
1183 861 1327 917 urbe
1358 860 1704 931 digressum,
1762 860 2064 930 populum-

371 965 486 1023 que
544 957 824 1018 secutum,
877 949 1225 1005 Laudunum
1271 948 1507 1016 adeunt,
1560 948 1683 1004 sine
1729 947 2062 1004 hominibus

369 1039 566 1095 domos
620 1038 775 1094 omni
825 1036 1086 1094 ubertate
1143 1036 1379 1093 refertas
1436 1035 1758 1092 inveniunt.
1802 1034 2060 1102 Quorum

371 1134 534 1183 tanta
582 1126 746 1195 copia
804 1124 933 1191 fuit,
983 1132 1049 1180 ut
1095 1124 1140 1180 si
1172 1132 1338 1181 caute
1393 1125 1465 1180 ab
1508 1124 1577 1179 iis
1632 1124 1733 1194 qui
1778 1130 2061 1193 praeerant

368 1214 772 1279 custodiretur,
836 1226 909 1268 ne
964 1212 1197 1283 prodige
1245 1226 1279 1268 a
1332 1212 1600 1282 parasitis
1630 1226 1695 1266 ac
1718 1210 1945 1268 furibus
1975 1212 2062 1267 de-

367 1302 711 1369 traheretur,
783 1301 1001 1357 frustra
1055 1302 1336 1356 adversus
1395 1301 1729 1371 praedictum
1782 1301 2058 1371 juvenem

366 1389 871 1446 exterminandum
905 1389 1204 1457 niteretur,
1250 1403 1440 1459 neque
1497 1388 1617 1458 ipse
1640 1388 1819 1445 ullam
1847 1389 1906 1444 in
1938 1389 2058 1445 vita

365 1493 473 1535 sua
497 1478 748 1548 inopiam
782 1486 1091 1548 pateretur.
1135 1476 1272 1543 Quis
1302 1477 1453 1532 enim
1486 1478 1657 1545 dicat,
1713 1485 1816 1533 aut
1863 1478 2059 1533 dicens

366 1567 537 1623 fidem
580 1564 770 1633 faciat,
804 1565 945 1636 quid
983 1564 1385 1634 pecuniarum,
1425 1564 1567 1635 quid
1619 1564 1886 1633 vestium,
1914 1566 2053 1635 quid

366 1654 425 1710 in
465 1654 623 1711 omni
675 1653 858 1722 specie
887 1651 1227 1708 victualium
1287 1650 1362 1707 ibi
1415 1652 1489 1708 sit
1539 1653 1878 1721 repertum?
1913 1654 2056 1709 Cum

2174 608 2327 651 anno
2385 595 2804 652 incarnationis
2861 595 3171 652 Dominicas
3217 597 3520 659 millesimo
3563 601 3852 656 centesimo

2172 683 2529 752 duodecimo,
2603 684 2744 740 feria
2815 692 2982 741 sexta
3033 684 3309 754 paschali,
3368 687 3531 743 tertio
3582 688 3853 744 Kalendas

2173 771 2325 828 Maii.
2387 772 2674 829 Nimirum
2705 771 2825 843 ipse
2854 773 3156 842 episcopus
3184 773 3424 830 inﬁnitae
3446 774 3693 833 levitatis
3709 784 3844 843 erat,

2174 859 2433 915 utetiam
2463 860 2511 915 si
2549 872 2682 930 quae
2712 861 2901 929 inepta
2939 874 3007 916 ac
3035 861 3339 917 saecularia
3367 863 3664 934 cogitaret,
3709 864 3855 920 facil-

2171 946 2304 1003 lime
2332 947 2532 1019 lingua
2565 948 2902 1005 absolveret.
2935 949 3098 1005 Certe
3129 949 3244 1005 vidi
3275 949 3433 1005 illam
3472 965 3659 1007 meam.
3683 964 3852 1021 quam

2170 1036 2467 1104 praelibavi
2514 1037 2937 1105 consobrinam,
2970 1051 3103 1093 cum
3146 1051 3334 1108 nuper
3369 1039 3428 1092 in
3481 1038 3625 1094 urbe
3678 1047 3855 1109 nupta

2169 1137 2299 1194 quq
2338 1125 2676 1194 pudoratius
2704 1132 2926 1195 poterat
2979 1139 3040 1181 se
3077 1125 3355 1182 haberet:
3391 1125 3484 1182 ille
3520 1127 3710 1196 etiam,
3768 1142 3855 1182 me

2168 1211 2455 1280 audiente,
2508 1214 2828 1269 merdosam
2860 1222 3035 1284 atque
3056 1214 3333 1270 rusticam
3364 1214 3687 1284 appellavit,
3718 1216 3855 1286 quia

2165 1310 2226 1355 se
2255 1300 2328 1355 ab
2372 1307 2704 1359 exterorum
2761 1302 3060 1373 colloquiis
3112 1315 3181 1357 ac
3235 1301 3457 1358 visibus
3501 1302 3852 1371 absentabat,

2166 1401 2236 1443 ac
2262 1403 2323 1444 se
2353 1390 2405 1445 ei
2429 1403 2589 1445 more
2619 1398 2956 1447 ceterarum
2991 1390 3324 1446 nullatenus
3346 1390 3659 1460 ingerebat.
3686 1391 3855 1447 Plane

2164 1482 2221 1531 et
2250 1475 2462 1532 librum
2497 1478 2804 1547 quemdam
2831 1478 2900 1534 de
2933 1477 3456 1547 Hierosolymitana
3501 1478 3855 1548 expeditione

2163 1564 2637 1633 conscripseram,
2697 1565 2855 1635 quod
2906 1578 3041 1621 cum
3106 1564 3303 1621 videre
3355 1565 3633 1636 gestisset,
3688 1566 3855 1636 eique

2164 1650 2360 1707 illatus
2388 1652 2606 1720 fuisset,
2664 1659 2958 1723 tantopere
3008 1666 3250 1708 exosum
3300 1652 3523 1720 habuit,
3582 1654 3854 1724 quoniam

363 1744 517 1799 enim
546 1743 762 1798 rustica
807 1754 1015 1796 manus
1045 1747 1100 1795 et
1133 1738 1475 1807 suburbani,
1504 1739 1649 1810 quin
1679 1740 1851 1795 etiam
1890 1740 2056 1796 Mon-
2096 1791 2136 1811 η
2163 1739 2380 1795 domini
2450 1741 2558 1795 mei
2638 1739 2979 1797 Suessorum
3028 1741 3279 1811 episcopi
3327 1741 3569 1797 Lisiardi
3624 1741 3855 1798 nomine

363 1829 643 1887 tiacutani
695 1836 748 1884 et
810 1827 1291 1898 Petripoutenses,
1371 1826 1571 1883 Ferani
1635 1841 1868 1897 quoque
1942 1827 2057 1882 huc

360 1918 647 1984 venerint,
690 1924 1002 1987 antequam
1035 1914 1424 1984 Codiacenses,
1485 1918 1701 1972 mirum
1747 1916 1906 1971 dictu
1938 1915 2054 1971 est!

360 2005 502 2078 quid
534 2005 755 2076 priores
799 2003 1141 2069 invenerint,
1195 2002 1336 2073 quid
1389 2002 1642 2072 tulerint,
1693 2015 1827 2058 cum
1878 2003 2057 2058 nostri

358 2094 700 2150 recentiores
749 2090 970 2147 tardius
1024 2090 1410 2158 advenissent,
1464 2090 1685 2146 munda
1735 2091 1951 2156 omnia,
2002 2098 2057 2146 et

356 2182 524 2252 quasi
578 2179 792 2236 illibata
839 2194 896 2235 se
950 2179 1223 2249 reperisse
1289 2179 1656 2249 jactaverint.
1732 2177 1840 2234 Sed
1911 2178 2055 2248 quid

357 2270 520 2340 pensi
550 2283 617 2323 ac
647 2267 922 2323 moderati
951 2266 1105 2336 apud
1141 2266 1436 2322 helluones
1454 2273 1510 2322 et
1537 2265 1816 2322 scurras?
1844 2266 2053 2321 Vinum

355 2363 412 2413 et
439 2355 691 2413 triticum
723 2368 842 2426 qua
871 2353 917 2409 si
948 2352 1308 2422 rep‘ertitium
1337 2367 1454 2408 non
1496 2352 1740 2409 habebat
1780 2353 2051 2422 pretium,

356 2452 574 2500 etcum
618 2443 760 2498 tales
810 2456 926 2497 non
966 2442 1245 2497 haberent
1302 2439 1603 2510 vectigalia
1650 2439 1884 2507 ibidem,
1931 2440 2053 2497 libi-

357 2532 491 2589 dine
521 2530 994 2600 dilapidabantur
1032 2527 1339 2584 horrenda.
1372 2527 1552 2597 Coepit
1591 2542 1730 2599 ergo
1772 2529 1923 2584 inter
1957 2542 2053 2585 eos

356 2635 430 2677 ex
460 2626 745 2691 proventu
773 2623 914 2671 5|!
959 2616 1299 2686 rapinarum
1361 2615 1575 2671 oboriri
1633 2616 1937 2683 contentio,
1996 2623 2053 2673 et

356 2723 387 2766 a
419 2708 751 2780 quibusque
777 2705 1048 2777 quaelibet
1086 2712 1253 2774 rapta
1308 2703 1632 2760 minoribus
1663 2705 1734 2759 ad
1764 2704 2051 2775 potentio-

355 2812 489 2854 rum
514 2797 651 2867 jura
681 2794 981 2850 transibat.
1015 2793 1253 2849 Duobus
1301 2801 1469 2861 certe,
1521 2793 1569 2849 si
1600 2794 1804 2850 tertius
1843 2793 2050 2850 obvia-

353 2892 459 2954 ret,
485 2882 860 2953 spoliabatur.
918 2883 1056 2938 Erat
1105 2880 1303 2951 itaque
1349 2880 1709 2937 miserrimus
1741 2881 1904 2938 urbis
1931 2891 2048 2937 sta-

350 2981 463 3031 tus.
507 2972 578 3027 Hi
613 2972 714 3042 qui
745 2970 816 3026 ab
848 2970 993 3027 urbe
1028 2969 1422 3041 profugerant,
1465 2969 1664 3025 domos
1703 2969 2045 3026 clericorum

2167 1828 2509 1897 prooemium
2557 1829 2747 1898 operis
2785 1829 3124 1900 insignitum
3159 1830 3319 1897 vidit,
3376 1837 3438 1886 ut
3466 1831 3736 1901 deinceps
3763 1846 3859 1887 ne-

2164 1930 2464 1986 quaquam
2495 1917 2681 1987 legere
2727 1917 3087 1987 dignaretur.
3148 1932 3281 1973 cum
3325 1925 3531 1974 caetera
3579 1920 3858 1988 opuscula

2165 2017 2311 2071 mea,
2365 2011 2420 2059 et
2458 2018 2516 2060 se
2566 2004 2721 2060 ultra
2766 2018 2999 2060 omnem
3052 2005 3361 2061 valentiam
3415 2019 3599 2061 meam
3651 2020 3854 2076 appre-

2165 2091 2422 2148 tiaretur.
2484 2092 2553 2146 Et
2607 2105 2742 2147 cum
2790 2091 2997 2147 eflicax
3042 2091 3334 2148 videretur
3388 2093 3447 2147 in
3490 2093 3855 2149 elaborandis

2160 2179 2388 2249 opibus,
2439 2186 2621 2235 totum
2661 2180 2852 2235 subito
2901 2179 3259 2249 expendebat
3312 2181 3374 2235 in
3402 2181 3594 2237 causis
3646 2182 3859 2237 inutili-

2162 2267 2290 2323 bus.
2324 2267 2430 2322 Sed
2472 2266 2626 2322 mala
2657 2266 2767 2323 ista
2812 2280 2946 2323 cum
2988 2267 3168 2338 hujus
3209 2268 3563 2338 temporibus
3613 2282 3858 2339 praema-

2158 2362 2491 2412 turuerunt.

2231 2445 2463 2509 Quanta
2508 2441 2673 2497 mala
2715 2441 2982 2496 ιιιυάκηί
3000 2443 3240 2513 patrata
3250 2442 3486 2512 fuerint
3508 2442 3626 2500 ista
3654 2449 3860 2517 levipe-

2156 2532 2325 2585 state.
2357 2557 2432 2571 —
2457 2529 2762 2586 Sciendum
2804 2537 2889 2586 est
2928 2530 3070 2599 quia
3108 2544 3224 2586 non
3272 2530 3459 2587 solum
3481 2532 3541 2586 in
3571 2532 3696 2600 isto,
3755 2531 3857 2588 sed

2155 2633 2228 2675 ex
2267 2618 2536 2683 aliorum,
2576 2617 2690 2673 imo
2719 2619 2894 2673 totius
2922 2632 3151 2674 summa
3207 2618 3403 2689 populi
3433 2620 3739 2691 iniquitate
3765 2621 3855 2675 in-

2155 2712 2485 2761 creverunt.
2517 2705 2662 2760 Nam
2694 2705 2754 2760 in
2774 2712 2894 2761 tota
2924 2706 3168 2761 Francia
3196 2707 3396 2778 qualia
3424 2708 3577 2777 apud
3609 2708 3858 2764 Laudu—

2155 2807 2358 2850 uenses
2409 2807 2701 2865 nusquam
2753 2794 2970 2850 scelera
3033 2795 3422 2866 contigerunt.
3503 2795 3856 2852 Parvissimo

2152 2882 2306 2938 enim
2333 2889 2646 2953 antequam
2675 2883 2784 2938 ista
2808 2882 3013 2940 fierent
3058 2892 3329 2954 tempore,
3371 2884 3669 2954 presbyter
3711 2884 3857 2955 qui—

2153 2969 2284 3025 dam
2328 2970 2385 3025 in
2415 2971 2649 3041 propria
2678 2972 2869 3027 ‘domo
2907 2986 2942 3026 a
2971 2986 3149 3041 puero
3191 2987 3363 3043 quem
3417 2972 3855 3029 familiariorem

347 3068 402 3118 et
430 3073 736 3132 procerum
765 3074 910 3130 quos
939 3058 1200 3127 oderant,
1243 3058 1604 3127 diripuerant
1630 3065 1806 3128 atque
1849 3057 2045 3115 inceu-
2084 3079 2125 3135 ο
2158 3058 2424 3125 habebat,
2469 3073 2603 3115 cum
2651 3060 2867 3116 sederet
2897 3060 2968 3116 ad
2999 3074 3218 3129 prunas
3246 3074 3281 3115 a
3335 3068 3493 3131 tergo
3544 3073 3857 3130 percussus

349 3149 596 3206 derant:
631 3155 689 3203 at
733 3147 903 3203 modo
945 3146 1161 3203 residui
1214 3160 1476 3216 proceres
1511 3145 1889 3217 profugarum
1944 3161 2041 3203 us-

346 3253 461 3310 que
512 3237 585 3294 ad
632 3236 989 3293 confosceras
1046 3233 1136 3307 [f.,
1192 3234 1396 3307 ferras]
1453 3243 1509 3291 et
1552 3235 1828 3305 pessulos,
1883 3237 2044 3292 omni

345 3325 669 3384 substantia
696 3332 870 3396 atque
925 3323 1271 3380 utensilibus
1298 3323 1752 3381 addemuabaut.

416 3414 542 3471 Non
572 3428 709 3485 ergo
748 3427 820 3468 ne
864 3412 1184 3467 monachus
1206 3411 1440 3482 quidem
1471 3412 1627 3468 ullus
1666 3419 1789 3468 tuto
1823 3420 2045 3483 poterat

348 3502 571 3574 ingredi
598 3502 823 3570 urbem,
856 3500 946 3555 vel
975 3499 1188 3570 egredi,
1223 3500 1369 3569 quin
1393 3505 1495 3555 aut
1510 3514 1661 3570 equo
1691 3502 2042 3570 privaretur,

350 3598 452 3646 aut
481 3589 729 3661 propriis
773 3588 1028 3644 induviis
1071 3586 1414 3643 nudaretur.
1474 3586 1563 3643 Ad
1609 3596 1872 3645 sanctum
1903 3588 2045 3647 Vin-

350 3677 604 3735 centium
652 3682 843 3733 sontes
874 3675 1246 3746 insontesque
1275 3689 1407 3731 cum
1439 3675 1665 3746 peculio
1703 3676 1884 3733 multo
1904 3677 2047 3732 coie-

352 3773 506 3823 rant.
538 3764 706 3832 Quid,
741 3764 977 3820 Domine
1027 3765 1196 3831 Deus,
1259 3762 1587 3835 gladiorum
1644 3772 1910 3821 exertum
1962 3771 2045 3821 est

351 3868 527 3924 super
583 3853 913 3921 monachos,
961 3867 1079 3909 non
1116 3861 1234 3908 tam
1277 3866 1485 3908 census
1531 3865 1710 3922 quam
1773 3866 2046 3922 personas

349 3942 620 3999 volentes.
678 3941 763 3997 Ibi
818 3940 1176 4007 Guillelmus,
1226 3939 1477 3997 Haduini
1512 3938 1685 4006 filius,
1742 3940 2045 3997 immemor

349 4030 456 4087 sibi
512 4043 547 4085 a
594 4029 708 4086 Deo
759 4029 1112 4085 liberationis
1176 4028 1433 4096 indultae,
1503 4027 1813 4098 quemdam
1870 4042 2045 4085 suum

349 4126 719 4189 compatrem,
804 4117 899 4173 cui
934 4146 944 4159 -
978 4130 1111 4172 mox
1178 4115 1562 4186 spoponderat
1618 4115 2043 4173 immunitatem

348 4207 740 4263 membrorum
770 4212 825 4260 et
856 4205 1006 4272 vitae,
1038 4213 1093 4260 et
1118 4205 1189 4260 ad
1215 4220 1275 4260 se
1304 4218 1378 4260 ex
1407 4204 1516 4260 fide
1532 4204 1838 4276 collegerat
1864 4206 2045 4262 teneri

352 4308 387 4350 a
414 4294 535 4351 suis
568 4293 659 4367 υἱ,
718 4291 921 4365 servis]
969 4291 1290 4348 Guinimari
1337 4300 1393 4349 et
1438 4292 1670 4349 Baineri
1716 4307 2040 4363 procerum,

2151 3148 2389 3204 interiit.
2422 3148 2603 3218 Cujus
2631 3162 2839 3218 corpus
2886 3148 2979 3204 ille
3023 3161 3279 3212 sumens,
3314 3148 3374 3203 in
3429 3161 3717 3204 cameram
3763 3163 3856 3205 se-

2151 3235 2450 3291 cretiorem
2494 3235 2810 3291 recondidit
2852 3243 2909 3291 et
2958 3249 2993 3291 a
3043 3236 3180 3293 foris
3235 3236 3530 3292 asseravit.
3584 3236 3857 3307 Cumque

2151 3335 2255 3393 per
2282 3321 2505 3392 aliquot
2552 3322 2673 3379 dies
2705 3337 2825 3378 non
2847 3322 2969 3378 viso
2994 3322 3247 3391 domino,
3275 3337 3535 3393 quonam
3573 3323 3790 3381 abisset
3817 3337 3855 3380 ι

2151 3410 2367 3466 famulo
2398 3419 2743 3481 quaererent,
2777 3411 3164 3467 mentiebatur
3194 3413 3383 3467 nescio
3416 3425 3697 3482 quorsum
3749 3412 3859 3468 ho-

2153 3498 2349 3556 ninem
2404 3502 2687 3568 expetisse
2717 3499 2968 3570 negotia.
3026 3501 3096 3556 Et
3144 3514 3279 3557 cum
3326 3514 3442 3571 prie
3473 3499 3667 3557 fetoris
3697 3499 3860 3556 inso-

2153 3588 2330 3645 lentia
2372 3588 2524 3645 iuter
2586 3589 2735 3646 aedes
2797 3589 2979 3645 foveri
3026 3603 3143 3645 non
3194 3596 3400 3659 posset,
3465 3588 3702 3646 collecta
3760 3589 3863 3646 ille

2154 3678 2372 3733 domini
2404 3678 2728 3734 substantia
2755 3679 3003 3735 cadaver
3043 3678 3105 3733 in
3146 3678 3376 3733 camino
3423 3678 3629 3734 domus
3674 3691 3865 3747 super

2154 3764 2373 3821 cineres
2412 3780 2589 3835 prono
2629 3780 2729 3823 ore
2766 3767 3102 3836 composuit,
3152 3774 3209 3823 et
3248 3766 3701 3823 instrumentum
3754 3766 3859 3822 de-

2154 3867 2330 3923 super
2356 3854 2630 3923 pendens,
2675 3856 2783 3925 (1")
2825 3856 2982 3926 quod
3023 3855 3356 3911 siccatorias
3414 3862 3640 3921 vocant,
3674 3868 3863 3924 super

2152 3956 2286 3999 eum
2331 3943 2553 4012 dejecit,
2606 3950 2672 4000 ut
2718 3950 3025 4014 putaretur
3078 3944 3219 4015 quia
3259 3944 3340 4001 sic
3385 3958 3519 4000 eum
3562 3942 3861 4000 machinae

2153 4043 2322 4086 casus
2348 4029 2655 4099 obtuderit,
2687 4031 2886 4102 sicque
2910 4045 3042 4088 cum
3071 4032 3246 4088 rebus
3275 4032 3522 4104 aufugit.

2223 4118 2433 4174 Decani
2463 4132 2697 4189 quoque
2721 4133 2837 4174 non
2868 4118 3035 4190 longe
3063 4126 3197 4175 ante
3227 4118 3514 4176 Kalendas
3550 4132 3673 4176 suze
3697 4118 3859 4175 diue-

2152 4221 2339 4262 cescos
2366 4208 2826 4277 presbyterorum
2850 4208 3116 4278 agebant.
3140 4206 3405 4278 Cumque
3435 4207 3673 4278 quidam
3707 4208 3860 4264 Bur-

2153 4295 2387 4365 gundus
2415 4295 2731 4366 presbyter,
2756 4295 2971 4367 loquax
3002 4296 3175 4353 nimis
3200 4304 3255 4352 et
3285 4295 3669 4366 promptulus,
3704 4309 3861 4351 con-

353 4381 457 4454 qui
485 4380 613 4469 caesi
643 4387 830 4469 erant,
883 4387 939 4469 et
982 4379 1248 4469 damnari
1301 4380 1578 4469 permisit.
1637 4381 1687 4437 A
1724 4381 1840 4438 filio
1888 4381 2039 4437 enim
2078 4415 2123 4469 Β
2158 4382 2384 4454 tignum
2414 4383 2525 4440 sibi
2562 4384 2957 4455 presbyterum
2981 4398 3156 4455 super
3180 4385 3432 4455 quodam
3462 4383 3574 4440 levi
3592 4383 3860 4453 capitulo

351 4467 571 4541 praefati
616 4467 908 4525 castellani
929 4467 1001 4524 ad
1030 4467 1166 4539 equi
1199 4469 1445 4525 caudam
1476 4468 1718 4539 pedibus
1747 4469 2039 4541 alligatus,

351 4557 631 4629 brevique
668 4563 859 4613 tractu
911 4555 1209 4613 cerebrum
1233 4570 1367 4612 cum
1398 4556 1656 4626 fudisset,
1714 4556 1893 4615 furcis
1923 4557 2045 4613 illa-

348 4653 444 4704 tus
479 4654 582 4703 est.
615 4644 946 4703 Vocabatur
992 4652 1186 4701 autem
1239 4645 1284 4701 is
1338 4645 1622 4701 Rohertus
1662 4653 2042 4717 cognomento

347 4732 725 4803 Manducans,
751 4733 847 4790 vir
883 4732 1044 4790 dives
1085 4741 1140 4789 et
1171 4733 1407 4803 probus.
1455 4736 1527 4790 At
1570 4730 1931 4804 dispensator
1959 4734 2043 4791 vi-

346 4822 649 4892 ccdomini,
682 4822 752 4879 de
781 4836 900 4893 quo
928 4835 1108 4893 supra
1152 4821 1428 4890 diximus,
1480 4822 1581 4892 qui
1614 4822 1949 4891 vocabatur,
1981 4822 2043 4879 ni

347 4911 533 4979 fallor,
556 4911 872 4979 Ebrardus,
925 4910 1030 4983 qui
1060 4924 1193 4966 cum
1246 4923 1361 4981 quo
1409 4908 1501 4966 die
1546 4910 1669 4981 ipso
1697 4910 2039 4979 comederat,

348 5012 552 5055 servus
581 4999 881 5055 dominum
905 4998 1250 5069 perdiderat,
1286 5006 1520 5054 evectus
1547 5006 1630 5054 est
1688 4999 1748 5054 in
1772 4999 2039 5056 sublime.

350 5085 451 5140 His
479 5086 787 5156 generibus
816 5087 1088 5142 mortium
1126 5093 1181 5142 et
1208 5085 1305 5142 alii
1330 5094 1468 5142 sunt
1495 5087 1700 5143 exacti.
1725 5088 2041 5144 lnextrica-

348 5173 463 5229 bile
487 5181 572 5230 est
592 5188 723 5243 quas
754 5174 810 5228 in
836 5187 1192 5243 eversorum,
1224 5175 1313 5231 vel
1347 5175 1708 5232 iuversorum
1743 5176 2042 5246 punitione

348 5261 469 5332 geri
501 5260 720 5331 ubique
761 5260 1065 5331 contigerit
1120 5252 1427 5330 explicare.
1495 5261 1802 5318 Sciendum
1846 5269 2040 5318 autem

349 5348 489 5420 quia
517 5347 607 5404 die
630 5355 854 5418 postero
885 5348 1038 5404 necis
1057 5346 1223 5405 facta!
1249 5349 1499 5405 Thomas
1531 5350 1688 5406 venit
1718 5349 1777 5404 in
1817 5351 2039 5418 urbem,

348 5436 456 5490 hoc
510 5442 595 5491 est
654 5434 797 5491 feria
863 5443 1045 5504 sexta,
1105 5435 1470 5508 Sahbatoque
1519 5437 1833 5504 recesserit,
1873 5445 1929 5495 et
1981 5439 2041 5494 in

347 5524 471 5594 ipsa
496 5522 795 5580 Dominica
842 5523 987 5581 tanti
1048 5523 1321 5581 facinoris
1348 5538 1484 5581 mox
1512 5526 1665 5583 Deus
1694 5539 1892 5597 ptenas
1943 5526 2040 5583 in—

346 5614 604 5671 cusserit.

2153 4479 2494 4541 accusasset,
2541 4487 2645 4543 pro
2690 4473 2815 4543 ipsa
2860 4472 3033 4543 culpa
3068 4473 3323 4529 decanus
3350 4473 3424 4529 ab
3448 4487 3516 4529 eo
3545 4486 3648 4528 sex
3687 4486 3864 4528 num-

2149 4573 2273 4616 mos
2304 4563 2528 4616 tantum
2547 4560 2757 4633 exegit.
2782 4560 2893 4625 Qui
2916 4560 2972 4616 id
2993 4559 3189 4616 damni
3207 4560 3348 4617 satis
3370 4573 3665 4630 superque
3695 4574 3859 4630 aegre

2148 4647 2353 4714 ferens,
2413 4656 2576 4705 nocte
2624 4662 2761 4705 cum
2797 4650 3152 4721 Burgundus
3209 4649 3537 4706 revertisset
3583 4649 3658 4704 ad
3720 4663 3856 4716 sua,

2150 4736 2447 4807 presbyter
2474 4736 2577 4808 qui
2605 4737 2870 4794 denarios
2897 4737 3227 4808 perdiderat
3259 4737 3500 4794 insidias
3524 4736 3633 4807 ipsi
3663 4743 3863 4793 teten-

2149 4823 2332 4881 derat.
2375 4824 2485 4892 Qui
2539 4839 2674 4882 cum
2722 4825 2930 4882 domus
2970 4838 3092 4882 sua:
3141 4825 3360 4897 gradus
3416 4840 3551 4882 cum
3607 4824 3863 4882 lucerna

2149 4911 2498 4982 ascenderet,
2554 4914 2650 4970 ille
2690 4928 2826 4970 eum
2878 4927 2914 4968 a
2978 4914 3395 4984 posterioribus
3464 4916 3524 4969 in
3580 4913 3861 4983 occipitio

2146 5000 2315 5057 calva
2336 5000 2633 5072 percussit,
2661 5000 2763 5071 qui
2792 5014 2866 5057 ex
2892 5000 3013 5056 ictu
3041 4999 3346 5057 intestatus
3363 4999 3657 5056 occubuit.

2217 5088 2373 5145 Alter
2394 5088 2632 5160 quidam
2670 5088 2923 5145 Exosimi
2966 5088 3089 5158 ipse
3128 5089 3444 5159 presbyter,
3486 5102 3621 5145 cum
3669 5087 3859 5144 habe-

2147 5184 2233 5235 ret
2276 5177 2668 5248 presbyterum
2718 5177 3029 5235 missarum
3077 5178 3356 5234 solemnia
3383 5186 3669 5250 agentem,
3692 5178 3858 5234 alta—

2148 5264 2427 5334 ribusque
2451 5272 2809 5334 praesentem.
2858 5279 2891 5321 a
2939 5265 3191 5335 quodam
3220 5279 3327 5322 suo
3366 5265 3700 5336 apparitore
3751 5279 3859 5321 sa—

2148 5352 2291 5424 gitta
2318 5351 2474 5408 feriri
2497 5352 2814 5409 mandavit.
2848 5354 2953 5418 Qui
2974 5366 3283 5423 percussus
3316 5354 3421 5410 etsi
3449 5367 3565 5409 non
3606 5353 3853 5420 interiit,

2146 5440 2450 5511 instigator
2478 5447 2671 5497 tamen
2703 5454 2771 5496 ac
2801 5441 2992 5512 opifex
3031 5456 3146 5498 non
3195 5443 3318 5498 sine
3363 5441 3737 5498 interimendi
3766 5441 3855 5497 af-

2147 5529 2299 5586 fectu
2345 5528 2473 5596 fuit,
2533 5542 2641 5584 nec
2681 5529 2992 5598 homicidii,
3035 5536 3091 5586 et
3129 5529 3437 5600 sacrilegii,
3492 5529 3649 5600 apud
3688 5530 3857 5587 Cbri«

2145 5615 2365 5674 stiauos
2398 5617 2655 5673 mandati
2706 5617 2800 5688 [f.,
2828 5616 3131 5688 inauditi],
3173 5618 3414 5674 crimine
3446 5617 3656 5675 caruit.
3692 5617 3855 5675 Refe-
