3946 6444
154 357 273 409 937

1299 356 1388 410 DE
1432 354 1593 408 VITA
1631 355 1763 409 ΒΗΑ
1803 353 1987 410 LIBRI
2030 355 2300 410 TRES.—
2329 357 2457 410 LIB.
2501 357 2598 412 Ill.

3596 364 3698 415 938

163 493 404 542 runtur
435 495 487 542 el
547 485 661 541 alia
708 485 818 540 sub
874 486 1066 540 eodem
1105 493 1356 554 tempore
1389 491 1562 554 atque
1595 498 1738 554 pago
1773 498 1891 554 per-
1931 489 1975 538 A
2076 485 2309 539 Ferelra
2335 489 2390 538 et
2413 489 2746 539 sanctorum
2776 485 3034 556 reliquiae
3052 486 3567 556 circumferuntur,
3589 506 3699 560 quo

162 581 431 643 petrata.

2001 573 2195 628 multa?
2215 577 2350 628 sunt
2359 577 2672 646 corrogalac
2691 574 2946 645 pecuniae
2960 575 3038 628 ad
3053 576 3355 630 ecclesiam
3369 580 3700 632 restauran-

244 660 560 733 Praesagia
575 661 1231 732 pra’faiascalamitates
1246 661 1712 732 praenuntiantia.
1737 663 1893 716 Puer
1999 661 2154 718 dam.
2191 694 2259 702 —
2290 664 2514 719 Interea
2538 663 2858 719 secundum
2888 664 3052 720 illum
3085 664 3554 735 qualemcunque
3586 683 3699 722 mo-

158 750 879 821 geminus.—-Apparuere
895 759 948 806 et
971 751 1218 807 visiones
1230 751 1447 807 malum
1463 753 1618 822 quod
1643 751 1892 821 praetuli-

170 853 316 894 mus
347 848 752 910 praesagantes.
780 840 984 896 Visum
1001 841 1329 896 estcuidam
1355 855 1526 910 super
1541 841 1890 896 Laudunum

170 928 452 985 lunarem
487 929 751 985 cecidisse
771 929 1026 999 globum,
1043 929 1198 999 quod
1219 929 1505 1000 significat
1524 931 1888 999 repentinum

172 1025 503 1074 venturum
536 1018 661 1073 urbi
683 1015 989 1074 defectum.
1023 1018 1266 1074 Cuidam
1311 1033 1546 1088 quoque
1576 1033 1649 1074 ex
1682 1018 1892 1075 nostris

175 1107 382 1162 visum
423 1113 507 1162 est
553 1114 684 1162 ante
737 1121 929 1176 genua
978 1107 1243 1163 crucifixi
1302 1107 1360 1163 in
1412 1107 1651 1163 ecclesia
1707 1108 1890 1163 Beata:

177 1196 384 1250 Mariae
415 1203 526 1250 tres
554 1195 814 1266 ingentes
838 1196 1088 1251 seriatim
1142 1195 1338 1260 trabes
1362 1196 1670 1265 oppositas.
1708 1196 1891 1251 Locus

177 1289 386 1337 autem
445 1283 502 1337 in
552 1297 668 1352 quo
719 1282 1010 1338 Gerardus
1074 1283 1286 1338 interiit
1337 1297 1542 1339 cruore
1587 1284 1891 1339 videbatur

177 1379 444 1440 opertus.
478 1371 804 1427 Cruciiixus
835 1371 1267 1427 eminentiorem
1301 1372 1554 1427 ecclesiae
1587 1387 1889 1442 personam

179 1459 569 1530 significavit,
623 1466 774 1514 5η
833 1461 926 1515 cui
999 1475 1132 1515 vere
1197 1467 1361 1516 terna
1413 1461 1602 1516 trabes
1651 1461 1888 1524 obstitit,

177 1549 331 1604 dum
363 1562 578 1617 parvus
609 1547 892 1609 introitus.
923 1556 978 1603 et
1009 1556 1304 1617 peccatum
1337 1550 1491 1618 quod
1525 1551 1580 1604 in
1612 1549 1886 1617 Gerardo,

176 1644 238 1692 et
302 1636 376 1690 ad
426 1636 697 1690 ultimum
747 1635 805 1690 in
857 1635 1017 1704 plebe
1080 1636 1460 1697 commiserat,
1529 1636 1732 1706 ingens
1788 1637 1888 1692 fini

175 1724 317 1794 ejus
338 1723 746 1780 offendiculum
792 1724 1053 1793 praebuit.
1091 1725 1273 1780 Locus
1301 1725 1390 1779 ille
1421 1726 1479 1779 in
1508 1739 1627 1795 quo
1672 1725 1890 1780 obierat

177 1813 475 1882 sanguine
536 1811 856 1882 tegebatur,
932 1812 1070 1866 dum
1158 1820 1481 1881 perpetrata
1562 1813 1892 1883 malignitas

177 1902 354 1958 nulla
387 1899 742 1970 pmnitudiue
766 1899 1122 1954 abolebatur.
1166 1901 1573 1956 Audiebantur
1619 1909 1894 1970 praeterea

179 1992 396 2046 sicuta
428 1989 722 2044 monachis
753 1988 941 2043 Sancti
975 1988 1260 2044 Vincentii
1308 1988 1502 2056 didici,
1554 1997 1608 2045 et
1665 1989 1891 2045 tumul-

183 2086 286 2136 tus
329 2078 587 2148 quidam,
632 2085 695 2132 ut
727 2077 1061 2146 putabatur,
1106 2077 1496 2148 malignorum
1554 2078 1890 2147 spirituum,

179 2176 244 2223 et
277 2166 494 2236 species
545 2165 944 2220 incendiorum
1002 2164 1058 2220 in
1090 2179 1221 2220 aere
1278 2166 1578 2222 nocturnis
1619 2166 1774 2221 horis
1831 2166 1893 2220 in

181 2255 358 2312 urbe.
391 2254 573 2309 Natus
601 2260 683 2308 est
714 2253 886 2308 etiam
919 2261 1052 2308 ante
1101 2252 1323 2323 aliquot
1371 2253 1491 2308 dies
1521 2267 1664 2322 puer
1707 2254 1893 2322 gemi-

184 2359 306 2400 nus
325 2343 493 2398 clune
520 2341 785 2410 superius
808 2341 1160 2408 ihidem,duo
1191 2341 1405 2397 scilicet
1428 2342 1648 2398 habens
1678 2342 1887 2412 capita,

182 2433 310 2488 duo
340 2445 525 2500 usque
551 2430 622 2485 ad
663 2443 826 2484 renes
876 2445 1006 2484 cum
1056 2430 1176 2485 suis
1223 2430 1475 2485 brachiis
1503 2431 1721 2486 habens
1764 2444 1889 2486 cor-

185 2534 352 2591 pora.
391 2519 610 2588 Duplex
653 2531 791 2587 ergo
827 2517 1112 2587 superius,
1154 2517 1392 2574 inferius
1443 2519 1684 2588 simplex
1749 2526 1891 2574 erat.

186 2609 523 2678 Baptizatus
552 2608 744 2676 itaque
763 2606 952 2662 triduo
973 2621 1206 2677 quoque
1230 2606 1394 2662 vixit.
1429 2607 1612 2663 Multa
1641 2608 1892 2677 denique

181 2705 251 2754 et
275 2697 393 2752 visa
424 2703 579 2760 sunt,
612 2703 667 2751 et
695 2695 987 2764 contigere
1019 2703 1298 2764 portenta,
1324 2696 1391 2750 de
1410 2696 1626 2766 quibus
1656 2695 1893 2753 minime

186 2785 618 2856 ambigebatur,
643 2783 787 2853 quin
819 2782 1196 2852 praecinerent
1228 2783 1449 2840 malum
1500 2784 1641 2840 illud
1695 2785 1892 2839 maxi-

187 2888 360 2932 mum
381 2873 536 2944 quod
555 2871 929 2943 sequebatur.

841 3012 1072 3070 CAPUT
1111 3013 1239 3070 XII.

1931 1782 1971 1836 Β

2002 765 2120 806 rem
2160 752 2232 807 ad
2281 752 2670 823 corrogandas
2711 753 2983 821 pecunias
3037 761 3333 823 creperum
3389 754 3596 810 feretra
3646 764 3700 812 et

2001 848 2333 896 sanctorum
2375 841 2638 911 reliquie
2683 842 3062 897 circumferri.
3096 842 3256 897 Unde
3279 842 3491 898 factum
3521 852 3606 900 est
3636 853 3701 901 ut

2005 927 2135 996 pius
2159 928 2250 984 ille
2295 929 2532 996 arbiter,
2563 929 2663 998 qui
2697 943 2845 999 quos
2877 929 3012 984 hinc
3041 930 3277 1000 corripit
3326 930 3484 986 illinc
3541 932 3702 988 mise-

2003 1017 2302 1072 ricorditer
2358 1017 2706 1084 consolatur,
2793 1019 2978 1074 multa
3031 1032 3148 1088 qua
3207 1019 3368 1074 ibant
3421 1020 3701 1077 miracula

1998 1105 2314 1162 exhiberet.
2372 1107 2510 1161 Erat
2574 1113 2765 1162 autem
2837 1107 3213 1177 magnificum
3277 1107 3700 1177 phylacterium

2000 1193 2298 1262 quiddam,
2329 1194 2484 1264 quod
2519 1194 2812 1250 ferebatur
2841 1209 2972 1250 cum
3028 1194 3227 1265 aliqua
3251 1196 3562 1265 cujuslibet
3593 1212 3702 1254 me-

2001 1281 2195 1337 moriae
2224 1282 2406 1346 theca,
2438 1282 2495 1336 in
2529 1297 2645 1352 quo
2673 1283 2742 1338 de
2789 1283 3026 1338 camisia
3084 1284 3284 1339 matris
3346 1285 3601 1356 Virginis
3646 1294 3702 1344 et

2000 1370 2067 1425 de
2113 1370 2352 1441 spongia
2381 1371 2464 1426 ori
2515 1369 2829 1427 Salvatoris
2871 1371 3049 1437 illata,
3078 1379 3132 1427 et
3181 1372 3251 1428 de
3296 1387 3468 1430 cruce
3501 1375 3698 1444 ipsius,

1999 1459 2138 1514 side
2168 1459 2390 1530 capillis
2426 1460 2683 1530 ejusdem
2741 1460 2995 1515 Dominae
3026 1467 3232 1515 nostra}
3281 1463 3490 1530 nescio,
3518 1465 3703 1520 conti-

2003 1556 2194 1602 netur.
2232 1549 2330 1602 Est
2359 1557 2552 1603 autem
2598 1563 2670 1603 ex
2719 1562 2863 1604 auro
2917 1556 2974 1604 et
3032 1549 3340 1618 lapidibus,
3391 1559 3447 1606 et
3502 1567 3703 1608 versus

1999 1649 2145 1691 auro
2177 1635 2445 1705 insculpti
2478 1636 2746 1704 mysteria
2776 1636 3001 1692 interna
3030 1645 3350 1693 cantantes.
3390 1639 3453 1694 In
3481 1654 3698 1710 pagum

2001 1724 2197 1793 itaque
2225 1724 2578 1779 Turonicum
2611 1725 2864 1779 secunda
2887 1739 2994 1780 sua
3021 1725 3364 1794 profectione
3388 1728 3698 1797 venientes,

2002 1812 2306 1881 cujusdam
2365 1813 2649 1881 praedonis
2699 1813 3103 1882 municipium,
3128 1815 3282 1884 quod
3320 1815 3702 1874 Busensiacus

2001 1899 2214 1954 dicitur
2241 1897 2442 1970 [vulgo
2498 1900 2859 1972 Buzencais],
2912 1902 3249 1972 attigerunt,
3283 1911 3337 1959 et
3379 1919 3698 1964 sermonem

2000 1987 2070 2043 de
2116 1987 2441 2044 calamitate
2483 1990 2734 2045 ecclesiae
2773 2004 2893 2046 sum
2938 1989 3086 2045 inter
3135 1991 3246 2046 alia
3293 1991 3366 2047 ad
3421 1993 3700 2062 populum

2003 2077 2353 2132 habuerunt.
2429 2077 2694 2147 Cumque
2746 2079 3173 2146 praesensissent
3252 2079 3440 2135 clerici
3491 2083 3696 2150 nostri,

2001 2165 2156 2234 quod
2183 2165 2474 2230 dominus,
2506 2173 2564 2220 ot
2597 2165 2870 2236 oppidani
2907 2165 3036 2235 ejus
3061 2166 3242 2223 malos
3270 2169 3494 2224 animos
3532 2185 3702 2240 gere-

2001 2261 2130 2309 rent
2187 2253 2258 2308 ad
2318 2254 2582 2321 verbum,
2639 2261 2693 2308 et
2750 2263 3030 2310 exeuntes
3073 2255 3142 2310 de
3181 2256 3411 2312 castello
3457 2258 3700 2328 diripere

1999 2342 2370 2408 destinarent,
2407 2342 2464 2396 in
2493 2349 2650 2397 arcto
2689 2340 2796 2413 [vel
2833 2342 2966 2412 alto]
3016 2343 3235 2413 positus
3277 2345 3322 2399 is
3375 2346 3478 2416 qui
3512 2347 3698 2402 deela-

2001 2431 2195 2486 mandi
2231 2429 2765 2497 habebatofficium,
2797 2430 2924 2486 licet
2955 2432 3124 2488 ﬁdem
3155 2447 3353 2489 eorum
3380 2450 3510 2504 quae
3535 2450 3700 2505 spon-

2000 2517 2170 2572 debat
2228 2532 2339 2572 non
2394 2517 2650 2582 haberet,
2703 2525 2894 2573 tamen
2948 2519 3160 2574 astanti
3217 2522 3446 2590 populo,
3486 2523 3608 2577 ait:
3643 2523 3698 2578 Si

1999 2613 2084 2661 est
2115 2606 2346 2661 animus
2376 2606 2644 2662 infirmus
2671 2606 2728 2661 in
2761 2607 2944 2672 vobis,
2977 2607 3208 2663 accedat
3235 2609 3308 2665 ad
3355 2625 3548 2667 sacras
3576 2613 3701 2668 reli-

2001 2694 2192 2765 quias,
2225 2702 2280 2750 et
2312 2695 2534 2750 haustis
2564 2694 2850 2762 laticibus,
2883 2709 3030 2765 quos
3076 2695 3335 2766 reliquiae
3380 2699 3698 2771 attigerint,

2001 2782 2248 2852 profecto
2287 2781 2610 2838 sanabitur.

2072 2869 2431 2926 Miraculum
2487 2874 2535 2925 l.
2568 2873 2759 2926 Mutus
2795 2888 2938 2943 puer
2977 2875 3033 2927 et
3081 2873 3291 2928 surdus
3333 2878 3596 2934 sanatur.
3628 2909 3697 2920 —

1999 2959 2163 3014 Tunc
2187 2959 2352 3014 laetus
2403 2959 2696 3025 dominus,
2727 2960 2973 3030 ejusque
3030 2969 3366 3030 castrenses,
3416 2965 3557 3021 dum
3602 2981 3698 3023 eos

1927 3054 1970 3111 c
2001 3047 2286 3103 aestimant
2341 3061 2414 3103 ex
2461 3061 2566 3104 suo
2624 3049 2878 3117 ipsorum
2933 3049 3110 3105 verbo
3166 3064 3269 3119 pro
3321 3053 3698 3112 mendacibus

269 3146 484 3200 Poenas
526 3141 704 3199 sumit
736 3145 886 3198 Deus
925 3140 996 3195 de
1021 3157 1156 3195 nece
1185 3139 1448 3194 Gerardi.
1480 3170 1549 3181 —
1578 3142 1890 3211 Postquam
1996 3135 2320 3204 capiendos,
2378 3134 2628 3190 offerunt
2681 3135 2734 3190 ei
2774 3149 3020 3204 puerum
3078 3145 3304 3194 mutum
3349 3147 3404 3195 et
3449 3143 3694 3200 surdum

190 3234 378 3305 scpito
409 3231 824 3302 aliquantisper
861 3229 1093 3285 turbine
1133 3229 1385 3284 Ecclesia
1415 3229 1584 3298 ccepit
1623 3229 1890 3298 pedeten-

193 3332 301 3381 tim
353 3321 692 3378 clericorum
745 3318 1058 3375 restaurari
1116 3317 1323 3373 studio.
1379 3316 1660 3384 Quoniam
1713 3317 1893 3388 igitur

193 3410 384 3483 paries
407 3409 518 3475 ille,
543 3422 660 3478 quo
689 3406 976 3463 Gerardus
1013 3404 1354 3478 [supplenda
1377 3409 1512 3458 sunt
1539 3405 1653 3461 hac
1678 3405 1887 3461 verba:

196 3497 534 3554 interfectus
569 3495 673 3567 est]
729 3503 964 3566 propter
1023 3496 1138 3550 vim
1173 3496 1417 3551 incendii
1449 3496 1669 3552 caeteris
1697 3495 1892 3551 debili-

193 3586 368 3642 tatior
396 3583 717 3649 videbatur,
751 3596 924 3638 arcus
969 3582 1251 3651 quosdam
1296 3581 1444 3637 inter
1481 3583 1670 3651 ipsum
1703 3581 1890 3652 parie-

193 3682 310 3731 tem
367 3673 640 3738 medium,
693 3672 795 3741 qui
855 3670 1116 3726 exustior
1164 3670 1374 3739 fuerat,
1437 3677 1493 3726 et
1548 3672 1890 3727 exteriorem

194 3762 375 3820 eadem
422 3759 744 3816 immodicis
806 3759 1138 3828 sumptibus
1195 3766 1562 3829 peregerunt.
1630 3759 1892 3830 Cumque

195 3851 450 3922 quadam
508 3857 670 3904 nocte
720 3848 913 3919 fragor
951 3847 1153 3917 ingens
1185 3847 1578 3916 increpuisset,
1647 3849 1892 3904 tonitrus

195 3937 453 4006 impulsu
483 3935 741 3991 fulminis
770 3935 847 3990 ita
868 3947 1183 3989 concussus
1215 3940 1322 4000 est,
1366 3940 1432 3989 ut
1458 3933 1645 4004 juncti
1688 3935 1890 4004 parieti

195 4026 605 4083 dirimerentur
634 4037 826 4091 arcus,
885 4031 939 4078 et
970 4022 1157 4093 paries
1204 4023 1262 4076 in
1293 4031 1510 4091 partem
1556 4023 1895 4080 redderetur

197 4114 450 4182 acclivis,
481 4121 536 4168 et
565 4110 884 4167 necessario
899 4110 1019 4180 jam
1061 4109 1279 4166 destrui
1311 4116 1598 4178 oporteret
1626 4109 1699 4164 ab
1738 4109 1887 4165 imis.

197 4203 288 4270 Et,
321 4217 352 4258 ο
385 4201 598 4258 mirum
626 4200 723 4256 Dei
751 4197 1074 4270 judicium!
1135 4198 1283 4265 Quid
1343 4197 1412 4254 de
1461 4197 1569 4264 his,
1628 4198 1888 4275 Domine,

196 4294 300 4347 tua
348 4297 540 4346 censet
594 4289 887 4356 severitas,
951 4287 1052 4357 qui
1110 4286 1401 4343 hominem
1462 4285 1564 4340 tibi
1607 4293 1888 4343 astantem

198 4394 433 4450 quoquo
481 4377 649 4434 modo
679 4385 734 4433 te
761 4350 1022 4433 orantem
1049 4376 1256 4445 punire
1288 4375 1377 4442 [f.,
1409 4373 1618 4443 punire
1656 4373 1888 4430 voluisti
1924 4350 1972 4407 Ῑ)

197 4468 304 4535 vel,
337 4467 531 4538 puniri
567 4464 918 4536 permisisti],
951 4463 1000 4520 si
1032 4462 1424 4520 insensibilem
1465 4461 1574 4518 sub
1605 4475 1724 4532 quo
1772 4462 1894 4519 haec

200 4559 336 4612 sunt
393 4563 519 4612 acta
549 4555 820 4625 parietem
878 4566 994 4608 non
1043 4564 1378 4608 concessum
1426 4557 1511 4607 est
1566 4549 1894 4606 indemnem

200 4643 502 4702 esse?Nee
530 4644 587 4699 id
617 4642 834 4713 injuria
874 4639 1000 4706 fuit,
1056 4646 1122 4696 ut
1151 4646 1371 4695 tantam
1419 4637 1694 4709 injuriam
1741 4651 1894 4709 aegre

201 4733 415 4799 tuleris,
443 4731 698 4788 Domine.
730 4730 893 4786 Certe
921 4729 966 4784 si
999 4728 1271 4784 inimicus
1309 4741 1473 4783 meus
1511 4726 1737 4783 veniam
1792 4740 1895 4796 pe-

203 4820 352 4877 tendi
383 4833 558 4876 causa
597 4819 842 4890 genibus
905 4817 1045 4873 meis
1084 4816 1301 4887 jaceret
1353 4814 1593 4884 affusus,
1621 4822 1676 4872 et
1714 4828 1749 4870 a
1787 4829 1894 4870 suo

202 4908 356 4964 hoste
376 4916 509 4964 ante
535 4922 691 4964 meos
746 4906 1128 4977 perimeretur
1159 4903 1349 4975 pedes,
1383 4903 1456 4960 ob
1483 4901 1892 4960 contumeliam

203 4995 337 5051 mihi
371 4994 578 5050 factam
599 4993 769 5063 plane
797 4993 984 5048 omnis
1041 5005 1169 5047 mea
1213 5004 1351 5061 erga
1379 5004 1512 5046 eum
1562 4989 1896 5046 animositas

205 5082 348 5139 illico
375 5083 680 5152 sopiretur.
725 5081 843 5136 Hoc
884 5094 988 5135 nos
1037 5078 1319 5143 homines,
1350 5085 1405 5132 et
1431 5088 1495 5134 tu
1534 5076 1894 5147 potissimum

204 5185 346 5228 vena
376 5171 714 5236 clementiae,
774 5170 944 5225 Deus.
1005 5167 1062 5224 Si
1114 5174 1176 5223 tu
1236 5165 1482 5221 infantes
1525 5165 1609 5221 tui
1661 5178 1897 5235 prorsus

207 5260 429 5332 ignaros
456 5259 565 5315 sub
593 5257 814 5314 Herode
843 5270 1108 5324 coronas,
1151 5254 1336 5311 solum
1369 5253 1508 5324 quia
1551 5267 1728 5309 causa
1766 5267 1894 5323 per-

207 5350 362 5406 niciei
393 5363 595 5406 eorum
646 5356 710 5403 tu
739 5347 952 5414 fueras,
1005 5343 1407 5416 putandumne
1429 5349 1513 5398 est
1538 5342 1692 5411 quod
1727 5355 1898 5411 penes

208 5439 374 5508 hunc,
404 5439 535 5496 licet
580 5445 956 5508 peccatorem,
989 5435 1118 5491 licet
1150 5431 1522 5500 immeritum,
1557 5431 1629 5486 ad
1674 5431 1755 5487 tui
1786 5445 1896 5486 no-

209 5528 374 5584 minis
410 5524 846 5596 vilipensionem
897 5523 1170 5590 occisum,
1216 5519 1504 5577 obdurare
1559 5527 1612 5576 te
1669 5517 1896 5589 queas?

210 5614 326 5674 Non
349 5623 434 5674 est
466 5615 572 5671 hoc
602 5621 790 5679 tuum,
826 5610 1052 5667 infinita
1085 5611 1285 5682 pietas.

557 5713 833 5777 PATROL.
887 5710 1088 5776 CLVI.
1193 5723 1200 5732 '

1999 3235 2181 3278 annos
2207 3231 2410 3279 natum
2432 3222 2660 3279 circiter
2692 3223 2920 3294 viginti.
2945 3224 3068 3279 Dici
3101 3239 3215 3281 non
3247 3233 3430 3296 potest
3468 3230 3542 3285 ab
3591 3232 3694 3286 ali-

1998 3324 2116 3380 quo
2147 3311 2259 3367 sub
2289 3318 2508 3382 quanto
2530 3311 2784 3381 periculo
2813 3319 2868 3367 et
2898 3325 3112 3382 angore
3166 3321 3306 3370 tunc
3333 3315 3525 3372 clerici
3567 3334 3698 3375 con-

1999 3400 2290 3456 stiterunt.
2335 3403 2404 3456 At
2460 3414 2595 3455 cum
2636 3400 2766 3456 altis
2814 3414 3180 3458 communem
3213 3403 3512 3461 Dominam
3561 3422 3695 3464 cum

1996 3501 2101 3543 suo
2132 3487 2302 3543 unico
2330 3488 2465 3544 Jesu
2524 3488 2762 3544 Domino
2818 3497 3124 3545 exorantes
3177 3491 3460 3562 suspiriis,
3519 3496 3698 3564 epotis

1997 3575 2174 3631 sacris
2212 3575 2381 3646 aquis
2436 3575 2830 3646 interrogatur
2883 3589 2918 3631 a
2971 3577 3287 3646 trepidante
3341 3582 3693 3652 presbytero,

1998 3663 2187 3720 nescio
2217 3664 2372 3734 quod
2400 3665 2664 3720 verbum.
2691 3665 2795 3722 Cui
2830 3665 2922 3721 ille
2955 3680 3090 3722 mox
3140 3665 3399 3724 absolute
3452 3684 3569 3726 non
3623 3671 3696 3727 ad

1997 3752 2177 3808 verba
2227 3752 2580 3824 interrogata
2620 3753 2929 3824 respondit,
2981 3755 3078 3810 sed
3136 3755 3336 3812 eadem
3386 3771 3519 3828 quae
3567 3773 3696 3828 pre-

1997 3839 2190 3909 sbyter
2218 3839 2396 3896 verba
2423 3840 2590 3895 dixit.
2619 3841 2726 3904 Qui
2746 3841 2899 3895 enim
2929 3855 3236 3912 nunquam
3259 3845 3524 3901 audierat
3554 3845 3698 3916 quid

1997 3927 2227 3993 diceret,
2257 3927 2366 3983 nisi
2398 3927 2554 3997 quod
2580 3928 2900 3996 dicebatur,
2937 3930 3259 4000 ignorabat.
3292 3932 3441 4000 Quid
3497 3935 3694 3990 immo-

1998 4017 2135 4072 rer?
2168 4017 2232 4071 In
2264 4029 2518 4086 paupere
2558 4015 2766 4086 oppido
2797 4017 2970 4073 corda
3017 4017 3313 4076 confestim
3361 4022 3558 4092 seipsis
3589 4022 3699 4078 lar-

2000 4104 2160 4175 giora
2201 4103 2456 4160 fuerunt.
2505 4103 2714 4173 Oppidi
2742 4118 2927 4160 unum
2954 4105 3222 4162 dominus
3276 4122 3450 4177 quem
3510 4109 3697 4166 solum

2000 4192 2250 4248 habebat
2279 4205 2498 4262 equum
2538 4205 2672 4246 mox
2702 4191 2968 4264 praebuit,
3029 4208 3162 4249 cum
3195 4203 3534 4252 caeterorum
3573 4211 3698 4254 mu-

2000 4280 2296 4336 niﬁcentia
2347 4294 2484 4336 suas
2537 4294 2680 4350 pene
2735 4281 3135 4350 possibilitates
3184 4284 3500 4341 excederet.
3539 4285 3698 4353 Quo-

2001 4382 2132 4426 rum
2180 4383 2317 4440 ergo
2375 4368 2696 4438 proditores
2741 4383 2863 4427 esse
2916 4370 3241 4441 voluerant,
3304 4372 3514 4430 horum
3563 4388 3698 4431 cum

2003 4458 2232 4530 magnis
2287 4457 2557 4527 lacrymis
2610 4457 2792 4514 Deum
2845 4459 3168 4530 adjutorem
3226 4461 3587 4519 laudantium
3618 4463 3701 4519 sic

2002 4546 2162 4603 fuere
2186 4553 2598 4616 prosecutores,
2632 4553 2698 4602 ut
2742 4545 3041 4617 juvenem,
3077 4549 3178 4619 qui
3208 4558 3448 4606 sanatus
3488 4550 3695 4620 fuerat,

2004 4642 2278 4704 perpetuo
2308 4641 2643 4690 sanctorum
2674 4634 3057 4705 reliquiarum
3113 4637 3490 4695 contubernio
3533 4653 3698 4695 man-

2001 4723 2281 4793 ciparent.
2314 4721 2492 4788 Quem
2525 4736 2631 4794 ego
2672 4722 2729 4778 in
2760 4722 2868 4780 hac
2917 4731 3117 4780 nostra
3155 4725 3466 4798 Novigenti
3519 4727 3699 4784 eccle-

2002 4810 2088 4866 sia
2114 4809 2398 4875 hebetem,
2457 4818 2512 4866 et
2553 4809 2624 4865 ad
2685 4810 2881 4866 omnia
2932 4811 3174 4868 dicenda
3224 4821 3280 4869 et
3333 4813 3702 4886 intelligenda

2002 4899 2206 4955 rudem
2247 4897 2385 4966 vidi,
2436 4897 2539 4968 qui
2596 4897 2776 4954 fidelis
2815 4899 2957 4954 tanti
3009 4900 3270 4956 miraculi
3309 4900 3697 4971 circumlator,

2004 4987 2065 5042 in
2103 4985 2202 5042 tali
2231 4986 2598 5043 exsecutione
2643 5000 2759 5042 non
2816 4987 3066 5044 multum
3126 4995 3251 5058 post
3290 4997 3516 5058 tempus
3551 4990 3700 5047 diem

2003 5075 2161 5131 obiit.

2075 5161 2428 5218 Miraculum
2455 5164 2508 5216 2.
2533 5162 2749 5218 Mulier
2774 5180 2813 5218 a
2851 5161 3120 5235 passione
3144 5163 3314 5236 digiti
3336 5169 3596 5222 curatur.
3631 5196 3702 5210 -

2006 5252 2072 5308 In
2131 5251 2536 5323 Andegavensi
2591 5252 2732 5308 urbe
2791 5253 3000 5308 femina
3043 5253 3311 5323 quaedam
3371 5262 3514 5323 erat,
3570 5270 3702 5327 quae

2005 5341 2264 5412 puellula
2315 5348 2610 5410 nupserat,
2669 5341 2726 5394 in
2768 5355 2887 5410 qua
2941 5341 3212 5410 pueraria
3261 5349 3428 5398 zetate
3483 5343 3703 5400 annulo

2007 5445 2180 5501 quem
2211 5428 2454 5500 digitulo
2494 5428 2814 5484 inseruerat
2846 5427 3362 5498 irretractahiliter,
3412 5439 3477 5488 ut
3503 5431 3587 5488 sic
3616 5433 3702 5488 di-

2006 5532 2153 5581 cam.
2213 5518 2305 5574 die
2368 5525 2660 5588 noctuque
2718 5517 2998 5573 insertum
3066 5525 3348 5575 tenuerat.
3383 5520 3706 5576 Juveneula

2007 5607 2187 5678 igitur
2215 5605 2620 5663 accedentibus
2669 5604 2837 5661 annis
2869 5605 2924 5661 in
2978 5605 3253 5677 majorem
3283 5607 3705 5666 carnulentiam

3310 5713 3393 5770 3O
