3946 6460
253 375 356 427 939

1149 371 1208 424 ν.
1251 368 1581 426 GUIBER'I‘I
1621 368 1910 424 ABBATIS
1946 367 2000 422 S.
2047 365 2284 421 MAle
2321 366 2414 422 DE
2457 363 2848 420 NOVIGENTO

3655 363 3786 415 9m

246 509 628 570 excresceute,
676 503 850 558 etiam
897 501 1051 557 circa
1105 499 1391 555 annulum
1449 498 1583 555 hinc
1639 497 1770 554 inde
1811 511 1946 553 caro
1981 501 2030 555 Α
2060 503 2211 553 rant.
2247 496 2496 566 Epasmo
2546 493 2726 566 igitur
2781 492 3006 550 rediens
3070 492 3142 548 ad
3202 491 3438 548 clericos
3469 506 3543 548 an
3597 492 3782 562 loqui

247 593 653 664 protuberans,
709 589 1006 646 metallum
1057 603 1199 659 pene
1263 591 1616 653 contexerat,
1679 587 1835 644 unde
1892 594 1948 642 et

247 680 538 739 eximendi
583 694 715 736 eum
746 692 781 734 a
810 677 987 748 digito
1018 690 1146 747 spes
1167 682 1284 731 tota
1313 675 1580 745 perierat.
1614 674 1948 728 AdVenien-

251 771 408 827 tibus
440 768 634 838 itaque
681 768 860 824 sacris
907 764 1264 836 pignoribus,
1297 768 1448 817 61³
1477 763 1616 818 dum
1652 770 1776 832 post
1823 775 1948 817 ser-

249 872 477 914 monem
526 857 788 912 habitum
847 869 980 911 cum
1037 855 1252 908 cmteris
1299 851 1642 907 mulieribus
1681 851 1950 906 oblatura

249 947 519 1010 venisset,
567 959 699 1000 cum
735 955 970 998 manum
1004 941 1336 996 tetendisset
1382 940 1453 994 ad
1514 939 1794 1008 reliquias
1849 952 1947 994 ar-

249 1043 488 1106 gentum
528 1031 858 1102 depositura
901 1029 1055 1101 quod
1113 1029 1344 1094 tulerat,
1394 1027 1618 1097 crepuit
1670 1027 1946 1094 annulus,

251 1131 308 1178 et
331 1121 440 1178 sub
466 1135 642 1176 manu
673 1118 854 1190 ipsius
891 1126 1024 1174 ante
1050 1125 1250 1172 sancta
1289 1115 1614 1171 collabitur.
1658 1115 1782 1183 Quo
1828 1117 1948 1170 viso

249 1209 516 1281 populus,
549 1216 603 1263 et
634 1208 884 1263 maxime
915 1206 1200 1270 mulieres,
1235 1205 1389 1277 quod
1431 1212 1648 1260 tantam
1702 1204 1947 1274 gratiam

247 1299 427 1354 Mater
455 1296 630 1367 Virgo
655 1295 878 1350 feminae
912 1294 994 1350 illi
1025 1293 1365 1361 contulerat,
1399 1293 1556 1364 quod
1602 1293 1774 1348 etiam
1821 1293 1947 1362 ipsa

249 1373 439 1456 petere
471 1399 584 1440 non
615 1383 884 1449 audebat,
907 1383 1020 1439 dici
1039 1397 1153 1438 non
1186 1389 1366 1452 potest
1399 1381 1537 1451 quid
1571 1394 1946 1436 nummorum

248 1473 515 1544 populus,
548 1472 689 1542 quid
719 1472 1078 1541 potissimum
1135 1470 1360 1526 feminae
1409 1469 1708 1524 monilium
1765 1481 1950 1524 anuu-

249 1563 556 1632 lorumque
619 1559 987 1616 contulerint.
1027 1559 1218 1629 Pagus
1262 1557 1619 1614 Turconicus
1664 1557 1947 1613 virtutum

248 1649 574 1706 communis
602 1649 862 1704 omnium
893 1647 1153 1702 Domina-
1180 1645 1808 1716 jucundabaturodore
1837 1658 1950 1700 res-

248 1751 488 1810 persus;
518 1745 578 1793 at
603 1749 740 1792 vero
784 1735 1216 1805 Andegavensis
1239 1733 1538 1806 iactitabat
1587 1747 1646 1789 se
1695 1733 1790 1789 Dei
1834 1732 1940 1789 Ge-

247 1827 509 1884 nitricem
538 1825 750 1881 habre
781 1835 899 1894 prie
933 1823 1218 1879 manibus.

317 1914 675 1970 Miraculum
695 1915 745 1968 3.
761 1912 972 1966 Mulier
999 1911 1210 1967 hamla
1232 1927 1388 1984 aqua
1417 1909 1656 1965 araer-is
1682 1907 1948 1980 reliquiis

247 2007 426 2072 tacta,
457 2001 759 2058 convaluit.
790 2031 860 2042 -—
889 2000 1062 2064 Alias,
1120 2000 1216 2056 sed
1250 2013 1370 2070 quo
1401 1999 1455 2054 id
1484 2007 1706 2055 'actum
1739 2000 1812 2055 sit
1841 2012 1945 2068 op-

246 2093 380 2162 pido
407 2091 576 2161 plane
603 2089 930 2160 exprimere
981 2103 1097 2144 non
1131 2103 1386 2158 possum,
1409 2088 1470 2144 in
1507 2089 1704 2144 eadem
1753 2096 1945 2143 tamen

247 2179 498 2244 dioecesi,
545 2177 616 2234 ad
647 2177 961 2248 quamdam
1013 2177 1308 2232 honestam
1357 2176 1648 2243 feminam,
1701 2175 1950 2231 diutissi-

247 2281 344 2324 ma
386 2281 491 2322 nec
536 2265 730 2321 minus
770 2265 1074 2334 desperata
1123 2265 1457 2320 infirmitate
1489 2264 1949 2334 detentam,ipsa

248 2368 615 2424 summopere
665 2361 910 2423 petente,
945 2352 1206 2422 reliquize
1236 2352 1439 2408 delatae
1463 2359 1598 2408 sunt
1626 2366 1661 2408 a
1706 2351 1945 2408 clericis.

247 2441 402 2508 Quas
425 2456 559 2498 cum
589 2440 688 2496 illa
709 2439 1157 2510 przecordialiter
1186 2447 1458 2495 venerata
1488 2439 1703 2506 fuisset,
1735 2439 1948 2494 sacris-

249 2543 368 2600 que
399 2530 553 2585 unde
583 2528 781 2584 dilutas
820 2528 1049 2583 fuerant
1091 2535 1284 2604 pptata
1315 2528 1581 2584 laticihus
1622 2542 1728 2583 nec
1789 2541 1950 2584 mora

249 2617 433 2673 Maria
462 2617 781 2672 medicante
807 2615 1121 2671 convaluit.
1165 2614 1428 2686 Cumque
1467 2629 1631 2672 sacra
1660 2616 1754 2671 Dei
1783 2617 1948 2672 debi-

249 2705 323 2760 tis
378 2702 718 2759 muneribus
784 2701 1139 2769 honorasset,
1212 2709 1266 2757 et
1335 2704 1581 2771 portitor
1651 2716 1946 2758 sacrorum

251 2793 453 2863 pedem
483 2805 519 2847 a
549 2792 756 2846 domus
795 2790 990 2846 limine
1031 2789 1385 2858 excessisset,
1441 2805 1571 2846 ecce
1611 2805 1755 2861 puer
1797 2806 1948 2863 equo

249 2881 524 2946 insidens,
581 2880 942 2948 rbedamque
1006 2879 1258 2946 trahens,
1318 2878 1606 2949 angiporti
1669 2880 1942 2947 medium,

248 2983 350 3038 per
380 2967 535 3038 quod
579 2967 930 3022 transiturus
987 2965 1194 3035 fuerat,
1248 2967 1585 3036 occupabat.
1636 2967 1723 3023 Ad
1772 2983 1943 3038 quem

2055 585 2242 641 valeat
2265 592 2320 640 et
2350 584 2540 640 nescio
2571 583 2787 653 quibus
2818 582 3006 638 verbis
3037 581 3445 652 interrogando
3477 590 3782 638 tentatur.

2055 674 2188 730 Mox
2251 673 2341 728 ille
2367 673 2564 728 eadem
2621 685 2752 742 quae
2805 671 3065 726 audierat
3104 683 3138 725 a
3172 679 3608 740 percunctatore
3661 683 3778 726 re-

2055 763 2305 834 spondit.
2357 761 2620 817 lnlinitas
2689 762 2879 816 cuncti
2937 759 3148 830 glorias
3207 759 3264 813 in
3333 758 3581 814 sublime
3644 759 3783 813 Deo

2055 852 2336 918 tulerunt,
2371 850 2504 921 quis
2548 851 2699 906 dicat
2754 847 3017 920 jubilos?
3058 847 3315 917 Denique
3354 848 3425 902 ad
3471 847 3781 918 Nigellam

2055 939 2330 1010 oppidum
2386 937 2731 995 omnimodis
2789 937 3052 1006 precibus
3101 936 3287 991 redire
3343 943 3660 1007 coguntur,
3697 943 3782 990 ut.

2055 1028 2209 1099 quod
2261 1027 2439 1083 sacris
2494 1027 2688 1083 minus
2728 1028 2914 1096 primo
2975 1024 3324 1091 detulerant,
3386 1023 3780 1095 integerrime

2056 1117 2441 1188 suppleretur.
2494 1115 2657 1182 Quod
2707 1122 2760 1170 et
2817 1113 3028 1170 eximie
3057 1113 3271 1169 factum
3329 1119 3432 1168 est.
3471 1112 3541 1168 Et
3572 1111 3670 1168 hic
3703 1125 3780 1167 se

2055 1203 2394 1260 clarillcavit
2441 1203 2706 1270 Domina,
2739 1201 2910 1272 cujus
2942 1200 3121 1256 Filius
3162 1201 3328 1267 Deus,
3369 1213 3502 1270 qua:
3533 1199 3778 1254 hucus-

2056 1308 2170 1364 que
2201 1292 2502 1349 distulerat
2540 1299 2766 1348 naturae
2791 1291 2942 1346 dona
2967 1295 3348 1344 consummat.

2695 1378 2927 1436 CAPUT
2954 1377 3111 1433 XIII.

2126 1469 2223 1524 Ad
2252 1468 2470 1541 Anglos
2493 1467 2928 1538 transferuntur
2949 1463 3224 1537 reliquiae.
3249 1463 3545 1520 —Exiude
3572 1469 3775 1519 trans-

2055 1558 2312 1614 marinas
2343 1556 2574 1627 petituri
2633 1563 2841 1626 partes,
2887 1569 3018 1610 cum
3053 1567 3112 1610 se
3169 1553 3304 1608 huic
3335 1552 3772 1608 mediterraneo

2054 1647 2278 1704 Oceano
2327 1645 2721 1712 contulissent,
2755 1644 3058 1714 opulentos
3091 1642 3369 1712 quosdam
3414 1649 3773 1697 mercatores

2057 1735 2168 1791 sub
2221 1735 2418 1790 eadem
2486 1733 2684 1789 classis
2751 1732 3042 1788 evectione
3129 1731 3418 1796 habentes,
3499 1729 3770 1784 secundo

2057 1831 2342 1894 quantum
2389 1822 2462 1878 ad
2524 1822 2763 1877 ﬂamina
2809 1809 3043 1891 aequore
3090 1820 3441 1876 ferebantur.
3499 1817 3570 1873 Et
3621 1831 3770 1873 ecce

2054 1910 2418 1978 immanium,
2482 1923 2628 1980 quos
2687 1908 2938 1964 multum
3003 1907 3374 1973 verebantur,
3432 1904 3769 1974 piratarum

2054 1999 2417 2070 conspiciunt
2473 1998 2581 2054 sibi
2639 1998 2911 2067 ingruere
2981 2009 3055 2051 ex
3108 1996 3352 2050 adverso
3421 1993 3757 2050 salandras.

2052 2087 2317 2158 Cumque
2370 2085 2544 2142 remis
2595 2085 2783 2141 undas
2830 2083 3195 2138 verrentibus
3221 2082 3298 2138 illi
3331 2082 3766 2153 adnavigantes

2055 2177 2339 2233 fluctuum
2389 2173 2653 2230 cumulos
2690 2185 2862 2243 prora
2910 2171 3250 2236 dividerent,
3309 2171 3528 2241 vixque
3579 2171 3764 2226 stadii

2054 2264 2355 2320 interstitio
2398 2277 2432 2318 a
2469 2261 2678 2318 nostris
2709 2261 3066 2328 absisterent,
3125 2267 3181 2314 et
3221 2273 3514 2316 sacrorum
3567 2258 3764 2330 porti—

2055 2361 2202 2408 tores
2231 2367 2360 2408 cum
2409 2366 2440 2407 e
2472 2352 2672 2422 piratis
2720 2350 2886 2405 valde
2941 2355 3280 2414 metuerent,
3333 2349 3631 2419 consurgit
3691 2347 3760 2402 in

2053 2440 2240 2496 medio
2265 2439 2503 2510 quidam
2546 2447 2769 2496 nostras
2813 2438 3128 2509 presbyter,
3181 2446 3236 2493 et
3285 2437 3505 2493 elevato
3545 2438 3764 2508 phyla-

2053 2529 2250 2596 cterio,
2307 2529 2364 2584 in
2427 2543 2543 2600 quo
2606 2527 2757 2598 regis
2835 2524 3088 2598 [reginas]
3161 2524 3434 2580 caelorum
3505 2523 3764 2595 pignora

2055 2615 2418 2676 tenebantur.
2445 2629 2517 2670 ex
2564 2614 2687 2670 Filii
2731 2621 2785 2669 et
2819 2615 3016 2670 Matris
3067 2613 3297 2668 nomine
3327 2613 3410 2669 eis
3452 2611 3761 2668 interdixit

2055 2705 2387 2760 adventum.
2417 2703 2531 2760 Nec
2558 2717 2718 2759 mora
2739 2716 2841 2772 pro
2871 2702 3112 2772 imperio
3142 2703 3212 2757 ad
3255 2702 3496 2772 puppim
3532 2701 3762 2758 rediere

2055 2800 2224 2858 rates,
2277 2805 2382 2847 nec
2439 2791 2643 2845 minori
2711 2797 2848 2845 sunt
2895 2789 3182 2844 celeritate
3236 2789 3413 2858 [deest
3456 2787 3550 2843 hic
3583 2789 3763 2857 forte

2052 2879 2302 2949 expulsi]
2333 2893 2512 2950 quam
2543 2878 2860 2934 accelerare
2889 2878 3220 2948 gestierant.
3261 2878 3404 2932 Hinc
3436 2877 3563 2933 laus
3592 2877 3756 2946 apud

2054 2969 2341 3030 liberatos,
2370 2967 2506 3022 hinc
2551 2966 2754 3037 gloria,
2814 2975 3156 3022 mercatores
3207 2965 3372 3022 bonae
3415 2964 3493 3020 illi
3550 2965 3756 3020 Mariae

251 3057 529 3112 clericus:
559 3055 675 3122 Sta,
711 3056 920 3124 inquit,
952 3055 1133 3111 donec
1162 3064 1360 3110 sancta
1383 3062 1740 3125 praetereant.
1777 3057 1946 3112 Cum-
1984 3067 2024 3124 ο
2055 3055 2470 3128 gratulabundi
2501 3054 2683 3110 multa
2705 3054 2813 3110 sibi
2842 3053 3102 3110 obtulere
3133 3053 3334 3122 pretia.

251 3159 366 3216 que
388 3143 728 3214 praeterisset
756 3143 903 3199 lator
927 3156 1150 3211 eorum,
1183 3149 1238 3199 et
1269 3143 1360 3199 ille
1389 3143 1676 3199 caballum
1736 3158 1946 3215 urgere

248 3234 529 3304 cmpisset,
591 3232 665 3287 ad
721 3231 1112 3302 repetitionem
1174 3231 1395 3288 itineris
1447 3245 1741 3302 nusquam
1805 3233 1942 3289 eniti

248 3322 454 3393 potuit.
521 3325 642 3386 Quo
702 3320 1012 3390 respiciens
1063 3320 1156 3376 ille
1204 3320 1306 3391 qui
1346 3321 1564 3376 ferebat
1628 3319 1942 3392 reliquias:

248 3411 427 3478 Vade,
459 3409 670 3481 inquit,
715 3409 772 3464 in
799 3411 1030 3464 nomine
1069 3408 1316 3464 Domini.
1351 3409 1422 3464 Et
1453 3409 1557 3464 hoc
1580 3407 1730 3464 dicto
1757 3423 1948 3479 equus

250 3500 465 3570 pariter
506 3505 562 3554 et
617 3497 799 3554 rheda
847 3496 1230 3567 progreditur.
1290 3495 1434 3550 Ecce
1483 3510 1616 3566 quin
1657 3496 1715 3551 in
1759 3497 1942 3553 Maria

249 3594 506 3656 praestas,
551 3597 849 3655 quamque
878 3583 1259 3639 reverentiam
1287 3583 1396 3639 sibi
1434 3583 1635 3654 exigit.

321 3672 674 3728 Miraculum
711 3673 764 3726 4.
818 3671 1098 3727 Auditum
1154 3673 1329 3743 atque
1383 3671 1670 3743 loquelam
1737 3671 1948 3746 recipit

231 3763 496 3832 juvenis.
529 3791 597 3802 -—
633 3763 694 3817 In
722 3760 886 3817 tertia
917 3760 1260 3830 profectione
1308 3761 1460 3830 apud
1493 3761 1761 3831 Nigellam
1793 3763 1945 3834 (vul-

251 3864 324 3921 go
371 3848 567 3919 Neue)
621 3862 718 3904 eos
746 3847 985 3920 contigit
1030 3847 1303 3904 devenire
1331 3847 1651 3904 castellum.
1689 3849 1946 3906 Habebat

249 3946 443 3995 autem
498 3936 841 4007 Radulphus
895 3937 1168 3994 dominus
1205 3937 1379 3992 castri
1447 3936 1629 4006 ipsius
1670 3937 1943 4008 juvenem

246 4033 476 4082 mutum
503 4033 560 4082 et
590 4025 835 4082 surdum
867 4025 924 4080 iu
955 4025 1126 4080 domo
1181 4038 1306 4092 sua,
1358 4039 1530 4095 quem
1581 4033 1635 4082 et
1675 4027 1946 4096 perhibe-

248 4115 390 4171 baut
419 4113 720 4170 divinandi
750 4115 1049 4169 scientiam
1106 4112 1264 4169 haud
1306 4113 1552 4170 dubium
1588 4115 1730 4184 quin
1763 4128 1797 4170 a
1823 4116 1945 4171 d33-

247 4203 518 4259 monibus
541 4202 784 4272 habere;
822 4217 996 4272 quem
1043 4210 1099 4258 et
1130 4201 1256 4258 ideo
1292 4201 1624 4272 plurimum,
1657 4203 1947 4260 ferebatur

246 4303 462 4346 amare.
522 4290 712 4346 Sacrae
769 4305 910 4360 ergo
967 4290 1224 4362 reliquiae
1272 4297 1458 4347 castro
1499 4291 1754 4355 invectae,
1807 4293 1944 4348 satis

246 4379 519 4435 tenuibus
548 4378 801 4434 donariis
851 4387 988 4434 sunt
1019 4392 1052 4434 a
1087 4379 1298 4449 populo
1343 4379 1660 4436 honoratae.
1697 4381 1796 4436 Ille
1829 4393 1936 4437 au-

247 4473 358 4524 tem
393 4473 592 4523 mutus
617 4473 671 4521 et
701 4465 936 4530 surdus,
969 4465 1062 4522 cui
1101 4467 1318 4537 praefati
1369 4469 1514 4523 muti
1544 4476 1600 4524 et
1649 4469 1810 4525 surdi
1840 4483 1943 4540 per

244 4554 694 4625 significationes
740 4553 1068 4610 innotuerat
1106 4555 1344 4624 sanitas,
1391 4556 1502 4612 imo
1543 4564 1598 4612 et
1636 4559 1941 4627 prasentia

242 4643 572 4710 videbatur,
623 4641 828 4699 calceis
877 4643 998 4699 suis
1051 4644 1282 4700 cuidam
1331 4645 1569 4714 pauperi
1623 4647 1934 4714 attributis,

242 4732 508 4803 nudipes,
559 4739 614 4788 et
666 4739 853 4788 mente
913 4741 1259 4802 compuncta
1323 4733 1681 4790 Lehumnum
1739 4735 1938 4806 (vulgo

238 4821 451 4877 Lihom
515 4839 586 4876 en
638 4821 938 4892 Santerre)
988 4823 1401 4878 monasterium
1451 4837 1636 4894 usque
1691 4823 1937 4894 pignora

237 4923 404 4966 sacra
425 4910 814 4980 prosequitur.
851 4909 1116 4981 Cumque
1141 4911 1248 4966 sub
1279 4909 1480 4966 feretro
1522 4911 1767 4967 interdiu
1833 4926 1938 4968 ex-

241 4998 500 5064 cubaret,
531 5000 671 5055 hora
702 4999 1021 5068 prandendi
1047 5001 1387 5070 contigerat.
1427 4998 1695 5055 Plurimis
1744 5001 1938 5071 itaque

242 5081 581 5137 clericorum
639 5085 913 5140 euntibus
957 5098 1144 5149 esum,
1203 5092 1259 5140 et
1328 5097 1506 5153 parvo
1565 5098 1806 5140 numero
1863 5085 1935 5141 ad

241 5168 560 5224 custodiam
589 5178 923 5227 remanente
969 5185 1290 5241 sacrorum,
1319 5187 1454 5228 cum
1484 5179 1538 5228 et
1566 5171 1674 5242 ipsi
1718 5172 1936 5242 paulu-

236 5255 360 5312 lum
413 5264 582 5312 extra
633 5258 929 5314 ecclesiam
984 5259 1423 5316 deambulatum
1488 5261 1680 5329 issent,
1733 5275 1934 5318 rever-

240 5351 422 5401 tentes
475 5344 782 5402 inveniunt
839 5345 1130 5402 hominem
1183 5349 1301 5404 solo
1343 5357 1589 5406 stratum
1639 5357 1936 5420 tantopere

235 5432 458 5500 vexari,
484 5440 550 5489 ut
569 5433 642 5490 ab
664 5447 761 5489 ore
791 5434 974 5504 ipsius
1010 5442 1066 5490 et
1093 5437 1336 5494 auribus
1363 5452 1537 5495 cruor
1561 5453 1695 5494 cum
1721 5453 1932 5510 magno

237 5519 415 5576 fetore
475 5520 802 5590 proflueret.
854 5521 982 5586 Quo
1017 5521 1207 5579 clerici
1262 5525 1403 5592 viso,
1452 5534 1508 5582 et
1571 5527 1772 5594 socios,
1828 5527 1931 5599 qui

231 5618 508 5675 pransum
552 5606 754 5674 ierant,
789 5607 861 5664 ad
890 5606 1181 5664 theatrum
1226 5609 1371 5666 tanti
1402 5610 1669 5667 miraculi
1716 5612 1930 5669 accele-

2127 3144 2238 3211 Quc‘
2282 3144 2499 3198 cultum
2542 3142 2728 3200 sacn's
2765 3141 3101 3216 pignoribus
3152 3141 3507 3214 denegarant
3547 3141 3762 3197 rustici

2046 3234 2392 3306 puniuntur.
2440 3261 2507 3275 -
2553 3233 2740 3303 Igitur
2799 3245 3068 3302 prospere
3122 3231 3340 3288 devecti
3385 3232 3455 3287 ad
3512 3231 3752 3302 Anglos,

2053 3337 2185 3379 cum
2241 3322 2311 3377 ad
2366 3321 2819 3377 Wintoniensem
2889 3319 3179 3376 venissent
3241 3319 3440 3376 urbem
3499 3319 3754 3390 plurima

2054 3411 2198 3468 inihi
2241 3411 2524 3466 miracula
2576 3409 2935 3465 claruerunt.
2967 3408 3132 3478 Apud
3164 3409 3566 3464 Essecestriam
3599 3422 3756 3479 quo-

2054 3513 2168 3570 que
2200 3513 2312 3554 non
2351 3497 2605 3568 disparia
2661 3497 3050 3568 contigerunt,
3095 3509 3417 3568 causasque
3468 3497 3750 3568 plurimo-

2051 3601 2181 3644 rum
2217 3601 2526 3642 munerum
2557 3584 2888 3642 effecerunt.
2920 3585 3240 3641 Taceamus
3291 3585 3752 3642 consuetudina-

2054 3675 2171 3731 rias
2221 3675 2634 3746 aegritudinum
2701 3673 3028 3741 medicinas,
3091 3673 3318 3729 insolita
3373 3669 3748 3745 attingamus.

2059 3763 2185 3820 Non
2215 3763 2370 3820 enim
2417 3762 2523 3818 ode
2554 3759 2822 3832 pdricum
2869 3775 3070 3818 eorum
3100 3761 3427 3825 scribimus,
3487 3762 3590 3832 ipsi
3621 3776 3756 3818 con-

2054 3851 2326 3917 scribant,
2359 3865 2463 3906 nec
2486 3849 2634 3906 facta
2657 3849 2870 3905 viritim
2923 3849 3019 3906 sed
3077 3865 3326 3921 qumque
3356 3851 3752 3921 praedicatoria

2058 3940 2436 4010 decerpimus.
2479 3939 2544 3995 In
2601 3938 2873 3995 omnibus
2924 3953 3069 4008 pene
3119 3938 3259 3994 locis
3307 3945 3652 4005 reverenter,
3685 3944 3750 3994 ut

2053 4027 2428 4097 competebat,
2457 4027 2698 4095 excepti,
2760 4040 2893 4081 cum
2951 4025 3019 4081 ad
3083 4027 3274 4080 vicum
3308 4027 3618 4096 quemdam
3658 4038 3753 4080 ve-

2060 4117 2298 4179 nissent,
2333 4129 2448 4171 non
2497 4129 2530 4170 a
2584 4113 2918 4184 presbytero
2969 4114 3123 4170 intra
3175 4113 3492 4182 ecclesiam,
3545 4127 3660 4169 non
3715 4125 3748 4168 a

2058 4204 2291 4260 rusticis
2316 4204 2466 4260 intra
2509 4203 2707 4258 domos
2759 4202 3102 4259 habitabiles
3139 4201 3367 4259 admissi
3400 4209 3572 4269 sunt;
3604 4201 3747 4258 duas

2055 4293 2196 4349 inihi
2227 4292 2358 4349 sine
2395 4291 2764 4348 mansoribus
2811 4292 2959 4359 aedes
2989 4298 3348 4361 repererunt,
3391 4291 3450 4347 in
3479 4305 3656 4348 unam
3689 4305 3745 4346 se

2054 4388 2110 4436 et
2177 4395 2284 4436 sua
2353 4379 2760 4450 impedimenta
2815 4380 3010 4436 omnia
3067 4380 3440 4447 conferentes,
3509 4379 3742 4434 alteram

2053 4470 2234 4525 sacris
2259 4469 2521 4539 reliquiis
2560 4476 2927 4538 aptaverunt.
2955 4468 3318 4540 Nequissimo
3347 4469 3546 4539 itaque
3575 4467 3744 4539 vulgo

2053 4559 2112 4614 in
2145 4573 2252 4614 sua
2281 4567 2479 4615 contra
2510 4557 2738 4614 divinas
2793 4571 2885 4614 res
2919 4558 3236 4628 pertinacia
3266 4557 3634 4628 perdurante,
3686 4557 3743 4612 in

2051 4647 2302 4703 crastino
2342 4645 2530 4702 clerici
2575 4661 2708 4702 cum
2745 4646 2817 4702 ab
2871 4647 2966 4702 illo
3011 4661 3146 4703 rure
3201 4648 3564 4718 migrassent,
3619 4659 3743 4701 ecce

2049 4735 2436 4790 tonitruorum
2468 4739 2617 4788 614
2661 4735 2914 4803 crepitus
2944 4735 3258 4792 terrificum
3289 4750 3321 4791 e
3345 4734 3605 4791 nubibus
3632 4733 3736 4789 ful-

2049 4836 2177 4878 men
2207 4822 2505 4892 expressit,
2551 4822 2704 4892 quod
2763 4823 3031 4879 decidens
3076 4823 3260 4895 burgo
3313 4824 3388 4880 illi
3449 4823 3636 4889 irruit,
3686 4829 3739 4878 et

2047 4912 2398 4982 omniaquae
2455 4910 2512 4965 in
2573 4910 2668 4965 illo
2720 4909 2949 4966 fuerant
2995 4911 3330 4968 habitacula
3385 4912 3443 4966 in
3492 4911 3736 4968 favillam

2045 4999 2234 5055 vertit.
2269 4999 2358 5064 Et,
2402 5013 2436 5054 ο
2493 4999 2590 5054 Dei
2648 4999 2794 5054 mira
2841 4998 3138 5056 discretio!
3175 5015 3307 5057 cum
3343 5000 3452 5056 illze
3479 5001 3610 5056 duae
3638 4999 3737 5054 do-

2045 5101 2178 5142 mus
2225 5087 2496 5142 intersitas
2526 5086 2654 5142 aliis
2699 5102 2830 5156 quae
2869 5087 3148 5144 ardebant
3211 5097 3399 5144 essent
3456 5087 3732 5155 domibus,

2042 5174 2152 5232 illae
2179 5181 2530 5240 manserant,
2559 5181 2620 5230 ut
2653 5174 2804 5230 Deus
2835 5174 3070 5232 evidens
3095 5177 3257 5232 daret
3293 5177 3566 5233 indicium
3611 5189 3734 5245 pro-

2044 5269 2174 5332 pter
2197 5263 2646 5330 irreverentiam,
2698 5277 2873 5333 quam
2915 5278 3054 5336 erga
3099 5266 3198 5321 Dei
3255 5265 3598 5321 Genitricem
3647 5265 3736 5320 ha-

2043 5350 2319 5418 buerunt,
2355 5351 2502 5408 idem
2557 5351 2795 5408 miseros
2835 5353 3093 5410 homines
3140 5368 3336 5424 passos
3379 5353 3726 5410 incendium.

2041 5443 2113 5495 At
2164 5439 2462 5510 presbyter
2490 5441 2805 5512 improbus,
2837 5441 2936 5512 qui
2977 5442 3036 5498 in
3069 5443 3336 5499 barbaris
3363 5456 3514 5514 quos
3539 5442 3732 5498 docere

2039 5525 2336 5596 debuerat,
2385 5529 2782 5588 crudelitatem
2851 5537 3116 5600 auxerat,
3175 5530 3414 5588 collecta
3463 5529 3730 5602 suppelle

2041 5615 2158 5672 ctili
2191 5629 2368 5686 quam
2427 5616 2657 5690 ignibus
2705 5619 3030 5725 caelestibus
3073 5633 3133 5678 se
3179 5620 3547 5691 pratripuisse
3585 5631 3724 5690 gau-
