3946 6374
26 411 125 462 9H
1144 411 1236 465 DE
1278 408 1436 466 VITA
1479 410 1612 465 SUA
1653 409 1839 464 LIBRI
1877 409 2150 464 TRES.-—
2178 409 2303 464 LIB.
2349 410 2441 464 III.

3443 414 3546 468 94⁸2

25 547 224 614 debat,
262 553 460 603 utrum
488 546 556 601 ad
596 545 811 602 fulmen
842 545 1053 612 nescio,
1086 559 1160 601 an
1209 545 1279 601 ad
1332 559 1492 601 mare
1544 553 1736 600 trans—
1775 543 1823 598 A
1848 543 2048 613 aquila
2077 559 2147 599 ex
2171 559 2239 600 ea
2268 543 2564 609 deaurata,
2600 556 2731 613 qua
2762 556 2910 599 arca
2951 551 3285 600 sanctorum
3342 545 3550 602 feretra

22 635 228 690 iturus
254 635 588 690 advexerat.
626 633 750 699 Quo
788 634 847 689 in
879 634 1000 690 loco
1032 642 1242 690 cuncta
1273 649 1406 704 qua
1438 648 1736 704 congesse-

20 726 143 785 rat,
185 726 242 774 et
289 733 420 788 qua
476 728 853 786 transponere
901 718 1210 783 nitebatur,
1268 718 1576 772 identidem
1633 717 1736 772 ful-

24 807 192 861 mine
218 814 354 862 sunt
393 813 754 874 consumpta.
799 807 881 859 Ita
935 820 1075 875 gens
1107 806 1368 875 agrestis,
1425 814 1480 861 et
1523 806 1738 860 incom-

24 896 221 962 posita
303 895 375 949 ad
434 894 532 948 Dei
612 892 1015 962 mysteriorum
1091 894 1554 963 intelligentiam,
1618 893 1739 948 suis

22 983 335 1052 suppliciis
361 992 444 1038 est
463 983 682 1038 educta.

108 1073 468 1144 Sacrilegus,
518 1072 618 1141 qui
644 1069 924 1142 pecunias
967 1069 1157 1125 sacris
1197 1069 1462 1141 reliquiis
1515 1070 1740 1126 oblatas

19 1159 385 1228 abstulerat,
411 1160 612 1232 laqueo
638 1176 702 1213 se
727 1157 1043 1230 suspendit.
1059 1190 1127 1199 —
1148 1159 1235 1215 Ad
1258 1159 1415 1214 aliud
1447 1160 1738 1229 quoddam

19 1249 428 1319 municipium
471 1255 765 1314 venerant,
824 1248 882 1302 in
915 1262 1031 1318 quo
1073 1263 1203 1303 cum
1252 1261 1324 1303 ex
1355 1248 1646 1317 opinione,
1685 1254 1739 1302 et

16 1338 326 1393 evidentia
385 1336 822 1401 miraculorum,
879 1344 1002 1392 tum
1055 1336 1358 1405 multiplex
1395 1336 1465 1391 ad
1515 1343 1744 1391 sanctas

19 1426 321 1496 reliquias
367 1426 612 1481 ferveret
670 1424 908 1492 oblatio,
967 1425 1250 1495 Anglicus
1313 1424 1552 1494 quidam
1611 1433 1744 1480 ante

21 1513 341 1568 ecclesiam
375 1513 591 1582 positus
643 1513 789 1567 dixit
820 1512 891 1566 ad
939 1513 1155 1567 socium
1183 1528 1194 1566 :
1226 1513 1442 1567 Eamus
1472 1511 1737 1567 bibitum.

21 1605 105 1654 At
175 1601 291 1668 ille,
362 1615 476 1654 non
538 1600 716 1655 habeo
776 1600 1042 1668 pretium.
1096 1601 1236 1669 Ego,
1297 1602 1394 1662 ait,
1477 1599 1738 1655 inferam.

22 1689 325 1755 Quonam.
365 1689 576 1759 inquit,
631 1687 925 1756 reperies?
951 1689 1274 1753 Considero,
1310 1687 1408 1754 ait,
1462 1688 1564 1743 hos
1625 1687 1744 1744 cle-

27 1778 191 1833 ricos
248 1778 349 1847 qui
404 1777 702 1831 mendacio
753 1791 819 1831 ac
869 1776 1175 1846 prastigiis
1230 1783 1310 1830 tot
1367 1776 1639 1845 pecunias
1708 1790 1742 1831 a

1849 631 2162 686 continenti
2222 637 2540 699 supererat,
2569 630 2778 685 saltum
2815 630 3030 686 faciens
3067 633 3234 701 quasi
3269 633 3551 689 violenter

1848 718 2100 788 impulsa
2130 719 2266 775 ruit.
2308 721 2394 774 Ex
2427 733 2544 788 quo
2568 725 2781 774 eventu
2814 726 2953 773 tunc
2980 719 3216 789 quidem
3239 720 3379 776 tales
3407 735 3546 776 con-

1843 805 2101 875 jecturas
2157 806 2510 871 habuerunt,
2570 807 2740 877 quasi
2812 808 3148 878 principalis
3207 821 3340 877 pars
3415 809 3544 877 loci,

1847 895 2152 965 episcopus
2199 896 2413 952 scilicet
2457 897 2776 952 moriturus
2821 905 2985 953 esset.
3040 902 3110 954 At
3152 913 3287 954 vero
3339 913 3444 954 nos
3493 906 3549 955 et

1849 983 1971 1038 hac
1993 984 2191 1039 eadem
2249 984 2488 1040 forsitan
2545 984 2870 1055 significata
2907 987 3205 1053 sentimus,
3263 995 3319 1043 et
3357 987 3548 1057 digni-

1849 1078 2022 1126 tatem
2072 1071 2253 1137 urbis,
2297 1085 2429 1142 qua
2475 1073 2801 1142 specialiter
2854 1072 3005 1128 inter
3055 1074 3230 1129 urbes
3289 1075 3547 1130 Francia

1849 1159 2022 1215 totius
2078 1168 2162 1215 est
2183 1159 2360 1230 regia,
2414 1161 2613 1227 ruisse,
2666 1159 2777 1215 imo
2837 1160 3024 1230 magis
3075 1161 3362 1216 ruituram
3428 1173 3551 1217 esse

1850 1255 2144 1316 putamus.
2215 1249 2279 1303 In
2347 1249 2443 1304 illo
2491 1249 2666 1315 enim,
2722 1249 2878 1318 quod
2943 1247 3250 1304 retulimus
3304 1249 3552 1305 civitatis

1850 1336 2203 1403 discrimine,
2236 1351 2337 1392 rex
2371 1338 2508 1406 ipse.
2543 1337 2716 1407 cujus
2746 1337 2993 1392 avaritia
3024 1344 3382 1406 provenerat,
3443 1352 3550 1393 nec

1851 1425 2020 1480 semel
2048 1438 2174 1480 eam
2229 1425 2461 1495 quidem
2506 1425 2721 1480 revisit.
2779 1426 3119 1494 Prapositus
3147 1426 3321 1481 etiam
3353 1425 3552 1496 regius

1851 1513 2112 1567 conscius
2166 1512 2438 1582 nequitia
2472 1514 2887 1582 perpetranda,
2950 1512 3146 1582 paucis
3192 1511 3346 1568 horis
3388 1519 3550 1569 ante-

1854 1617 2028 1673 quam
2088 1604 2294 1658 ohorta
2323 1603 2525 1658 seditio
2573 1604 2951 1659 committeret
2985 1605 3208 1671 urbem,
3256 1605 3552 1674 pramissa

1854 1692 2179 1747 concubina
2203 1699 2259 1746 et
2292 1691 2504 1754 liberis,
2537 1707 2608 1746 ex
2658 1693 2799 1747 urbe
2848 1695 3097 1759 recessit,
3131 1701 3186 1748 et
3233 1702 3548 1764 antequam

1855 1781 1966 1834 tria
2010 1781 2373 1850 velquatuor
2427 1781 2697 1836 milliaria
2741 1782 3069 1853 peregisset,
3101 1783 3369 1838 eamdam
3405 1782 3552 1839 vidit

23 1866 216 1921 fatuis
267 1865 524 1930 eliciunt,
556 1879 662 1934 ego
721 1864 887 1933 plane
913 1865 1198 1932 quomodo
1228 1864 1435 1930 enitar,
1466 1871 1531 1919 ut
1579 1865 1633 1919 id
1664 1879 1740 1920 ex
1781 1840 1820 1894 Β
1851 1867 2086 1938 ignibus
2110 1840 2478 1940 conflagrari.

24 1954 180 2023 ipsis
234 1954 376 2009 meis
414 1953 752 2007 contraham
796 1952 1067 2007 obsoniis.
1129 1951 1304 2014 Dixit,
1362 1960 1417 2007 et
1447 1953 1739 2008 ecclesiam

0 2043 388 2112 ingreditur,
446 2042 517 2096 ad
575 2041 1000 2107 consistorium,
1061 2041 1118 2094 in
1168 2055 1285 2110 quo
1328 2040 1523 2096 locata
1579 2049 1744 2096 erant

25 2132 328 2201 reliquiae,
358 2130 596 2196 accedit,
623 2137 679 2184 et
709 2129 992 2184 simulans
1021 2129 1174 2198 quod
1207 2143 1304 2183 eos
1343 2129 1538 2184 osculo
1564 2144 1743 2185 vene-

23 2220 154 2276 rari
185 2220 374 2281 vellet,
407 2233 502 2274 ore
533 2218 794 2287 apposito
827 2217 1114 2280 denarios,
1149 2217 1250 2286 qui
1283 2217 1458 2273 oblati
1491 2217 1740 2285 fuerant,

23 2309 208 2364 labiis
233 2307 593 2362 inhiantibus
641 2307 858 2362 haurit.
893 2306 1030 2361 Inde
1059 2319 1352 2376 regressus
1396 2306 1467 2360 ad
1505 2319 1744 2376 compa-

22 2413 157 2454 rem
197 2412 210 2451 :
241 2395 404 2462 Veni,
437 2397 535 2461 ait,
591 2403 645 2450 et
697 2402 1112 2464 compotemus,
1146 2394 1286 2463 quia
1315 2394 1608 2450 sufficiens
1640 2409 1744 2464 po-

21 2485 271 2542 tationis
300 2492 507 2539 nostra
546 2484 792 2553 pretium
822 2483 940 2553 jam
973 2483 1270 2538 habemus.
1305 2483 1620 2548 Quomodo,
1655 2483 1744 2538 in-

24 2575 190 2644 quit,
235 2587 368 2628 cum
421 2572 563 2627 illud
599 2586 712 2626 non
748 2571 1005 2637 haberes,
1041 2571 1355 2640 accepisti?
1387 2572 1466 2626 Ex
1503 2571 1610 2636 his,
1644 2571 1741 2638 ait,

21 2673 170 2730 qua
203 2658 316 2713 illis
348 2657 755 2726 impostoribus
809 2657 960 2711 intra
991 2655 1288 2711 ecclesiam
1319 2655 1536 2712 dantur
1561 2656 1746 2712 bucca

24 2762 168 2803 mea
199 2747 514 2815 abripiente
547 2747 908 2815 prasumpsi.
965 2745 1129 2809 Male,
1163 2745 1374 2814 inquit,
1408 2744 1608 2811 fecisti,
1642 2745 1744 2814 qui

25 2850 63 2890 a
99 2833 323 2890 sanctis
355 2833 447 2888 illa
489 2833 690 2888 tulisti.
741 2833 905 2898 Tace,
949 2832 1159 2902 inquit.
1192 2841 1246 2888 et
1278 2832 1415 2888 huic
1467 2833 1744 2902 proxima

23 2925 280 2980 taberna
335 2931 386 2977 te
415 2922 629 2977 confer.
670 2921 817 2987 Quid
851 2919 1168 2976 verbosor?
1218 2920 1402 2976 Solem
1460 2921 1520 2974 in
1562 2919 1744 2976 Ocea-

23 3024 187 3066 num
221 3009 335 3075 (48)
366 3009 587 3063 duxere
620 3008 898 3062 bibentes.
949 3007 1022 3062 At
1077 3021 1319 3076 vespera
1351 3007 1738 3074 incumbente,

1924 2046 2086 2116 Hugo
2105 2045 2355 2100 decanus
2389 2047 2602 2116 absque
2629 2047 2904 2104 electione
2927 2047 3257 2120 episcopatu
3299 2044 3549 2102 donatur

1849 2147 1888 2185 a
1908 2147 2060 2202 rege.
2090 2163 2159 2172 ——
2200 2133 2384 2202 Igitur
2435 2141 2637 2188 exacto
2667 2134 2755 2189 his
2787 2134 2970 2190 modis
3011 2135 3295 2204 episcopo,
3341 2133 3411 2188 de
3438 2134 3548 2189 eli-

1850 2221 2036 2290 gendo
2067 2222 2246 2276 altero
2277 2222 2465 2292 regias
2517 2235 2690 2278 aures
2740 2222 3025 2292 appellere
3072 2230 3390 2292 creperum.
3445 2222 3551 2277 Da-

1850 2315 1948 2364 tur
2000 2310 2051 2364 ei
2109 2308 2271 2364 nulla
2322 2309 2596 2364 electione
2655 2311 2949 2378 pramissa
2997 2310 3235 2379 quidam
3278 2311 3548 2366 Aurelia-

1850 2399 2042 2454 nensis
2068 2398 2342 2464 decanus,
2374 2399 2545 2468 cujus
2573 2398 2890 2465 decaniam,
2939 2399 3078 2468 quia
3128 2399 3552 2456 referendarius

1850 2487 2000 2557 regis
2039 2486 2277 2555 quidam
2333 2485 2662 2555 Stephanus
2718 2486 3029 2554 ambiebat,
3093 2487 3194 2557 qui
3248 2487 3553 2557 episcopus

1849 2589 1970 2632 esse
2001 2588 2113 2629 non
2170 2580 2410 2642 poterat,
2443 2573 2548 2642 ipsi
2581 2586 2614 2626 a
2663 2586 2798 2642 rege
2826 2575 3216 2643 episcopatum
3276 2575 3549 2643 obtinuit,

1851 2663 2268 2730 decaniamque
2342 2661 2612 2730 suscepit.
2698 2661 2822 2728 Quo
2911 2662 2981 2717 ad
3064 2664 3548 2718 consecrationem

1849 2749 2129 2813 exhibito,
2158 2763 2290 2804 cum
2322 2749 2747 2818 prognosticum
2780 2751 2905 2820 ejus
2941 2757 3398 2819 aucuparentur,
3446 2764 3548 2805 va-

1851 2850 2020 2892 cuam
2080 2843 2422 2904 repererunt
2469 2835 2764 2906 paginam.
2829 2840 2911 2892 Ac
2967 2837 3014 2892 si
3064 2838 3321 2893 diceret:
3357 2839 3437 2893 De
3485 2852 3552 2894 eo

1850 2923 1994 2978 nihil
2033 2921 2409 2984 vaticinabor,
2456 2936 2590 2977 cum
2641 2923 2786 2977 nulli
2814 2936 2956 2992 pene
2987 2922 3167 2978 futuri
3200 2923 3315 2979 sint
3361 2932 3546 2980 actus.

1852 3011 1983 3067 Post
2036 3024 2250 3079 paucos
2300 3009 2455 3065 enim
2487 3023 2710 3065 menses
2750 3010 3040 3065 occubuit.
3083 3010 3320 3080 Aliquas
3354 3021 3544 3067 tamen

26 3101 134 3154 ille
191 3098 294 3168 qui
358 3110 627 3152 nummos
683 3097 862 3150 sacris
917 3095 1278 3151 subduxerat
1336 3095 1472 3160 aris,
1506 3109 1741 3152 ascensa
1782 3098 1919 3170 Cde
1943 3099 2190 3167 episcopi
2233 3097 2501 3152 domibus
2554 3096 2819 3162 restituit,
2880 3096 2998 3166 (ίίι)
3032 3098 3157 3163 Quo
3213 3098 3542 3160 decedente,

24 3203 100 3256 eq
115 3200 196 3241 ua
249 3185 482 3240 domum
514 3198 573 3240 se
603 3184 826 3254 regredi
885 3183 1206 3252 profitetur.
1241 3185 1504 3252 Cumque
1537 3197 1745 3239 nemus

28 3273 385 3344 contiguum
429 3273 730 3342 attigisset,
786 3271 937 3326 facta
969 3271 1174 3340 laqueo
1204 3270 1434 3326 cuidam
1462 3271 1655 3326 arbori
1685 3285 1746 3327 se

31 3362 340 3433 appendit,
401 3360 498 3416 ubi
556 3360 700 3416 foede
764 3359 1016 3414 moriens
1083 3359 1200 3414 oris
1235 3359 1498 3429 sacrilegi
1548 3373 1745 3428 poenas

29 3451 259 3522 pendit.
299 3450 383 3504 Ex
432 3447 626 3503 multis
656 3460 788 3517 qua
845 3445 1000 3516 apud
1049 3445 1267 3516 Anglos
1325 3445 1501 3516 Virgo
1558 3447 1744 3516 impe-

31 3543 198 3597 riosa
228 3537 466 3608 peregit,
501 3537 621 3590 hac
652 3549 755 3590 nos
782 3533 1071 3603 excepisse
1119 3533 1388 3589 sufficiat.

111 3626 235 3680 Bos
265 3624 424 3678 nullo
438 3622 773 3694 impellente
797 3621 1012 3676 cursim
1038 3637 1100 3678 se
1119 3622 1286 3691 οπενί
1306 3621 1384 3676 ad
1402 3621 1748 3690 deferendas

30 3713 345 3784 reliquias.
384 3741 449 3752 —
498 3710 767 3766 Lauduni
805 3724 1040 3780 quoque
1097 3717 1402 3780 postquam
1458 3723 1493 3764 a
1546 3724 1745 3767 corro-

33 3801 238 3873 gando
295 3798 605 3859 redierant,
663 3797 878 3853 dictum
939 3797 1079 3851 mihi
1156 3811 1188 3851 a
1254 3797 1507 3867 quodam
1577 3797 1744 3853 bona

33 3888 256 3946 indolis
287 3888 490 3943 clerico
522 3897 628 3951 est,
659 3886 749 3941 cui
783 3885 1039 3941 materiei
1086 3885 1438 3941 advehenda
1489 3884 1745 3940 ofﬁcium

34 3982 238 4035 fuerat
267 3976 590 4046 delegatum
627 3973 699 4027 ad
755 3981 902 4029 tecta
951 3973 1202 4028 ecclesia
1230 3972 1573 4041 reparanda,
1606 3974 1747 4042 quia

37 4069 102 4123 in
140 4065 447 4121 subeundo
509 4072 701 4118 monte
758 4063 908 4117 inter
963 4062 1136 4116 boves
1194 4075 1349 4116 unus
1394 4061 1749 4117 lassescendo

36 4154 352 4211 defecerat.
420 4151 682 4221 Cumque
771 4149 1087 4220 plurimum
1160 4148 1405 4205 clericus
1477 4156 1747 4205 aestuaret

39 4244 275 4307 bovem,
334 4254 448 4295 non
503 4239 793 4308 reperiens
847 4252 1019 4307 quem
1070 4251 1172 4307 pro
1220 4251 1286 4294 eo
1333 4240 1478 4309 jugo
1525 4238 1744 4309 fatigati

39 4329 304 4394 inferret,
335 4341 464 4382 ecce
512 4333 741 4396 repente
773 4326 872 4381 bos
905 4325 1000 4380 illo
1031 4325 1245 4380 cursim
1302 4338 1362 4380 se
1401 4325 1630 4393 obtulit,
1687 4333 1742 4380 et

40 4417 220 4490 quasi
268 4430 340 4472 ex
368 4415 653 4471 industria
693 4414 852 4485 operi
884 4413 1172 4469 auxilium
1203 4413 1430 4470 laturus
1485 4415 1737 4470 advenit.
1781 4397 1824 4451 Ῑ)

38 4507 158 4575 Qui
216 4513 379 4561 motu
426 4503 604 4560 alacri
633 4519 766 4560 cum
821 4516 1062 4559 currum
1122 4501 1196 4556 ad
1233 4502 1529 4558 ecclesiam
1560 4516 1748 4573 usque

40 4609 186 4653 cum
217 4593 346 4648 aliis
403 4592 786 4662 perduxisset,
827 4589 1072 4647 clericus
1116 4589 1284 4645 valde
1311 4589 1590 4646 sollicitus
1624 4597 1750 4646 erat

42 4687 288 4744 cuinam
351 4684 553 4740 bovem
585 4683 746 4738 illum
775 4683 1033 4753 ignotum
1075 4681 1354 4737 redderet.
1385 4680 1492 4748 Qui
1523 4695 1659 4737 mox
1685 4688 1749 4737 ut

37 4774 277 4830 solutus
307 4778 412 4834 est,
449 4785 563 4825 non
588 4771 816 4837 ducem,
858 4782 963 4824 nec
1002 4767 1104 4838 qui
1149 4781 1208 4823 se
1256 4767 1504 4824 minaret
1540 4781 1750 4837 exspe-

39 4861 248 4925 ctavit,
281 4861 375 4916 sed
397 4860 558 4916 ocius
579 4859 733 4915 unde
761 4865 1016 4924 venerat,
1047 4856 1358 4926 repedavit.

123 4953 212 5005 De
236 4964 374 5004 casu
429 4948 638 5019 aquila
691 4947 983 5001 deaurata
1018 4945 1082 5000 in
1138 4960 1368 4999 summa
1418 4947 1750 4999 sanctorum

39 5055 194 5096 arca
209 5035 426 5108 posita.
461 5065 530 5075 —
559 5036 614 5090 Is
668 5035 785 5104 ipse
814 5034 1009 5100 etiam,
1062 5033 1165 5103 qui
1223 5033 1330 5088 hoc
1361 5032 1502 5088 mihi
1532 5033 1749 5098 retulit,

39 5130 106 5187 id
145 5126 360 5198 pariter
391 5138 626 5195 quoque
666 5123 946 5190 narravit,
1000 5121 1142 5191 quia
1177 5120 1440 5176 videlicet
1492 5120 1582 5176 die
1635 5118 1755 5187 illa,

43 5232 172 5290 qua
239 5215 550 5272 Gualdrius
608 5211 911 5281 episcopus
970 5210 1244 5279 disposita
1319 5223 1456 5264 nece
1515 5207 1752 5264 Gerardi

44 5309 249 5364 Roma
300 5301 578 5372 proficisci
635 5307 905 5369 cmperat,
965 5298 1080 5366 ipse
1136 5304 1259 5366 post
1287 5297 1641 5352 sacerdotem
1682 5296 1754 5351 ad

46 5394 263 5451 missas
321 5389 510 5446 stabat
567 5387 710 5458 (erat
756 5385 909 5441 enim
959 5384 1279 5454 diaconus).
1347 5383 1490 5440 Cum
1525 5390 1757 5453 repente

47 5483 146 5539 die
199 5478 515 5536 admodum
570 5489 792 5536 serena,
845 5487 952 5530 nec
1019 5472 1218 5529 ﬂabris
1267 5472 1404 5529 ullis
1454 5469 1752 5539 flantibus,

130 5640 247 5712 (48)
276 5638 340 5696 Id
364 5651 426 5695 es
444 5649 732 5693 occasum.

1852 3187 1957 3242 iste
2005 3185 2251 3254 legitime
2293 3191 2348 3238 et
2402 3184 2618 3238 invitus
2657 3182 2909 3253 eligitur.
2969 3185 3031 3238 In
3102 3184 3226 3251 hoc,
3281 3186 3546 3254 inquam,

1852 3272 2122 3343 legitime,
2173 3271 2316 3340 quia
2346 3270 2403 3324 in
2454 3270 2616 3326 nullo
2668 3271 2889 3326 venalis
2937 3271 3174 3338 introiit,
3230 3285 3335 3327 nec
3387 3271 3555 3340 quid-

1852 3374 2028 3432 quam
2067 3359 2385 3415 Simoniace
2445 3371 2616 3428 agere
2648 3359 2909 3415 intendit.
2939 3359 3043 3416 Cui
3091 3367 3280 3415 tamen
3337 3361 3394 3414 in
3427 3374 3556 3430 pro-

1851 3449 2108 3521 gnostico
2140 3462 2244 3503 suo
2302 3447 2719 3517 Evangelicum
2769 3448 3088 3518 capitulum
3130 3448 3275 3504 dure
3332 3449 3548 3514 sonuit,

1854 3540 1995 3609 quia
2035 3538 2287 3606 idipsum
2327 3536 2482 3606 quod
2513 3534 2816 3591 Galdricus
2868 3535 3110 3591 habuit:
3145 3557 3173 3584 «
3204 3536 3411 3602 Tuam,
3449 3535 3552 3591 sci-

1855 3629 1999 3692 licet,
2039 3627 2217 3696 ipsius
2270 3626 2524 3680 animam
2583 3624 2953 3694 pertransibit
3007 3624 3234 3695 gladius
3276 3624 3436 3694 (Luc.
3489 3639 3550 3690 ll,

1853 3715 1963 3783 35).
1995 3734 2024 3762 ››
2069 3712 2215 3778 Quid
2269 3719 2460 3768 autem
2514 3710 2816 3766 infortunii
2875 3709 2984 3766 sibi
3035 3710 3350 3780 immineat,
3402 3711 3554 3766 Deus

1852 3801 2078 3857 viderit.
3057 3798 3060 3803 '

1930 3886 2320 3960 Teudegaldus
2365 3885 2616 3956 episcopi
2657 3883 2874 3940 occisor
2925 3883 3113 3950 furcis
3162 3884 3442 3953 infertur.
3482 3914 3552 3925 —

1854 3976 2182 4044 Antequam
2213 3987 2349 4029 vero
2379 3973 2450 4027 ad
2497 3972 2611 4027 alia
2643 3971 3100 4042 progrediamur,
3133 3971 3440 4027 dicendum
3469 3979 3554 4028 est

1855 4062 2010 4132 quod
2070 4060 2471 4131 Teudegaldus
2536 4059 2794 4129 proditor
2851 4063 3002 4112 5:5
3059 4071 3127 4113 ac
3179 4058 3553 4127 interemptor

1854 4151 2123 4220 episcopi,
2157 4158 2284 4220 post
2334 4149 2632 4204 biennium
2664 4147 3071 4202 internecionis
3106 4146 3258 4202 illius
3287 4161 3320 4201 a
3349 4147 3553 4204 militi-

1857 4239 1965 4296 bus
2020 4237 2354 4308 lngelranni
2409 4243 2632 4306 captus,
2673 4243 2729 4290 et
2775 4234 2954 4290 furcis
3008 4235 3204 4289 illatus
3249 4242 3351 4290 est.
3385 4235 3442 4290 Is
3493 4236 3553 4290 in

1857 4324 2309 4396 Quadragesima
2345 4323 2817 4393 comprehensus,
2869 4331 3175 4394 postquam
3204 4337 3344 4393 pene
3369 4337 3554 4395 usque

1855 4416 1929 4471 ad
1956 4415 2235 4470 vomitum
2291 4412 2613 4467 comederat
2642 4418 2698 4466 et
2754 4410 2994 4477 biberat,
3029 4418 3084 4466 et
3116 4423 3310 4465 coram
3334 4410 3554 4480 aliqui-

1857 4503 1985 4568 bus,
2016 4501 2172 4571 quod
2202 4499 2314 4555 dici
2359 4497 2520 4554 nefas
2541 4505 2644 4565 est,
2677 4512 2736 4554 se
2764 4497 2861 4554 Dei
2893 4496 3076 4569 gloria
3105 4497 3357 4566 plenam,
3403 4511 3552 4554 ven-

1855 4597 2000 4646 trem
2053 4585 2442 4658 protendendo
2487 4593 2544 4642 et
2605 4584 2928 4652 mulcenda,
2973 4597 3152 4640 manu
3207 4584 3550 4654 jactaverat,

1857 4687 2050 4736 tentus
2077 4677 2211 4734 etin
2255 4689 2544 4732 carcerem
2603 4675 2914 4746 relegatus,
2973 4689 3089 4730 non
3119 4688 3153 4729 a
3177 4675 3308 4741 Deo,
3341 4689 3458 4731 non
3480 4675 3554 4731 ab

1857 4767 2088 4824 homine
2112 4764 2502 4836 paultentiam
2531 4762 2713 4833 petiit,
2768 4777 2874 4818 nec
2917 4761 3087 4818 etiam
3121 4761 3438 4831 productus
3481 4760 3556 4816 ad

1861 4869 2106 4927 pariam,
2149 4853 2398 4922 cuipiam
2435 4851 2758 4922 quidquam
2787 4849 2952 4916 dixit,
2986 4862 3171 4920 eaque
3195 4848 3554 4905 insensibili-

1861 4949 1974 4998 tate
2041 4941 2113 4996 ad
2157 4941 2340 4996 Deum
2396 4952 2516 5009 qua
2563 4937 2792 4994 vixerat
2851 4936 3087 4994 interiit.
3145 4935 3254 4991 Sed
3291 4935 3414 5006 jam
3482 4934 3557 4990 ad

1861 5029 2071 5086 omissa
2095 5027 2419 5084 redeamus.
3417 5037 3426 5046 ι

1938 5117 2191 5172 Thomas
2230 5111 2773 5169 excommunicatur.
2825 5139 2894 5151 —
2936 5109 3120 5181 Igitur
3166 5109 3413 5165 Thomas
3455 5109 3560 5181 qui

1862 5206 2109 5262 nefarios
2131 5203 2274 5264 illos.
2308 5211 2362 5258 et
2390 5201 2628 5258 Gerardi
2658 5201 2933 5270 primum,
2964 5206 3019 5255 et
3060 5205 3256 5269 postea
3307 5198 3562 5269 episcopi

1863 5291 2083 5348 domini
2111 5291 2203 5346 sui
2232 5297 2288 5345 et
2316 5289 2544 5358 cognati
2579 5287 2874 5353 occisores,
2910 5301 3044 5342 cum
3087 5285 3184 5342 illa
3228 5287 3562 5342 communia

1865 5379 2121 5450 maligna
2168 5383 2499 5446 susceperat
2541 5375 2688 5445 (ιη),
2753 5375 2824 5430 ad
2886 5374 3332 5444 archiepiscopis
3386 5375 3563 5432 totius

1866 5468 2125 5524 Francia
2154 5473 2208 5524 et
2236 5465 2515 5536 episcopis
2545 5478 2662 5520 non
2689 5464 2874 5520 solum
2907 5463 2964 5518 in
3003 5462 3282 5531 conciliis,
3307 5464 3560 5534 synodis,
