3946 6388
399 406 501 460 943

1288 405 1345 457 ν.
1389 404 1723 461 GUIBERTI
1762 405 2052 460 ABBATIS
2092 406 2146 459 S.
2194 406 2433 461 MARHS
2475 406 2561 460 DE
2603 406 2991 462 NOVIGENTO

3795 406 3889 459 944

398 550 466 592 ac
498 534 672 605 regiis
716 533 916 600 curiis,
965 533 1061 589 sed
1115 542 1170 589 et
1225 534 1585 603 postmodum
1641 535 1859 605 ubique
1916 549 2089 605 paro-
2130 535 2177 591 A
2207 543 2443 593 matrem
2476 537 2699 604 habuit,
2732 545 2787 593 et
2814 537 2937 593 ideo
2961 551 3183 606 semper
3211 538 3389 607 patris
3430 537 3640 594 affectu
3689 538 3889 593 caruit.

398 623 663 679 chiarum
701 634 768 677 ac
819 620 1041 676 sedium
1090 633 1191 689 per
1245 633 1448 675 omnes
1476 621 1825 687 Dominicas,
1857 635 2090 678 succre-

398 720 588 768 scente
667 708 1029 765 inell‘abiliter
1123 708 1376 773 malitia,
1457 707 1811 765 creberrimo
1879 710 2091 780 passim

398 805 762 861 anathemate
836 800 1199 871 pulsabatur.
1266 801 1524 856 Noverca
1581 808 1774 857 autem
1831 815 1939 857 sua
1994 801 2092 857 illa

398 891 732 963 Ingelranni
775 888 922 944 male
950 895 1322 957 prwsumpta,
1364 901 1498 943 cum
1530 888 1909 944 crudeliorem
1955 903 2092 945 ursa

397 982 518 1037 fera
563 984 783 1050 gereret
829 979 1113 1039 animum,
1164 984 1221 1032 et
1273 975 1553 1031 Thomam
1602 977 1767 1046 quasi
1812 975 2092 1033 aemulum

397 1070 504 1126 sibi
552 1067 771 1124 videret
828 1080 1138 1136 emergere,
1173 1066 1586 1137 Ingolrannum
1642 1073 1910 1135 paternos
1953 1065 2089 1121 affe-

395 1168 522 1214 ctus
566 1169 704 1226 erga
737 1168 891 1220 eum,
944 1154 1253 1224 ipsumque
1312 1154 1493 1223 patris
1544 1168 1752 1209 nomen
1812 1153 2091 1224 compulit

396 1244 687 1315 abjurare.
720 1241 881 1297 Unde
910 1239 1159 1297 femineo
1185 1240 1423 1297 consilio
1457 1254 1589 1295 cum
1649 1241 1911 1310 coepisset
1954 1254 2089 1296 eum

395 1346 428 1387 a
460 1346 564 1388 suo
584 1330 719 1401 jure
761 1342 972 1394 arcere,
1007 1334 1063 1383 et
1091 1335 1328 1397 apertus
1358 1327 1409 1383 ei
1456 1328 1635 1383 hostis
1676 1329 1922 1385 existere
1971 1343 2090 1384 cm-

394 1420 496 1490 pit,
519 1426 585 1475 ut
620 1415 821 1473 comici
848 1415 1037 1471 verbis
1068 1423 1217 1483 utar,
1259 1416 1328 1471 de
1357 1415 1531 1472 stulto
1583 1416 1850 1472 insanum
1883 1417 2085 1472 facere.

393 1509 459 1563 In
490 1512 718 1563 tantum
748 1517 885 1574 ergo
917 1502 1173 1558 furorem
1192 1516 1353 1558 mens
1380 1502 1658 1571 paulatim
1684 1502 1853 1558 malis
1884 1502 1941 1557 in
1971 1502 2091 1558 dies

392 1593 712 1666 potioribus
741 1591 967 1648 imbuta
1004 1590 1289 1661 prorupit,
1319 1598 1384 1646 ut
1421 1590 1522 1660 jus
1563 1589 1766 1660 fasque
1791 1597 2085 1657 assereret,

390 1684 579 1740 sinon
607 1693 772 1737 secus
825 1692 894 1735 ac
930 1678 1141 1734 bestias
1182 1678 1496 1735 incedendo
1538 1678 1799 1735 homines
1846 1678 2091 1735 mstima-

390 1778 493 1828 ret.
534 1769 681 1837 Quia
730 1766 884 1823 enim
933 1780 969 1822 a
1016 1765 1360 1823 muliercula
1408 1766 1635 1837 injuste.
1686 1774 1753 1822 ut
1810 1780 1901 1822 res
1936 1773 2081 1832 erat,

389 1857 889 1923 exhreredebatur,
934 1856 1033 1926 jus
1066 1869 1101 1911 a
1132 1854 1316 1925 seipso
1357 1862 1411 1911 et
1456 1867 1489 1909 a
1536 1855 1659 1910 suis
1713 1854 2088 1925 complicibus

390 1962 553 2020 posse
582 1943 852 2001 bacchari
890 1942 1145 2000 caedibus
1176 1942 1509 2012 putabatur.
1543 1942 1895 1998 Procurabat
1941 1956 2086 2011 quo-

391 2036 528 2092 tidie
567 2033 884 2090 savussima
934 2031 1031 2087 illa
1077 2032 1245 2087 novis
1282 2043 1508 2099 semper
1542 2028 1816 2095 consiliis,
1862 2043 2008 2098 quos
2036 2028 2089 2085 ei

389 2124 458 2179 ad
501 2121 941 2179 subversionem
993 2125 1356 2189 proponeret,
1410 2118 1633 2185 hostes;
1669 2116 1762 2172 ille
1808 2130 1841 2172 e
1886 2123 2089 2171 contra

390 2212 626 2268 minime
656 2209 973 2266 feriabatur
1021 2205 1411 2262 indesinenter
1438 2210 1639 2259 contra
1676 2216 1810 2259 eum
1847 2203 2088 2272 exsequi

393 2298 634 2368 praedas,
688 2293 955 2351 incendia
973 2300 1027 2347 et
1059 2298 1292 2346 mortes.
1326 2289 1533 2345 Nostra
1564 2296 1733 2345 aetate
1778 2304 1893 2345 non
1951 2289 2090 2345 vidi-

388 2401 521 2442 mus
551 2385 699 2440 duas
741 2381 970 2452 uSpiam
1000 2379 1337 2434 convenisse
1376 2391 1669 2447 personas,
1704 2392 1956 2448 quorum
1987 2379 2086 2433 ad-

388 2471 813 2528 ministratione
836 2469 1158 2527 viderimus
1188 2466 1297 2522 sub
1346 2479 1465 2522 una
1491 2479 1699 2522 causas
1729 2474 1807 2523 tot
1829 2468 2088 2522 evenisse

389 2574 478 2615 res
500 2559 703 2616 malas.
743 2559 890 2615 Nam
918 2559 965 2614 si
999 2558 1109 2615 fuit
1138 2558 1235 2615 ille
1259 2560 1547 2628 caminus,
1597 2560 1718 2617 haec
1753 2559 1944 2616 oleum
1973 2559 2085 2615 dici

387 2654 587 2716 potest.

456 2734 620 2791 Tales
648 2735 816 2804 plane
870 2733 1181 2804 utrobique
1211 2733 1373 2790 fuere
1405 2748 1612 2802 mores,
1644 2741 1710 2791 ut
1737 2750 1869 2792 cum
1910 2750 2084 2792 vene-

383 2826 466 2880 ris
496 2837 612 2879 non
640 2830 943 2894 parcerent
986 2820 1375 2879 indiiferenter
1403 2822 1691 2892 operibus,
1722 2838 1838 2879 non
1891 2824 2086 2881 minus

376 2919 596 2982 tamen,
630 2910 747 2967 imo
775 2909 1024 2979 amplius
1081 2908 1280 2966 ﬁerent
1332 2923 1467 2966 mox
1525 2910 1765 2980 praebita
1789 2911 2085 2971 occasione

354 2998 664 3056 crudeles.
696 2997 855 3054 Sicut
882 2997 1036 3054 enim
1066 2996 1225 3053 haud
1264 2997 1401 3067 jura
1438 3012 1744 3069 nunquam
1795 3000 2084 3057 maritalia

2202 622 2565 693 Perpendens
2593 625 2807 681 interea
2836 624 3243 695 Ingelrannus,
3278 625 3420 695 quia
3449 624 3538 681 sui
3568 624 3679 681 aevi
3709 624 3894 695 gravi-

2201 720 2372 769 tatem
2429 727 2721 783 caupones
2778 720 2832 769 et
2870 711 3184 767 macellarii
3237 712 3558 775 irriderent.
3626 710 3894 767 accersito

2199 800 2439 868 Thema,
2472 808 2755 871 pactoque
2793 814 2929 856 cum
2963 814 3029 855 eo
3079 798 3308 867 fcedere,
3364 800 3535 855 etiam
3588 812 3891 855 novercam

2202 886 2355 943 illam
2404 870 2673 957 priebitisi
2708 887 3030 944 innumeris
3077 887 3453 942 sacramentis
3502 901 3650 943 novo
3706 887 3760 942 ei
3810 870 3930 941 inU

2198 975 2453 1031 sinuavit
2480 990 2693 1032 amore.
2739 975 2877 1042 Quae
2908 975 3187 1031 nimirum
3234 976 3462 1032 sibimet
3506 990 3620 1032 non
3660 977 3894 1047 ignava,

2199 1078 2312 1119 non
2340 1065 2507 1135 parvi
2534 1065 2805 1138 ponderis
2832 1079 3002 1136 gazas
3035 1065 3106 1120 ad
3128 1079 3196 1121 eo
3226 1066 3419 1136 exegit
3467 1079 3569 1136 pro
3617 1065 3900 1121 innovata

2200 1168 2356 1224 pace.

2271 1243 2565 1299 Exhausto
2595 1244 2846 1314 denique
2874 1244 3124 1299 Thomas
3156 1243 3403 1313 plurimo
3435 1257 3607 1313 quem
3649 1241 3903 1297 habebat

2202 1329 2453 1386 thesauri
2484 1330 2734 1399 cumulo,
2766 1346 2931 1402 opem
2951 1345 3187 1402 quoque
3215 1331 3562 1402 Ingelranno
3589 1329 3901 1400 spopondit

2198 1424 2398 1473 contra
2444 1418 2778 1489 burgenses,
2829 1418 3046 1488 quibus
3090 1433 3224 1473 cum
3272 1417 3628 1472 vicedomino
3668 1416 3899 1473 adnite—

2199 1503 2372 1560 batur
2392 1504 2713 1575 episcopus.
2767 1504 3014 1559 Thomas
3053 1503 3233 1574 igitur
3278 1509 3333 1557 et
3364 1502 3570 1569 Adam,
3601 1503 3702 1572 qui
3748 1502 3900 1558 turri

2196 1592 2557 1660 praesidebat,
2589 1599 2888 1662 coeperunt
2924 1593 3203 1647 acerrime
3236 1590 3493 1646 insistere
3539 1590 3903 1646 vicedomino

2197 1684 2374 1750 atque
2397 1679 2807 1751 burgensibus.
2848 1679 2921 1734 Et
2953 1678 3409 1749 quamprimum,
3455 1678 3731 1748 quoniam
3771 1680 3902 1749 epi-

2197 1781 2434 1836 scopum
2471 1774 2528 1822 et
2572 1765 2806 1821 clericos
2844 1765 3008 1821 facta;
3038 1779 3171 1820 cum
3205 1764 3596 1835 burgensibus
3632 1764 3905 1820 factionis

2197 1854 2543 1924 arguebant,
2576 1867 2666 1909 res
2694 1853 2946 1923 pervasit
2981 1853 3228 1909 Thomas
3260 1852 3532 1909 ecclesiae.
3575 1852 3645 1907 Et
3684 1853 3746 1907 in
3780 1868 3905 1908 una

2196 1942 2429 2012 quidem
2490 1941 2762 1997 villarum
2807 1942 2953 2011 ejus,
3005 1940 3334 2011 praesidium
3385 1940 3492 1995 sibi
3541 1940 3752 2007 firmat,
3798 1954 3905 2009 per

2196 2029 2351 2100 quod
2398 2035 2630 2084 caeteras
2670 2042 2805 2083 mox
2857 2027 3133 2083 incendiis
3169 2036 3224 2082 et
3267 2026 3474 2097 praedis
3522 2028 3930 2083 exterminat.—

2197 2118 2284 2173 Ex
2317 2130 2435 2173 una
2462 2130 2667 2172 earum
2701 2130 2831 2172 cum
2867 2114 3183 2171 maximam
3215 2114 3577 2184 captivorum
3608 2116 3902 2173 abduxis-

2196 2211 2279 2259 set
2308 2212 2620 2271 catervam,
2657 2204 3017 2274 multamque
3045 2204 3372 2273 pecuniam,
3423 2204 3721 2260 residuum
3770 2218 3904 2274 pro-

2196 2290 2401 2347 miscui
2450 2305 2644 2359 sexus,
2685 2299 2741 2347 et
2788 2291 3031 2346 diversae
3067 2292 3253 2346 aetatis
3298 2291 3533 2362 vulgus,
3597 2291 3900 2348 cohortem

2190 2389 2342 2436 certe
2371 2394 2502 2451 quae
2531 2380 2626 2436 illo
2655 2379 2997 2451 confugerat
3028 2380 3342 2449 plurimam
3382 2380 3441 2435 in
3469 2379 3709 2435 ecclesia
3753 2393 3899 2435 con-

2194 2477 2445 2526 cremata
2471 2469 2769 2526 cremavit.
2795 2470 2953 2525 Inter
2976 2468 3237 2539 captivos
3265 2478 3458 2525 autem
3486 2468 3753 2538 quidam,
3791 2468 3897 2537 qui

2195 2558 2360 2626 panis
2405 2557 2628 2613 emendi
2683 2558 2872 2627 gratia
2924 2556 2983 2612 in
3049 2558 3243 2613 villam
3316 2565 3570 2623 venerat,
3650 2560 3898 2612 eremita

2192 2650 2396 2713 captus
2440 2652 2573 2700 ante
2616 2658 2751 2700 eum
2797 2644 3140 2702 ducebatur.
3194 2646 3332 2702 Erat
3384 2660 3517 2702 vero
3558 2646 3896 2711 imminens,

2190 2734 2467 2805 postridie
2533 2733 2769 2802 scilicet,
2837 2732 3049 2790 festum
3112 2734 3261 2790 beati
3319 2735 3570 2791 Martini.
3624 2734 3900 2806 Cumque

2192 2819 2457 2879 ﬂebiliter
2487 2822 2850 2879 inclamasset
2886 2823 2959 2878 ad
2988 2822 3264 2879 Thomam
3304 2824 3475 2894 cujus
3524 2823 3902 2893 professionis

2190 2918 2355 2979 esset,
2402 2924 2522 2982 qua
2576 2925 2678 2981 pro
2731 2923 2909 2967 causa
2960 2924 3026 2966 eo
3087 2910 3437 2977 devenisset,
3484 2915 3637 2965 616
3680 2910 3899 2967 saltem

2192 3013 2295 3069 pro
2325 2999 2542 3056 honore
2591 2999 2772 3055 sancti
2819 2998 3050 3055 Martini
3100 2999 3206 3055 sibi
3254 2998 3658 3055 miseresceret.
3722 2998 3830 3055 Ille
3867 3013 3899 3054 e

382 3096 635 3154 tenuere,
667 3087 747 3151 ita
766 3100 872 3143 nec
902 3085 1067 3142 illum
1127 3099 1260 3141 unae
1306 3086 1584 3158 conjuges
1641 3086 1715 3143 ab
1757 3095 2077 3144 scortorum
2119 3108 2160 3164 ρ
2192 3088 2406 3160 vagina
2450 3088 2708 3160 guhione
2760 3095 3047 3158 exempto,
3103 3087 3231 3159 ejus
3291 3086 3513 3158 trajecit
3575 3094 3781 3156 pectus
3842 3094 3898 3143 et

383 3182 644 3245 poterant
689 3180 791 3230 aut
818 3181 1195 3230 externarum
1226 3172 1493 3229 carnium
1514 3172 1902 3230 rivalitatibus
1930 3173 2082 3230 cohi-

379 3264 532 3322 bere.
563 3264 713 3332 Quid
736 3263 949 3334 plura?
972 3262 1116 3320 Cum
1157 3262 1268 3318 ista
1301 3262 1468 3319 illum
1497 3276 1783 3318 novarum
1821 3262 2081 3333 quotidie

380 3364 575 3407 rerum
624 3350 1019 3407 molitionibus
1060 3350 1383 3422 instigaret,
1430 3358 1486 3407 et
1516 3348 1610 3406 ille
1640 3350 1965 3407 homicidiis
1992 3350 2081 3406 in-

379 3442 631 3496 sontium
662 3440 881 3496 rabiem
913 3439 1204 3495 exsatiare
1232 3453 1348 3495 non
1383 3447 1590 3509 posset,
1634 3440 1692 3495 in
1743 3447 1970 3497 tantum
2018 3449 2083 3498 ut

379 3540 500 3582 uno
529 3526 621 3582 die
644 3527 858 3582 “decem
890 3525 1226 3581 hominibus
1254 3525 1450 3582 oculos
1496 3528 1733 3595 eruerit,
1774 3541 1922 3598 quos
1977 3542 2082 3585 nec

378 3625 541 3668 mora
600 3612 747 3667 mori
806 3611 1128 3683 contigerit,
1182 3612 1354 3668 ﬂebat
1414 3613 1694 3683 utrinque
1752 3614 1944 3671 lassati
2004 3615 2083 3671 fa-

377 3703 570 3752 cerent
591 3706 1023 3755 momentaneas
1052 3713 1259 3770 paces;
1292 3700 1388 3756 sed
1414 3708 1539 3770 post
1566 3701 1872 3771 paululum
1918 3701 2080 3758 femi-

378 3797 456 3839 na
484 3784 582 3841 illa
605 3793 795 3843 vetere
822 3788 1127 3845 refricante
1158 3789 1411 3857 morbos,
1444 3790 1505 3845 in
1558 3798 1797 3846 mutuas
1843 3805 2082 3848 consur-

379 3882 580 3944 gerent
609 3888 798 3931 neces.

447 3963 727 4019 Ambiani
743 3964 1131 4035 calamitates,
1149 3981 1263 4038 per
1275 3965 1694 4038 Ingelrannum
1715 3966 2006 4037 comitem,
2022 3971 2081 4024 et

375 4049 527 4106 alios
552 4051 831 4108 excitatae.
865 4084 935 4093 —
964 4053 1151 4125 Igitur
1175 4054 1581 4110 Laudunensis
1617 4055 1915 4124 provincia
1943 4071 2076 4113 cum

377 4138 468 4193 his
487 4139 598 4195 sub
620 4147 870 4210 utroque
918 4141 1377 4212 malignitatibus
1424 4149 1784 4212 quateretur,
1827 4143 1888 4199 in
1940 4147 2077 4201 Am-

377 4225 709 4284 bianensem
744 4229 855 4283 Deo
879 4228 1077 4298 judice
1105 4237 1191 4284 est
1237 4228 1521 4285 translata
1569 4230 1885 4288 calamitas.
1930 4231 2076 4288 Nam

379 4311 500 4381 (“5)
541 4320 667 4383 post
714 4314 1008 4370 funestum
1066 4315 1276 4372 excidii
1319 4317 1723 4374 Laudunensis
1776 4327 2074 4375 eventum.

2188 3176 2429 3241 viscera,
2455 3176 2684 3246 Accipe,
2725 3175 2939 3243 dicens,
2976 3182 3210 3246 propter
3245 3182 3512 3231 sanctum
3548 3175 3891 3232 Martinum.

2189 3255 2497 3325 Leprosum
2543 3254 2759 3325 pariter
2803 3256 3021 3311 carceri
3067 3262 3338 3311 truserat.
3390 3253 3553 3320 Quod
3602 3254 3899 3324 elephan-

2187 3344 2463 3401 tiosorum
2512 3342 2957 3414 provincialium
3008 3350 3189 3399 cretus
3235 3341 3496 3408 audiens,
3549 3340 3772 3397 obsedit
3804 3349 3894 3412 ty-

2189 3435 2358 3492 ranni
2404 3436 2570 3503 fores,
2623 3436 2990 3492 conclamans
3035 3442 3100 3491 ut
3151 3434 3256 3490 sibi
3299 3433 3490 3490 socius
3521 3433 3891 3490 redderetur.

2186 3526 2410 3593 Quibus
2448 3526 2568 3595 ipse
2597 3526 2984 3582 comminatus
3023 3532 3126 3591 est,
3159 3524 3269 3579 nisi
3319 3523 3647 3579 recederent
3695 3536 3760 3578 se
3800 3524 3894 3578 vi-

2186 3626 2290 3669 vos
2308 3612 2704 3669 incensurum.
2750 3613 2822 3668 Et
2867 3626 3001 3668 cum
3040 3612 3223 3667 territi
3250 3609 3630 3681 aufugissent,
3668 3609 3730 3665 in
3766 3618 3893 3667 tuto

2191 3701 2371 3770 positi,
2404 3708 2459 3756 et
2491 3714 2565 3756 ex
2587 3700 2821 3769 regione
2857 3699 3071 3770 pariter
3105 3697 3453 3769 conglobati,
3490 3699 3669 3754 Deum
3707 3712 3897 3768 super

2185 3801 2252 3843 eo
2280 3786 2336 3842 in
2368 3787 2654 3843 vindicem
2684 3786 3112 3857 compellantes,
3141 3787 3268 3857 pari
3294 3801 3429 3842 voce
3459 3785 3589 3841 latis
3610 3786 3665 3842 in
3699 3786 3894 3843 altum

2185 3875 2425 3931 vocibus
2474 3874 2523 3930 ei
2571 3874 3017 3930 maledixerunt.
3053 3875 3335 3944 Leprosus
3379 3880 3572 3930 autem
3619 3873 3771 3928 idem
3825 3874 3891 3930 in

2183 3962 2392 4034 pmnali
2411 3976 2642 4021 carcere
2666 3962 2817 4018 diem
2844 3962 3073 4019 clausit.

2255 4051 2459 4109 Mulier
2514 4066 2749 4122 quoque
2782 4064 3092 4122 praegnans
3138 4050 3432 4122 ergastulo
3480 4050 3672 4107 itidem
3744 4050 3894 4107 rele-

2184 4147 2339 4210 gata,
2395 4138 2605 4195 ibidem
2674 4137 2907 4195 interiit.
2947 4138 3193 4205 Quidam
3250 4139 3320 4196 de
3363 4139 3606 4209 captivis
3654 4139 3891 4197 tardius

2185 4228 2567 4299 expediebant
2598 4228 2722 4294 iter,
2756 4228 2973 4299 quibus
2999 4228 3107 4286 sub
3152 4228 3298 4285 collo
3326 4242 3423 4286 eas
3452 4242 3598 4299 quas
3623 4229 3891 4286 vocitant

2181 4316 2417 4373 canolas
2440 4316 2778 4386 praecipiens
2803 4315 3102 4387 perforari,
3158 4316 3311 4372 senis
3347 4330 3567 4384 eorum,
3599 4316 3659 4371 ni
3688 4315 3888 4385 fallor,

374 4400 646 4457 Ambiani
690 4414 825 4472 rege
872 4401 1363 4474 illecto-pecuniis
1414 4404 1599 4462 fecere
1652 4408 2065 4476 communiam,
2108 4410 2151 4463 D
2182 4411 2283 4461 aut
2331 4404 2615 4474 quinque,
2675 4404 2843 4461 funes
2899 4403 3027 4460 fecit
3075 4403 3265 4472 inseri,
3329 4403 3528 4474 sicque
3559 4402 3668 4460 sub
3724 4399 3887 4459 truci

374 4487 468 4543 cui
510 4488 811 4558 episcopus
848 4489 1012 4545 nulla
1070 4490 1129 4546 vi
1167 4500 1408 4549 exactus
1460 4493 1751 4552 debuisset
1798 4503 2069 4566 praestare

370 4573 647 4643 favorem,
699 4578 1015 4645 praesertim
1068 4591 1203 4634 cum
1238 4587 1294 4636 et
1339 4594 1511 4637 nemo
1547 4596 1682 4638 eum
1731 4591 1981 4654 urgeret,
2013 4591 2068 4640 et

371 4662 684 4733 coepiscopi
724 4664 816 4720 sui
854 4678 988 4720 eum
1014 4665 1337 4722 miserabile
1375 4667 1639 4735 exitium,
1683 4676 1738 4724 et
1782 4669 2068 4726 infausto-

369 4763 501 4806 rum
549 4751 779 4809 civium
806 4753 1145 4824 conﬂigium
1183 4768 1300 4810 non
1347 4755 1568 4812 lateret.
1614 4757 1828 4814 Videns
1871 4758 2067 4828 itaque

369 4837 753 4908 Ingelrannus
781 4840 947 4897 urbis
968 4855 1238 4898 comesex
1266 4843 1666 4914 conjuratione
1688 4846 2064 4916 burgensium

366 4927 671 4983 comitatus
718 4927 827 4985 sibi
872 4928 1011 4998 jura
1059 4938 1288 4986 vetusta
1333 4932 1531 5001 recidi,
1599 4943 1773 5003 prout
1821 4943 2061 5005 poterat,

360 5013 483 5083 jam
514 5014 753 5073 rebelles
779 5016 959 5073 armis
996 5018 1355 5089 aggreditur.
1381 5019 1485 5076 Cui
1512 5022 1683 5077 etiam
1713 5036 1829 5078 non
1859 5023 2061 5090 defuit,

366 5098 552 5154 Adam
598 5100 682 5155 sic
723 5101 878 5156 enim
919 5110 1181 5171 vocatur,
1224 5111 1281 5161 et
1336 5120 1458 5162 suae
1502 5107 1598 5163 cui
1652 5118 1898 5178 praeerat
1943 5109 2064 5180 ipse

366 5186 547 5241 turris
574 5187 882 5243 auxilium.
923 5189 975 5244 A
1024 5189 1415 5262 burgensibus
1455 5208 1592 5266 ergo
1638 5196 1803 5252 urbis
1844 5197 2061 5267 pulsus.

365 5274 438 5330 ab
466 5274 612 5331 urbe
642 5275 703 5332 in
725 5283 948 5333 turrem
986 5292 1045 5334 se
1084 5282 1345 5338 contulit.
1391 5282 1662 5350 Quicum
1707 5286 1766 5340 in
1796 5286 2061 5343 comitem

365 5360 669 5418 irremissis
693 5363 1012 5421 assultibus
1041 5377 1468 5438 grassarentur,
1499 5379 1555 5427 et
1584 5372 1861 5429 Thomam
1892 5373 2063 5443 quasi

363 5447 742 5506 amantiorem
794 5464 968 5506 suum
1031 5454 1334 5512 dominum
1386 5457 1460 5512 ad
1507 5460 1853 5515 communiae
1907 5460 2062 5516 illius

361 5543 719 5592 sacramenta
744 5545 1033 5605 vocantes,
1084 5548 1286 5597 contra
1329 5552 1645 5612 parentem,
1679 5552 1745 5601 Πῐ
1797 5553 2056 5616 putatur,

360 5637 535 5680 suum
566 5623 749 5683 filium
778 5625 1153 5685 suscitarunt.
1202 5630 1649 5700 Ignominiosam
1694 5632 1848 5689 enim
1893 5634 2060 5691 valde

2177 4492 2422 4563 angaria
2462 4491 2763 4562 proﬁcisci.
2828 4491 2935 4559 Qui
2985 4490 3463 4563 postppaululum
3513 4490 3572 4545 in
3615 4490 3887 4547 custodia

2178 4589 2316 4638 sunt
2340 4580 2616 4638 defuncti.
2660 4580 2807 4647 Quid
2858 4580 3035 4636 verba
3064 4578 3494 4649 protrahimus?
3539 4579 3600 4633 In
3651 4577 3748 4634 illo
3783 4592 3883 4635 ne-

2184 4669 2338 4740 gotio
2364 4667 2602 4740 trig‘inta
2640 4668 2797 4724 solus
2844 4667 3103 4724 homines
3148 4668 3378 4737 proprio
3431 4681 3566 4724 ense
3612 4666 3877 4736 peremit.

2175 4761 2246 4812 At
2295 4770 2547 4812 noverca
2593 4769 2702 4812 sua
2743 4755 2945 4811 videns
2988 4756 3165 4811 tantis
3210 4756 3495 4812 hominem
3535 4755 3786 4811 inserere
3814 4769 3882 4811 se

2174 4844 2462 4916 periculis,
2503 4844 2675 4900 avida
2717 4844 3033 4913 perimendi
3061 4858 3194 4900 eum
3235 4845 3471 4901 mandat
3496 4843 3879 4907 vicedomino.

2174 4942 2239 4991 ut
2284 4934 2517 4989 Thomas
2576 4932 2862 4989 subtiliter
2910 4947 3195 4989 excursus
3247 4934 3529 4989 observet.
3581 4930 3690 4998 Qui
3733 4946 3878 4989 cum

2173 5020 2335 5076 illum
2371 5020 2559 5075 nescio
2590 5032 2708 5089 qua
2724 5026 2953 5075 euntem
2990 5026 3152 5076 nocte
3181 5019 3436 5091 quadam
3470 5018 3881 5076 circumfudis-

2170 5115 2252 5165 set
2281 5107 2519 5174 insidiis,
2554 5107 2852 5163 confossus
2900 5108 3158 5164 membra
3204 5108 3550 5164 vulneribus
3580 5108 3754 5165 etiam
3809 5108 3874 5165 in

2173 5195 2383 5266 poplite
2438 5196 2694 5251 lanceam
2740 5196 2916 5252 hostis
2967 5197 3245 5266 pedestris
3284 5197 3517 5266 accepit.
3576 5196 3683 5260 Qui
3729 5211 3872 5253 cum

2171 5284 2332 5350 alias,
2366 5290 2485 5339 tum
2528 5284 2586 5338 in
2619 5282 2884 5354 geniculo
2912 5283 3217 5341 durissime
3251 5284 3437 5353 laesus,
3471 5284 3640 5341 vellet
3669 5284 3869 5354 nollet,

2169 5386 2204 5429 a
2234 5379 2418 5442 empto
2451 5371 2637 5427 desiit.

2245 5459 2513 5528 Defectus
2540 5459 2695 5515 inter
2720 5476 2893 5517 sacra
2923 5458 3211 5529 facienda
3255 5460 3582 5530 infortunia
3608 5462 3868 5532 praenm-

2168 5548 2343 5605 tiant.
2394 5547 2719 5621 Episcopus
2767 5546 3186 5604 Ambianemis
3241 5548 3584 5619 Godefridus
3633 5549 3867 5607 abdicat

2166 5634 2551 5708 episcopatum
2582 5634 2847 5691 Cluniaci
2871 5643 2929 5693 et
2956 5637 3280 5693 Carth
3324 5636 3671 5710 aliquandiu
3694 5637 3856 5708 vicit,
