3946 6448
37 373 189 427 945

1204 375 1298 430 DE
1340 375 1500 427 VITA
1539 375 1671 428 SUA
1701 374 1898 430 LIBRI
1936 374 2133 430 TRES.
2166 405 2236 415 -ο
2271 376 2400 440 LIB.
2442 376 2538 430 III.

3523 377 3624 430 946

29 519 128 556 ac
157 508 330 575 post
338 504 586 574 ,ᾐώρητο
610 505 886 561 Rememi
929 504 1359 577 archiepiscOpo
1402 503 1594 560 rediit.
1633 535 1703 546 —-
1743 505 1816 562 At
1852 509 1900 562 A
1924 505 2172 561 rimonia
2219 506 2354 562 data
2395 506 2469 562 ad
2521 519 2716 578 regem
2763 506 3038 574 dicerent,
3071 520 3130 562 se
3160 507 3218 562 in
3267 521 3446 577 regno
3500 507 3627 578 ejus

31 592 414 665 episcopus
461 603 775 665 antequam
829 595 1066 651 ecclesia
1097 609 1202 651 sua
1251 595 1361 650 tale
1407 593 1816 650 exterminium

35 687 426 750 pateretur,
491 683 748 752 quodam
787 683 877 739 die
933 683 1069 738 festo
1126 683 1330 737 missas
1393 690 1632 737 acturus
1676 689 1815 736 erat.

30 767 354 833 Quidam
411 784 548 826 vero
605 771 792 840 specie
826 771 1126 841 religiosus
1159 769 1456 840 presbyter
1483 783 1816 825 sacramen-

34 863 212 913 tum
259 866 399 914 ante
437 873 570 914 eum
600 873 674 914 ex
707 858 828 914 sola
873 873 1028 929 aqua
1059 859 1288 914 nescius
1316 858 1656 925 confecerat,
1694 864 1817 926 post

33 959 281 1015 quem
336 955 391 1002 et
430 946 692 1016 episcopo
755 947 898 1002 idem
959 947 1183 1002 accidit.
1246 949 1513 1015 Cumque
1568 945 1817 1000 libamen

36 1035 526 1104 assumpsisset,
557 1041 610 1089 et
640 1048 754 1090 non
800 1034 910 1090 nisi
942 1048 1156 1104 aquam
1204 1048 1326 1090 esse
1389 1033 1675 1101 sensisset,
1724 1034 1817 1090 di—

34 1121 156 1176 xit
209 1137 224 1176 :
300 1123 574 1193 Magnum
661 1121 857 1177 scitote
917 1135 1018 1190 pro
1073 1128 1226 1177 certo
1293 1120 1512 1176 malum
1567 1120 1816 1176 ecclesiae

41 1211 145 1264 im
161 1210 372 1267 minet
405 1211 516 1266 isti.
551 1209 714 1277 Quod
746 1211 935 1279 ipsum
970 1209 1284 1266 infortunia
1313 1209 1650 1279 presbyteri,
1684 1224 1816 1278 quae

40 1306 223 1354 ante
302 1299 684 1369 contigerant,
747 1298 1103 1354 astruebant.
1175 1299 1316 1355 Cum
1379 1312 1516 1368 ergo
1584 1297 1816 1353 vidisset

44 1401 271 1442 suam
304 1401 410 1442 nec
447 1387 598 1442 clero
633 1401 738 1442 nec
772 1387 985 1456 populo
1016 1387 1377 1456 praesentiam
1406 1400 1527 1442 esse
1565 1394 1810 1457 gratam,

45 1475 238 1544 quia
293 1474 581 1530 neminem
636 1475 843 1545 juvare
907 1481 1147 1545 poterat,
1206 1482 1501 1543 assumpto
1562 1472 1812 1543 quodam

48 1571 300 1619 nostro
353 1563 656 1630 monacho,
710 1562 1047 1619 inconsultis
1091 1563 1361 1618 omnibus
1415 1562 1564 1618 clero
1614 1575 1718 1616 suo
1747 1573 1815 1616 ac

49 1651 318 1720 populo
351 1651 628 1718 libellum,
661 1657 723 1706 ut
764 1651 844 1706 ita
874 1651 1082 1718 dicam,
1120 1651 1342 1720 repudii
1383 1650 1556 1716 dedit,
1607 1657 1663 1706 et
1714 1662 1813 1704 ar-

51 1741 464 1810 chiepiscopo
519 1740 781 1796 Remensi
822 1740 1131 1807 annulum,
1164 1740 1544 1811 sandaliaque
1575 1739 1808 1806 remisit,

1929 595 2022 650 Dei
2057 594 2245 650 ofﬁcia
2274 609 2389 650 non
2443 595 2694 650 facturos
2740 595 2852 650 nisi
2892 594 3296 651 ulscisceretur
3335 596 3392 650 in
3439 594 3622 650 illum.

1924 683 2070 739 Nam
2099 698 2167 739 ea
2220 691 2570 753 tempestate,
2635 697 2754 754 qua
2788 683 3016 753 pestifer
3045 683 3138 738 ille
3193 691 3393 739 contra
3439 684 3626 755 Ingel-

1924 785 2175 828 rannum
2211 771 2599 843 burgensibus
2643 772 3030 839 adnitebatur,
3059 771 3362 840 Galterius,
3395 772 3464 827 de
3511 788 3627 843 quo

1925 876 2100 930 supra
2127 862 2371 931 egimus,
2407 862 2508 930 qui
2538 876 2672 916 cum
2704 861 2966 917 Gnidone
3013 861 3485 917 coarchidiacono
3522 877 3628 917 suo

1926 947 2082 1002 solus
2146 947 2214 1002 de
2273 947 2660 1016 proditoribus
2714 947 2940 1003 Girardi
2997 949 3302 1015 resederat,
3351 949 3423 1004 ad
3470 949 3628 1005 illam

1924 1034 2135 1090 bonam
2195 1035 2524 1106 Ingelranni
2577 1035 2888 1102 lateralem,
2948 1049 3114 1091 suam
3148 1036 3410 1092 videlicet
3458 1039 3630 1094 uteri-

1925 1137 2061 1178 nam
2107 1137 2381 1191 sororem,
2441 1124 2599 1194 quod
2661 1123 3051 1180 adulterinum
3103 1125 3460 1181 connubium
3510 1127 3628 1196 ipse

1925 1211 2255 1274 miscuerat,
2289 1211 2442 1267 circa
2475 1211 2723 1267 mediam
2762 1211 2938 1267 ferme
2974 1211 3484 1283 Quadragesimam
3539 1214 3628 1271 lo-

1924 1305 2170 1354 cuturus
2195 1306 2542 1368 perrexerat.
2581 1298 2742 1364 Quod
2772 1312 2904 1353 cum
2948 1299 3196 1354 Thomas
3247 1299 3626 1364 addidicisset,

1924 1386 2100 1442 missa
2131 1386 2410 1457 legatione
2466 1386 2740 1442 citissima
2784 1386 3026 1456 imperat
3074 1387 3317 1444 Roberto
3372 1389 3622 1457 cuidam,

1922 1471 2182 1526 omnium
2217 1470 2616 1526 scelestissimo
2650 1471 2814 1538 (tales
2859 1471 3014 1526 enim
3071 1479 3228 1527 amat
3269 1471 3534 1544 ramulos)
3563 1480 3626 1529 ut

1923 1557 2238 1616 Galterium
2287 1560 2361 1615 ab
2390 1560 2761 1615 Ambianensi
2818 1559 3151 1616 redeuntem
3207 1560 3530 1630 observent,
3570 1569 3625 1617 et

1922 1653 2066 1716 quot
2092 1655 2330 1716 possunt
2355 1648 2703 1704 interimant.
2727 1647 2864 1714 Quae
2906 1649 2998 1704 ille
3023 1663 3138 1704 non
3166 1649 3311 1704 alias
3342 1663 3521 1719 quam
3547 1651 3619 1706 ab

1924 1735 2047 1804 ipso
2077 1735 2445 1792 Laudunensi
2471 1737 2860 1806 promontorio
2889 1745 3274 1806 prospectans,
3309 1752 3407 1807 per
3437 1738 3621 1808 ipsam

53 1838 123 1885 et
163 1805 245 1886 se
287 1829 348 1884 in
379 1805 649 1885 exsilium
683 1828 903 1884 iturum
935 1805 1362 1898 nunquamque
1392 1805 1660 1898 deinceps
1688 1805 1814 1897 epi—
1853 1805 1894 1859 Β
1925 1824 2034 1880 vim
2062 1805 2496 1892 concavitatem,
2533 1839 2651 1895 qua
2678 1825 2745 1880 de
2786 1805 2934 1880 sui
2990 1805 3181 1881 monte
3228 1805 3616 1896 descenditur,

55 1930 342 1986 scopum
372 1916 637 1972 futurum
664 1916 1298 1986 utrobiquemandavit.
1323 1917 1709 1985 Ex-pontifex
1737 1916 1814 1971 ita

62 2005 291 2060 factus
318 2019 449 2060 cum
476 2005 818 2061 Cluniacum
853 2004 1152 2075 attigisset,
1199 2019 1406 2060 rursus
1445 2012 1649 2074 sponte
1678 2019 1812 2074 pro-

63 2093 222 2162 pria
275 2095 578 2163 episcopus
626 2094 812 2149 factus
840 2093 1020 2149 altare
1077 2093 1218 2148 inibi
1248 2093 1622 2148 consecravit.
1679 2092 1814 2148 Inde

66 2181 398 2251 digressus
427 2181 792 2238 Carthusiam
827 2180 1100 2250 perrexit,
1130 2181 1198 2236 de
1243 2196 1360 2250 quo
1391 2180 1514 2236 loco
1546 2180 1605 2234 in
1637 2179 1814 2250 hujus

65 2269 365 2338 opusculi
406 2270 719 2339 primordio
750 2269 916 2325 nobis
940 2283 1129 2325 sermo
1182 2269 1308 2325 fuit.
1340 2269 1425 2325 lbi
1455 2276 1621 2324 extra
1670 2283 1812 2323 con-

67 2361 342 2414 ventum
387 2358 444 2413 in
509 2357 716 2413 cellula
775 2371 1162 2424 commanens,
1216 2371 1316 2412 sex
1347 2357 1416 2413 de
1453 2357 1662 2413 viatico
1707 2371 1812 2412 suo

70 2446 327 2517 argenti
386 2445 494 2502 sibi
544 2460 768 2502 marcas
798 2446 1049 2501 retinuit.
1094 2446 1204 2509 Qui
1249 2453 1372 2516 post
1409 2445 1554 2502 duos
1592 2459 1812 2502 menses

72 2549 209 2590 non
254 2535 329 2590 ab
360 2533 558 2604 aliquo
583 2548 844 2600 suorum,
875 2534 973 2591 sed
1003 2535 1076 2590 ab
1107 2535 1528 2604 archiepiscopo
1575 2548 1809 2590 reman-

74 2623 294 2689 datus,
328 2636 522 2679 moras
547 2623 606 2678 in
636 2622 826 2678 reditu
855 2636 970 2678 non
1023 2621 1186 2688 fecit;
1216 2623 1287 2678 ad
1324 2623 1427 2678 hoc
1470 2622 1624 2678 enim
1659 2637 1808 2678 mar-

80 2724 190 2765 cas
219 2709 337 2766 sibi
369 2709 538 2765 utiles
558 2708 786 2765 futuras
807 2709 992 2764 scivit.
1024 2707 1227 2764 Clerus
1255 2717 1445 2764 autem
1478 2717 1533 2764 et
1565 2710 1811 2779 populus

77 2813 228 2854 eum
265 2813 385 2853 non
417 2798 538 2854 sine
565 2811 805 2853 mcerore
835 2798 1067 2866 recepit,
1103 2798 1205 2868 qui
1256 2812 1324 2853 eo
1352 2798 1587 2854 absente
1637 2812 1811 2868 super

81 2887 282 2943 altero
311 2885 574 2958 eligendo
606 2901 722 2941 non
749 2886 872 2943 sine
923 2900 1136 2957 magna
1178 2886 1356 2956 ipsius
1412 2887 1810 2956 aspernatione

79 2990 211 3032 non
245 2975 478 3046 sategit.
516 2975 640 3045 Ipse
671 2975 824 3031 enim
857 2974 1088 3030 turbam
1113 2983 1370 3031 moverat
1401 2989 1580 3046 quam
1610 2975 1809 3030 sedare

81 3079 211 3121 non
246 3069 491 3135 poterat.

161 3153 394 3207 Thoma
452 3152 648 3222 itaque
695 3151 767 3207 ad
823 3164 931 3208 sua
978 3151 1275 3217 translato,
1307 3157 1363 3207 et
1418 3165 1491 3207 ex
1569 3149 1810 3206 vulnere

86 3239 404 3310 praelibato
453 3240 576 3310 jam
636 3239 977 3308 impotenter
1028 3238 1242 3309 agenti,
1325 3237 1603 3308 quoniam
1657 3237 1811 3292 filius

88 3329 256 3396 Adae,
294 3328 523 3384 nomine
575 3327 918 3392 Adelelmus,
967 3340 1114 3396 puer
1161 3324 1588 3394 pulcherrimus
1627 3323 1684 3378 in
1714 3323 1809 3379 fu-

89 3426 294 3474 turam
317 3417 695 3488 desponderat
723 3417 1028 3486 conjugem
1057 3415 1237 3485 ipsius
1268 3414 1462 3470 tiliam.
1496 3413 1602 3480 Qui
1655 3414 1807 3470 Tho-

95 3521 258 3562 mam
283 3505 402 3576 jam
461 3505 683 3562 laeserat
735 3504 792 3559 in
823 3504 1027 3568 Adam,
1058 3511 1113 3559 et
1155 3503 1214 3558 in
1257 3503 1463 3558 turrim
1510 3503 1638 3572 ejus
1686 3503 1808 3572 ipsa

94 3593 434 3665 Ingelranni
461 3593 644 3662 turpis
673 3591 1001 3648 concubina
1041 3604 1204 3646 arma
1255 3597 1587 3646 convertere
1621 3597 1804 3659 parat.

96 3683 227 3751 Ipse
257 3687 450 3737 autem
482 3680 540 3735 in
594 3679 863 3735 fidelitate
894 3677 1222 3750 lngelranni
1276 3678 1580 3749 hucuSque
1609 3685 1808 3734 contra

99 3769 423 3841 burgenses
477 3775 731 3824 steterat.
787 3769 940 3838 Rege
970 3782 1106 3838 ergo
1135 3767 1417 3823 conducto
1449 3768 1658 3824 turrim
1699 3769 1808 3824 ob-

101 3857 323 3913 sidione
373 3857 712 3913 circumdat.
763 3857 834 3911 Et
878 3863 1029 3910 certe
1076 3855 1260 3910 Adam
1317 3854 1434 3926 regi
1486 3855 1804 3912 hominium

103 3944 333 4012 fecerat,
369 3959 472 4001 nec
501 3945 573 4000 ab
602 3958 668 4000 eo
694 3943 994 4010 defecerat,
1029 3958 1248 4014 rexque
1285 3958 1419 4000 eum
1454 3944 1511 4000 in
1551 3959 1657 4002 sua
1697 3946 1806 4002 ﬁde

103 4041 454 4103 susceperat.
497 4033 712 4090 Referri
746 4047 862 4090 non
909 4040 1150 4108 possunt
1173 4032 1247 4088 ab
1276 4032 1492 4102 aliquo,
1522 4048 1594 4090 ne
1625 4035 1698 4091 ab
1725 4035 1806 4092 eis

107 4121 336 4190 quidem
370 4135 622 4194 quorum
659 4135 792 4191 pars
820 4121 1272 4192 periclitabatur,
1308 4120 1470 4178 factae
1511 4137 1678 4179 neces
1736 4125 1805 4180 de

109 4200 496 4272 bnrgensibus
533 4215 634 4270 per
691 4208 1006 4268 turrenses,
1057 4215 1190 4257 cum
1243 4209 1377 4258 ante
1425 4202 1800 4271 obsidionem,

111 4296 234 4345 tum
262 4298 449 4360 postea
488 4289 828 4346 crebriores.
879 4290 1090 4346 Nullus
1139 4291 1292 4347 enim
1341 4292 1496 4361 apud
1552 4292 1803 4348 urbanos

1925 1912 1983 1969 in
2041 1927 2347 1969 occursum
2398 1913 2477 1969 illi
2521 1927 2654 1970 cum
2712 1913 2834 1970 suis
2893 1928 2948 1969 ν(
2969 1913 3070 1970 nit.
3107 1913 3394 1972 Galterius
3427 1923 3618 1972 autem

1921 2003 2215 2071 praemisso
2246 2003 2521 2059 comitatu
2545 2004 2668 2074 jam
2700 2003 2756 2058 in
2785 2003 2988 2059 urbem
3013 2003 3170 2059 mulo
3207 2003 3623 2074 sedensseque-

1922 2089 2115 2146 batur.
2173 2089 2264 2146 Sic
2317 2090 2495 2162 igitur
2541 2089 2852 2146 solitudine
2901 2099 3190 2162 aucupata
3244 2091 3452 2162 gladiis
3489 2108 3623 2149 eum

1919 2178 2312 2235 crudelissime
2359 2179 2754 2236 conciderunt.
2814 2178 2936 2246 Quo
2981 2180 3166 2236 occiso
3213 2180 3286 2236 ad
3329 2181 3623 2251 ,Thomam

1921 2281 2055 2322 cum
2084 2267 2238 2322 mulo
2267 2267 2478 2323 hilares
2509 2276 2902 2324 revertuntur.

1992 2354 2330 2410 C'reciacum
2377 2360 2635 2410 castrum
2669 2360 3028 2428 expugnatur
3056 2372 3096 2410 α
3136 2373 3287 2428 rege.
3314 2388 3380 2397 -—
3416 2359 3494 2413 De
3538 2357 3626 2414 his

1923 2457 2059 2514 ergo
2089 2458 2156 2498 ac
2185 2443 2472 2500 similibus
2498 2459 2630 2500 cum
2680 2444 2950 2500 maximis
2984 2445 3365 2501 Ecclesiarum
3408 2446 3623 2502 dolori-

1922 2531 2030 2588 bus
2060 2532 2214 2601 apud
2250 2533 2436 2603 regias
2467 2546 2597 2587 cum
2625 2532 3038 2602 impeterentur
3053 2547 3245 2599 aures,
3279 2533 3338 2588 in
3361 2535 3624 2604 sequenti

1919 2619 2060 2675 anni
2090 2621 2541 2692 Quadragesima
2567 2629 2873 2691 postquam
2906 2620 3376 2677 archidiaconum
3403 2622 3621 2677 occide-

1921 2715 2030 2777 rat,
2090 2708 2326 2764 collecto
2385 2723 2484 2764 rex
2534 2709 2812 2764 adversus
2846 2723 2980 2765 eum
3022 2708 3310 2776 exercitu,
3361 2710 3625 2779 prmsidia

1921 2811 2052 2866 qum
2086 2796 2144 2851 in
2177 2797 2329 2852 villis
2350 2797 2598 2852 abbatiae
2631 2797 2822 2853 Sancti
2850 2798 3087 2853 Joannis
3115 2805 3485 2854 exstruxerat
3514 2811 3623 2869 ag-

1921 2886 2198 2956 greditur.
2247 2888 2326 2942 De
2362 2886 2730 2956 equestribus
2759 2892 2953 2942 autem
3002 2886 3103 2941 vix
3131 2901 3203 2942 ex
3233 2887 3404 2943 corde
3430 2887 3623 2956 opitu-

1921 2973 2152 3029 labatur
2180 2973 2300 3043 regi
2346 2987 2480 3028 cum
2532 2973 2704 3028 etiam
2760 2973 2930 3042 pauci
2983 2981 3190 3041 essent,
3247 2973 3390 3029 levis
3429 2982 3624 3030 autem

1848 3082 1888 3136 ρ
1918 3067 2230 3116 armaturae
2260 3060 2552 3116 infinitum
2583 3075 2818 3130 prorsus
2849 3075 3077 3130 agmen.
3120 3060 3274 3127 Quos
3303 3060 3398 3117 ille
3425 3070 3625 3118 contra

1919 3163 1979 3204 se
2007 3148 2247 3204 conflari
2306 3147 2548 3204 audiens
2597 3149 2907 3219 garriebat,
2967 3163 3101 3204 cum
3158 3149 3332 3205 etiam
3386 3164 3623 3219 prorsus

1921 3234 2102 3304 impos
2138 3236 2280 3292 lecto
2334 3236 2717 3293 decumberet.
2766 3236 3020 3293 Monitus
3050 3251 3084 3292 a
3121 3252 3256 3308 rege
3288 3245 3353 3294 ut
3399 3239 3620 3294 adulte-

1920 3323 2047 3380 rina
2075 3325 2308 3381 castella
2347 3325 2681 3394 destrueret,
2749 3325 3055 3382 fmdissime
3105 3327 3345 3396 respuit.
3406 3326 3622 3383 Oblatis

1918 3410 2024 3468 sibi
2078 3413 2396 3470 multorum
2443 3413 2709 3472 affinium
2739 3414 2976 3471 auxiliis
3025 3414 3394 3471 exsibillavit.
3461 3416 3623 3472 Tunc

1919 3499 2383 3572 archiepiscopus
2427 3509 2483 3558 et
2511 3503 2782 3573 episcopi,
2817 3502 2976 3558 factis
3008 3503 3068 3558 in
3094 3503 3276 3559 altum
3322 3503 3617 3574 gradibus,

1916 3590 2347 3647 multitudinem
2429 3591 2780 3658 asciverunt,
2849 3591 3347 3648 commonitorium
3392 3591 3474 3648 eis
3519 3606 3620 3662 pro

1915 3679 2144 3751 negotio
2196 3679 2472 3743 fecerunt,
2521 3695 2556 3735 a
2612 3680 2856 3751 peccatis
2912 3681 3302 3747 absolverunt,
3335 3689 3389 3737 et
3417 3689 3483 3738 ut
3511 3682 3619 3738 sub

1915 3767 2149 3823 nomine
2210 3769 2565 3837 poenitentiae
2635 3777 2826 3826 castro
2907 3769 2988 3825 illi
3059 3769 3216 3840 quod
3286 3770 3618 3826 Creciacum

1913 3853 2144 3926 (Crecy)
2178 3864 2404 3923 vocant,
2434 3857 2502 3914 de
2535 3857 2719 3914 salute
2762 3857 3094 3914 animarum
3147 3858 3258 3914 tuti
3306 3859 3618 3930 irruerent,

1915 3942 2295 4013 imperarunt.
2331 3944 2491 4008 Quod
2523 3952 2578 4001 et
2609 3944 2858 4000 mirabili
2901 3958 3052 4001 ausu
3086 3945 3430 4014 pervadunt.
3486 3948 3620 4002 Erat

1914 4040 2106 4088 autem
2175 4033 2421 4089 munitio
2473 4033 2716 4089 insolitae
2770 4032 3140 4100 fortitudinis,
3195 4034 3272 4088 ita
3319 4042 3384 4090 ut
3434 4035 3620 4091 omnis

1913 4133 2113 4177 eorum
2141 4121 2304 4177 nisus
2343 4121 2540 4177 multis
2593 4121 2876 4177 ridiculus
2922 4121 3236 4176 videretur.
3299 4121 3442 4178 Cum
3481 4136 3618 4195 ergo

1913 4208 2016 4277 qui
2047 4208 2203 4264 intus
2221 4216 2406 4275 erant,
2440 4207 2752 4266 defensioni
2806 4209 3182 4276 intenderent,
3217 4217 3385 4279 capto
3425 4217 3618 4267 tamen

1908 4295 2028 4367 jam
2062 4297 2234 4367 priori
2266 4297 2437 4364 vallo,
2471 4297 2796 4367 astitithrex
2823 4297 2881 4353 in
2916 4305 3079 4368 porta
3103 4297 3340 4367 castelli,
3389 4306 3444 4355 et
3473 4299 3619 4356 sub-

108 4385 270 4434 actus
297 4385 439 4445 erat,
473 4377 570 4433 sed
611 4377 797 4447 passio
846 4377 986 4432 sola.
1040 4376 1202 4444 Quod
1254 4379 1504 4447 primum
1543 4387 1800 4449 promoto
1839 4383 1882 4437 D
1916 4385 2149 4440 monitis
2195 4385 2500 4455 oppidanis
2549 4393 2611 4442 ut
2679 4393 2932 4442 castrum
2977 4385 3087 4441 sibi
3125 4386 3434 4453 traderent,
3484 4401 3618 4443 cum

110 4467 359 4522 nondum
394 4466 542 4522 malo
573 4467 734 4523 facile
765 4466 1104 4524 Godefridus
1152 4468 1472 4538 episcopus,
1506 4469 1654 4525 sicut
1687 4484 1803 4525 om-

110 4552 278 4608 nibus
314 4561 515 4609 notum
558 4561 662 4620 est,
708 4554 976 4622 sedasset,
1033 4555 1139 4611 nisi
1196 4557 1642 4626 vicedominum,
1697 4558 1800 4628 qui

112 4641 354 4697 maximo
410 4656 543 4697 eum
591 4655 814 4711 semper
851 4643 1058 4699 habuit
1095 4644 1466 4713 contemptui,
1496 4644 1798 4701 timuisset.

113 4727 249 4798 Ejus
292 4729 460 4800 plane
507 4731 683 4786 moris
709 4739 796 4786 est
847 4738 912 4786 ut
941 4731 1248 4799 {neminem
1309 4741 1659 4799 revereatur,
1700 4748 1805 4789 nec

115 4818 376 4888 cuiquam
417 4819 708 4876 beneficus
735 4820 827 4886 sit,
861 4819 968 4875 nisi
1013 4829 1115 4877 aut
1148 4821 1216 4876 de
1248 4821 1370 4891 ipso
1399 4822 1546 4878 male
1601 4822 1803 4892 loqua-

118 4911 222 4966 tur.
251 4915 348 4963 aut
375 4907 483 4964 sibi
512 4907 659 4964 male
709 4907 894 4963 faciat.
947 4907 1052 4976 Qui
1101 4909 1240 4965 dum
1277 4911 1350 4966 ab
1384 4925 1500 4967 uno
1558 4911 1804 4968 morderi

118 4992 284 5060 timet,
341 5003 395 5051 et
459 4995 704 5051 scienter
761 4995 1140 5065 perfidissimo
1200 4997 1423 5066 placere
1471 5000 1658 5070 gestit,
1695 5001 1804 5055 Deo

121 5079 266 5150 justo
315 5083 528 5154 judice,
587 5084 661 5140 ab
718 5084 836 5154 ipso
877 5084 1256 5154 potissimum,
1313 5093 1369 5142 et
1424 5087 1496 5142 ab
1527 5088 1797 5144 omnibus

127 5169 414 5228 laceratur.

189 5260 472 5315 Galteriu:
543 5259 985 5316 archidiaconus
1044 5261 1267 5316 Thomae
1314 5261 1543 5317 comiti:
1591 5262 1723 5318 dolo
1751 5267 1807 5318 et

123 5345 346 5418 imperio
369 5341 705 5403 trucidatur.
742 5378 804 5389 —
841 5350 1091 5405 Thomas
1113 5349 1288 5421 igitur
1313 5350 1460 5406 turri
1496 5351 1807 5408 subvenire

129 5449 229 5492 non
267 5438 464 5508 potuit,
500 5437 652 5493 intra
684 5452 856 5508 quam
886 5445 940 5493 et
972 5437 1167 5504 filiam,
1197 5446 1254 5494 et
1283 5438 1528 5494 militum
1568 5453 1806 5496 suorum

131 5523 400 5589 probiores
446 5523 759 5580 dimiserat.
806 5523 954 5580 Mala
983 5531 1176 5579 autem
1212 5525 1433 5595 ubique
1477 5532 1635 5581 tanta
1670 5541 1808 5598 ege-

137 5617 230 5676 rat,
262 5617 320 5666 ut
343 5611 756 5681 archiepiscopi
809 5619 866 5668 et
896 5610 1172 5680 praesules
1219 5626 1322 5682 pro
1367 5612 1616 5669 ecclesiis
1659 5628 1808 5683 que-

1910 4487 1970 4529 se
2008 4473 2262 4530 dicerent
2314 4488 2430 4530 non
2478 4473 2750 4536 facturos,
2793 4483 3062 4544 protensa
3103 4489 3281 4532 manu
3308 4475 3530 4546 juravit
3558 4489 3619 4530 se

1911 4572 2027 4614 non
2080 4573 2443 4615 comesurum
2496 4558 2676 4615 donec
2739 4567 3058 4629 caperetur.
3121 4559 3206 4614 Ea
3266 4567 3457 4616 tamen
3527 4559 3619 4615 die

1910 4647 2079 4703 solvit
2112 4647 2406 4718 impetum.
2438 4649 2502 4702 1n
2531 4646 2850 4704 crastinum
2883 4661 3019 4704 vero
3057 4647 3400 4718 regreditur,
3457 4661 3620 4703 arma

1912 4737 2106 4798 sumit,
2154 4735 2224 4791 de
2262 4735 2542 4792 militibus
2600 4743 2792 4792 autem
2834 4735 2936 4792 vix
2980 4735 3271 4806 quispiam
3335 4735 3618 4792 coarmari

1910 4823 2112 4879 voluit.
2177 4824 2439 4894 Cumque
2493 4833 2706 4894 apertae
2759 4838 2856 4880 eos
2903 4823 3242 4895 proditionis
3281 4831 3612 4890 arcesseret,

1914 4910 2106 4967 accitis
2156 4911 2536 4981 pedestribus,
2572 4913 2690 4982 ipse
2726 4912 2883 4982 prior
2929 4911 3078 4967 vallo
3129 4911 3390 4967 insistere
3436 4918 3490 4967 et
3545 4910 3619 4966 ad

1912 4999 2184 5055 interiora
2214 5000 2316 5055 niti
2344 5000 2533 5071 carpit.
2584 5001 2700 5058 Nec
2751 5015 2910 5057 mora
2959 5007 3296 5070 penetratur
3325 5001 3494 5067 intro,
3531 4999 3617 5055 in-

1915 5101 2056 5158 gens
2087 5086 2428 5142 victualium
2458 5090 2622 5158 copia
2678 5089 2981 5158 reperitur,
3042 5087 3367 5144 defensores
3414 5095 3617 5144 tenen-

1914 5182 2030 5240 tur,
2066 5174 2463 5244 oppidumque
2487 5176 2761 5232 diruitur.

1991 5261 2246 5317 Tandem
2299 5278 2362 5316 se
2406 5262 2564 5318 dedit
2610 5263 2875 5318 Thomas.
2929 5293 2998 5302 —
3043 5263 3211 5320 Haud
3270 5263 3437 5335 longe
3487 5264 3622 5319 hinc

1917 5350 2075 5406 aliud
2129 5350 2533 5420 municipium.
2569 5351 2802 5406 nomine
2832 5351 3242 5423 Novigentum.
3277 5352 3468 5422 Hujus
3497 5353 3622 5408 cla-

1916 5438 2088 5495 vibus
2115 5439 2235 5510 regi
2261 5439 2482 5507 delatis,
2520 5439 2716 5495 incolae
2747 5439 3147 5510 profugerunt.
3195 5441 3362 5510 Apud
3390 5441 3621 5497 Grecia-

1917 5541 2052 5584 cum
2080 5528 2261 5598 aliqui
2284 5527 2463 5585 furcis
2510 5529 2748 5600 appensi
2791 5537 2927 5586 sunt
2956 5530 3026 5586 de
3057 5530 3301 5600 captivis
3329 5529 3402 5584 ad
3437 5537 3620 5586 terro-

1919 5630 2041 5672 rem
2065 5616 2452 5686 defensorum,
2490 5618 2669 5688 aliqui
2713 5617 2856 5675 alias
2894 5617 3086 5675 occisi.
3120 5618 3198 5675 De
3241 5617 3622 5676 assultoribus
