3946 6444
324 344 425 400 947

1218 346 1277 400 ν.
1318 346 1655 403 GUIBER'I‘I
1695 348 1990 403 ABBATIS
2025 347 2082 404 S.
2123 349 2367 406 IARIxE
2406 351 2497 407 DE
2536 350 2932 410 NOVIGENTO

3759 359 3885 412 9&8

323 480 515 537 nescio
542 477 592 537 si
611 478 827 551 aliquis
854 487 1063 552 prater
1092 494 1278 539 unum
1310 481 1568 538 militem.
1611 481 1862 538 Thomas
1912 496 2017 539 au-
2054 484 2103 538 Α
2128 484 2440 556 mperavit.
2468 515 2539 529 -
2566 490 2886 558 Antequam
2915 495 3108 545 autem
3141 490 3211 545 ad
3235 492 3589 563 contignalia
3650 492 3891 549 devol-

327 576 440 625 tem
463 569 619 640 apud
641 569 901 625 Marnam
937 570 1212 626 tuebatur
1236 584 1314 635 se,
1349 571 1470 640 qui,
1501 570 1651 625 facta
1697 572 2030 640 pecuniaria

326 656 717 728 redemptione
745 658 899 727 apud
948 672 1139 728 regem
1170 666 1225 713 et
1268 658 1473 727 regios,
1508 666 1563 713 et
1590 667 1752 728 pacto
1781 660 2031 715 ecclesiis

326 745 540 802 damno
594 746 751 817 quod
808 746 1036 813 fecerat,
1091 746 1224 801 hinc
1259 746 1400 815 paci,
1456 745 1615 800 illinc
1662 760 1723 801 se
1783 747 2030 803 reddidit

325 834 740 891 communioni.
774 835 858 890 Ita
878 835 970 889 vir
998 834 1255 889 omnium
1286 834 1733 902 superbissimus
1778 834 2031 905 iniquis-

326 921 625 993 simusque
657 936 759 992 per
787 936 1025 978 manum
1057 922 1507 991 pauperrimam,
1546 936 1724 992 quam
1754 937 1900 992 saepe
1922 937 2027 993 pu-

328 1010 515 1066 nierat
543 1024 839 1082 quamque
871 1018 1184 1080 spreverat,
1223 1010 1462 1079 punitus
1488 1017 1589 1065 est.
1623 1010 1770 1066 Illud
1799 1025 1913 1067 non
1947 1019 2032 1068 est

330 1099 685 1155 reticendum
730 1099 906 1169 quod,
976 1112 1108 1154 cum
1167 1111 1271 1153 rex
1326 1099 1676 1155 Laudunum
1728 1114 1863 1156 cum
1924 1115 2030 1157 suo

328 1186 486 1243 hoste
541 1186 809 1254 venisset,
854 1186 1004 1242 aeris
1054 1186 1318 1242 mollities
1375 1188 1776 1258 intempestiva
1820 1197 2033 1245 cuncta

332 1274 675 1331 reddiderat.
705 1275 870 1330 Tunc
924 1274 1393 1345 archiepiscopus
1421 1276 1493 1331 ad
1523 1290 1619 1332 eos
1651 1291 1664 1330 :
1699 1297 1727 1326 ‹‹
1767 1276 2027 1345 Oremus,

326 1364 427 1431 ait,
478 1363 683 1431 Deum,
717 1370 799 1429 ut,
848 1363 896 1418 si
932 1362 1062 1419 vult
1093 1363 1212 1418 ﬁeri
1248 1364 1406 1433 quod
1463 1364 1885 1433 proposuimus,
1937 1367 2033 1423 det

325 1465 615 1508 serenum.
649 1472 670 1500 ι
706 1450 829 1518 Quo
857 1451 1030 1517 dicto,
1061 1465 1160 1507 aer
1186 1452 1476 1521 extemplo
1502 1453 1761 1509 renituit.

399 1537 742 1602 Godefridu:
759 1538 1066 1610 episcOpuc
1094 1538 1244 1593 redit
1268 1555 1304 1593 a
1328 1539 1651 1595 Carthusia.
1698 1543 1830 1607 Rex,
1890 1540 2032 1596 obsi-

325 1626 495 1682 dione
521 1628 686 1694 facta
713 1626 1010 1690 Ambiani,
1040 1625 1543 1698 inexpugnabilem
1573 1628 1778 1682 turrim
1813 1629 2033 1699 experi-

327 1719 441 1771 tur.
476 1745 538 1757 —
574 1717 758 1787 Igitur
804 1714 1102 1771 Dominica
1132 1715 1466 1771 Palmarum
1513 1730 1776 1772 reversus
1799 1730 1835 1772 a
1888 1719 2031 1773 Car-

329 1805 523 1860 thusia
571 1778 911 1860 Gvodefridus
956 1802 1280 1872 episcopus,
1360 1804 1526 1874 longe
1568 1804 1684 1859 alia
1728 1817 1905 1874 quam
1951 1805 2029 1860 ibi
2067 1778 2111 1834 Β

327 1891 628 1956 didicerat,
684 1890 884 1960 incipit
939 1903 1277 1960 propagare.
1322 1890 1531 1961 Regem
1583 1905 1720 1961 ergo
1775 1893 2027 1959 arcessit,

326 1989 383 2037 et
437 1981 531 2036 die
574 1980 782 2037 celebri
833 1993 902 2035 ac
946 1980 1196 2035 verendo
1257 1978 1445 2049 ipsum
1490 1987 1546 2035 et
1594 1988 1875 2036 astantem
1926 1996 2031 2051 po-

328 2068 535 2139 pulum
601 2068 881 2124 adversus
952 2075 1247 2124 turrenses
1297 2081 1559 2123 sermone
1646 2068 1859 2136 habito,
1916 2083 2033 2124 non

328 2156 448 2225 Dei,
511 2156 609 2213 sed
690 2155 1049 2213 Catillinario
1114 2156 1344 2211 irritare
1418 2155 1683 2221 intendit,
1746 2156 2034 2227 spondens

329 2257 511 2316 regna
536 2244 811 2301 caalorum
834 2244 921 2299 his
950 2243 1055 2314 qui
1094 2243 1299 2299 turrim
1316 2232 1708 2314 expugnando
1739 2245 2030 2315 perierint.

330 2332 610 2389 Postridie
647 2346 751 2403 pro
803 2346 975 2388 muro
1010 2331 1365 2389 Castellionis
1392 2335 1497 2399 (sic
1559 2333 1714 2389 enim
1768 2334 2030 2405 vocatur)

330 2420 590 2492 ingentes
614 2420 896 2477 machinae
948 2420 1345 2491 porriguntur,
1376 2422 1576 2491 eisque
1605 2421 1814 2477 milites
1859 2423 2033 2492 impo-

328 2515 573 2563 nuntur.
622 2508 940 2563 Turrenses
991 2513 1124 2561 ante
1181 2506 1415 2562 cortinis
1475 2521 1595 2563 sese
1647 2515 2032 2577 protexerant,

330 2609 405 2651 ne
433 2608 557 2649 esse
601 2608 801 2649 eorum
852 2592 1209 2662 proderetur.
1251 2594 1569 2663 Episcopus
1607 2610 1743 2651 vero
1790 2597 2034 2666 nudipes

331 2683 405 2737 ad
434 2684 711 2739 Sanctum
737 2683 1006 2737 Aceolum
1051 2696 1167 2737 non
1201 2689 1340 2739 tunc
1368 2697 1469 2753 pro
1500 2684 1606 2739 hoc
1632 2684 2036 2741 exaudiendus

331 2770 574 2828 abierat.
620 2771 847 2826 Interea
888 2778 1180 2827 turrenses
1228 2772 1563 2841 permittunt
1594 2787 1690 2829 eos
1738 2788 1797 2829 se
1853 2776 2035 2830 muris

333 2859 620 2931 ingerere,
695 2859 995 2915 machinas
1050 2859 1371 2915 admovere.
1443 2860 1665 2927 Quibus
1729 2863 2030 2932 applicitis,

332 2948 660 3003 Alerannus
690 2947 929 3017 quidam
969 2947 1171 3003 talium
1230 2948 1629 3017 peritissimus,
1689 2949 1835 3005 duas
1889 2964 2036 3020 quas

332 3035 661 3093 instituerat
718 3035 1039 3106 phalaricas
1091 3036 1346 3106 opponit,
1424 3044 1480 3092 et
1535 3046 1744 3109 quater
1804 3038 2035 3094 vicenas

332 3138 478 3194 pene
503 3124 772 3181 mulieres
805 3125 877 3179 ad
908 3137 1052 3180 saxa
1081 3139 1213 3194 quia
1240 3125 1607 3195 imposuerat
1648 3127 2035 3196 intorquenda

332 3212 601 3282 disponit.
650 3212 854 3268 Milites
886 3221 1078 3269 autem
1110 3212 1321 3268 interni
1350 3224 1552 3270 contra
1589 3222 1857 3270 externos
1896 3229 2036 3284 prai-

332 3300 412 3356 lia
436 3301 697 3357 cominus
724 3315 860 3357 ense
891 3301 1234 3357 tractabant.
1265 3301 1531 3371 Cumque
1586 3302 1856 3358 Achilleis
1909 3303 2034 3358 ani-

334 3388 443 3445 mis
493 3403 601 3445 sua
654 3388 1096 3459 propugnacula
1149 3387 1531 3457 defensarent,
1578 3390 1865 3458 mulieres,
1901 3391 2039 3447 viris

333 3476 786 3547 aaquiparandaa,
821 3477 1008 3532 missis
1031 3491 1104 3532 ex
1129 3484 1410 3533 tormento
1439 3477 1731 3547 lapidibus
1760 3486 2038 3549 utrasque

333 3564 762 3635 confregerunt.
797 3564 868 3619 Et
889 3563 1234 3619 fervescente
1256 3566 1417 3635 jactu
1464 3565 1788 3632 missilium,
1830 3574 2039 3636 quater

332 3651 573 3717 vicenis,
627 3659 694 3707 ut
751 3650 998 3707 relatum
1043 3657 1148 3718 est,
1208 3652 1545 3721 vulneratis,
1604 3654 1776 3709 etiam
1846 3668 2038 3725 regem

330 3738 528 3810 jaculo
566 3738 631 3794 in
682 3746 912 3808 pectore
959 3739 1198 3795 loricato
1252 3740 1544 3797 laeserunt.
1596 3743 1675 3797 De
1710 3741 1798 3797 his
1843 3752 2036 3798 autem

336 3826 440 3898 qui
471 3826 706 3898 spiculis
736 3827 1126 3899 sunttrajecti,
1159 3837 1368 3898 praeter
1395 3844 1581 3885 unum
1612 3830 1811 3887 nullus
1832 3830 2034 3887 evasit.

338 3916 457 3972 Hoc
484 3915 733 3986 episcopi
763 3930 940 3985 nepos
964 3916 1296 3973 Rothardus
1316 3917 1559 3973 clericus
1588 3919 1804 3975 retulit.
1960 3922 1964 3927 '

404 4006 477 4060 At
534 4002 741 4060 milites
772 4003 875 4074 qui
930 4005 1000 4060 de
1046 4006 1331 4061 machinis
1384 4007 1729 4075 pendebant,
1780 4008 1946 4065 obrui
1978 4022 2039 4064 se

335 4093 618 4158 videntes,
664 4092 863 4164 fugam
904 4093 1135 4159 ineunt;
1185 4108 1291 4150 nec
1343 4107 1503 4150 mora
1558 4095 1770 4151 caeteri.
1815 4095 2040 4160 Quibus

333 4181 752 4251 aliquantisper
802 4182 1026 4248 amotis,
1091 4190 1383 4238 turrenses
1440 4184 1764 4253 prosiliunt,
1824 4184 2040 4240 machi-

338 4283 444 4325 nas
470 4268 806 4336 concidunt,
847 4270 1263 4341 materiemque
1310 4270 1383 4326 ad
1412 4285 1471 4327 se
1517 4272 1868 4339 convehunt,
1904 4287 2038 4328 cum

2136 587 2367 641 vamur,
2400 576 2677 645 quoniam
2708 577 2851 632 etde
2875 576 3214 633 Suessorum
3245 580 3593 648 quibusdam
3631 581 3895 637 dicturi

2138 675 2360 728 sumus,
2419 664 2716 719 sciendum
2759 672 2843 719 est
2894 667 3033 734 quia
3091 680 3267 735 super
3325 683 3525 723 omnes
3585 670 3891 724 Francia:

2139 750 2462 818 provincias
2514 751 2926 807 Laudunenses
2979 753 3402 810 ditcstabiliora
3458 765 3665 826 agunt.
3703 757 3889 812 Nam

2138 837 2240 907 qui
2295 839 2668 908 presbyteros,
2707 842 3063 909 episcopum,
3106 843 3571 899 archidiaconum
3619 846 3889 899 occide-

2137 935 2287 993 rant,
2353 928 2687 997 nuperrime
2756 932 2926 983 cliti.”
2994 929 3422 985 solertissiuiam
3491 932 3889 987 feminarum

2138 1016 2487 1072 abbatissam
2566 1016 2756 1072 Saneti
2839 1016 3094 1083 Joannis,
3164 1032 3369 1088 genere
3439 1018 3888 1086 clarissimam,

2139 1104 2398 1159 Ecclesiae
2451 1104 2881 1174 provectricem,
2955 1106 3184 1161 nomine
3231 1107 3595 1163 Rainsendim
3649 1112 3835 1161 διε»
3866 1148 3886 1172 ,

2140 1192 2540 1247 Laudunensis
2574 1192 2927 1262 indigenam,
2968 1206 3112 1248 suus
3154 1208 3357 1250 servus
3400 1195 3623 1262 occidit,
3667 1195 3895 1263 quod-

2138 1293 2253 1350 que
2298 1293 2464 1349 passa
2505 1283 2589 1335 est
2630 1293 2732 1349 pro
2760 1280 3036 1335 Ecclesiae
3084 1281 3193 1335 fide
3241 1283 3647 1337 consustinuit.
3700 1281 3888 1348 Quid

2138 1366 2293 1435 quod
2338 1366 2462 1435 ipsa
2489 1366 2728 1422 ecclesia
2777 1379 2891 1421 non
2945 1366 3187 1420 vocabat
3217 1378 3251 1419 a
3303 1367 3672 1437 sacrilegiis?
3708 1367 3883 1431 Quae

2138 1461 2328 1509 tamen
2368 1454 2509 1521 quia
2538 1454 2739 1524 regina
2776 1453 3035 1509 omnium
3078 1468 3189 1508 non
3236 1454 3468 1525 reliquit
3510 1456 3724 1521 inulta,
3763 1456 3884 1511 di-

2138 1553 2252 1608 gne
2310 1540 2735 1609 prosequimur.
2781 1539 2864 1595 Ab
2922 1539 3027 1606 his,
3063 1553 3211 1608 quos
3254 1540 3370 1609 (“7)
3421 1542 3887 1597 matricularios

2139 1636 2366 1692 vocant,
2411 1628 2511 1697 qui
2544 1640 2713 1694 gazas
2767 1626 3014 1682 ecclesiae
3056 1627 3396 1683 familiarius
3441 1631 3879 1699 asservabant,

2141 1730 2278 1772 vasa
2306 1716 2604 1771 ministerii
2635 1730 2854 1785 coepere
2885 1716 3149 1782 subduci,
3183 1732 3314 1785 quae
3337 1724 3525 1771 tamen
3560 1719 3617 1772 in
3658 1720 3878 1787 magi-

2138 1811 2287 1858 stros
2327 1816 2528 1858 eorum
2580 1802 3069 1873 retorquebantur
3113 1802 3367 1859 clericos.
3431 1803 3612 1859 Erant
3677 1804 3882 1873 plane

2140 1891 2290 1947 laici.
2343 1891 2476 1947 Haec
2539 1891 2723 1960 primo
2772 1904 2808 1945 a
2851 1890 3222 1961 quibusdam.
3288 1890 3548 1947 Secundo
3594 1892 3870 1962 quidam

2138 1979 2397 2036 Ansellus
2430 1979 2605 2049 vulgo
2638 1979 2799 2036 urbis
2823 1978 3126 2044 oriundus,
3161 1979 3431 2035 immanis
3475 1988 3531 2035 et
3566 1981 3871 2048 rusticus,

2138 2066 2291 2123 infra
2332 2068 2452 2123 dies
2501 2068 2783 2124 Dominici
2835 2067 3043 2123 natalis
3073 2076 3206 2123 ante
3250 2070 3581 2137 matutinos,
3615 2084 3870 2134 cruces,

2138 2154 2363 2223 calices,
2409 2169 2587 2211 aurea
2638 2169 2888 2226 quaeque
2933 2155 3241 2224 subripuit.
3274 2157 3539 2226 Cumque
3595 2164 3728 2225 post
3755 2158 3875 2213 ali-

2140 2240 2296 2311 quod
2352 2248 2572 2310 tempus
2638 2242 2901 2311 praerepti
2958 2243 3089 2298 auri
3152 2243 3465 2299 massulam
3504 2243 3871 2301 Suessonico

2139 2328 2369 2383 cuidam
2406 2327 2706 2383 mercatori
2747 2342 2957 2383 venum
3004 2329 3245 2394 tulisset,
3307 2339 3363 2387 et
3385 2332 3606 2387 furtum
3662 2333 3864 2389 sacri-

2141 2416 2333 2487 legum
2366 2416 2521 2485 quod
2551 2416 2775 2482 fecerat,
2812 2416 3171 2485 prodidisset,
3203 2432 3271 2474 ac
3305 2429 3742 2477 sacramentum
3778 2423 3864 2477 ab

2136 2518 2205 2559 eo
2252 2518 2325 2559 ne
2379 2517 2437 2560 se
2484 2504 2724 2572 prodere
2780 2504 3108 2573 accepisset,
3195 2506 3288 2562 ille
3344 2508 3571 2563 interim
3641 2508 3861 2565 damni

2141 2592 2296 2649 illius
2331 2593 2586 2648 conscios
2621 2606 2722 2662 per
2760 2591 3098 2648 Suessorum
3159 2594 3460 2669 parochias
3497 2610 3862 2652 excommu—

2141 2680 2320 2737 nicari
2371 2680 2616 2736 audivit.
2666 2679 2829 2744 Quod
2879 2680 2925 2735 is
2973 2681 3441 2739 animadvertens
3489 2684 3859 2740 Laudunum

2142 2769 2317 2834 venit,
2356 2782 2475 2824 rem
2541 2768 2692 2824 clero
2750 2769 3020 2838 prodidit.
3071 2769 3218 2833 Quid
3262 2772 3468 2841 plura?
3524 2782 3865 2829 conventus

2142 2858 2236 2914 ille
2266 2858 2516 2928 negavit.
2566 2856 2680 2928 (ιιι)
2711 2858 2782 2924 Is,
2817 2867 3018 2914 eontra
3065 2859 3216 2915 datis
3267 2860 3533 2925 vadibus,
3567 2861 3718 2917 bello
3754 2861 3855 2932 Ui,

2141 2946 2351 3014 duello]
2409 2960 2541 3002 eum
2600 2947 2972 3016 pugilaturus
3026 2947 3287 3016 impetiit.
3334 2949 3448 3004 Nec
3478 2949 3570 3005 ille
3598 2950 3853 3006 distulit.

2143 3036 2281 3091 Erat
2305 3042 2496 3090 autem
2547 3035 2858 3091 Dominica.
2893 3035 3117 3099 Quibus
3174 3037 3361 3092 clerici
3412 3052 3528 3107 prae
3570 3052 3854 3108 propera-

2143 3124 2297 3179 tione
2342 3123 2678 3192 commissis,
2722 3123 2816 3180 ille
2864 3125 2967 3194 qui
3016 3124 3204 3182 furem
3242 3126 3704 3195 compellaverat,
3759 3128 3848 3181 vi-

2140 3219 2270 3267 ctus
2293 3211 2429 3266 ruit.
2462 3210 2525 3266 In
2576 3226 2694 3280 quo
2736 3211 2853 3267 duo
2896 3220 3177 3278 constant,
3214 3221 3314 3268 aut
3345 3228 3476 3268 eum
3517 3214 3619 3283 qui
3655 3214 3849 3269 furem

2142 3299 2451 3369 pejerando
2479 3299 2822 3369 prodiderat,
2852 3300 3046 3355 minus
3075 3307 3224 3357 recte
3252 3301 3467 3367 fecisse,
3511 3309 3632 3369 aut,
3686 3302 3851 3371 quod

2142 3386 2323 3443 multo
2349 3387 2544 3442 verius
2573 3393 2679 3453 est,
2716 3387 2898 3456 legem
2930 3386 3287 3458 illegitimam
3312 3388 3545 3444 omnino
3575 3388 3846 3444 subiisse.

2144 3471 2293 3528 Huic
2328 3472 2480 3529 enim
2522 3472 2634 3544 legi
2690 3482 2909 3530 certum
2952 3482 3038 3531 est
3090 3475 3318 3531 nullum
3373 3489 3651 3533 canouem
3704 3490 3846 3532 con-

2142 3560 2387 3623 venisse,

2215 3648 2356 3703 Alia
2378 3649 2655 3705 audacior
2680 3650 2987 3708 committit
3013 3651 3198 3716 furta.
3227 3652 3564 3710 —Victoria
3591 3652 3849 3724 denique

2142 3738 2409 3794 Ansellus
2440 3739 2619 3794 tutior
2646 3739 2716 3794 ad
2747 3739 2978 3795 tertium
3003 3742 3268 3810 prorupit
3288 3740 3671 3811 sacrilegium.
3696 3741 3848 3798 Nam

2143 3824 2420 3881 ineffabili
2457 3834 2778 3883 commento
2807 3828 3275 3898 gazophylacium
3321 3830 3603 3898 prorupit,
3653 3839 3708 3885 et
3749 3845 3845 3886 co-

2144 3913 2362 3983 piosius
2387 3927 2599 3970 aurum
2631 3928 3001 3986 gemmasque
3054 3916 3203 3972 tulit.
3238 3916 3462 3980 Quibus
3497 3917 3674 3984 tultis,
3698 3918 3845 3974 cele-

2144 4002 2309 4058 brato
2358 4001 2479 4073 jam
2532 4001 2648 4074 (Ην)
2696 4004 2846 4060 sacri
2905 4004 3089 4061 laticis
3120 4005 3359 4075 judicio,
3411 4007 3469 4061 in
3514 4006 3668 4062 hunc
3702 4020 3844 4062 cum

2144 4087 2273 4144 aliis
2334 4088 2745 4145 matriculariis
2802 4090 3047 4161 injectus
3100 4101 3204 4159 est,
3246 4105 3536 4162 superque
3592 4093 3843 4149 natando

2145 4177 2461 4244 convictus,
2494 4191 2628 4233 cum
2658 4192 2778 4248 quo
2804 4187 2861 4234 et
2905 4179 3003 4234 alii
3036 4180 3205 4250 primi
3243 4181 3438 4236 damni
3470 4181 3789 4251 cognitores
3821 4197 3835 4235 :

2147 4278 2398 4335 quorum
2438 4265 2533 4320 alii
2570 4265 2747 4321 furcis
2778 4266 2960 4332 allati,
3001 4268 3129 4324 aliis
3156 4282 3292 4323 vero
3320 4282 3575 4338 parsum.
3613 4270 3662 4324 is
3683 4270 3840 4338 pari-

337 4368 493 4412 eosa
523 4352 691 4425 longe
735 4357 1106 4425 conspiceret,
1158 4372 1265 4414 nec
1319 4359 1558 4429 aggredi
1606 4360 1886 4417 auderem
1927 4362 2040 4417 tria
2075 4367 2122 4423 ῃ
2153 4360 2238 4409 ter
2283 4359 2503 4409 tractus
2528 4354 2767 4424 spondet
2791 4369 2850 4411 se
2896 4355 3210 4421 dicturum,
3246 4357 3515 4413 dimissus
3542 4356 3831 4413 difﬁtetur.

340 4455 485 4512 pene
515 4440 717 4511 millia,
752 4442 855 4512 qui
902 4444 1065 4513 prius
1120 4453 1549 4516 oppugnarunt.
1600 4445 1815 4503 Videns
1864 4447 2042 4518 igitur

342 4545 447 4587 rex
516 4531 1024 4603 inexpugnabilem
1076 4533 1266 4590 locum
1309 4534 1496 4601 cessit,
1528 4534 1777 4591 obsideri
1827 4534 2041 4606 jubens

339 4633 475 4676 cum
500 4619 651 4674 fame
679 4619 855 4675 coacti
885 4633 946 4675 se
974 4619 1297 4678 redderent.
1339 4622 1465 4678 Huc
1493 4637 1679 4693 usque
1715 4631 2042 4693 perseverat

337 4707 578 4777 obsidio,
607 4706 789 4764 etdici
840 4721 957 4764 non
985 4714 1168 4778 potest
1197 4715 1338 4780 quot
1373 4709 1442 4766 de
1472 4708 1861 4781 burgensibus
1906 4711 2042 4767 solis

338 4796 596 4868 quotidie
626 4810 771 4867 pene
813 4796 1141 4867 depereant.
1191 4796 1372 4853 Adam
1415 4811 1552 4854 vero
1597 4805 1768 4854 extra
1824 4798 2041 4868 positus

337 4884 645 4955 suburbia,
671 4892 729 4941 et
748 4885 1164 4957 Ingelrannum
1186 4893 1363 4956 atque
1374 4886 1797 4942 vicedominum
1823 4886 2040 4942 crebris

339 4974 751 5031 hostilitatibus
804 4981 992 5045 urget.
1055 4973 1214 5030 Unde
1248 4972 1422 5029 etiam
1480 4974 1530 5028 si
1558 4975 1788 5030 vexatio
1833 4974 2043 5031 intelle-

338 5069 496 5118 ctum
545 5061 711 5117 daret
754 5060 1004 5129 auditni,
1038 5060 1198 5117 scire.
1215 5068 1444 5131 possent
1472 5061 1631 5132 quia,
1658 5064 1763 5118 etsi
1792 5062 2041 5119 Thomas

339 5148 790 5215 succubuignon
818 5162 1017 5205 omnes
1047 5156 1240 5206 tamen
1277 5163 1468 5206 causa;
1505 5158 1641 5207 sunt
1688 5163 1879 5220 pares,
1934 5163 2041 5207 nec

342 5236 441 5293 Dei
477 5249 651 5308 penes
697 5250 895 5293 omnes
938 5250 1112 5307 aqua
1157 5238 1400 5309 judicia,
1436 5246 1499 5295 ut
1544 5239 1621 5295 sit
1655 5238 1918 5309 episcopo
1965 5239 2040 5295 ad

340 5337 507 5381 neces
536 5322 767 5380 licentia
797 5324 1167 5393 provocandi.

988 5411 1221 5471 CAPUT
1260 5413 1384 5472 XV.

411 5497 785 5557 Reimendim
807 5499 1161 5556 abbatissam
1172 5502 1411 5574 perimit
1433 5517 1630 5558 rerum
1648 5501 1851 5573 ipsius.
1878 5502 2040 5558 Vara

337 5602 519 5645 sacra
531 5585 818 5660 subripuit
838 5587 1152 5644 Anselmuc
1163 5588 1421 5660 quidam.
1449 5590 1653 5645 Duello
1679 5593 2037 5646 innocentem

2150 4441 2408 4497 Secundo
2453 4449 2685 4498 evectus
2714 4441 2774 4498 in
2830 4443 3073 4511 furcam,
3132 4444 3372 4514 prodere
3398 4450 3529 4501 rem‘
3568 4460 3626 4501 se
3657 4446 3829 4515 iurat.

2149 4530 2443 4587 Remissus
2493 4530 2615 4586 ait:
2649 4529 2782 4587 Sine
2815 4532 3048 4602 priemio
3094 4533 3238 4588 nihil
3287 4532 3513 4588 faciam.
3546 4534 3828 4603 Appende-

2151 4616 2243 4682 ris,
2274 4617 2570 4688 inquiunt.
2620 4619 2687 4674 Et
2734 4633 2834 4675 vos
2864 4619 3009 4675 nihil
3056 4620 3359 4686 habebitis,
3410 4619 3507 4675 ait.
3539 4620 3688 4675 Inter
3715 4619 3831 4675 haec

2145 4705 2443 4764 Nicolaum
2474 4707 2849 4764 castellanum
2906 4708 3227 4765 Guinimari
3274 4708 3477 4777 tilium,
3519 4708 3828 4764 adolescen-

2148 4800 2262 4851 tem
2322 4795 2730 4863 clarissimum,
2799 4796 3042 4852 infinitis
3100 4797 3475 4867 jaculabatur
3545 4796 3821 4860 conviciis,

2146 4883 2319 4954 cujus
2348 4884 2619 4941 manibus
2662 4884 2787 4941 hac
2823 4885 3056 4941 ﬁebant.
3089 4885 3426 4941 Consulitur
3448 4885 3748 4954 episcopus
3775 4894 3827 4940 et

2147 4972 2420 5044 magister
2463 4972 2730 5029 Ansellus
2778 4973 2922 5043 quid
2980 4973 3128 5029 facto
3173 4981 3448 5042 oporteat.
3501 4972 3694 5030 Melius
3725 4980 3821 5040 est,

2147 5052 2333 5128 aiunt,
2369 5067 2433 5116 ut
2465 5060 2711 5130 pecunia
2734 5061 2842 5116 sibi
2863 5062 3050 5129 detur,
3093 5076 3273 5133 quam
3318 5069 3478 5118 tanta
3507 5062 3633 5118 auri
3659 5074 3828 5132 quan-

2149 5150 2281 5206 titas
2311 5147 2628 5204 amittatur.
2656 5148 2810 5205 Pacti
2862 5163 3000 5221 ergo
3037 5150 3088 5206 ei
3125 5158 3263 5207 sunt
3292 5151 3640 5222 quingentos
3664 5149 3827 5208 ferme

2147 5236 2373 5293 solidos.
2402 5235 2628 5300 Quibus
2653 5236 2894 5308 sponsis,
2929 5238 3179 5294 multum
3227 5238 3382 5309 quod
3431 5237 3491 5293 in
3548 5237 3706 5293 vinea
3725 5252 3827 5295 sua

2147 5324 2481 5383 condiderat
2532 5326 2781 5383 restituit
2828 5340 3061 5382 aurum.
3118 5326 3415 5383 Pollicitus
3462 5339 3598 5382 vero
3658 5340 3711 5382 se
3759 5327 3825 5384 de

2148 5414 2336 5485 patria
2379 5427 2738 5471 recessurum
2796 5415 3005 5482 fuerat,
3044 5415 3220 5471 trium
3270 5423 3463 5470 autem
3520 5414 3571 5470 ei
3620 5413 3821 5472 dierum

2146 5508 2530 5559 commeatum
2587 5507 2887 5574 episcopus
2928 5502 3331 5574 spoponderat.
3390 5504 3453 5558 ln
3509 5516 3626 5573 quo
3660 5502 3821 5571 spatio

2145 5603 2281 5646 cum
2300 5586 2447 5644 elabi
2481 5589 2629 5646 clam
2663 5589 2848 5657 vellet,
2887 5598 2943 5646 et
2982 5588 3283 5646 universos
3327 5589 3488 5646 urbis
3515 5588 3685 5659 ipsius
3709 5602 3819 5659 pro-
