3946 6404
156 376 279 431 949

1262 376 1354 431 DE
1392 376 1553 434 VITA
1594 377 1732 435 SUA
1771 378 1968 434 LIBRI
2002 378 2197 435 TRES.
2227 380 2437 435 —-LlB.
2478 381 2574 436 III.

3576 382 3681 436 950

155 510 396 566 videret
419 522 706 579 egressus,
739 506 877 563 villa
902 520 977 563 ex
1001 515 1159 577 parte
1184 507 1314 580 ejus
1338 506 1649 578 grandium
1671 507 1871 565 ﬂumi-
1906 510 1955 564 A
1986 508 2182 565 ﬁdiam
2203 515 2498 578 tantopere
2525 508 2701 566 coluit
2733 514 2795 565 ut
2824 506 2981 579 quod
3010 506 3227 563 Judaais
3271 513 3488 563 metum
3534 506 3679 565 ﬂde—

158 610 319 653 num
350 597 565 667 species
606 594 983 666 apparebant,
1014 609 1145 665 quas
1172 608 1306 651 eum
1338 594 1605 666 progredi
1637 594 1873 650 omnino

160 685 467 742 vetabant.

243 773 445 828 Palam
492 785 631 842 ergo
681 770 844 827 illum
901 770 1161 826 recedere
1224 769 1347 827 sine
1393 769 1511 826 ullo
1568 770 1721 827 furto
1781 768 1873 827 sui

159 860 402 918 fructus
433 862 555 917 haec
581 860 946 916 invisibiliter
975 859 1081 915 sibi
1114 860 1407 929 proposita
1454 859 1674 916 ﬂuenta
1702 874 1871 931 coge-

157 950 334 1006 bant.
376 949 498 1016 Quo
528 962 663 1004 cum
696 955 934 1003 ventum
985 947 1147 1012 foret,
1202 948 1271 1002 de
1318 962 1377 1003 se
1418 948 1566 1003 nolle
1614 947 1873 1003 recedere

159 1040 443 1109 quaedam
485 1036 867 1094 furiosissima
895 1036 1137 1105 loquens
1165 1035 1397 1100 diceret,
1445 1049 1698 1104 cumque
1740 1048 1873 1090 eum

158 1127 478 1196 episcopus
520 1124 703 1195 magis
742 1131 995 1194 urgeret,
1024 1122 1193 1191 coepit
1224 1120 1392 1192 quasi
1418 1129 1584 1177 extra
1615 1136 1673 1177 se
1717 1120 1871 1192 posi-

158 1221 269 1270 tus
299 1213 627 1277 mussitare,
682 1211 951 1281 quaedam
981 1224 1040 1265 se
1081 1209 1293 1265 scilicet
1322 1208 1515 1264 adhuc
1544 1209 1692 1263 scire
1736 1220 1873 1275 qua:

162 1302 492 1358 distulisset
524 1302 731 1357 dicere.
767 1299 928 1366 Quod
965 1313 1096 1353 cum
1135 1313 1234 1367 per
1273 1297 1696 1353 vicedominum
1727 1295 1875 1350 didi-

163 1389 344 1445 cisset
367 1388 673 1458 episcopus
699 1388 1054 1443 occasionem
1100 1395 1324 1454 nactus,
1366 1385 1643 1456 quoniam
1677 1398 1737 1440 se
1768 1384 1873 1455 ju-

161 1485 409 1532 raverat
436 1476 516 1532 nil
550 1476 680 1546 plus
714 1478 880 1543 scire,
931 1475 1142 1531 solidos
1185 1489 1331 1545 quos
1386 1474 1438 1529 ei
1498 1480 1874 1544 proposuerat

163 1563 337 1631 dare,
361 1563 671 1630 subtraxit,
705 1571 760 1620 et
790 1564 1005 1619 carceri
1045 1563 1339 1633 relegavit.
1372 1562 1480 1628 Qui
1510 1562 1683 1617 etiam
1726 1574 1871 1629 sup-

165 1652 360 1723 pliciis
418 1652 677 1718 adactus,
738 1665 965 1721 gemma
1018 1650 1297 1706 confracti
1353 1650 1539 1720 operis
1584 1664 1643 1704 se
1701 1662 1873 1718 penes

162 1754 233 1797 se
267 1740 478 1796 habere
511 1739 696 1794 fassus
725 1746 827 1793 est.
864 1738 935 1792 Et
955 1736 1027 1792 ad
1056 1735 1247 1791 locum
1277 1750 1371 1792 eos
1408 1736 1648 1802 ducens,
1681 1744 1870 1791 osten-

1981 597 2125 651 lium
2162 597 2695 666 imprmsumptihile
2746 604 2889 665 erat,
2951 596 3068 666 ipse
3112 596 3325 652 diceret
3371 596 3440 651 de
3489 594 3682 652 Salva-

1982 690 2100 739 tore
2131 684 2369 740 nefaria.
2413 684 2596 752 Quam
2650 686 2796 741 male
2826 692 3018 742 autem
3051 686 3110 740 in
3163 684 3371 741 cmlum
3428 685 3680 754 posuerit

1980 787 2042 828 os
2074 788 2248 830 suum
2300 774 2494 844 (Ρεαι.
2550 787 2728 841 Lxxu,
2782 776 2853 842 9),
2908 773 3149 845 intelligi
3196 781 3373 844 potest
3403 778 3555 828 519
3605 788 3681 829 ex

1982 873 2107 914 meo
2134 858 2228 915 illo
2259 859 2447 915 libello
2478 874 2650 930 quem
2697 869 2897 916 contra
2927 860 3117 930 ipsum
3165 869 3371 931 rogatu
3402 860 3680 917 Bernardi

1981 947 2182 1003 decani
2212 949 2435 1017 scripsi.
2477 948 2614 1014 Quae
2663 949 2941 1017 quoniam
2985 949 3069 1004 ori
3112 948 3435 1023 Christiano
3470 949 3679 1005 indici-

1982 1036 2119 1092 bilia
2148 1046 2285 1093 sunt
2314 1045 2369 1093 et
2399 1036 2507 1106 piis
2531 1037 2776 1092 auribus
2813 1037 3243 1093 exsecrabiliter
3290 1038 3678 1106 exhorrenda,

1981 1123 2418 1193 supprimimus.
2453 1124 2595 1180 Cum
2625 1124 2853 1180 Judzeos
2901 1124 3207 1192 attolleret,
3238 1138 3271 1179 a
3313 1124 3527 1180 Judaais
3576 1140 3679 1195 pro

1984 1210 2185 1267 insano
2222 1211 2563 1275 habebatur,
2613 1211 2753 1266 dum
2794 1211 2967 1267 verbo
2997 1219 3179 1267 sectas
3221 1226 3421 1267 eorum
3467 1226 3678 1283 appro-

1981 1298 2163 1367 baret,
2195 1308 2250 1357 et
2280 1309 2473 1357 nostra
2506 1300 2564 1355 in
2597 1306 2868 1369 promptu
2890 1307 3246 1369 sequeretur.

2052 1387 2235 1453 Quam
2278 1387 2538 1452 nefanda
2568 1386 2792 1458 profert
2836 1384 3068 1459 agitque
3097 1401 3300 1443 comes.
3332 1386 3679 1442 Generoeum

1979 1475 2174 1530 uxoris
2201 1474 2389 1547 ipsius
2401 1476 2657 1546 factum.
2684 1505 2752 1514 —
2774 1475 2844 1530 Et
2872 1482 3023 1531 corte
3062 1474 3121 1531 in
3148 1474 3333 1531 Natali
3364 1483 3419 1530 et
3450 1474 3675 1531 Passio-

1980 1576 2051 1618 ne
2082 1562 2400 1631 Dominica,
2427 1570 2481 1618 et
2509 1562 2565 1617 in
2584 1560 2917 1631 hujusmodi
2949 1568 3063 1616 tam
3087 1561 3364 1617 humilem
3384 1576 3442 1618 se
3467 1562 3678 1631 praebe-

1979 1652 2097 1720 bat,
2132 1660 2196 1708 ut
2225 1652 2325 1708 vix
2360 1652 2643 1722 perﬁdum
2702 1659 3057 1721 putaremus.
3110 1652 3284 1708 Nocte
3317 1652 3568 1722 paschali
3618 1668 3677 1709 se

1980 1740 2039 1796 in
2066 1739 2302 1796 ecclesia
2358 1740 2430 1796 ad
2478 1739 2834 1811 vigilandum
2866 1740 3205 1808 contulerat,
3240 1738 3501 1811 religioso
3547 1739 3676 1797 oui-

163 1827 257 1884 dit
310 1840 407 1882 eas
455 1826 512 1880 in
563 1824 794 1880 linteolo
844 1824 954 1879 sub
1006 1837 1147 1878 saxo
1222 1823 1523 1893 pendente.
1585 1823 1727 1879 Cum
1784 1822 1870 1878 his
1905 1803 2111 1884 Bdam
2142 1828 2366 1898 clerico,
2400 1837 2463 1886 ut
2508 1803 2576 1885 de
2617 1827 2888 1899 mysterio
2934 1827 3158 1885 dierum
3190 1803 3420 1885 illorum
3478 1828 3678 1899 aliqua

163 1913 447 1972 omnibus
473 1926 707 1983 quoque
756 1911 1110 1981 phylacteria
1139 1923 1303 1965 sacra
1332 1910 1709 1977 subduxerat,
1740 1924 1871 1980 quae

164 2001 439 2071 quandiu
472 2000 673 2067 tenuit,
727 2000 977 2056 dormire
1021 2014 1133 2054 non
1166 2007 1407 2068 poterat,
1461 1998 1598 2069 quia
1657 1998 1871 2053 sanctis

163 2089 406 2146 feralem
436 2090 699 2145 animum
728 2088 1209 2152 concutientibus,
1242 2089 1383 2143 tanti
1410 2102 1545 2143 eum
1586 2086 1871 2157 sacrilegii

164 2177 377 2233 horror
398 2177 705 2232 invaserat.
740 2175 924 2246 Igitur
953 2184 1009 2230 et
1041 2174 1154 2244 ipse
1186 2175 1242 2229 in
1274 2174 1520 2230 sublime
1544 2181 1867 2244 provectus,

166 2262 468 2333 appositus
494 2270 579 2319 est
608 2263 680 2319 ad
715 2272 902 2333 patres
930 2278 1083 2328 suos,
1122 2262 1287 2332 plane
1308 2260 1583 2318 diabolos.

813 2351 1045 2409 CAPUT
1077 2352 1227 2409 XVI.

243 2436 461 2493 Matri:
485 2438 761 2506 Joannis,
779 2440 1109 2495 Sueuorum
1140 2437 1384 2505 cornitis,
1415 2440 1580 2494 actus
1599 2454 1867 2509 nequam.

166 2526 473 2581 Manassie
494 2526 672 2582 etiam
712 2532 918 2582 mater.
965 2532 1311 2585 -—Joannes
1358 2527 1594 2595 interea,
1637 2526 1870 2582 Suesso-

169 2629 308 2671 rum
335 2630 524 2672 comes
551 2617 639 2685 (ut
671 2617 791 2687 jam
837 2617 1048 2687 stylum
1097 2616 1169 2672 ad
1217 2617 1493 2686 promissa
1529 2614 1868 2685 vertamus),

170 2703 381 2758 militia
422 2704 601 2759 solers
633 2704 906 2774 pacisque
947 2705 1241 2759 studiosus
1288 2703 1415 2769 fuit,
1464 2703 1635 2773 cujus
1677 2711 1869 2757 tamen

169 2791 411 2847 intentio
441 2792 562 2847 sola
594 2805 701 2848 sua
733 2792 947 2848 utilitas
998 2792 1122 2848 fuit.
1173 2792 1316 2848 Nam
1366 2799 1602 2861 paterna
1632 2798 1685 2844 et
1715 2790 1871 2846 avita

169 2878 435 2948 nequitia
461 2879 518 2934 in
543 2879 788 2935 exitium
820 2879 1027 2935 matris
1046 2893 1273 2948 semper
1294 2878 1560 2935 Ecclesia
1589 2878 1873 2932 redunda-

169 2966 274 3023 vit.
309 2967 481 3023 Porro
513 2975 695 3023 mater
730 2966 1011 3040 [Joannis]
1037 2968 1184 3023 inter
1214 2975 1420 3023 caztera
1453 2964 1713 3036 potentiae
1749 2978 1869 3020 sua;

168 3054 454 3113 miracula
485 3058 616 3125 (49),
667 3055 927 3128 linguam
975 3056 1217 3113 diacono
1260 3055 1489 3111 cu':dam
1539 3069 1574 3109 a
1632 3060 1867 3124 gutture

167 3152 495 3214 exemptam
528 3144 745 3202 succidi
774 3144 924 3209 fecit,
950 3144 1260 3213 oculosque
1292 3141 1554 3199 convelli.
1578 3141 1862 3197 Nimirum

170 3233 228 3288 id
262 3236 624 3305 praesumpsit
647 3234 1003 3305 parricidalis
1027 3233 1289 3289 audacia.
1310 3233 1451 3288 Nam
1466 3230 1648 3288 Judaei
1673 3229 1763 3299 cuj
1777 3244 1866 3284 us-

170 3321 304 3377 dam
350 3322 540 3378 studio
590 3323 823 3379 fratrem
869 3320 1166 3392 proprium
1208 3319 1520 3390 cupiditate
1558 3319 1889 3403 comitatus.

170 3423 392 3465 veneno
423 3410 725 3465 occiderat.
757 3409 940 3474 Quam
969 3408 1040 3463 ob
1071 3421 1306 3463 causam
1337 3416 1391 3463 et
1420 3408 1682 3463 Judaeum
1720 3407 1868 3476 ignis

171 3498 503 3568 assumpsit,
526 3508 583 3553 et
616 3499 738 3567 ipsa
782 3496 962 3567 pridie
1003 3510 1180 3566 quam
1217 3492 1395 3566 caput
1424 3494 1631 3566 jejunii
1663 3509 1865 3565 seque-

170 3586 365 3653 batur,
441 3594 745 3657 postquam
808 3584 1015 3640 eximie
1071 3590 1421 3652 crenaverat,
1477 3583 1534 3637 in
1596 3582 1717 3653 ipso
1774 3582 1865 3638 sui

170 3675 358 3730 somni
418 3682 581 3730 nocte
636 3673 950 3743 primordio
1016 3671 1265 3741 paralysi
1325 3684 1613 3740 percussa,
1678 3669 1866 3726 ofﬁcia

170 3760 387 3832 linguae
420 3760 681 3831 perdidit,
712 3760 884 3816 totius
903 3758 1158 3828 corporis
1200 3758 1636 3815 invalitudinem
1666 3759 1866 3816 incur-

171 3849 282 3918 rit;
315 3849 588 3919 quodque
614 3847 975 3918 potissimum
1006 3854 1109 3907 est.
1157 3846 1235 3901 nil
1269 3845 1535 3915 deinceps
1591 3846 1746 3917 quod
1793 3847 1864 3903 ad

171 3937 352 3992 Deum
393 3936 700 4005 pertineret
731 3937 941 4005 sapuit,
995 3942 1050 3990 et
1106 3934 1174 3989 de
1200 3942 1402 3990 caetero
1433 3948 1671 4004 porrum
1701 3934 1862 3990 vixit.

170 4024 273 4081 Cui
306 4023 476 4080 etiam
510 4023 665 4103 justo
696 4022 791 4078 Dei
838 4021 1075 4093 judicio,
1106 4022 1273 4092 quasi
1321 4036 1423 4091 pro
1455 4021 1692 4089 medela,
1725 4036 1864 4091 pene

172 4112 375 4185 lingua
404 4113 625 4169 desecta
653 4120 758 4167 est.
824 4110 913 4167 Sic
963 4125 1022 4166 se
1073 4110 1146 4166 ab
1190 4110 1351 4165 initio
1399 4109 1864 4180 Quadragesimae

171 4214 354 4271 usque
384 4201 455 4257 ad
487 4209 720 4257 octavas
752 4200 1004 4267 Paschae,
1034 4214 1169 4256 cum
1197 4200 1347 4255 diem
1378 4200 1606 4261 clausit.
1637 4197 1859 4255 habuit.

172 4290 325 4345 Inter
355 4289 535 4359 ipsam
568 4298 781 4357 autem,
834 4298 887 4345 et
918 4290 1077 4347 hunc
1121 4291 1420 4356 Joannem,
1451 4296 1506 4344 et
1533 4290 1863 4360 episcopum

1980 1915 2088 1972 sibi
2120 1916 2352 1985 diceret,
2392 1924 2762 1988 suggesserat
2795 1930 2807 1970 :
2840 1913 2948 1982 Qui
2997 1930 3131 1972 cum
3180 1913 3431 1986 qualiter
3475 1929 3678 1986 passus
3780 1968 3786 1975 .

1978 2003 2051 2060 sit
2078 2004 2377 2073 Dominus,
2404 2013 2459 2061 et
2498 2004 2785 2075 quomodo
2816 2003 3151 2067 resurrexit,
3184 2003 3520 2072 intimasset,
3567 2019 3677 2060 ex-

1978 2090 2218 2146 sibilans
2246 2106 2435 2147 comes
2478 2091 2597 2147 ait:
2634 2093 2774 2147 Ecce
2805 2090 3024 2158 fabula,
3056 2106 3187 2147 ecce
3223 2099 3455 2148 ventus.
3507 2091 3560 2147 Si
3588 2099 3673 2159 tu,

1981 2178 2189 2248 inquit,
2223 2192 2323 2248 pro
2349 2186 2518 2235 vento
2540 2186 2596 2235 et
2627 2178 2844 2245 fabula,
2876 2193 3007 2249 qua
3037 2178 3281 2234 dixerim
3311 2177 3506 2242 habes,
3531 2177 3675 2249 quid

1978 2266 2071 2322 hic
2098 2266 2350 2336 vigilas?
2383 2267 2680 2331 Pulchras,
2718 2268 2817 2335 ait,
2853 2267 3141 2334 mulieres,
3175 2282 3308 2337 quae
3341 2269 3467 2323 istic
3493 2282 3671 2323 coex-

1976 2353 2212 2421 cubant,
2261 2354 2499 2410 libenter
2549 2354 2800 2410 attendo.
2848 2354 3008 2411 Certe
3050 2370 3181 2410 cum
3229 2355 3535 2425 conjugem
3579 2354 3676 2425 ju-

1978 2440 2282 2496 venculam
2320 2442 2630 2511 speciosam
2675 2441 2931 2507 haberet,
2963 2455 3030 2496 ea
3067 2449 3387 2511 contempta
3416 2442 3677 2511 rugosis-

1978 2531 2181 2585 simam
2242 2531 2320 2585 ita
2377 2528 2681 2585 affectabat
2722 2544 2925 2597 anum,
2968 2536 3031 2585 ut
3074 2544 3205 2585 cum
3242 2530 3391 2585 intra
3437 2528 3675 2585 domum

1977 2618 2282 2689 cujusdam
2313 2618 2492 2675 Judaei
2523 2619 2729 2674 lectum
2758 2618 2886 2685 sibi,
2940 2610 3017 2674 et'
3043 2617 3124 2673 illi
3152 2617 3364 2687 saepius
3402 2617 3674 2687 apparari

1976 2706 2206 2770 faceret,
2238 2721 2544 2777 nunquam
2567 2710 2759 2762 tamen
2790 2712 2976 2762 stratu
2999 2704 3248 2761 cohiberi
3285 2711 3527 2775 poterat,
3573 2705 3672 2760 sed

1978 2795 2035 2850 in
2069 2795 2323 2865 aliquem
2350 2794 2635 2864 angulum
2670 2803 2917 2864 turpem,
2943 2802 3044 2849 aut
3074 2801 3223 2849 certe
3246 2793 3399 2848 intra
3428 2792 3672 2862 apothe-

1977 2896 2101 2938 cam
2135 2883 2391 2952 aliquam
2420 2897 2535 2951 prae
2579 2881 2771 2937 furore
2807 2881 3060 2937 libidinis
3090 2896 3149 2936 se
3189 2895 3321 2937 cum
3353 2879 3447 2936 illa
3484 2879 3671 2936 sordi-

1975 2970 2211 3027 dissima
2240 2969 2636 3025 contrudebat.
2665 2967 2833 3035 Quid,
2868 2968 3021 3038 quod
3053 2982 3183 3023 cunt
3218 2981 3399 3023 uxore
3427 2980 3535 3023 sua
3564 2980 3673 3037 pa-

1975 3058 2339 3113 rasitastrum
2372 3054 2703 3124 quemdam,
2734 3054 3032 3109 exstinctis
3055 3054 3178 3123 jam
3206 3061 3368 3109 nocte
3399 3053 3670 3122 lucernis,

1975 3144 2084 3200 sub
2110 3142 2296 3212 specie
2319 3141 2411 3197 sui
2435 3141 2697 3197 cubitum
2722 3141 2802 3196 ire
2835 3141 3153 3207 mandavit,
3190 3148 3253 3196 ut
3277 3140 3543 3196 adulterii
3580 3140 3670 3197 sui

1975 3234 2189 3290 crimen
2241 3230 2628 3302 impingeret?
2656 3232 2791 3295 Quae
2835 3244 2965 3286 cum
3013 3244 3127 3285 non
3155 3244 3277 3285 esse
3306 3228 3566 3284 comitem
3597 3244 3672 3285 ex

1974 3320 2198 3392 corpori
2255 3320 2534 3390 qualitate
2591 3321 2825 3375 sentiret
2885 3319 3029 3387 (erat
3086 3318 3239 3373 enim
3296 3331 3485 3373 comes
3524 3315 3671 3373 {cede

1975 3408 2396 3480 pruriginosus)
2438 3422 2545 3463 suo
2575 3422 2692 3477 quo
2721 3406 2901 3461 valuit
2943 3407 3095 3467 nisu.
3116 3413 3171 3461 et
3192 3405 3448 3475 pedisseq
3461 3418 3670 3460 uarum

1974 3495 2216 3561 auxilio,
2249 3508 2509 3549 scurram
2545 3494 2691 3549 dure
2718 3493 2937 3549 cecidit.
2960 3491 3109 3559 Quid
3142 3492 3354 3561 plura?
3385 3491 3508 3547 Non
3541 3504 3672 3546 san-

1973 3582 2381 3646 ctimonialem,
2416 3597 2529 3637 non
2564 3582 2903 3638 monacham
2943 3595 2978 3635 a
3022 3594 3131 3636 sua
3166 3580 3441 3635 abusione
3468 3578 3669 3635 exclu-

1973 3680 2140 3737 serat,
2173 3686 2279 3727 nec
2306 3672 2549 3726 fratrum
2585 3669 2750 3741 plane
2777 3677 3109 3725 sanctorum
3173 3681 3433 3738 unquam
3466 3666 3669 3723 rivali-

1974 3761 2075 3817 tati
2111 3766 2459 3829 pepercerat.

2042 3846 2403 3920 Impiissima
2425 3850 2481 3901 et
2506 3845 2738 3916 infelici
2752 3847 2935 3900 morte
2952 3844 3128 3916 periit
3154 3861 3342 3900 comes
3354 3844 3670 3901 ille.—Hu-

1967 3938 2066 4009 jus
2116 3934 2462 4006 putidissimi
2522 3934 2908 4002 blasphemias
2952 3947 3083 3987 cum
3145 3932 3258 4002 pati
3311 3932 3432 4003 jam
3492 3930 3668 4001 Virgo

1971 4025 2169 4089 Mater,
2228 4023 2488 4077 omnium
2539 4021 2760 4091 regina,
2816 4034 2931 4075 non
2985 4026 3189 4088 posset,
3224 4019 3489 4074 redeunti
3512 4018 3565 4073 ei
3592 4019 3666 4074 ab

1970 4111 2332 4181 expeditione
2361 4110 2539 4180 regia,
2571 4108 2922 4178 collegarum
2948 4120 3186 4162 suorum
3235 4106 3564 4161 daemonum
3592 4106 3667 4162 ad

1973 4200 2172 4256 urbem
2193 4200 2314 4269 jam
2347 4197 2761 4269 propinquanti
2785 4198 2986 4265 ingens
3003 4194 3209 4265 globus
3237 4193 3526 4263 apparuit,
3563 4194 3665 4265 qui

1973 4287 2127 4343 hirta
2151 4299 2336 4351 coma,
2365 4298 2539 4339 sensu
2593 4281 2766 4340 eﬂ'ero
2815 4282 3054 4339 domum
3095 4282 3351 4349 veniens,
3386 4295 3453 4337 ea
3502 4291 3667 4338 nocte

172 4377 509 4443 Manassem,
548 4377 692 4433 filios
719 4378 867 4447 ejus,
900 4392 1014 4433 non
1056 4378 1223 4433 modo
1257 4376 1594 4442 simultates,
1638 4378 1734 4433 sed
1778 4378 1861 4434 le-
1900 4400 1944 4454 ι)
1975 4376 2219 4446 conjuge
2237 4372 2486 4443 repulsa,
2512 4387 2646 4428 cum
2676 4386 2795 4428 anu
2821 4373 3092 4442 praedicta
3110 4371 3444 4439 concubuit,
3468 4371 3525 4425 in
3547 4384 3668 4441 qua

176 4463 348 4521 thalia
377 4464 507 4521 odia
534 4473 720 4527 erant,
752 4473 807 4521 et
838 4464 959 4520 bzec
990 4465 1263 4536 genuina.
1317 4465 1460 4521 Nam
1494 4480 1678 4537 genus
1722 4465 1861 4522 illud

174 4552 419 4608 vicissim
454 4550 688 4608 infestos
718 4567 777 4609 se
802 4552 1033 4609 habent.
1077 4552 1237 4610 Certe
1283 4553 1421 4609 dum
1467 4553 1536 4609 ad
1572 4554 1863 4611 tumulum

174 4641 359 4698 delata
405 4639 623 4708 fuisset,
673 4640 821 4696 inter
871 4640 1261 4710 sepeliendum
1290 4641 1426 4696 mihi
1468 4656 1656 4698 comes
1684 4644 1864 4700 isdem

173 4727 241 4784 de
260 4739 347 4795 ea,
372 4741 504 4797 qua:
532 4734 669 4783 sunt
699 4727 967 4796 superius
1007 4727 1186 4783 relata
1213 4728 1508 4797 narrabat,
1540 4730 1815 4801 adjiciens
1847 4746 1860 4786 :

181 4815 347 4885 Quid,
384 4813 596 4885 inquit,
622 4829 725 4885 pro
757 4815 878 4886 ipsa
912 4815 1207 4887 dilargiar,
1238 4830 1370 4871 cum
1405 4831 1508 4887 pro
1553 4832 1660 4874 sua
1686 4818 1868 4890 ipsius

173 4903 364 4958 anima
394 4901 517 4972 ipsa
541 4901 618 4957 nil
651 4902 897 4958 voluerit
928 4902 1236 4973 dilargiri?

244 4991 313 5045 In
327 4993 610 5046 Joannem
625 4988 814 5055 illum,
832 4988 1077 5044 Iudaica:
1085 4988 1715 5062 perﬁdizseclatorem,
1729 4992 1867 5050 scri-

168 5077 283 5151 psit
296 5078 607 5134 Guibertus
621 5081 927 5133 tractatum
940 5082 1141 5134 contra
1149 5080 1398 5135 Judzos.
1418 5111 1487 5121 ——
1505 5082 1763 5152 Denique
1779 5097 1868 5138 co-

176 5181 291 5223 mes
318 5167 459 5237 ipse,
485 5165 578 5223 cui
632 5175 783 5224 recte
813 5166 921 5223 dici
967 5175 1171 5238 posset,
1223 5189 1243 5217 ι
1279 5176 1439 5238 pater
1473 5176 1611 5226 tuus
1654 5171 1865 5227 Amor-

174 5255 345 5312 rheus
359 5262 415 5311 et
432 5261 615 5311 mater
639 5262 741 5312 tua
763 5255 989 5313 Cethaea
1014 5255 1243 5326 (Ezech.
1268 5271 1389 5322 xw,
1422 5258 1501 5327 3),
1518 5279 1539 5306 ι
1561 5273 1677 5315 non
1699 5259 1865 5316 modo

172 5343 238 5399 ad
270 5350 565 5413 parentem
614 5344 971 5413 regeneravit
1003 5351 1339 5415 utrumque,
1388 5344 1485 5400 sed
1533 5346 1715 5403 multo
1761 5346 1866 5403 de-

171 5433 377 5489 teriora
406 5429 641 5501 peregit.
676 5431 797 5501 ipse
824 5431 1159 5488 Iudaeorum
1189 5439 1245 5488 et
1283 5431 1685 5491 haereticorum
1734 5448 1863 5504 per-

241 5608 347 5677 (49)
379 5605 617 5661 lronice.

1970 4476 2026 4524 et
2056 4463 2249 4523 lethali
2281 4472 2459 4521 morte
2485 4464 2777 4519 decubuit.
2810 4466 3071 4534 Cumque
3120 4462 3346 4517 anxiari
3386 4461 3664 4532 cwpisset,

1974 4555 2307 4627 pradictum
2339 4552 2609 4609 clericum
2643 4567 2773 4608 cum
2803 4566 2920 4623 quo
2942 4552 2999 4606 in
3032 4551 3243 4623 vigiliis
3270 4556 3465 4621 egerat
3492 4565 3668 4619 super

1971 4644 2280 4702 urinarum
2322 4654 2565 4698 suarum
2619 4639 3075 4696 consideratione
3132 4639 3442 4694 consuluit.
3474 4638 3581 4705 Qui
3614 4640 3668 4695 ei

1970 4732 2041 4789 de
2068 4738 2245 4787 morte
2284 4728 2633 4799 reSpondens
2684 4742 2818 4783 cum
2868 4741 2976 4782 sua
3022 4728 3236 4793 anima,
3268 4733 3324 4781 et
3355 4726 3423 4779 de
3463 4739 3669 4795 perpe-

1970 4819 2137 4876 tratis
2165 4817 2504 4875 libidinibus
2547 4831 2683 4873 eum
2738 4814 3091 4881 conveniret,
3138 4812 3231 4867 ille
3272 4811 3510 4868 intulit:
3545 4811 3666 4879 Vis,

1973 4906 2183 4978 inquit,
2215 4913 2277 4962 ut
2300 4904 2683 4961 leccatoribus
2715 4900 2992 4974 (gulosis).
3040 4899 3252 4957 scilicet
3298 4899 3665 4969 presbyteris,

1972 5011 2099 5053 mea
2128 4994 2408 5065 erogem?
2439 5008 2510 5049 ne
2538 4992 2771 5049 obolum
2820 4990 3077 5061 quidem.
3122 4989 3170 5044 A
3218 4987 3415 5044 multis
3457 4987 3665 5045 discre-

1972 5084 2215 5141 tiorihus
2250 5090 2302 5138 te
2332 5080 2504 5137 didici
2533 5095 2734 5136 omnes
2758 5079 2997 5136 feminas
3022 5078 3227 5134 debere
3255 5092 3374 5133 esse
3404 5092 3671 5134 commu-

1972 5187 2093 5240 nes,
2125 5171 2318 5227 ethoc
2363 5169 2585 5226 nullius
2649 5168 2923 5225 momenti
2961 5182 3082 5224 esse
3140 5175 3455 5237 peccatum.
3491 5166 3668 5234 Dixit,

1973 5268 2028 5316 et
2051 5258 2193 5315 nihil
2228 5256 2387 5315 aliud
2411 5269 2588 5326 quam
2640 5254 2860 5312 rabiem
2911 5261 3102 5325 postea
3150 5252 3317 5320 dixit,
3374 5260 3476 5310 aut
3518 5253 3670 5311 fecit.

1971 5349 2115 5406 Nam
2167 5354 2450 5403 astantem
2495 5344 2604 5401 sibi
2656 5344 2964 5417 conjugem
3015 5344 3159 5415 pede
3216 5342 3415 5400 volens
3446 5344 3673 5414 propel-

1972 5435 2109 5502 lere,
2158 5434 2389 5490 cuidam
2439 5432 2606 5489 miltti
2665 5431 2862 5502 (deest,
2923 5431 3174 5502 alapam,
3222 5432 3327 5487 aut
3381 5432 3671 5503 pugnum)
