3946 6390
288 390 385 443 951

1178 389 1242 445 ν.
1281 390 1619 447 GUIBERTI
1655 388 1945 445 ABBATIS
1983 391 2039 446 S.
2084 390 2324 446 MANE
2363 389 2455 445 DE
2496 387 2891 446 NOVIGENTO

3692 388 3803 442 952

287 518 517 577 sedente
545 532 633 588 ea,
664 518 900 591 impegit
954 518 1231 591 grandem
1270 520 1430 588 adeo,
1484 527 1548 576 ut
1572 534 1705 575 eum
1756 526 1984 577 everte—
2021 521 2072 577 Α
2096 518 2273 576 vitam
2326 533 2385 577 se
2412 518 2782 591 apostolicam
2822 526 3015 576 tenere
3041 518 3346 590 iactantes,
3379 534 3581 576 eorum
3629 526 3800 577 actus

287 617 392 667 ret.

357 698 729 756 Tenebantur
756 713 897 770 ergo
946 700 1297 757 insanissimi
1351 697 1601 755 hominis
1644 711 1870 762 manus,
1912 711 1985 754 ne

286 802 347 846 se
402 801 655 857 suosque
711 787 1015 858 disjiceret,
1083 790 1265 845 donec
1330 788 1761 858 defatigaretur,
1804 786 1985 842 donec

285 874 692 948 virginissime
748 873 1017 932 Genitrici
1068 883 1124 933 et
1178 878 1291 933 Deo
1353 875 1466 931 tilio
1499 877 1627 947 ejus
1684 874 1982 931 inimicum

285 960 501 1019 diaboli
521 969 889 1033 extorqueret
912 962 1199 1033 spiritum.

909 1104 1143 1162 CAPUT
1173 1104 1353 1161 XVII.

354 1223 670 1291 Clemenlii,
695 1224 970 1289 Ebrardi,
1001 1229 1059 1280 et
1084 1226 1411 1299 gregalium
1431 1226 1702 1282 hereseos
1729 1243 1977 1283 summa.

281 1313 448 1369 —At
504 1313 783 1385 quoniam
850 1313 1273 1383 hereticorum,
1335 1330 1481 1387 quos
1542 1316 1634 1372 hic
1696 1315 1981 1373 nefandus

282 1401 536 1467 amabat,
580 1402 967 1470 meminimus,
1025 1401 1264 1473 quidam
1316 1404 1588 1471 rusticus,
1635 1403 1982 1462 Clementius

283 1489 532 1553 nomine.
564 1503 697 1546 cum
731 1488 907 1547 fratre
964 1491 1246 1560 Ebrardo,
1278 1493 1433 1562 apud
1457 1492 1793 1560 Buciacum,
1842 1507 1980 1563 pro-

281 1576 501 1634 ximam
524 1577 811 1634 Suessioni
845 1578 1061 1648 villam,
1122 1580 1540 1637 commanebat.
1576 1578 1706 1647 Qui,
1754 1588 1819 1637 ut
1850 1581 1979 1637 vul-

280 1664 548 1735 gabatnr,
591 1665 659 1721 de
696 1665 1044 1734 primoribus
1069 1681 1189 1723 sne
1216 1667 1493 1724 hereseos
1540 1676 1679 1723 erat.
1743 1670 1817 1724 De
1870 1670 1977 1725 hoc

278 1750 500 1809 ferebat
521 1752 945 1824 impurissimus
1002 1755 1092 1811 ille
1117 1770 1325 1823 comes,
1359 1756 1517 1826 quod
1572 1756 1976 1827 sapientiorem

279 1853 345 1895 eo
372 1840 658 1897 neminem
701 1842 1143 1912 comprobasset.
1206 1844 1447 1900 Heresis
1507 1852 1700 1900 autem
1753 1858 1821 1899 ea
1871 1852 1973 1908 est,

281 1942 396 1984 non
419 1943 550 1998 que
591 1928 781 1999 palam
809 1944 980 1985 suum
1007 1929 1217 2001 dogma
1245 1931 1531 1999 defendat,
1557 1930 1653 1987 sed
1683 1946 1815 2001 que
1848 1945 1974 2002 per-

282 2016 469 2085 petuis
523 2016 798 2073 damnata
840 2018 1098 2074 susurris
1143 2018 1498 2076 clandestina
1554 2026 1769 2090 serpat.
1837 2019 1979 2090 Ejus

280 2116 418 2159 vero
448 2103 576 2159 talis
606 2104 818 2161 dicitur
844 2119 966 2162 esse
994 2121 1243 2163 summa.

353 2189 472 2263 (¹²⁰)
513 2192 976 2263 Dipensationem
1034 2194 1162 2251 Filii
1208 2194 1466 2266 Virginis
1506 2194 1853 2266 phantasma
1895 2194 1975 2250 fa-

281 2288 498 2339 tentur.

354 2368 641 2440 Baptisma
671 2369 1048 2440 parvulorum
1083 2384 1199 2427 non
1228 2370 1670 2442 intelligentium
1728 2372 1838 2429 sub
1872 2385 1978 2443 pa-

281 2457 449 2513 trinis
479 2457 929 2529 quibuscunque
959 2458 1283 2515 adnullant.

350 2543 532 2602 Suum
563 2551 755 2601 autem
787 2545 1074 2616 appellant
1097 2546 1355 2604 Verbum
1403 2547 1525 2616 Dei,
1567 2549 1723 2620 quod
1769 2549 1830 2606 fit
1861 2564 1978 2621 quo

186 2678 193 2685 ,
281 2631 474 2689 nescio
509 2639 701 2689 rotatu
732 2632 905 2703 longo
925 2647 1275 2691 sermonum.

354 2719 689 2790 Mysterium
720 2720 875 2791 quod
904 2719 969 2777 ﬁt
1000 2720 1058 2777 in
1107 2723 1275 2779 altari
1319 2732 1513 2782 nostro
1552 2727 1628 2782 ita
1665 2727 1979 2784 exhorrent

285 2815 350 2863 ut
378 2821 479 2864 ora
506 2808 869 2866 sacerdotum
897 2809 1156 2867 omnium
1187 2827 1250 2868 os
1273 2812 1479 2870 inferni
1510 2814 1818 2885 appellent.

353 2895 423 2951 Et
452 2895 500 2950 si
532 2909 634 2966 pro
686 2896 968 2954 velamine
1012 2913 1135 2955 sue
1170 2900 1444 2956 hereseos
1484 2902 1791 2973 aliquoties
1830 2901 1980 2958 inter

282 2980 423 3039 alios
468 2991 665 3040 nostra
710 2993 1069 3043 sacramenta
1132 2986 1463 3058 suscipiant,
1522 2990 1603 3046 sic
1667 2975 1767 3060 pro
1826 2990 1979 3046 dieta

283 3070 515 3140 habent,
559 3080 622 3129 ut
648 3086 717 3129 ea
754 3073 845 3129 die
866 3074 945 3129 nil
969 3076 1221 3145 amplius
1247 3077 1438 3134 edant.

352 3159 525 3217 Sacra
543 3162 866 3219 cemeteria
895 3176 929 3219 a
958 3164 1183 3236 reliqua
1212 3173 1366 3223 terra
1402 3167 1827 3237 comparatione
1864 3182 1979 3224 non

282 3247 568 3306 dividunt.

352 3335 634 3408 Coniugia
661 3337 965 3409 damnant,
992 3347 1047 3395 et
1078 3339 1428 3399 fructiﬁcare
1456 3342 1724 3401 coitibus.

356 3425 425 3481 Et
449 3434 603 3482 certe
650 3440 782 3483 cum
832 3441 936 3498 per
963 3428 1232 3485 Latinum
1281 3431 1569 3501 conspersi
1610 3432 1725 3489 sint
1762 3433 1979 3501 orbem,

283 3514 480 3570 videas
510 3514 666 3571 viros
696 3514 1041 3572 mulieribus
1070 3516 1402 3574 cohabitare
1434 3518 1556 3575 sine
1588 3520 1802 3588 mariti,
1853 3536 1984 3578 con-

280 3602 558 3674 jugisque
588 3602 840 3671 nomine,
892 3603 970 3659 ita
1000 3610 1065 3660 ut
1117 3604 1210 3661 vir
1264 3618 1398 3661 cum
1453 3605 1680 3673 femina,
1716 3608 1984 3680 singulus

286 3704 420 3746 cum
445 3689 679 3760 singula
710 3704 829 3746 non
861 3698 1136 3758 moretur,
1162 3692 1259 3749 sed
1291 3692 1399 3749 viri
1428 3708 1560 3750 cum
1604 3695 1762 3761 viris,
1816 3696 1982 3753 femi-

286 3792 378 3835 ne
403 3793 536 3835 cum
570 3777 796 3835 feminis
828 3780 1090 3837 cubitare
1118 3790 1455 3839 noscantur.
1489 3783 1633 3839 Nam
1685 3784 1797 3841 viri
1828 3786 1984 3856 apud

285 3881 383 3924 eos
415 3866 475 3923 in
517 3867 787 3924 feminam
818 3869 977 3925 nefas
1004 3877 1107 3926 est.

355 3954 541 4012 Edula
559 3955 819 4012 omnium
851 3971 984 4028 que
1004 3972 1078 4014 ex
1108 3958 1265 4015 coitu
1285 3967 1630 4029 nascuntur,
1660 3960 1980 4019 eliminant.

358 4041 772 4101 Conventicula
806 4044 1025 4103 faciunt
1054 4045 1114 4102 in
1154 4046 1429 4118 hypogeis
1479 4056 1581 4105 aut
1640 4050 1985 4119 pennalibus

290 4126 722 4199 Ipenetralibus,
750 4129 842 4185 vel
876 4130 1201 4204 penatibus]
1225 4131 1453 4199 abditis,
1481 4146 1657 4189 sexus
1684 4134 1859 4191 simul
1889 4136 1981 4191 in-

284 4214 584 4281 differens,
618 4215 723 4285 qui
759 4217 1012 4273 candelis
1057 4218 1311 4275 accensis
1357 4219 1586 4275 cuidam
1629 4220 1983 4278 mulierculae

285 4302 394 4359 sub
430 4302 639 4359 obtutu
691 4305 972 4373 omnium,
1030 4308 1274 4374 retectis,
1329 4314 1394 4363 ut
1444 4307 1675 4377 dicitur,
1728 4310 1979 4377 natibus,

2092 608 2242 664 solos
2266 607 2453 680 legere
2473 607 2926 678 amplectuntur.

2162 696 2255 753 Ad
2273 694 2559 767 judicium
2576 698 2853 751 vocantur
2874 696 2947 752 ab
2977 695 3238 768 episc0po
3257 695 3670 752 Suessionensi.
3698 698 3797 754 Co-

2090 801 2220 841 ram
2250 785 2514 844 Guiberlo
2537 784 3123 858 interrogantur.—A
3148 786 3379 841 domino
3400 800 3535 858 ergo
3556 785 3793 842 Suesso-

2093 887 2223 930 rum
2256 874 2522 944 pontifice
2566 876 2689 930 vim
2745 874 3065 929 clarissimo
3099 874 3357 930 Lisiardo
3413 873 3632 944 prefati
3675 873 3796 928 duo

2092 962 2162 1018 ad
2195 976 2441 1019 examen
2471 971 2775 1034 urgentur.
2806 964 2848 1030 Q
2878 962 3028 1019 unus
3053 977 3185 1019 cum
3216 962 3289 1018 ab
3318 962 3579 1033 episcopo
3628 961 3794 1031 inge-

2091 1058 2334 1119 reretur,
2365 1050 2521 1121 quod
2571 1059 2891 1108 conventus
2919 1055 3126 1121 preter
3165 1050 3461 1107 ecclesiam
3514 1050 3789 1116 facerent,

2087 1146 2141 1194 et
2174 1139 2423 1194 heretici
2474 1139 2545 1196 ab
2600 1139 2872 1197 affinibus
2912 1139 3273 1205 dicerentur;
3309 1137 3599 1209 respondit
3657 1138 3789 1194 Cle-

2089 1228 2376 1283 mentius:
2408 1227 2563 1283 Num
2611 1228 2846 1300 legistis,
2888 1229 3140 1297 domine,
3189 1228 3248 1283 in
3298 1227 3631 1298 Evangelio,
3684 1226 3789 1282 ubi

2089 1315 2340 1372 dicitur:
2377 1337 2405 1365 «
2430 1317 2582 1373 Beati
2610 1317 2799 1373 eritis?
2820 1339 2840 1366 ι
2877 1317 3032 1388 (Luc.
3078 1331 3154 1382 vr,
3181 1319 3288 1386 22;
3320 1318 3498 1371 Joan.
3524 1329 3648 1382 xm,
3676 1315 3789 1384 l7.)

2089 1403 2232 1461 Cum
2264 1412 2409 1461 esset
2455 1405 2610 1461 enim
2670 1405 2994 1471 illiteratus,
3054 1405 3210 1474 quod
3242 1425 3270 1452 ‹‹
3320 1403 3476 1458 eritis
3506 1424 3534 1451 ν»
3566 1402 3790 1472 signiﬁ-

2085 1501 2241 1549 caret
2273 1492 2567 1549 hereticos
2595 1493 2937 1549 aestimabat.
2972 1492 3219 1549 Putabat
3273 1491 3444 1547 etiam
3476 1491 3630 1561 quod
3676 1492 3792 1547 he-

2090 1581 2248 1637 retici
2283 1581 2630 1647 dicerentur,
2674 1580 2840 1651 quasi
2894 1579 3262 1647 hereditarii,
3314 1579 3469 1635 haud
3542 1579 3788 1634 dubium

2090 1668 2234 1739 quin
2270 1669 2385 1724 Dei.
2426 1668 2570 1724 Cum
2614 1681 2752 1738 ergo
2794 1667 3221 1723 discuterentur
3275 1666 3416 1736 quid
3467 1666 3787 1732 crederent,

2092 1756 2578 1813 Christianissime
2631 1756 3073 1826 responderunt,
3140 1754 3538 1810 conventicula
3598 1762 3792 1810 tamen

2016 1816 2058 1873 Β
2089 1858 2203 1900 non
2226 1850 2534 1915 negarunt.
2563 1845 2633 1899 At
2654 1816 2796 1914 quia
2835 1844 3036 1900 talium
3060 1816 3160 1899 est
3204 1856 3437 1914 negare,
3468 1850 3522 1898 et
3564 1855 3793 1912 semper

2086 1932 2355 1989 hebetum
2411 1932 2558 1987 clam
2589 1932 2763 1987 corda
2817 1932 3107 1998 seducere,
3140 1930 3350 1987 addicti
3397 1938 3534 1987 sunt
3567 1930 3790 2003 judicio

2083 2020 2417 2077 exorcizate
2464 2033 2653 2091 aque.
2683 2021 2943 2090 Cumque
2970 2020 3027 2075 in
3055 2020 3176 2089 ipso
3197 2028 3483 2090 apparatu
3528 2026 3789 2090 rogasset

2087 2124 2176 2165 me
2203 2108 2516 2178 episcopus,
2570 2116 2634 2164 ut
2660 2108 2732 2165 ab
2759 2109 2840 2164 eis
2869 2115 3082 2164 secreto
3122 2109 3261 2178 quid
3311 2108 3587 2164 sentirent
3628 2107 3791 2163 elice-

2087 2211 2230 2264 retn,
2259 2204 2315 2253 et
2359 2196 2442 2252 eis
2497 2195 2786 2265 baptisma
2841 2195 3151 2252 infantium
3204 2209 3600 2265 proponerem,
3636 2194 3793 2249 dixe-

2086 2293 2268 2341 runt:
2310 2307 2330 2333 ι
2357 2283 2466 2351 Qui
2518 2284 2826 2340 crediderit
2869 2291 2925 2341 et
2955 2284 3280 2354 baptizatus
3333 2283 3525 2351 fuerit,
3586 2283 3789 2339 salvus

2089 2397 2110 2424 ι
2169 2373 2278 2430 erit
2332 2373 2542 2445 (Marc.
2589 2386 2711 2439 xvn,
2743 2375 2823 2442 6).
2856 2393 2885 2423 »
2922 2372 3187 2444 Cumque
3222 2373 3281 2430 in
3323 2372 3474 2429 bona
3498 2370 3786 2429 sententia

2084 2471 2355 2529 magnam
2393 2466 2680 2528 quantum
2734 2459 2806 2514 ad
2860 2459 3010 2529 ipsos
3040 2459 3415 2530 intelligeretn
3465 2459 3641 2515 latere
3692 2473 3788 2513 ne-

2086 2545 2351 2615 quitiam,
2385 2545 2739 2616 interrogavi
2767 2545 2909 2616 quid
2926 2552 3197 2615 putarent
3223 2560 3398 2615 super
3428 2544 3517 2601 bis
3542 2545 3641 2615 qui
3674 2544 3786 2601 sub

2087 2633 2332 2689 aliorum
2366 2633 2476 2689 fide
2503 2633 2890 2704 baptizantur.
2929 2634 3001 2689 Et
3049 2632 3165 2689 illi:
3218 2633 3451 2703 Propter
3489 2634 3669 2689 Deum
3714 2647 3784 2689 ne

2088 2734 2191 2777 nos
2216 2720 2358 2777 adeo
2381 2719 2664 2791 profunde
2688 2723 2934 2777 scrutari
2968 2720 3173 2777 velitis.
3212 2720 3407 2776 Itidem
3443 2721 3514 2777 ad
3552 2721 3785 2791 singula

2088 2809 2339 2879 capitula
2370 2808 2662 2876 addentes,
2697 2822 2800 2864 nos
2854 2809 3051 2864 omnia
3078 2822 3211 2879 que
3242 2806 3428 2864 dicitis
3474 2808 3780 2864 credimus.

2086 2897 2251 2954 Tunc
2280 2898 2587 2954 recordans
2615 2912 2816 2953 versus
2848 2898 3022 2966 illius,
3054 2899 3111 2953 in
3145 2911 3319 2969 quem
3342 2896 3785 2953 Priscillianiste

2087 2985 2223 3042 olim
2252 2993 2679 3053 consenserant,
2706 2985 2919 3043 scilicet
2945 3002 2958 3042 :

2156 3074 2331 3142 Jura,
2361 3074 2625 3147 perjura,
2657 3077 2937 3130 secretum
2959 3073 3202 3146 prodere
3228 3072 3350 3129 noli
3373 3092 3389 3128 :

2899 3163 3163 3235 (Ancusr.
3193 3164 3281 3217 De
3306 3163 3503 3217 heres.
3529 3175 3579 3217 c.
3600 3162 3713 3229 '70.)

2089 3250 2211 3306 dixi
2264 3251 2336 3306 ad
2394 3250 2763 3322 episcopum:
2823 3251 3104 3319 Quoniam
3164 3255 3332 3309 testes
3386 3252 3620 3317 absunt,
3681 3248 3785 3320 qui

2089 3351 2185 3392 eos
2218 3337 2358 3393 talia
2385 3338 2835 3410 dogmatizantes
2864 3340 3197 3408 audierunt,
3252 3348 3435 3410 cepto
3484 3352 3581 3395 eos
3634 3336 3791 3394 addi-

2089 3425 2471 3496 citejudicio;
2503 3435 2626 3484 erat
2656 3429 2809 3483 enim
2844 3437 3108 3485 matrona
3139 3429 3430 3499 quedam,
3478 3441 3655 3499 quam
3687 3440 3790 3497 per

2090 3526 2313 3570 annum
2342 3513 2690 3571 Clementius
2738 3516 3187 3573 dementaverat.
3241 3516 3379 3572 Erat
3409 3524 3463 3572 et
3511 3515 3791 3570 diaconus

2091 3601 2352 3671 quidam,
2394 3602 2498 3673 qui
2540 3617 2615 3660 ex
2666 3604 2882 3674 prefati
2926 3618 3024 3660 ore
3064 3604 3178 3660 alia
3221 3603 3478 3675 capitula
3532 3601 3789 3674 maligna

2090 3687 2371 3745 audierat.
3736 3728 3743 3735 ε

2163 3773 2447 3829 Probatur
2472 3789 2669 3830 eorum
2692 3775 2842 3843 ﬁdes
2866 3792 2973 3848 per
3008 3777 3437 3831 sacramentum
3468 3778 3522 3831 et
3547 3790 3786 3847 aquam,

2093 3861 2344 3932 Papulas
2385 3861 2675 3920 hereticos
2724 3862 2859 3937 igne
2901 3865 3171 3920 absumit.
3222 3895 3292 3904 —
3335 3865 3535 3921 Missas
3589 3864 3789 3936 itaque

2089 3951 2206 4023 egit
2234 3953 2554 4023 episcopus,
2586 3953 2656 4010 de
2688 3954 2860 4027 cujus
2896 3969 3075 4011 manu
3104 3954 3214 4011 sub
3262 3954 3355 4010 his
3384 3955 3576 4011 verbis
3622 3968 3790 4011 sacra

2091 4047 2461 4109 sumpserunt
2493 4056 2506 4095 :
2539 4041 2766 4115 Corpus
2815 4049 2873 4099 et
2924 4043 3165 4115 sanguis
3196 4043 3421 4099 Domini
3454 4042 3645 4099 veniat
3692 4056 3792 4098 vo-

2091 4125 2179 4182 bis
2217 4128 2287 4183 ad
2322 4128 2711 4198 probationem
2771 4130 2956 4187 hodie.
2990 4131 3112 4198 Quo
3142 4130 3308 4199 facto,
3346 4130 3639 4201 piissimus
3661 4131 3790 4200 epi-

2089 4230 2315 4286 scopus,
2350 4224 2405 4274 et
2478 4218 2681 4274 Petrus
2730 4219 3176 4276 archidiaconus
3214 4222 3303 4275 vir
3336 4220 3446 4276 ﬁde
3494 4219 3795 4291 integerri-

2091 4319 2242 4371 mus,
2269 4305 2370 4377 qui
2412 4313 2476 4362 ut
2513 4321 2628 4363 non
2662 4306 3090 4378 subjicerentur
3133 4307 3372 4379 judicio,
3417 4322 3618 4364 eorum
3648 4321 3791 4377 pro-

287 4389 692 4461 procumbenti
742 4406 840 4448 eas
891 4406 926 4447 a
966 4401 1127 4465 tergo
1158 4393 1443 4464 oll‘erunt;
1478 4395 1683 4467 hisque
1717 4410 1851 4452 mox
1892 4411 1985 4453 ex-
2019 4404 2065 4459 D
2093 4395 2266 4452 missa
2295 4399 2613 4466 respuerat,
2636 4396 2709 4452 ad
2739 4409 2924 4467 aquas
2945 4396 3281 4466 procedunt.
3306 4396 3625 4466 Episcopus
3651 4408 3790 4450 cum

289 4478 513 4534 stinctis
549 4477 722 4534 chaos
780 4479 1168 4552 undecunque
1214 4482 1595 4550 conclamant,
1652 4492 1707 4541 et
1752 4500 1885 4542 cum
1915 4499 1983 4542 ea

286 4580 421 4638 que
450 4565 524 4622 ad
557 4580 796 4624 manum
818 4570 1040 4626 venerit
1065 4573 1252 4641 prima
1281 4572 1530 4643 quisque
1566 4573 1695 4630 coit.

356 4654 520 4724 Quod
567 4655 615 4711 si
670 4656 812 4714 inibi
853 4656 1067 4715 femina
1120 4660 1479 4731 gravidetur,
1532 4668 1700 4731 partu
1751 4662 1984 4719 demum

285 4742 415 4799 fuso
446 4742 505 4799 in
538 4743 788 4813 idipsum
817 4746 1056 4803 reditur.

352 4836 506 4887 suo
556 4833 712 4904 ignis
764 4834 987 4891 multus
1038 4835 1394 4904 accenditur,
1437 4849 1471 4892 a
1520 4837 1986 4895 circumsedenti-

283 4917 396 4975 bus
426 4932 572 4989 puer
603 4920 673 4977 de
704 4935 884 4979 manu
939 4922 998 4979 in
1038 4937 1275 4981 manum
1312 4938 1413 4996 per
1461 4924 1722 4982 ﬂammas
1745 4927 1980 4997 jacitur,

284 5005 466 5062 donec
493 5008 908 5080 exstinguitur.
944 5011 1158 5069 Deinde
1188 5012 1247 5068 in
1272 5013 1492 5070 cineres
1535 5013 1817 5084 redigitur
1849 5030 1864 5082 ;
1909 5028 1984 5070 ex

284 5092 476 5151 cinere
502 5096 670 5166 panis
698 5098 1037 5170 coniicitur;
1071 5101 1285 5172 cuique
1337 5115 1470 5172 pars
1499 5116 1601 5172 pro
1633 5102 1986 5159 eucharistia

283 5181 581 5250 tribuitur,
633 5197 751 5254 qua
798 5194 1097 5258 assumpta
1152 5203 1454 5261 nunquam
1508 5204 1653 5260 pene
1684 5191 1756 5247 ab
1780 5190 1983 5248 heresi

285 5269 407 5340 ipsa
434 5270 807 5341 resipiscitur.

355 5355 469 5411 Isti
509 5356 840 5415 Manicheis
886 5378 1097 5433 parum
1139 5364 1476 5424 dissimiles.
1534 5398 1602 5409 —-
1650 5366 1708 5425 Si
1761 5367 1984 5438 relegas

286 5443 527 5500 hereses
573 5445 645 5501 ab
675 5447 1001 5518 Augustino
1048 5452 1315 5524 digestas,
1370 5456 1514 5513 nulli
1570 5456 1753 5527 magis
1801 5470 1978 5527 quam

285 5530 735 5588 manicheornm
788 5536 1035 5606 reperies
1080 5540 1408 5597 convenire.
1468 5542 1606 5609 Que
1626 5542 1763 5599 olim
1793 5548 1981 5612 cepta

282 5631 317 5671 a
364 5617 736 5688 doctioribus,
808 5624 1109 5683 residuum
1160 5626 1388 5684 demisit
1433 5630 1506 5685 ad
1556 5630 1818 5697 rusticos,
1871 5629 1975 5700 qui

2088 4483 2290 4540 multis
2345 4483 2612 4555 lacrymis
2673 4484 2934 4541 litaniam
2994 4483 3316 4554 precinuit,
3368 4483 3573 4539 deinde
3620 4496 3790 4538 exor-

2089 4572 2334 4629 cismum
2363 4573 2512 4629 fecit.
2544 4573 2684 4630 Inde
2732 4580 3093 4629 sacramenta
3135 4572 3342 4628 dedere
3389 4586 3449 4628 se
3480 4584 3788 4641 nunquam

2088 4669 2290 4717 contra
2322 4660 2489 4717 ﬁdem
2521 4669 2776 4717 nostram
2815 4660 3142 4727 credidisse,
3204 4667 3306 4716 aut
3329 4660 3612 4715 docuisse.
3660 4659 3786 4714 Cle-

2089 4747 2342 4804 mentius
2394 4748 2453 4804 in
2478 4748 2695 4805 dolium
2755 4747 2986 4814 missus,
3032 4762 3099 4803 ac
3124 4747 3173 4803 si
3202 4747 3371 4818 virga
3426 4754 3785 4817 supernatat.

2087 4835 2211 4902 Quo
2265 4835 2409 4900 viso,
2460 4834 2700 4892 inﬁnitis
2772 4836 3001 4907 gaudiis
3051 4843 3169 4892 tota
3231 4834 3470 4893 effertur
3528 4834 3783 4891 ecclesia.

2087 4926 2325 4980 Tantam
2375 4924 2529 4980 enim
2577 4938 2754 4980 sexus
2788 4924 3094 4994 utriusque
3150 4924 3533 4994 frequentiam
3591 4922 3789 4993 Opinio

2090 5011 2200 5067 ista
2219 5010 2594 5077 conﬂaverat,
2638 5018 2920 5082 quantam
2944 5011 3083 5067 inibi
3116 5026 3282 5067 nemo
3303 5009 3669 5081 presentium
3727 5025 3793 5067 se

2089 5099 2300 5155 vidisse
2352 5098 2711 5154 meminerat.
2774 5098 2929 5154 Alter
2991 5099 3287 5156 confessus
3345 5112 3621 5165 errorem,
3688 5098 3791 5154 sed

2089 5186 2469 5258 impenitens,
2520 5200 2653 5243 cum
2684 5186 2859 5243 fratre
2879 5186 3141 5243 convicto
3168 5187 3225 5242 in
3257 5185 3494 5242 vincula
3547 5185 3787 5256 conjici-

2088 5284 2205 5332 tur.
2240 5276 2363 5332 Duo
2394 5274 2491 5330 alii
2519 5288 2550 5330 e
2583 5274 2937 5331 Durmantiis
2979 5275 3117 5331 villa
3167 5272 3554 5345 probatissimi
3602 5272 3787 5329 here-

2088 5364 2180 5421 tici
2216 5362 2289 5419 ad
2335 5362 2725 5433 spectaculum
2758 5370 3055 5430 venerant,
3079 5363 3413 5434 pariterque
3447 5361 3587 5419 tenti
3623 5368 3783 5416 sunt.

2086 5450 2201 5523 (ut)
2256 5451 2473 5506 [nterea
2522 5451 2883 5520 perreximus
2928 5451 3000 5507 ad
3049 5451 3393 5507 Belvacense
3440 5447 3778 5515 concilium,

2085 5538 2408 5597 consulturi
2448 5539 2741 5611 episcopos
2780 5538 2882 5611 qui
2939 5539 3088 5595 facto
3142 5553 3292 5610 opus
3336 5546 3501 5594 esset.
3560 5537 3665 5594 Sed
3720 5536 3787 5592 ﬁ-

2085 5628 2230 5685 delis
2291 5628 2517 5685 interim
2557 5627 2802 5699 populus
2855 5627 3173 5684 clericalem
3217 5639 3440 5697 _verens
3486 5624 3782 5683 mollitiem
