3946 6416
97 436 218 489 953

1197 432 1290 486 DE
1333 431 1488 487 VITA
1525 433 1659 487 SUA
1699 431 1883 486 LIBRI
1923 429 2204 487 TBES.—
2233 427 2364 485 LIB.
2408 431 2506 486 III.

3521 435 3626 489 954

93 565 407 623 concurrit
436 565 509 622 ad
540 563 921 636 ergastulum,
955 563 1125 635 rapit,
1157 570 1212 620 et
1241 562 1496 633 subjecto
1529 563 1612 620 eis
1647 571 1811 619 extra
1850 565 1899 618 Α
1924 562 2176 618 candum
2207 562 2465 618 oculusa
2491 563 2700 630 fronte,
2733 572 2789 621 et
2834 566 2908 622 ab
2952 581 3050 623 ore
3096 567 3298 639 lingua
3334 569 3625 638 expromi-

93 655 316 712 urbem
351 655 480 727 igne
511 655 724 725 pariter
755 653 1162 710 concremavit.
1195 651 1451 718 Quorum
1492 666 1565 707 ne
1607 666 1813 722 propa-

93 753 352 815 geretur
379 744 667 811 carcinus,
691 744 915 813 justum
944 756 1083 810 erga
1110 755 1205 796 eos
1231 739 1414 796 zelum
1463 739 1665 796 habuit
1719 740 1814 794 Dei

96 833 388 904 populus.

729 919 956 976 CAPUT
991 919 1197 975 XVIII.

185 1006 394 1062 Puella
423 1007 572 1071 festo
615 1004 710 1060 die
730 1007 786 1062 S.
837 1003 1074 1060 Nicasii
1117 1021 1282 1059 suere
1327 1018 1678 1076 praesumens
1715 1000 1817 1056 dat

89 1111 326 1168 ρωηω.
359 1094 517 1150 Huic
539 1094 914 1166 opemferlB.
958 1093 1239 1165 Virgo.—-
1265 1093 1432 1162 Apud
1473 1091 1816 1147 Noviomum

92 1185 354 1240 ecclesia
397 1192 482 1240 est
531 1183 894 1254 parochialis,
959 1181 1017 1238 in
1073 1182 1225 1238 beati
1285 1180 1536 1238 Nichasii
1604 1180 1817 1234 honore

93 1272 183 1328 ab
213 1271 466 1328 Alduino
493 1271 620 1343 [al.,
656 1267 982 1343 Harduino]
1011 1269 1305 1340 quondam
1353 1269 1612 1339 episcopo
1651 1267 1813 1322 dedi-

92 1368 262 1416 cata.
298 1361 439 1430 Ipsa
483 1359 654 1416 etiam
687 1359 815 1430 ejus
864 1358 1122 1428 reliquia
1178 1358 1324 1414 istuc
1353 1371 1388 1413 a
1441 1355 1818 1413 Remensibus

92 1449 425 1518 deportata
455 1447 802 1518 aliquandiu
860 1447 1230 1516 quieverunt,
1267 1459 1382 1500 non
1425 1444 1552 1500 dico
1584 1444 1640 1498 in
1671 1457 1815 1512 pra-

93 1537 266 1592 dicta
314 1535 573 1600 ecclesia,
634 1535 731 1590 sed
784 1535 842 1590 in
912 1534 1072 1590 urbe.
1123 1535 1270 1589 Ante
1320 1533 1426 1588 hoc
1466 1547 1604 1602 ergo
1643 1532 1818 1588 ferme

96 1624 614 1696 quinquennium,
664 1637 798 1678 cum
848 1622 1154 1678 imminens
1221 1622 1491 1692 martyris
1541 1619 1818 1676 festivitas

89 1713 273 1784 jussa
301 1715 499 1768 esseta
524 1711 852 1781 presbytero
883 1710 1089 1766 debitis
1121 1710 1276 1765 feriis
1308 1709 1606 1776 honorari,
1648 1722 1816 1778 qua-

95 1803 245 1857 dam
278 1813 346 1856 ea
367 1799 458 1854 die
490 1797 845 1870 paupercula
873 1797 993 1853 sola
1013 1797 1227 1868 degens
1253 1796 1362 1852 sub
1393 1804 1574 1851 matre
1601 1795 1811 1865 puella,

95 1887 318 1944 suendi
349 1859 650 1956 quidpiam
685 1883 1047 1954 prasumpsit
1087 1859 1467 1953 vopusculum.
1503 1859 1642 1945 Qua
1679 1859 1812 1937 cum
1853 1859 1895 1916 Β

96 1976 388 2032 manibus
417 1974 637 2030 suenda
665 1981 940 2043 coaptans
969 1973 1128 2028 ﬁlum
1162 1985 1263 2042 per
1293 1972 1576 2043 linguam,
1609 1979 1674 2026 ut
1718 1984 1816 2026 as-

99 2064 320 2130 solent,
351 2071 406 2120 et
449 2063 612 2119 labra
663 2061 1043 2132 protraheret,
1076 2060 1155 2116 ﬁli
1210 2061 1416 2127 nodus,
1459 2060 1561 2130 qui
1620 2059 1814 2115 multa

97 2160 237 2210 erat
266 2151 568 2224 grossitiei,
601 2165 669 2206 ac
699 2151 745 2206 si
775 2150 830 2205 id
860 2157 1220 2220 praacutum
1252 2149 1468 2220 lingua
1497 2148 1816 2204 summitati

99 2244 254 2298 adeo
309 2240 600 2306 inseritur,
635 2247 700 2295 ut
731 2239 1064 2295 nullatenus
1109 2237 1318 2293 exinde
1372 2236 1551 2292 eximi
1606 2244 1810 2306 posset.

97 2331 256 2389 Nam
285 2331 332 2386 si
364 2329 436 2384 ab
467 2328 662 2398 aliquo
688 2331 1010 2383 tentaretur
1026 2326 1211 2393 evelli,
1241 2325 1560 2382 immodicis
1607 2327 1815 2381 misera

99 2417 400 2492 angustiis
428 2424 755 2488 angeretur.
785 2415 929 2471 Cum
969 2414 1293 2485 frequentia
1335 2413 1513 2484 igitur
1551 2412 1814 2484 populari

101 2508 452 2565 calamitosa
508 2505 604 2561 illa
665 2505 736 2561 ad
788 2504 1168 2575 episcopalem
1220 2503 1539 2570 ecclesiam,
1585 2503 1816 2574 Regina

104 2603 440 2665 martyrum
472 2593 922 2649 misericordiam
961 2599 1264 2663 precatura
1293 2607 1406 2648 non
1438 2591 1649 2660 verbis,
1681 2606 1814 2648 cum

102 2694 302 2744 matre
340 2683 725 2755 progreditur.
787 2683 960 2752 Loqui
1012 2681 1166 2737 enim
1225 2679 1318 2736 ﬁlo
1365 2680 1626 2751 linguam
1677 2688 1818 2736 tere-

105 2778 324 2833 brante
352 2787 421 2829 ac
450 2772 588 2828 inibi
633 2771 989 2842 dependente
1018 2770 1118 2825 vix
1153 2777 1391 2839 poterat.
1425 2769 1574 2834 Quid
1605 2769 1817 2839 plura?

104 2859 315 2917 Turba
362 2857 595 2928 quidem
637 2855 799 2925 vulgi
836 2854 1150 2924 lacrymose
1203 2855 1552 2924 compatiens
1581 2855 1815 2910 domum

105 2947 306 3011 rediit,
337 2949 642 3014 postquam
671 2941 772 2997 diu
801 2941 1152 2997 laborantem
1187 2940 1502 3011 puellulam
1534 2941 1818 2998 multum-

105 3050 230 3108 que
269 3037 644 3103 spectaverat.
708 3030 814 3086 Illa
855 3029 944 3085 die
995 3029 1118 3100 ipso
1168 3043 1304 3086 cum
1347 3038 1510 3086 nocte
1552 3031 1818 3101 sequenti

1926 659 2051 721 tur;
2081 652 2280 722 sicque
2314 666 2378 707 eo
2418 652 2709 721 damnato,
2740 653 2910 710 vellet
2944 655 3137 722 nollet,
3175 655 3407 712 residua
3435 656 3627 726 prada

1925 741 2243 796 reducitur.

1997 830 2151 884 Alter
2191 827 2448 900 contigui
2480 829 2643 884 ﬂuvii
2689 838 2928 899 partem,
2978 831 3081 902 qui
3133 833 3348 903 Aquila
3392 847 3624 889 nuncu-

1925 927 2118 988 patur,
2173 917 2468 986 piscationi
2507 931 2627 972 sua
2674 919 2960 975 ascribere
3012 920 3324 989 nitebatur,
3371 936 3502 990 qua
3553 936 3625 977 ex

1925 1007 2166 1076 antiquo
2212 1005 2430 1074 prafati
2476 1005 2580 1061 loci
2641 1005 2920 1063 fratribus
2979 1009 3314 1065 debebatur.
3365 1010 3628 1080 Cumque

1926 1096 2170 1152 fratrum
2207 1096 2457 1165 piscator
2492 1095 2566 1151 ab
2603 1095 2697 1150 illa
2757 1100 2919 1165 parte
2977 1096 3235 1153 ﬂuminis
3286 1112 3388 1167 per
3437 1099 3626 1168 ipsum

1926 1185 2160 1241 militem
2220 1183 2454 1241 omnino
2503 1184 2921 1241 absterreretur
2975 1194 3031 1240 et
3077 1200 3178 1255 pro
3239 1186 3345 1242 hoc
3377 1187 3627 1243 Ecclesia

1925 1273 2125 1328 multis
2181 1271 2404 1342 placitis
2456 1281 2782 1343 urgeretur,
2835 1287 2869 1328 a
2915 1273 3156 1328 Domina
3201 1276 3536 1343 prapotenti
3566 1276 3625 1331 in

1925 1360 2198 1417 membris
2252 1360 2550 1430 aliquibus
2580 1361 2905 1432 paralyseos
2949 1361 3279 1418 valetudine
3334 1376 3626 1432 conquas-

1925 1459 2108 1506 satur.
2151 1449 2254 1506 Sed
2305 1449 2411 1505 hoc
2440 1464 2574 1506 cum
2608 1450 2871 1516 fortuna,
2908 1464 3024 1505 non
3059 1450 3259 1506 ultioni
3291 1450 3502 1506 divina
3531 1465 3628 1507 as-

1925 1539 2188 1604 criberet,
2237 1537 2545 1592 dormienti
2595 1537 2674 1593 illi
2704 1537 2962 1607 piissima
3009 1537 3178 1608 Virgo
3208 1539 3405 1605 astitit,
3438 1546 3492 1594 et
3521 1538 3627 1594 ali-

1926 1636 2067 1697 quot
2112 1627 2162 1684 ei
2215 1626 2411 1695 alapas
2461 1640 2578 1681 non
2623 1626 2744 1682 sine
2801 1627 3102 1682 severitate
3145 1627 3202 1682 in
3248 1626 3390 1683 facie
3449 1627 3624 1684 dedit.

1925 1717 2030 1783 Qui
2097 1715 2307 1771 exinde
2353 1721 2741 1784 experrectus,
2817 1723 2871 1771 et
2927 1729 2999 1772 ex
3057 1715 3295 1772 verbere
3345 1715 3628 1771 sensatior

1926 1806 2129 1872 factus,
2186 1803 2336 1861 illico
2387 1803 2632 1874 nudipes
2674 1805 2746 1860 ad
2792 1818 2880 1859 me
2952 1804 3127 1870 venit,
3177 1803 3404 1859 veniam
3467 1791 3663 1874 petit,-

1926 1891 2065 1961 quid
2143 1891 2307 1947 beata
2381 1891 2562 1947 Maria
2637 1881 3018 1948 animositatis
3091 1890 3201 1947 sibi
3271 1891 3626 1959 intendisset,

1924 1979 2169 2049 aperuit,
2204 1987 2485 2049 usurpata
2543 1979 2776 2036 remisit.
2826 1980 2942 2036 Hoc
2991 1994 3172 2036 unum
3223 1979 3416 2045 didici,
3470 1980 3626 2050 quod

1925 2080 2094 2122 nemo
2134 2065 2223 2121 isti
2257 2066 2522 2122 Ecclesia
2554 2066 2812 2122 infensus
2855 2066 2963 2122 fuit
2992 2067 3091 2136 qui
3126 2081 3238 2120 non
3284 2067 3355 2121 ad
3393 2066 3629 2122 evidens

1925 2154 2330 2210 detrimentum
2364 2154 2606 2220 venerit,
2639 2154 2683 2210 si
2719 2169 3084 2224 perseverare
3107 2155 3399 2225 delegerit.

1999 2241 2206 2298 Itidem
2236 2241 2599 2314 Compendii.
2625 2271 2698 2284 -—
2737 2243 2905 2312 Apud
2947 2243 3360 2312 Compendium
3387 2243 3627 2312 quidam

1926 2332 2266 2401 prapositus
2304 2332 2500 2401 regius
2525 2331 2946 2386 adversabatur
2982 2331 3232 2387 ecclesia
3276 2331 3454 2386 beata
3502 2331 3628 2387 Ma-

1925 2421 2044 2486 ria,
2095 2427 2152 2475 et
2181 2419 2480 2476 beatorum
2527 2419 2771 2476 Cornelii
2829 2427 2885 2475 et
2917 2420 3210 2490 Cypriani.
3255 2423 3434 2484 Qu‘em
3493 2433 3626 2475 cum

1925 2507 2048 2564 foro
2080 2508 2267 2564 medio
2318 2508 2507 2564 clerici
2557 2507 2953 2576 convenirent,
2985 2515 3040 2564 et
3083 2522 3156 2564 ex
3199 2508 3430 2563 nomine
3456 2515 3629 2562 tanta

1927 2597 2202 2664 Domina,
2256 2605 2669 2667 tantorumque
2725 2604 3120 2666 patronorum,
3172 2610 3244 2652 ne
3289 2595 3344 2650 id
3423 2596 3630 2651 faceret

1927 2685 2356 2748 denuntiarent,
2418 2683 2512 2740 ille
2581 2683 2760 2738 sacris
2806 2684 2864 2738 in
2914 2683 3074 2738 nullo
3130 2683 3389 2739 deferens
3441 2683 3630 2737 nomi-

1929 2773 2121 2838 nibus,
2177 2773 2321 2828 fade
2352 2771 2678 2843 rogantium
2729 2785 2832 2827 ora
2862 2771 3268 2842 exprobrando
3322 2769 3628 2839 confudit;

1929 2863 2022 2918 sed
2091 2863 2239 2918 inter
2315 2862 2441 2931 ipsa
2504 2861 2702 2928 verba,
2753 2875 2886 2916 cum
2932 2875 3085 2931 equo
3142 2860 3430 2924 insideret,
3491 2860 3630 2924 ruit,

1929 2959 1984 3010 et
2054 2952 2174 3020 (η’)
2233 2949 2656 3005 sordidissimas
2705 2949 2928 3015 bracas,
2993 2949 3210 3018 quibus
3267 2948 3628 3019 cingebatur,

1931 3039 2150 3096 ventris
2175 3037 2457 3108 proﬂuvio
2484 3051 2618 3092 mox
2647 3036 2758 3092 sub
2785 3051 2844 3092 se
2875 3037 3144 3106 respexit.

107 3136 496 3197 perseverans
562 3121 620 3176 in
701 3120 963 3190 petendo,
1024 3121 1226 3174 comite
1289 3128 1470 3175 matre
1521 3121 1811 3176 remansit.
1853 3143 1892 3198 ρ
1993 3130 2049 3184 s.
2083 3125 2245 3180 Justi
2269 3123 2550 3196 reliquias
2567 3123 2892 3196 percutiens
2915 3124 3247 3180 mulctatur.
3281 3153 3350 3164 —
3381 3125 3454 3178 Et
3489 3123 3631 3194 quia

107 3210 395 3270 Postridie
431 3224 566 3266 cum
599 3208 901 3264 Dominam
940 3205 1218 3262 calorum
1248 3219 1316 3261 ac
1364 3214 1530 3262 terra
1570 3221 1822 3276 praeor-

109 3299 449 3358 dialissimis
488 3298 755 3368 precibus
789 3295 1195 3367 pulsavissent,
1244 3302 1300 3351 et
1355 3296 1502 3351 sicut
1556 3295 1822 3352 Ansellus

110 3390 417 3460 presbyter
473 3386 725 3443 ecclesia
777 3385 1018 3440 sacrista
1085 3384 1230 3440 mihi
1274 3383 1489 3450 retulit,
1548 3384 1820 3441 letaniam

109 3487 306 3536 matre
366 3476 816 3547 pranuntiante,
882 3473 1002 3530 ﬁlia
1057 3473 1594 3539 submurmurante,
1665 3487 1731 3530 ac
1772 3475 1820 3530 si

112 3569 330 3625 scirent
379 3566 595 3622 litteras
644 3563 893 3620 mirabili
939 3561 1142 3619 ordine
1195 3562 1535 3629 texuissent,
1582 3563 1699 3619 ﬁlia
1748 3563 1818 3618 ad

115 3657 318 3714 Matris
348 3653 597 3726 Virginis
622 3654 804 3709 altare
837 3651 1222 3724 progreditur,
1253 3650 1632 3722 ﬂebiliterque
1661 3667 1821 3708 com-

114 3745 410 3816 plectitur,
447 3757 697 3813 moxque
727 3742 887 3797 ﬁlum
915 3741 1064 3796 inter
1101 3739 1300 3796 oscula
1329 3740 1532 3796 crebra
1563 3739 1818 3798 laxatur.

117 3835 204 3890 Ad
237 3835 529 3891 theatrum
562 3839 736 3887 tanta
789 3829 988 3901 gratia
1017 3827 1206 3885 clerus
1232 3835 1288 3884 et
1348 3828 1596 3899 populus
1626 3843 1821 3885 accer-

116 3923 213 3987 sit,
245 3921 488 3978 inﬁnitis
517 3919 792 3976 laudibus
837 3932 968 3974 cum
1002 3917 1114 3974 Deo
1141 3917 1318 3988 Virgo
1375 3916 1555 3972 Mater
1606 3917 1820 3974 attolli-

117 4018 238 4079 tur,
272 4016 414 4065 δτι
473 4023 605 4080 qua
636 4009 693 4063 in
718 4022 784 4064 eo
825 4006 1103 4078 Reginam
1156 4013 1478 4075 matryrum
1509 4019 1568 4062 se
1607 4007 1822 4075 proba-

119 4099 222 4166 vit,
256 4098 412 4170 quod
434 4095 798 4153 commissam
828 4096 886 4150 in
922 4102 1232 4164 martyrem
1263 4093 1494 4164 culpam
1526 4108 1628 4165 pro
1656 4109 1716 4151 se
1741 4095 1823 4150 sic

118 4186 244 4243 ulta
275 4194 382 4255 est,
412 4187 560 4241 sicut
590 4191 810 4248 motum
847 4183 1099 4253 denique
1133 4196 1304 4238 suum
1338 4182 1397 4237 in
1437 4182 1822 4240 satisfactione

120 4275 355 4344 placuit.
411 4274 526 4330 Nec
575 4287 782 4344 parum
841 4271 1112 4341 martyris
1159 4271 1427 4327 nobilitas
1455 4271 1684 4339 claruit,
1720 4273 1819 4342 qui

120 4364 180 4419 in
207 4378 275 4420 eo
306 4363 461 4434 quod
503 4361 912 4433 pauperculam
958 4359 1234 4417 humilem
1291 4360 1498 4431 puniit,
1532 4370 1819 4431 quantum

122 4453 421 4522 superbos,
455 4451 557 4522 qui
601 4450 710 4507 sibi
750 4450 1152 4514 adversantur,
1185 4449 1523 4506 adversetur
1553 4450 1821 4506 innotuit.

124 4538 244 4594 Hoc
289 4540 346 4595 in
377 4539 576 4595 eadem
617 4552 737 4609 qua
767 4537 982 4594 factum
1027 4545 1112 4593 est
1136 4536 1396 4604 ecclesia,
1429 4537 1571 4592 mihi
1593 4545 1649 4593 et
1679 4538 1824 4594 rela-

127 4633 274 4696 tum,
332 4635 389 4684 et
437 4627 598 4684 ﬁlum
663 4627 822 4682 mira
893 4624 1173 4697 grossitiei
1231 4639 1365 4680 cum
1429 4625 1577 4682 nodo
1636 4627 1828 4683 adhuc

128 4724 368 4773 cruento
436 4730 471 4772 a
547 4715 779 4786 prafato
863 4714 1194 4785 presbytero
1255 4721 1568 4770 ostensum.
1633 4715 1826 4771 Simile

128 4804 268 4873 quid
289 4805 461 4862 etiam
493 4805 551 4860 in
581 4805 671 4860 die
693 4803 1168 4860 Annuntiationis
1198 4801 1379 4858 beata
1405 4803 1600 4859 Maria
1628 4812 1826 4860 nostra

127 4897 291 4948 atate
337 4900 420 4948 est
471 4899 686 4958 actum,
746 4891 902 4962 quod
949 4904 985 4946 a
1035 4891 1293 4947 Ratbodo
1345 4891 1508 4948 urbis
1563 4892 1825 4964 episcopo

127 4988 348 5036 constat
375 4981 676 5051 scriptum.

196 5068 409 5124 Milites
431 5069 530 5141 qui
573 5067 884 5141 Novigenti
922 5083 1018 5124 re:
1054 5067 1421 5125 abstulerant
1468 5085 1506 5123 a
1565 5066 1825 5140 Deipara

123 5153 564 5223 plectuntur.-—
602 5160 662 5213 ln
714 5159 822 5214 hac
871 5159 994 5228 ipsa
1043 5157 1370 5229 Novigenti,
1412 5158 1507 5214 cui
1538 5158 1651 5213 Deo
1679 5171 1824 5213 auc-

130 5247 247 5299 tore
275 5247 582 5313 servimus,
624 5245 895 5312 Ecclesia,
948 5245 1111 5302 miles
1142 5245 1383 5316 quidam
1430 5246 1693 5315 rapinam
1739 5245 1821 5300 fe—

130 5340 301 5400 cerat,
343 5333 587 5390 fratrum
624 5334 838 5390 scilicet
866 5333 1040 5390 boves
1078 5333 1423 5401 abduxerat,
1456 5333 1825 5390 Calviacum-

133 5430 242 5486 que
271 5429 526 5477 castrum
557 5421 886 5488 deveniens,
921 5435 1105 5478 unum
1157 5420 1228 5476 de
1279 5421 1464 5478 bobus
1517 5421 1824 5476 comeden-

133 5503 266 5563 dum
311 5525 346 5566 a
399 5525 478 5576 se,
516 5517 581 5566 ut
635 5510 894 5580 putabat,
955 5509 1445 5580 complicibusque
1497 5511 1822 5566 decoxerat.

136 5593 218 5649 Ad
265 5599 514 5667 primum
549 5612 686 5669 ergo
737 5598 892 5669 quod
923 5598 993 5653 de
1021 5598 1297 5654 carnibus
1343 5598 1456 5654 illis
1483 5598 1568 5654 ori
1608 5597 1821 5665 intulit,

136 5681 327 5741 divina
358 5686 574 5741 virtute
604 5685 944 5755 percutitur,
974 5691 1030 5740 et
1067 5691 1311 5754 uterque
1356 5686 1404 5741 ei
1434 5685 1584 5742 inter
1621 5687 1822 5740 masti-

1930 3218 2002 3275 de
2057 3213 2381 3271 reverentia
2435 3214 2646 3268 sanctis
2699 3211 3028 3268 exhibenda
3083 3211 3271 3267 dicere
3328 3209 3628 3280 capimus,

1931 3304 2314 3375 municipium
2340 3309 2425 3359 est
2457 3302 2514 3357 in
2545 3302 2741 3358 eodem
2796 3314 2944 3371 pago
3002 3299 3362 3356 Belvacensis
3405 3299 3633 3368 episco-

1932 3394 2033 3464 pii,
2065 3392 2221 3464 quod
2271 3390 2462 3447 Sancti
2510 3389 2656 3444 Justi
2700 3397 2960 3444 vocatur.
2995 3389 3060 3442 In
3094 3401 3230 3456 quo,
3267 3400 3400 3442 cum
3431 3383 3632 3441 seditio

1929 3489 2086 3537 mota
2159 3479 2374 3547 fuisset,
2408 3487 2462 3534 et
2545 3477 2765 3534 enormi
2850 3477 3153 3533 insolentia
3214 3476 3354 3531 viles
3413 3474 3634 3546 quique

1930 3567 2186 3625 clientuli
2258 3581 2392 3624 cum
2475 3566 2864 3636 burgensibus
2942 3565 3383 3629 baccharentur,
3443 3561 3633 3619 clerici

1929 3657 2108 3714 sancti
2156 3657 2320 3727 pueri
2352 3671 2420 3711 ac
2450 3656 2719 3726 martyris
2769 3654 2917 3710 Iusti
2976 3653 3251 3724 reliquias
3305 3653 3378 3708 ad
3431 3651 3630 3707 seden-

1930 3747 2068 3802 dum
2129 3744 2407 3816 populum
2465 3745 2522 3799 in
2576 3743 2764 3799 loculo
2811 3743 3162 3799 detulerunt.
3213 3741 3316 3798 Cui
3393 3740 3632 3811 quidam

1930 3833 2316 3905 opportunior
2370 3833 2592 3888 cateris
2636 3845 2838 3888 revera
2883 3831 3169 3901 parasitus
3207 3844 3338 3886 cum
3385 3844 3444 3885 se
3474 3835 3630 3885 retu-

1932 3923 2090 3978 lisset
2123 3921 2382 3986 obvium,
2417 3921 2673 3992 gladium
2730 3921 3053 3976 irreverens
3079 3926 3134 3974 et
3154 3932 3407 3988 nequam
3439 3929 3628 3972 sacra-

1933 4011 2152 4068 tissimo
2210 4009 2398 4066 loculo
2446 4008 2656 4064 intulit.
2712 4008 2818 4074 Qui
2866 4007 3018 4064 dicto
3079 4007 3250 4063 citius
3304 4006 3363 4060 iu
3420 4013 3632 4060 terram

1931 4114 2126 4166 ruens,
2170 4098 2362 4164 fetida,
2397 4105 2460 4154 ut
2511 4096 2602 4153 ille
2633 4097 2921 4167 superius,
2967 4095 3084 4151 alvi
3115 4094 3442 4150 manatione
3470 4106 3631 4149 com-

1931 4188 2173 4257 putruit.

2001 4276 2308 4346 Presbyter
2331 4290 2473 4346 pene
2502 4289 2711 4329 veneno
2753 4271 3062 4328 exstinctus
3095 4271 3166 4324 Β.
3185 4266 3472 4346 Marcelli
3509 4283 3634 4322 me-

1928 4363 2063 4419 ritis
2117 4362 2387 4434 sospitati
2442 4360 2726 4417 redditur.
2763 4392 2832 4401 —
2880 4362 2944 4416 ln
2997 4360 3195 4416 eodem
3250 4355 3635 4414 Bellovacensi

1865 4441 2084 4524 Dpago
2110 4453 2263 4523 apud
2306 4451 2620 4522 quamdam
2677 4449 2874 4505 villam
2928 4449 3167 4522 quidam
3220 4447 3638 4518 presbyter're-

1936 4542 2104 4612 gebat
2136 4539 2470 4596 Ecclesiam.
2517 4541 2696 4603 Quem
2727 4539 2868 4594 dum
2894 4537 3132 4608 quidam
3165 4535 3420 4592 rusticus
3464 4532 3637 4588 nimis

1935 4629 2315 4686 insectaretur
2396 4627 2547 4694 odio,
2617 4627 2756 4682 adeo
2799 4625 3044 4681 invaluit
3102 4631 3168 4680 ut
3232 4637 3365 4679 eum
3416 4621 3638 4676 tradere

1935 4719 2217 4775 niteretur
2295 4717 2488 4772 exitio.
2574 4715 2721 4783 Quia
2779 4728 2917 4785 ergo
2973 4713 3160 4782 palam
3224 4725 3338 4766 non
3397 4716 3637 4779 poterat,

1935 4807 2050 4862 huc
2105 4805 2379 4861 veneﬁcio
2452 4816 2825 4874 corrumpere
2893 4808 3078 4871 parat.
3159 4798 3437 4856 Bufonem
3497 4810 3635 4867 ergo

1935 4910 2033 4967 per
2074 4895 2331 4951 membra
2360 4894 2664 4950 discissum
2719 4891 2778 4947 in
2812 4890 3039 4946 ﬁctilem
3077 4889 3204 4959 ejus
3231 4884 3634 4956 ampullulam,

1935 4997 2054 5054 qua
2106 4982 2310 5038 vinum
2364 4981 2437 5036 ad
2491 4981 2694 5037 missas
2724 4991 2954 5034 servare
2987 4981 3389 5039 consueverat,
3443 4973 3634 5029 trusit.

1933 5071 2124 5128 Solent
2159 5079 2355 5126 autem
2409 5069 2744 5140 hujusmodi
2785 5067 2856 5122 ad
2899 5067 2953 5122 id
3007 5065 3195 5135 operis
3225 5075 3362 5118 vasa
3399 5061 3544 5128 ﬁeri,
3574 5067 3638 5117 ut

1933 5165 2090 5213 arcto
2119 5166 2173 5213 et
2213 5155 2518 5225 productili
2566 5155 2730 5220 collo,
2763 5161 2963 5209 ventre
2997 5150 3336 5222 projectiora
3360 5148 3633 5205 existant.

1933 5246 2017 5300 Ad
2082 5244 2283 5300 missas
2329 5258 2465 5314 ergo
2529 5243 2823 5313 presbyter
2875 5241 3131 5306 veniens,
3193 5239 3330 5294 vino
3372 5236 3467 5292 illo
3513 5236 3634 5307 jam

1933 5333 2247 5391 veneficato
2320 5331 2591 5402 mysteria
2656 5343 2821 5386 sacra
2883 5329 3018 5400 egit.
3094 5327 3318 5391 Quibus
3397 5324 3641 5395 expletis

1934 5421 2230 5479 mortifera
2301 5420 2471 5490 coepit
2539 5418 2967 5476 exanimatione
3042 5416 3304 5481 deﬁcere,
3384 5413 3640 5469 fastidire

1933 5511 2104 5576 cibos,
2142 5523 2342 5565 mansa
2393 5507 2690 5577 bibitaque
2746 5505 2998 5576 rejicere,
3049 5513 3105 5560 et
3156 5503 3394 5559 omnino
3454 5501 3636 5557 tabes-

1933 5614 2076 5654 cere.
2123 5601 2430 5668 Postquam
2482 5603 2672 5652 autem
2731 5593 2833 5649 diu
2891 5593 3034 5648 lecto
3071 5591 3444 5656 decubuerat,
3505 5596 3640 5644 tan-

1932 5687 2060 5743 dem
2093 5685 2538 5758 vix_elaboravit
2564 5697 2899 5753 exsurgere,
2944 5681 3298 5751 veniensque
3327 5679 3399 5734 ad
3452 5677 3637 5733 eccle-
