3946 6400
333 415 436 470 955

1235 408 1298 461 V.
1338 408 1669 464 GUIBERTI
1707 406 2001 463 ABBATIS
2037 408 2100 463 S.
2147 407 2387 465 ΜΑΒΙᾸΞ
2423 407 2514 461 DE
2552 405 2938 466 NOVIGENTO

3732 409 3836 462 956

332 550 499 615 siam,
528 561 631 604 vas
670 546 823 604 unde
852 545 1037 602 morbi
1064 540 1344 615 oi‘iginem
1374 558 1434 600 se
1463 542 1772 613 sumpsisse
1811 557 2023 614 cogno-
2060 545 2106 597 A
2135 549 2264 599 ture
2312 541 2518 599 adimo.
2562 543 2736 608 Dixit,
2794 550 2851 598 et
2902 542 2976 599 ab
3031 541 3215 598 oculis
3241 543 3370 613 ejus
3397 558 3457 598 se
3485 542 3837 600 subtrahens

332 646 515 703 verat,
557 638 741 694 tenuit
793 635 1096 705 cultroque
1142 633 1353 689 collum
1416 632 1681 687 obterens
1741 630 2027 701 quidquid

333 727 483 783 intro
515 726 728 781 latebat
767 724 1030 780 humoris
1073 735 1174 792 per
1204 721 1532 790 pavimenta
1584 720 1856 789 profudit.
1891 720 2029 775 Erat

333 821 526 869 autem
555 813 703 867 idem
749 811 944 867 videre
989 810 1108 881 jam
1138 823 1213 865 ex
1258 808 1790 864 consecratione.....
1834 820 2028 862 semen

332 901 668 958 bufunculis
698 900 986 956 uberrime
1034 897 1288 966 plenum.
1338 896 1625 967 Comperit
1676 896 1842 951 homo
1873 895 2029 965 quod

334 990 648 1060 praecordia
708 1001 815 1044 sua
885 986 1168 1042 mortibus
1237 993 1426 1041 essent
1491 985 1737 1053 addicta,
1781 992 1836 1040 et
1890 984 2029 1040 dum

333 1075 786 1144 desperatissime
841 1072 1203 1144 prastolatur
1244 1072 1606 1128 imminentia
1645 1072 1781 1139 fata,
1824 1071 2030 1140 accipit

335 1164 516 1220 haeca
557 1163 809 1232 quodam
868 1161 1125 1217 consilia.
1178 1160 1231 1217 Si
1283 1161 1388 1227 vis,
1438 1161 1536 1226 ait,
1587 1161 1851 1229 pestifera
1897 1174 2029 1228 quae

332 1251 635 1320 concepisti
686 1262 937 1319 egerere,
998 1255 1101 1304 aut
1150 1248 1219 1304 de
1260 1248 1522 1318 sepulcro
1574 1247 1824 1303 Marcelli
1864 1247 2028 1302 Pari-

333 1340 547 1396 siorum
595 1338 898 1408 pontiﬁcis,
940 1344 1043 1393 aut
1095 1338 1167 1393 de
1197 1337 1364 1393 altari
1398 1337 1526 1407 ejus
1576 1338 1871 1407 pulverem
1925 1335 2027 1392 tibi

330 1427 519 1483 afferri
550 1440 765 1497 quaere,
813 1440 986 1496 quem
1042 1426 1182 1481 dum
1241 1440 1374 1481 cum
1421 1439 1578 1496 aqua
1627 1424 1907 1492 hauseris,
1958 1424 2029 1483 de

330 1501 451 1571 tua'
485 1515 745 1584 protinus
825 1515 1166 1570 salubritate
1235 1514 1478 1570 conﬁde.
1539 1513 1705 1578 Quod
1750 1527 1884 1570 cum
1933 1514 2027 1571 ille

327 1604 512 1661 facere
567 1612 932 1670 maturasset,
967 1616 1157 1658 sacros
1209 1616 1342 1659 cum
1398 1602 1596 1661 multis
1641 1602 1713 1658 ad
1760 1610 2025 1659 sanctum

326 1691 627 1749 aﬁ'ectibus
700 1692 968 1761 pulveres
1017 1691 1225 1758 ebibit;
1301 1705 1408 1747 nec
1472 1704 1633 1746 mora
1687 1705 1821 1747 cum
1867 1690 2024 1747 omni

325 1780 722 1837 circumstanti
755 1779 1062 1835 virulentia
1092 1779 1450 1835 infinitarum
1503 1778 1793 1848 reptilium
1825 1778 2025 1849 globos

324 1868 551 1939 egessit,
584 1868 920 1936 malumque
962 1867 1301 1923 universum
1341 1866 1563 1921 reddita
1614 1867 1882 1936 sospitate
1931 1880 2021 1922 re-

327 1955 510 2011 cessit.
542 1955 659 2012 Nec
696 1955 907 2011 mirum
975 1955 1020 2010 si
1078 1956 1191 2010 Deo
1252 1968 1505 2024 praesens
1561 1953 1865 2011 Marcellus
1905 1954 2026 2010 haec

329 2052 581 2114 peragat,
629 2043 732 2113 qui
765 2043 838 2099 ab
867 2058 935 2099 eo
981 2043 1236 2113 corporis
1276 2043 1578 2099 interstitio
1632 2043 1838 2099 absens
1887 2043 2024 2099 olim

326 2146 439 2188 non
465 2134 688 2189 minora
715 2133 774 2188 in
802 2132 972 2189 simili
1007 2146 1068 2188 re
1098 2140 1377 2202 patrarat.

961 2271 1190 2330 CAPUT
1230 2272 1383 2328 XIX.

397 2394 642 2462 Quidam
666 2393 939 2451 daemonis
981 2395 1252 2450 suasione
1289 2394 1401 2451 sibi
1447 2398 1689 2451 mortem
1728 2395 2021 2464 conscivit,

321 2484 424 2539 sed
452 2499 560 2556 per
614 2486 675 2538 S.
728 2484 1015 2539 Jacobum
1070 2484 1149 2538 ad
1195 2483 1375 2539 vitam
1424 2488 1738 2539 revocatur.
1772 2515 1842 2525 —
1884 2485 2023 2549 Quae

325 2573 591 2628 dicturus
620 2585 748 2627 sum
800 2571 1012 2627 nostris
1049 2571 1311 2627 inaudita
1358 2572 1713 2642 temporibus
1752 2574 2023 2631 relatione

324 2660 629 2730 cujusdam
682 2659 931 2731 religiosi
961 2673 1031 2716 ac
1069 2675 1202 2716 vere
1245 2660 1485 2717 humilis
1516 2662 1776 2718 monachi
1806 2663 2019 2732 accepi.

325 2747 435 2810 Qui
476 2747 711 2817 quidem
764 2747 1048 2804 Ioﬁ‘redus
1097 2757 1351 2805 vocatur.
1418 2749 1777 2806 Sainurensis
1824 2766 2020 2821 quon-

324 2836 458 2891 dam
520 2836 693 2891 castri
752 2843 806 2892 et
865 2836 1108 2892 aliorum
1183 2844 1507 2893 castrorum
1556 2838 1613 2893 in
1679 2839 2019 2909 Burgundia

322 2922 594 2979 dominus
634 2921 764 2991 fuit,
815 2925 984 2995 cujus
1022 2925 1136 2979 vita
1176 2925 1314 2995 quia
1364 2939 1498 2981 vero
1564 2931 1714 2980 ὅθί
1773 2935 2020 2997 cognata

321 3010 695 3081 dignoscitur,
748 3013 921 3069 verba
957 3027 1178 3069 sua.....
1233 3013 1343 3084 ![f.,
1390 3027 1490 3082 per
1535 3013 1616 3084 se]
1676 3015 2021 3073 conferenda

2139 630 2196 684 in
2229 629 2410 686 multa
2440 630 2644 685 mentis
2665 629 2955 685 hominem
2997 629 3368 698 perversitate
3399 629 3654 699 reliquit.

2205 718 2293 773 Ad
2360 718 2670 787 hospitium
2721 718 2898 787 igitur
2955 726 3117 772 nocte
3172 719 3527 786 perveniens,
3587 714 3834 781 diabolo,

2135 820 2250 861 non
2284 814 2347 861 ut
2386 807 2644 876 putabat,
2679 806 2951 875 apostolo,
2999 805 3099 875 qui
3149 820 3207 859 se
3257 812 3557 861 monuerat
3607 804 3839 862 obedire

2137 902 2539 964 praeproperat.
2602 894 3031 950 Dormientibus
3080 894 3277 963 itaque
3318 894 3485 949 sociis
3521 893 3839 949 mentulam

2137 983 2248 1038 sibi
2283 985 2466 1052 primo
2493 982 2768 1051 praecidit,
2799 983 3003 1038 deinde
3029 982 3281 1038 cultrum
3326 984 3546 1053 gutturi
3604 982 3838 1036 immer-

2138 1071 2242 1142 git.
2314 1071 2457 1128 Cum
2517 1072 2816 1128 stridorem
2875 1071 3191 1138 morientis,
3257 1078 3314 1126 et
3355 1071 3634 1140 crepitum
3695 1082 3844 1124 san-

2136 1158 2331 1228 guinis
2373 1158 2800 1228 prorumpentis
2845 1158 3078 1214 comites
3125 1158 3553 1220 subaudissent.
3600 1156 3844 1213 exciun-

2137 1256 2235 1304 tur
2281 1262 2316 1303 a
2357 1263 2575 1313 somno,
2625 1255 2698 1314 et,
2749 1247 2966 1303 lumine
3022 1247 3300 1315 adhibito,
3347 1248 3486 1317 quid
3537 1246 3690 1302 circa
3731 1245 3840 1301 ho-

2135 1338 2347 1392 minem
2391 1336 2603 1391 factum
2650 1335 2823 1391 fuerit
2857 1335 3070 1390 vident.
3124 1335 3358 1391 Mterent
3404 1336 3672 1403 denique,
3718 1341 3838 1388 tam

2134 1424 2387 1482 funestos
2426 1424 2639 1479 sodalis
2680 1424 2769 1480 sui
2818 1424 3009 1479 exitus
3052 1424 3427 1490 attendentes,
3479 1423 3577 1477 sed
3629 1421 3769 1492 quid
3803 1434 3839 1475 a

2133 1513 2391 1569 daemone
2450 1511 2674 1568 consilii
2749 1513 3031 1579 acceperit
3095 1511 3426 1566 nescientes.
3486 1510 3635 1574 Quia
3695 1524 3837 1579 ergo

2134 1601 2339 1672 quaid
2377 1614 2555 1656 causa
2602 1601 2653 1655 ei
2696 1600 3019 1669 contigerit,
3082 1599 3444 1669 ignorarunt,
3508 1608 3695 1654 tamen
3753 1598 3839 1654 illi

2132 1706 2333 1748 curam
2353 1691 2773 1761 exsequiarum
2809 1704 2923 1744 non
2956 1697 3276 1760 negarunt;
3323 1689 3595 1759 quodque
3648 1688 3840 1744 taliter

2134 1787 2359 1836 mortuo
2428 1779 2747 1835 indebitum
2808 1777 3015 1845 fuerat,
3086 1791 3187 1846 pro
3251 1776 3698 1847 comperegrino,
3771 1783 3840 1832 ut

2059 1836 2105 1894 Β
2132 1868 2455 1935 videbatur,
2502 1881 2608 1923 suo
2668 1866 2971 1922 missarum
3026 1864 3216 1922 ofﬁcia
3258 1865 3535 1921 celebrari
3586 1865 3839 1921 manda-

2132 1964 2291 2012 runt.
2327 1955 2552 2020 Quibus
2576 1954 2648 2009 ad
2704 1955 2885 2010 Deum
2941 1953 3181 2009 ﬁdeliter
3236 1953 3397 2018 fusis,
3453 1953 3666 2023 placuit
3718 1954 3838 2009 Deo

2132 2052 2198 2101 ut
2227 2044 2494 2100 resarcito
2551 2042 2789 2098 vulnere
2842 2042 3116 2112 gutturis,
3150 2042 3327 2097 vitam
3359 2055 3459 2111 per
3513 2041 3836 2110 apostolum

2131 2144 2303 2186 suum
2363 2138 2656 2200 repararet
2684 2128 2988 2184 exstincto.
3039 2128 3376 2198 Exsurgens
3407 2127 3580 2197 igitur
3638 2127 3836 2196 homo,

2128 2230 2185 2278 et
2232 2222 2455 2278 cunctis
2496 2236 2675 2292 supra
2713 2235 2889 2292 quam
2940 2220 3047 2276 dici
3100 2228 3279 2290 potest
3335 2220 3657 2276 redivivum
3715 2229 3840 2276 stu-

2130 2310 2401 2380 pentibus
2426 2309 2531 2365 fari
2570 2308 2786 2377 incipit.
2841 2305 3276 2363 Sciscitantibus
3325 2308 3520 2376 itaque
3574 2305 3677 2376 qui
3727 2307 3837 2362 ad-

2129 2406 2294 2454 erant
2338 2397 2477 2468 quid
2521 2397 2700 2453 animi
2732 2396 2791 2452 in
2848 2410 2907 2452 se
2974 2394 3366 2450 interﬁciendo
3414 2395 3701 2460 habuerit,
3761 2395 3837 2450 de

2130 2486 2413 2543 diabolica
2434 2486 2545 2542 sub
2590 2484 2827 2555 apostoli
2878 2485 3111 2539 nomine
3165 2482 3525 2552 apparitione
3596 2483 3833 2539 fatetur.

2130 2575 2450 2645 Inquisitus
2498 2573 2653 2643 quod
2712 2572 2998 2643 judicium
3043 2580 3166 2640 post
3203 2570 3296 2626 sui
3348 2570 3719 2627 homicidium
3769 2572 3833 2628 in

2130 2664 2339 2733 spiritu
2406 2675 2655 2716 censura
2710 2660 2968 2726 subierit,
3018 2661 3131 2715 ait:
3186 2662 3332 2715 Ante
3398 2659 3494 2715 Dei
3552 2661 3832 2716 thronum

2128 2751 2237 2808 sub
2269 2750 2569 2820 praesentia
2611 2748 2934 2805 communis
2971 2748 3219 2803 dominae
3251 2748 3347 2802 Dei
3371 2748 3662 2817 genitricis
3711 2748 3833 2804 vir~

2129 2840 2278 2909 ginis
2306 2838 2518 2906 Mariae,
2553 2837 2653 2893 ubi
2690 2845 2743 2892 et
2768 2844 3048 2906 patronus
3074 2850 3240 2891 meus
3278 2836 3569 2905 apostolus
3593 2845 3834 2892 sanctus

2126 2928 2376 2985 Iacobus
2398 2926 2615 2991 aderat,
2657 2923 2883 2980 delatus
2937 2937 3088 2978 sum.
3132 2923 3253 2978 lllic
3280 2937 3412 2979 cum
3434 2923 3576 2994 quid
3625 2924 3694 2978 de
3737 2938 3833 2980 me

2129 3018 2287 3072 ﬁeret
2313 3028 2503 3071 coram
2572 3014 2688 3069 Deo
2748 3020 3111 3078 tractaretur,
3169 3019 3224 3067 et
3290 3012 3492 3067 beatus
3536 3012 3835 3081 apostolus

322 3107 614 3168 putamus.
650 3101 866 3157 Relatio
896 3109 1088 3157 autem
1120 3102 1200 3157 sic
1246 3116 1305 3157 se
1344 3102 1533 3158 habet.
1574 3103 1810 3159 Iuvenis
1851 3106 2019 3174 quis-
2058 3128 2100 3184 ο
2130 3119 2348 3161 memor
2380 3102 2709 3159 intentionis
2754 3115 2915 3162 meae,
2962 3100 3087 3154 licet
3142 3099 3490 3169 peccatricis,
3523 3107 3578 3154 et
3637 3099 3833 3155 adhuc

319 3187 473 3257 piam
517 3188 575 3243 in
635 3189 1031 3259 superioribus
1091 3197 1375 3247 terrarum
1438 3189 1547 3246 sibi
1602 3193 2015 3262 contiguarum

320 3274 581 3343 partibus
623 3273 831 3343 fuerat,
892 3278 994 3347 qui
1052 3276 1279 3333 feminas
1334 3277 1565 3333 cuidam
1620 3293 1734 3334 non
1785 3280 2010 3346 uxorio,

316 3362 374 3418 id
411 3372 497 3419 est
542 3364 751 3430 debito,
783 3365 881 3421 sed
923 3367 1210 3433 usurario,
1254 3373 1319 3422 ut
1366 3367 1686 3423 secundum
1744 3367 2011 3424 Solinu...

319 3450 542 3521 loquar,
610 3452 667 3508 id
719 3461 822 3519 est,
880 3453 1133 3509 indebito
1189 3468 1382 3509 amore
1438 3455 1766 3513 cohzeserat.
1823 3458 1875 3512 Is
1909 3457 2013 3513 ali-

315 3538 552 3607 quando
580 3539 998 3609 aliquantisper
1058 3540 1392 3609 resipiscens
1423 3542 1493 3596 ad
1535 3542 1809 3600 Sanctum
1846 3546 2015 3601 Iaco-

319 3627 457 3682 bum
501 3625 778 3682 Galiciam
820 3627 1099 3683 orationis
1127 3631 1313 3698 gratia
1353 3629 1661 3686 meditatur
1690 3633 1869 3688 abire.
1909 3634 2015 3690 Sed

317 3715 377 3770 in
408 3714 532 3783 ipsa
562 3714 671 3784 pias
702 3715 1031 3770 intentionis
1060 3730 1253 3772 massa
1278 3717 1556 3788 quiddam
1615 3719 1873 3777 fermenti
1925 3722 2016 3776 in-

317 3802 564 3870 seritur;
596 3815 729 3859 nam
775 3803 1075 3874 cingulum
1110 3805 1369 3861 mulieris
1396 3821 1589 3863 secum
1620 3808 1679 3865 in
1722 3809 1820 3865 illa
1850 3825 2015 3880 pere-

318 3890 641 3962 grinatione
720 3901 1041 3961 asportans,
1114 3908 1181 3949 eo
1254 3908 1355 3964 pro
1420 3896 1547 3965 ejus
1625 3899 2015 3954 recordatione

317 3980 599 4043 abutitur,
631 3987 685 4036 et
731 3989 886 4036 recta
913 3981 1042 4051 ejus
1088 3982 1299 4038 oblatio
1341 3997 1455 4039 non
1480 3985 1600 4054 jam
1658 3994 1806 4042 recte
1861 3987 2014 4042 divi-

315 4068 491 4125 ditur.
534 4069 688 4125 lnter
733 4070 994 4126 eundum
1041 4084 1177 4142 ergo
1220 4072 1486 4129 diabolus
1525 4074 1878 4130 occasionem
1919 4076 2014 4130 in—

314 4157 587 4213 cursandi
642 4158 943 4221 hominem
1012 4168 1237 4226 nactus,
1304 4144 1540 4231 apparet
1595 4162 1645 4218 ei
1713 4163 1772 4218 in
1828 4167 2014 4233 specie

313 4245 530 4310 Jacobi,
568 4252 625 4301 et
672 4246 788 4301 ait:
830 4246 954 4312 Quo
1017 4247 1237 4303 tendis?
1282 4249 1367 4304 Ad
1441 4249 1736 4318 Sanctum,
1800 4252 2011 4322 inquit,

312 4333 608 4388 Iacobum.
657 4332 783 4389 Non
838 4334 1000 4401 bene,
1035 4336 1135 4397 ait,
1188 4337 1368 4392 vadis.
1419 4338 1541 4409 Ego
1589 4353 1720 4395 sum
1765 4340 2014 4397 Iacobus

2124 3202 2429 3264 corruptae,
2479 3205 2582 3261 pro
2634 3205 2723 3245 me
2802 3188 3166 3244 Benedictam
3234 3188 3391 3243 illam
3474 3196 3829 3257 precaretur,

2123 3286 2249 3356 ipsa
2298 3297 2372 3337 ex
2420 3294 2517 3336 ore
2564 3278 2894 3335 dulcissimo
2928 3277 3268 3333 sententiam
3319 3276 3573 3346 protulit,
3610 3277 3831 3332 homini

2124 3374 2331 3431 misero
2361 3368 2782 3439 indulgendum
2807 3367 2945 3433 fore,
2986 3381 3158 3435 quem
3233 3366 3563 3435 malignitas
3612 3365 3830 3420 diaboli

2122 3463 2230 3519 sub
2287 3466 2485 3516 sancta
2540 3458 2722 3525 specie
2752 3456 2833 3510 sic
2879 3455 3117 3523 contigit
3165 3455 3467 3510 corruisse.
3529 3453 3741 3516 Siclme
3773 3455 3831 3509 in

2122 3550 2398 3607 saeculum
2442 3547 2564 3603 haec
2609 3545 2700 3617 υἱ,
2749 3544 2874 3613 hoc]
2908 3543 3098 3599 evenit
3142 3543 3214 3598 ad
3247 3544 3353 3598 mei
3393 3542 3830 3611 correctionem,

2121 3645 2178 3694 et
2249 3637 2458 3692 horum
2542 3631 3056 3697 denuntiationem,
3110 3631 3224 3686 Deo
3274 3631 3514 3701 jubente
3569 3631 3824 3686 rediisse.

2123 3726 2324 3782 Senior
2371 3738 2529 3792 ergo,
2576 3722 2676 3792 qui
2724 3719 2851 3776 haec
2894 3719 3036 3775 mihi
3071 3720 3287 3786 retulit,
3311 3720 3383 3776 ab
3421 3734 3487 3774 eo
3515 3719 3618 3789 qui
3670 3719 3830 3774 redi-

2125 3815 2327 3870 vivum
2359 3812 2584 3866 viderat
2609 3823 2667 3864 se
2722 3808 2950 3864 audisse
3003 3806 3284 3862 narravit.
3336 3806 3482 3863 Nam
3534 3805 3830 3861 ferebatur

2120 3903 2291 3959 etiam
2325 3900 2480 3971 quod
2509 3899 2749 3954 cicatrix
2787 3896 3024 3951 evidens
3060 3902 3116 3950 et
3147 3895 3389 3966 insugnis
3433 3894 3513 3949 illi
3549 3895 3829 3950 remansit

2122 3994 2179 4048 in
2213 3998 2469 4061 gutture,
2501 4001 2633 4057 qua;
2662 3984 3008 4041 miraculum
3056 3982 3470 4048 circumferret,
3510 3991 3581 4037 et'
3620 3982 3831 4039 abrasa

2121 4080 2338 4148 tentigo
2392 4075 2778 4147 pertulusum,
2832 4081 2896 4129 ut
2951 4072 3031 4128 sic
3075 4072 3283 4138 dicam,
3343 4071 3415 4127 ad
3462 4070 3830 4139 urinas_resi-

2121 4164 2305 4219 duum
2338 4163 2651 4219 habuisset.

2190 4252 2509 4307 Monachus
2539 4251 2694 4322 quod
2706 4248 3121 4305 monasterium
3137 4251 3441 4315 mutasset,
3472 4247 3628 4305 obita
3646 4253 3829 4303 morte

2117 4339 2193 4394 ad
2222 4340 2486 4395 thronum
2521 4341 2629 4394 Dei
2665 4338 2988 4404 adducitur,
3035 4338 3390 4409 jubeturque
3428 4337 3507 4392 ad
3551 4337 3827 4392 saeculum

315 4421 386 4476 ad
421 4434 596 4491 quem
654 4436 943 4492 properas,
1006 4425 1102 4479 sed
1145 4439 1262 4481 rem
1316 4440 1457 4482 meae
1499 4428 1767 4499 dignitati
1818 4436 2005 4486 tecum
2046 4423 2090 4477 Ι)
2120 4428 2309 4483 redire
2336 4428 2569 4500 agendae
2597 4443 2774 4481 causa
2812 4424 3175 4498 ρωηὶιεηιὶεε.
3207 4456 3275 4467 --
3309 4426 3559 4482 Celebris
3588 4439 3826 4495 quoque

315 4509 775 4580 indignissimam
832 4520 1042 4581 portas.
1093 4513 1235 4571 Cum
1286 4516 1438 4571 enim
1471 4517 1526 4572 in
1555 4517 1729 4573 totius
1761 4517 2012 4573 fornica-

313 4598 484 4654 tionis
514 4598 817 4656 volutabro
869 4602 1147 4658 hactenus
1187 4604 1461 4672 iacueris,
1516 4606 1681 4661 modo
1735 4607 2013 4675 pmnitens

313 4686 400 4742 vis
420 4687 624 4756 videri,
652 4696 709 4744 et
744 4689 914 4759 quasi
958 4689 1211 4760 aliquem
1264 4690 1393 4748 boni
1454 4692 1599 4748 initii
1657 4694 2013 4763 praetendens

312 4774 586 4844 fructum,
618 4777 690 4832 ad
722 4792 906 4834 meam
940 4786 992 4835 te
1032 4780 1261 4837 tendere
1293 4782 1652 4850 praesentiam
1706 4782 2008 4853 proﬁteris,

310 4879 444 4920 cum
483 4865 675 4923 adhuc
732 4866 885 4924 illius
926 4868 1187 4925 obscenae
1232 4870 1588 4927 mulierculae
1640 4879 1753 4928 tum
1826 4871 2012 4929 balteo

232 5032 235 5033 ν
311 4953 647 5023 accingaris.
703 4955 954 5013 Erubuit
1010 4958 1178 5013 homo
1232 4958 1303 5014 ad
1362 4959 1603 5029 objecta,
1679 4968 1736 5016 et
1774 4962 2013 5017 credens

311 5053 513 5096 revera
567 5043 908 5111 apostolum,
973 5044 1158 5100 infert.
1212 5044 1353 5110 Scio.
1412 5047 1659 5115 domine,
1717 5049 2010 5118 quondam

311 5142 402 5185 me
447 5138 503 5185 et
549 5144 708 5187 nunc
762 5134 933 5189 etiam
998 5133 1441 5204 ﬂagitiosissimo
1514 5145 1835 5206 operatum,
1895 5138 2008 5205 dic,

312 5231 528 5287 quaeso,
560 5218 700 5287 quid
733 5220 805 5274 ad
866 5228 1022 5276 tuam
1068 5222 1425 5280 clementiam
1460 5225 1838 5295 proﬁciscenti
1869 5240 2012 5280 con-

311 5303 425 5359 silii
455 5305 639 5360 dabis.
685 5305 739 5361 Si
771 5307 878 5373 vis,
940 5308 1040 5376 ait,
1086 5310 1290 5382 dignos
1342 5327 1445 5382 pro
1494 5314 1832 5383 perpetratis
1885 5321 2013 5369 tur-

315 5392 675 5462 pitudinibus
735 5394 956 5451 fructus
1001 5399 1377 5466 paenitudinis
1426 5401 1629 5469 facere,
1686 5402 2010 5458 membrum

315 5478 456 5536 illud
500 5481 653 5537 unde
708 5484 971 5551 peccasti,
1023 5494 1312 5543 veretrum
1370 5488 1601 5556 scilicet,
1650 5504 1753 5559 pro
1801 5504 1928 5545 mea
1956 5497 2013 5547 et

314 5566 414 5622 Dei
479 5568 747 5625 ﬁdelitate
780 5571 879 5626 tibi
937 5571 1228 5640 abscinde,
1286 5583 1342 5630 et
1407 5576 1770 5644 postmodum
1828 5576 2009 5646 ipsam

315 5656 510 5725 vitam,
546 5671 723 5730 quam
754 5657 903 5716 male
940 5660 1179 5729 duxisti,
1210 5662 1313 5718 tibi
1355 5663 1566 5733 pariter
1612 5665 1836 5721 desecto
1870 5673 2011 5735 gut-

2122 4518 2320 4573 relatio
2348 4525 2452 4583 est,
2477 4517 2574 4572 sed
2626 4516 2816 4571 nescio
2850 4523 3047 4571 utrum
3096 4514 3333 4584 syllabis
3385 4514 3609 4583 uspiam
3660 4527 3824 4569 com-

2124 4607 2410 4671 mendata,
2464 4605 2621 4675 quod
2667 4604 2905 4675 quidam
2933 4604 3046 4674 (ίιι)
3113 4603 3185 4659 ad
3249 4611 3462 4659 sanctae
3523 4615 3824 4658 conversa-

2120 4692 2290 4749 tionis
2319 4692 2582 4748 habitum
2621 4705 2695 4747 ex
2749 4691 2912 4759 laico,
2965 4691 3074 4747 nisi
3131 4691 3315 4757 fallor,
3373 4705 3705 4754 conversus.
3762 4692 3821 4747 in

2120 4781 2316 4850 aliquo
2372 4779 2716 4836 monasterio
2772 4787 3106 4841 accesserat,
3154 4779 3631 4850 professionisque
3675 4780 3821 4836 inibi

2121 4884 2180 4924 se
2226 4876 2587 4925 sacramento
2647 4868 3005 4924 devinxerat.
3073 4867 3182 4932 Qui
3238 4868 3517 4923 minorem
3569 4868 3682 4923 illic
3734 4883 3823 4924 re-

2121 4957 2272 5027 gulae
2347 4956 2795 5023 observantiam,
2868 4969 3045 5025 quam
3121 4956 3367 5024 volebat,
3429 4956 3818 5025 considerans,

2119 5056 2321 5102 exacta
2355 5047 2428 5101 ab
2462 5046 2670 5101 abbate
2716 5045 2945 5100 licentia
2980 5044 3035 5098 in
3084 5043 3241 5099 aliud
3274 5045 3439 5114 quasi
3499 5043 3822 5113 religiosius

2119 5149 2178 5190 se
2231 5134 2493 5197 contulit,
2555 5133 2756 5203 ibique
2810 5133 3109 5188 devotione
3159 5132 3597 5204 quamplurima
3651 5132 3817 5189 vixit.

2121 5222 2229 5286 Qui
2262 5228 2386 5291 post
2426 5229 2649 5290 tempus
2692 5221 2928 5291 aliquod
2958 5222 3012 5275 in
3054 5220 3441 5277 valetudinem
3477 5219 3694 5288 incidit,
3746 5236 3821 5277 ex

2121 5311 2451 5368 valetudine
2498 5311 2655 5366 obiit.
2715 5309 2823 5373 Qui
2879 5323 2913 5364 a
2972 5310 3353 5379 praesentibus
3404 5309 3686 5365 excedens
3732 5310 3822 5364 di-

2120 5412 2421 5455 versarum
2481 5405 2823 5468 potestatum
2895 5397 3321 5454 altercationem
3386 5412 3521 5453 mox
3596 5397 3815 5454 incidit.

2118 5488 2262 5544 Nam
2319 5487 2626 5543 contrariis
2652 5486 2965 5542 virtutibus
2997 5486 3195 5557 prima
3244 5484 3609 5556 professionis
3662 5486 3817 5543 irru-

2121 5577 2368 5647 ptionem
2435 5576 2829 5643 causantibus,
2882 5575 3026 5631 lucis
3098 5574 3406 5644 spirituum
3459 5576 3624 5640 ratio,
3685 5589 3817 5645 quae

2119 5678 2294 5735 super
2341 5664 2505 5721 bonae
2536 5664 2779 5721 actionis
2823 5664 2952 5734 ejus
2996 5663 3391 5721 testiﬁcatione
3437 5663 3811 5731 innitebatur,
