3946 6396
191 394 289 448 957

1262 397 1357 452 DE
1397 395 1557 450 VITA
1593 396 1729 452 SUA
1769 395 1953 451 LIBRI
1993 396 2192 452 TRES.
2220 397 2441 453 —LIB.
2485 399 2580 454 III.

3591 407 3694 461 958

189 527 500 597 plurimum
579 529 1019 585 obtendebatur.
1096 530 1178 586 Ad
1249 530 1399 586 Petri
1454 545 1590 601 ergo
1642 531 1883 587 caelestis
1919 535 1967 586 Α
1995 544 2127 588 rum
2159 532 2394 588 domum
2433 548 2620 604 usque
2677 537 2960 605 pervenit.
2993 536 3099 593 Sed
3144 537 3430 595 dwmones
3478 540 3693 598 famqu

183 616 443 686 janitoris
493 618 848 673 audientiam
883 619 1124 688 quastio
1157 627 1524 688 provocatur,
1559 620 1654 674 sed
1686 633 1720 674 a
1778 619 1886 675 Pe-

186 713 270 760 tro
302 707 565 775 protinus
596 707 926 775 hujusmodi
970 709 1256 763 contentio
1288 709 1358 762 ad
1399 709 1594 762 divina
1644 723 1744 762 ora
1799 722 1884 763 re-

188 792 385 848 fertur.
422 795 502 849 Be
534 794 711 861 igitur
740 794 810 848 ad
842 808 974 850 eum
1002 794 1082 850 sic
1111 795 1315 861 delata,
1372 794 1508 850 dicit
1561 795 1840 849 Dominus
1871 810 1883 850 :

187 881 267 936 lte
310 881 381 936 ad
447 880 802 936 Ricbardum
863 881 1276 950 justiciarium,
1336 889 1390 936 et
1445 895 1548 951 pro
1606 883 1888 938 sententia

187 983 363 1038 quam
394 969 589 1025 tulerit
636 969 821 1024 facite.
874 969 1005 1024 Fuit
1061 977 1254 1024 autem
1307 969 1482 1025 isdem
1543 970 1884 1036 Richardus,

188 1056 276 1112 vir
337 1072 562 1112 summe
618 1065 817 1126 potens
869 1057 923 1111 in
982 1059 1222 1112 terrenis
1277 1059 1745 1126 possessionibus,
1791 1059 1887 1114 sed

189 1145 367 1200 multo
397 1144 682 1214 potentior
710 1145 767 1199 in
801 1145 953 1214 atqui
981 1145 1242 1215 justique
1287 1147 1597 1203 tenoribus.

257 1233 342 1287 Ad
383 1232 733 1287 Richardum
773 1232 1024 1296 venitur,
1058 1246 1235 1288 causa
1288 1234 1552 1302 edicitur,
1609 1237 1890 1290 sententia

187 1334 222 1376 a
252 1320 535 1376 Ricbardo
566 1321 937 1388 depromitur.
975 1318 1278 1386 Quoniam,
1313 1320 1521 1389 inquit,
1565 1323 1890 1391 sponsionis

187 1413 415 1462 tenetur
452 1421 608 1473 reus,
659 1406 984 1476 perjurium
1038 1407 1272 1462 evidens
1323 1407 1634 1464 incurrisse
1683 1411 1886 1481 digno-

185 1495 384 1558 scitur,
438 1509 542 1549 nec
592 1495 648 1548 in
697 1508 934 1550 causam
998 1495 1218 1564 justam
1299 1495 1511 1552 habent
1576 1497 1884 1562 daemones,

185 1583 456 1650 quamvis
518 1583 601 1637 eis
655 1583 903 1638 multum
931 1583 1101 1652 justas
1152 1583 1400 1639 hominis
1427 1584 1660 1641 obvient
1705 1585 1887 1640 actio-

181 1684 311 1735 nes;
367 1671 464 1725 sed
518 1685 642 1725 mea
697 1685 770 1726 ex
825 1671 938 1725 Deo
993 1685 1240 1726 censura
1288 1673 1590 1728 denuntiat
1643 1680 1706 1728 ut
1766 1673 1887 1728 haec

180 1758 597 1813 emendaturus
632 1758 702 1813 ad
731 1758 1008 1813 saaculum
1037 1758 1224 1813 redire
1276 1760 1496 1814 debeat.
1532 1760 1616 1814 Ad
1649 1773 1886 1829 superos

1993 633 2095 674 suo
2125 621 2431 688 exsequias
2463 622 2815 678 celebrantes
2867 633 3083 680 tantam
3143 628 3294 680 aeris
3352 627 3580 682 turbam
3633 629 3692 684 in

1991 721 2192 763 eorum
2227 709 2481 764 adventu
2507 711 2863 768 exsuscitant
2891 720 2952 768 ut
2985 715 3317 782 repentinus
3348 716 3518 770 turbo
3561 731 3694 772 cum

1992 809 2194 850 serena
2223 803 2410 852 essent
2439 797 2634 852 omnia
2666 799 2908 854 frontem
2939 801 3164 866 domus,
3217 815 3395 872 quam
3451 802 3694 858 Ymber—

1995 897 2127 953 gam
2179 885 2397 950 dicunt,
2443 899 2587 954 pene
2612 886 2986 955 subverteret,
3013 896 3068 944 et
3111 897 3325 957 partem
3384 890 3592 945 lecticae
3635 890 3693 946 in

1997 973 2182 1028 mcdio
2213 975 2408 1042 positae
2466 975 2809 1030 sublevaret.
2842 976 2973 1031 Haec
3001 976 3070 1032 de
3110 978 3321 1033 talibus
3373 992 3693 1048 pauperum

1995 1060 2392 1115 corrosoribus
2417 1061 2624 1117 dixisse
2653 1063 2920 1118 sufficiat.

2078 1147 2389 1203 Venatores
2476 1149 2767 1205 diabolum
2840 1151 2962 1206 loco
3010 1151 3149 1217 ferae
3198 1151 3455 1222 capiunt.
3537 1153 3698 1209 Unde

1996 1235 2161 1286 tanta
2188 1233 2295 1290 illo
2341 1235 2404 1292 in
2438 1239 2690 1308 tempore
2739 1239 3057 1293 demonum
3112 1243 3384 1310 potestas.
3417 1271 3484 1280 -
3516 1241 3694 1297 Nemo

1995 1329 2188 1376 autem
2264 1322 2522 1392 miretur,
2595 1328 2748 1396 quod
2812 1328 2958 1383 idem
3025 1323 3264 1398 maligni
3331 1329 3567 1398 spiritus
3634 1330 3694 1385 in

1995 1407 2377 1479 ludificandis,
2421 1419 2522 1468 aut
2553 1414 2822 1470 laedendis
2852 1415 3199 1481 hominibus,
3270 1416 3375 1470 hoc
3445 1423 3694 1486 tempore

1996 1496 2243 1552 multum
2281 1507 2546 1567 possunt;
2605 1501 2881 1557 nimirum
2925 1503 3065 1574 quia
3120 1518 3252 1572 qua:
3303 1503 3537 1567 faciunt,
3597 1504 3690 1558 he-

1994 1583 2252 1650 stialiter,
2286 1593 2340 1640 et
2372 1600 2485 1641 non
2535 1588 2593 1642 in
2631 1589 2862 1644 nomine
2893 1590 3118 1645 Domini
3169 1591 3402 1646 faciunt.
3447 1591 3604 1646 Unde
3635 1590 3692 1646 in

1996 1685 2144 1741 pago
2175 1672 2491 1729 Vilcassino
2516 1689 2629 1730 non
2657 1684 2789 1732 ante
2822 1679 3030 1734 multos
3061 1691 3244 1734 annos
3288 1679 3503 1734 factum
3533 1693 3694 1734 com-

1997 1758 2269 1826 perimus,
2321 1761 2461 1830 quia
2489 1762 2703 1818 scilicet
2759 1765 3074 1834 cujusdam'
3111 1767 3180 1821 de
3226 1766 3327 1821 loci
3363 1765 3694 1836 proceribus

181 1847 380 1915 itaque
409 1846 503 1901 ille
565 1847 805 1916 pridem,
849 1846 1027 1901 funus
1064 1861 1381 1917 emergens,
1433 1847 1697 1904 abbatem
1749 1862 1881 1903 evo-
1924 1835 1965 1890 Β
1995 1845 2253 1900 homines
2323 1848 2532 1904 alicubi
2599 1851 2708 1906 sub
2767 1852 2965 1907 eadem
3017 1853 3248 1922 regione
3306 1853 3688 1908 venabantur.

183 1942 296 1998 cat,
322 1935 463 2005 quid
497 1935 700 1990 viderit
733 1935 990 1990 insinuat
1019 1940 1198 1998 διδ,
1265 1937 1497 2005 culpam
1553 1937 1887 1992 desertionis

183 2037 251 2079 ac
299 2023 537 2093 perjurii
576 2023 803 2092 publice
867 2023 1072 2090 fassus,
1122 2024 1190 2078 ad
1251 2025 1556 2093 pristinum
1601 2034 1885 2081 monaste-

185 2110 337 2166 rium
386 2111 713 2178 revertitur,
775 2111 935 2167 Unde
1003 2112 1224 2166 noverit
1268 2113 1456 2167 omnis
1499 2113 1602 2182 qui
1660 2115 1885 2183 uspiam

185 2211 538 2267 quocunque
567 2199 676 2254 sub
715 2199 812 2253 Dei
855 2201 1086 2254 nomine
1127 2213 1187 2254 se
1234 2212 1572 2256 mansurum
1607 2201 1886 2256 stabiliter

70 2336 92 2343 -
189 2286 510 2356 profitetur,
570 2287 831 2343 observet
877 2301 1010 2357 quae
1058 2289 1168 2343 Deo
1219 2295 1276 2343 et
1303 2289 1516 2344 sanctis
1565 2289 1880 2358 pollicetur,

187 2374 327 2445 quia
354 2375 538 2430 locum
590 2384 814 2432 mutare
861 2391 975 2431 non
1011 2376 1196 2443 debet,
1245 2377 1357 2432 nisi
1395 2378 1467 2433 ab
1511 2377 1580 2433 iis
1626 2379 1727 2448 qui
1775 2378 1884 2433 sibi

186 2478 300 2518 non
326 2472 600 2532 praesunt.
633 2465 782 2520 male
812 2478 982 2535 agere
1020 2465 1420 2534 compellatur.

255 2553 571 2606 Fenerator
597 2555 867 2607 aeternum
906 2552 1104 2623 periit.
1127 2582 1194 2594 —
1214 2552 1498 2619 Quoniam
1527 2555 1600 2610 de
1627 2555 1886 2625 qualita—

185 2641 340 2698 tibus
368 2641 734 2696 morientium
767 2641 924 2710 loqui
970 2641 1276 2711 aliquoties
1306 2643 1442 2698 utile
1468 2652 1573 2712 est,
1616 2644 1885 2700 Lauduni

186 2730 354 2786 homo
385 2729 619 2800 quidam
675 2729 971 2785 fenoribus
1023 2730 1412 2801 undecunque
1458 2732 1685 2788 deditus
1739 2741 1880 2800 erat,

181 2820 353 2888 cujus
397 2818 528 2873 ﬁnis
558 2818 795 2888 dignam
849 2832 983 2873 cum
1017 2818 1196 2873 exitio
1253 2819 1431 2874 vitam
1488 2819 1671 2890 egisse
1722 2835 1884 2876 mon-

181 2913 344 2963 strat.
391 2906 535 2961 Nam
588 2906 647 2960 in
704 2905 976 2962 extremis
1037 2920 1234 2975 agens,
1275 2921 1406 2962 cum
1441 2921 1474 2962 a
1531 2909 1886 2978 paupercula

183 2995 462 3065 quadam,
487 2994 775 3063 persoluto
817 2995 938 3064 jam
992 2994 1202 3060 debito,
1253 3009 1466 3050 usuras
1513 2998 1788 3067 exigeret,
1829 3003 1884 3052 et

186 3083 281 3138 illa
309 3098 444 3138 eum
501 3096 600 3151 per
631 3083 1022 3138 imminentem
1056 3081 1163 3138 sibi
1210 3084 1428 3139 exitum
1477 3085 1785 3152 obtestans,
1821 3093 1883 3141 ut

183 3170 514 3237 remitteret,
549 3169 898 3238 imploraret,
933 3169 1087 3239 quod
1120 3170 1212 3225 ille
1268 3172 1718 3240 pertinacissime
1774 3173 1882 3228 ah-

185 3266 437 3329 negaret,
486 3257 581 3312 illa
635 3261 695 3313 in
739 3265 895 3313 arcto
946 3258 1131 3326 posita
1172 3258 1458 3328 quidquid
1494 3267 1616 3315 erat
1668 3260 1883 3317 fenoris

183 3353 483 3416 acceptum
531 3354 752 3414 mutuo,
788 3353 993 3414 praeter
1022 3360 1206 3401 unum
1245 3346 1572 3412 denarium,
1621 3363 1884 3418 compor-

185 3435 346 3491 tavit.
396 3434 660 3504 Cumque
691 3441 747 3490 et
803 3433 987 3489 solum
1041 3433 1204 3490 illum
1253 3437 1460 3492 remitti
1493 3437 1601 3491 sibi
1650 3445 1878 3506 peteret,

179 3525 341 3594 jurat
381 3523 719 3592 neutiquam
752 3537 812 3578 se
869 3522 964 3577 ille
1021 3522 1333 3578 facturum.
1393 3523 1541 3590 Quid
1588 3528 1884 3581 remorer?

183 3609 457 3676 Quaesivit
489 3611 586 3665 illa
615 3624 788 3680 quem
819 3611 919 3665 vix
949 3610 1131 3666 valuit
1187 3611 1438 3679 reperire
1474 3613 1796 3676 denarium,
1829 3623 1884 3671 et

183 3700 244 3754 in
279 3699 479 3754 ultimo
527 3700 720 3754 carnis
747 3699 1102 3769 spiritusque
1136 3699 1402 3770 conﬂigio
1443 3702 1564 3771 jam
1619 3703 1883 3760 stridenti

181 3787 377 3844 infert.
411 3788 534 3854 Quo
567 3789 685 3857 ipse
740 3788 990 3844 moriens
1021 3797 1250 3857 sumpto
1305 3789 1414 3844 sibi
1463 3790 1519 3844 in
1566 3805 1628 3845 os
1671 3793 1880 3860 posuit,

181 3889 352 3946 quem
385 3876 525 3931 dum
569 3876 734 3946 quasi
781 3876 1054 3932 viaticum
1109 3876 1462 3946 deglutisset,
1505 3880 1757 3934 animam
1788 3895 1884 3936 ex-

181 3963 415 4031 halavit,
455 3972 510 4020 et
568 3965 639 4020 ad
678 3964 974 4020 diabolum
1021 3965 1129 4021 sub
1197 3965 1296 4020 tali
1336 3973 1524 4023 tutore
1590 3972 1878 4039 migravit,

183 4051 337 4107 unde
364 4061 418 4108 et
443 4066 477 4107 a
503 4053 683 4108 sacris
704 4052 840 4109 locis
862 4053 1059 4110 merito
1087 4055 1330 4110 extorris
1354 4054 1556 4125 jacuit.

260 4145 306 4193 Α
317 4141 504 4195 (terius
514 4142 706 4196 itidem
713 4144 1040 4208 feneratoris
1052 4144 1245 4196 anima
1269 4143 1520 4198 traditur
1531 4144 1762 4198 dement
1767 4144 1880 4198 bus.

185 4257 256 4268 —-
279 4229 445 4298 Apud
475 4231 794 4286 Attrebates
814 4231 953 4300 quid
1003 4230 1272 4287 acciderit
1299 4245 1473 4300 super
1505 4231 1682 4302 hujus
1710 4233 1884 4287 moris

187 4317 418 4372 homine
431 4325 702 4372 attexam.
721 4319 773 4374 Is
793 4333 1102 4374 crumenas
1123 4332 1258 4374 suas
1276 4318 1537 4388 turpibus
1559 4319 1726 4388 longo
1755 4329 1884 4374 tem-

1997 1933 2287 1988 Taxonem
2342 1949 2482 2005 ergo
2530 1938 2676 1994 male
2728 1937 2992 2010 fugacem
3044 1955 3233 1996 cavete
3315 1941 3690 2008 intrudentes,

1995 2020 2108 2075 imo
2138 2035 2268 2076 cum
2303 2022 2619 2079 daemonem
2653 2026 3037 2095 intrusissent,
3072 2029 3372 2084 intrusisse
3402 2036 3688 2097 putantes,

1993 2118 2158 2164 sacco
2203 2111 2522 2180 excipiunt.
2556 2112 2734 2179 Quem
2766 2128 2994 2170 summa
3024 2116 3079 2170 vi
3140 2116 3272 2170 inde
3293 2115 3611 2170 eximentes
3637 2121 3693 2170 et

1995 2198 2123 2266 plus
2151 2213 2327 2268 quam
2355 2201 2567 2256 animal
2597 2202 2738 2258 illud
2769 2204 3004 2272 patitur,
3033 2205 3418 2273 ponderosum
3449 2204 3694 2259 sentien-

1992 2293 2092 2350 tes,
2125 2301 2256 2341 cum
2309 2295 2600 2357 asportare
2652 2299 2817 2346 nocte
2851 2291 2970 2360 jam
3032 2292 3315 2348 incidente
3369 2291 3689 2362 coepissent,

1991 2387 2120 2429 ecce
2145 2389 2259 2430 vox
2287 2390 2322 2430 a
2351 2385 2542 2432 monte
2571 2379 2840 2448 contigue
2872 2393 2970 2448 per
3016 2381 3258 2436 mediam
3293 2380 3494 2435 silvam
3552 2379 3687 2435 ruit.

1991 2463 2218 2527 Audite,
2269 2464 2476 2534 inquit,
2546 2467 2760 2522 audite.
2831 2467 3093 2538 Cumque
3173 2468 3514 2524 altrinsecus
3568 2474 3693 2537 post

1993 2551 2146 2621 ipsos
2176 2553 2440 2622 plurimae
2468 2554 2916 2611 succlamassent
2947 2569 3130 2621 voces,
3164 2555 3302 2625 quid
3344 2555 3484 2610 illud
3509 2556 3537 2611 7
3576 2557 3687 2609 Vox

1993 2640 2182 2695 denuo
2215 2640 2423 2695 intulit.
2499 2642 2803 2710 Caducem,
2861 2643 3069 2713 inquit,
3103 2643 3256 2699 hunc
3304 2650 3552 2713 portant.
3583 2641 3692 2708 Qui

1995 2728 2232 2783 forsitan
2291 2730 2372 2785 sic
2421 2737 2477 2784 et
2510 2731 2710 2786 merito
2754 2732 3087 2799 vocabatur,
3128 2739 3182 2786 et
3227 2731 3433 2786 multos
3490 2731 3692 2786 cadere

1993 2819 2140 2874 fecit.
2183 2817 2308 2885 Quo
2362 2819 2511 2874 dicto
2555 2820 2792 2875 infinitae
2820 2821 3144 2876 daemonum
3179 2820 3355 2888 copiae
3390 2819 3692 2874 undecun—

1993 2920 2107 2976 que
2161 2906 2325 2974 quasi
2374 2907 2444 2960 ad
2473 2907 2796 2962 eruendum
2829 2915 3118 2977 proruunt
3162 2907 3221 2964 in
3249 2915 3475 2962 tantum
3497 2914 3562 2961 ut
3593 2921 3692 2960 ne-

1995 3007 2124 3048 mus
2153 2992 2488 3047 universum
2538 3007 2606 3048 ex
2642 2992 2964 3062 frequentia
3017 2993 3186 3048 obrui
3212 2993 3524 3048 videretur.
3554 2992 3692 3047 Dia-

1996 3081 2121 3137 holo
2174 3093 2331 3150 ergo,
2382 3095 2555 3149 quem
2610 3080 2886 3146 ferebant,
2947 3096 3062 3137 non
3140 3089 3350 3135 taxone
3422 3080 3694 3150 projectot

1995 3181 2136 3237 pene
2167 3172 2420 3223 amentes
2474 3166 2655 3224 effecti
2697 3168 2894 3239 fugam
2928 3169 3146 3224 ineunt.
3188 3169 3294 3236 Qui
3331 3169 3570 3223 domum
3601 3182 3693 3224 ve-

1991 3257 2232 3322 nientes,
2258 3269 2362 3311 nec
2382 3270 2542 3312 mora
2571 3257 2844 3325 temporis
2876 3257 3085 3312 mortui
3116 3263 3270 3312 sunt.

2063 3345 2128 3399 In
2189 3344 2309 3413 ipsa
2361 3343 2657 3413 provincia
2706 3346 2958 3400 rusticus
2996 3345 3233 3414 quidam
3264 3357 3434 3399 crure
3463 3343 3688 3411 intecto,

1992 3433 2234 3502 pedibus
2280 3433 2474 3500 nudis,
2516 3448 2686 3503 super
2713 3432 2970 3488 ﬂuminis
2997 3433 3368 3502 crepidinem,
3394 3432 3532 3487 dum
3563 3446 3593 3487 e
3620 3432 3693 3486 la-

1993 3521 2128 3577 bore
2173 3521 2403 3588 rediret,
2435 3530 2695 3577 extrema
2750 3535 2857 3577 sua
2887 3522 3191 3576 lavaturus
3220 3521 3464 3576 Sabbato
3495 3533 3689 3589 vespe-

1991 3618 2250 3666 rascente
2299 3611 2612 3666 desederat.
2681 3611 2811 3666 Mox
2851 3611 2922 3666 ab
2975 3611 3088 3666 imo
3144 3623 3312 3679 aquae
3367 3609 3572 3679 ipsius,
3633 3609 3692 3663 in

1991 3714 2111 3770 qua
2149 3700 2404 3756 diluebat
2433 3700 2694 3770 vestigia,
2747 3700 3013 3755 diabolus
3070 3699 3196 3769 ejus
3235 3699 3473 3768 pedibus
3538 3698 3694 3753 inne-

1993 3790 2141 3845 xuit.
2176 3789 2440 3859 Cumque
2489 3791 2741 3844 rusticus
2782 3803 2840 3843 se
2892 3789 3134 3858 ligatum
3165 3787 3694 3843 sentiensavicinis

1992 3877 2344 3948 adjutorium
2403 3878 2762 3933 inclamasset
2783 3885 2837 3932 et
2867 3877 2939 3932 ad
2979 3878 3214 3932 domum
3251 3877 3538 3946 propriam
3593 3876 3690 3930 de-

1993 3966 2146 4022 latus
2176 3967 2372 4022 fuisset
2403 3966 2476 4022 ab
2533 3968 2634 4031 eis,
2676 3973 2973 4034 coeperunt
3005 3966 3144 4020 rude
3178 3965 3476 4020 hominum
3510 3977 3694 4034 genus

1991 4055 2145 4109 omni
2182 4054 2424 4109 artiﬁcio
2481 4068 2670 4124 agere,
2723 4055 2766 4108 si
2801 4053 3087 4122 quomodo
3118 4054 3370 4108 valerent
3395 4051 3695 4121 compedes

1990 4148 2192 4196 terere.
2225 4140 2332 4207 Qui
2389 4155 2529 4211 ergo
2585 4142 2738 4197 circa
2772 4141 2927 4196 hunc
2959 4140 3216 4196 inutilem
3248 4139 3556 4194 circuitum
3577 4139 3696 4193 elu-

1990 4239 2208 4285 ctantes
2260 4230 2404 4284 nihil
2453 4230 2732 4295 efficiunt,
2792 4243 2929 4284 suos
2960 4230 3179 4298 quique
3214 4228 3376 4284 nisus
3424 4226 3690 4282 eludunt.

1992 4318 2326 4387 Spiritualia
2391 4320 2545 4374 enim
2609 4318 3010 4388 spiritualibus
3086 4317 3478 4386 comparanda
3534 4321 3689 4370 sunt.

187 4419 326 4475 pore
355 4405 678 4464 infercierat
707 4409 899 4465 lucris.
932 4409 1183 4464 Tandem
1234 4408 1593 4463 metallorum
1630 4408 1880 4476 plurium
1920 4410 1964 4464 Ι)
1994 4407 2243 4462 Tandem
2275 4414 2395 4476 post
2447 4414 2668 4484 rotatus
2698 4407 3004 4462 diuturnos
3043 4406 3212 4461 homo
3269 4419 3329 4460 se
3395 4405 3543 4459 inter
3599 4416 3696 4458 eos

185 4493 482 4550 montibus
525 4495 852 4562 cumulatis,
885 4509 1185 4564 supremas
1212 4495 1397 4565 attigit
1428 4496 1616 4551 horas.
1650 4497 1721 4550 Et
1758 4510 1887 4550 ecce

189 4582 253 4637 in
303 4582 550 4639 hominis
606 4584 789 4653 specie
817 4584 1081 4640 diabolus
1109 4585 1360 4651 advenit,
1421 4583 1619 4640 bovem
1652 4584 1884 4654 nigrum

187 4684 308 4740 prae
357 4685 415 4727 se
456 4673 693 4728 ducens.
741 4671 851 4739 Qui
900 4673 1192 4729 morientis
1240 4672 1446 4728 lectulo
1491 4680 1727 4728 astans:
1774 4673 1885 4726 Do-

181 4760 399 4825 minus,
435 4761 643 4831 inquit,
685 4775 846 4818 meus
905 4762 1063 4816 hunc
1117 4761 1218 4817 tibi
1278 4761 1482 4816 bovem
1531 4753 1723 4816 mittit.
1781 4759 1884 4815 Cui

179 4862 340 4919 aeger
372 4863 385 4902 :
417 4848 708 4916 Gratulor,
737 4849 836 4917 ait,
867 4849 1100 4904 domino
1126 4863 1253 4904 meo
1286 4863 1390 4918 pro
1419 4863 1680 4904 munere.
1713 4848 1882 4916 Vade,

180 4937 375 5006 inquit
414 4937 487 4991 ad
532 4951 775 4992 uxorem
808 4950 993 5003 suam,
1045 4944 1100 4992 et
1136 4936 1354 4992 homini
1385 4937 1489 5007 qui
1545 4936 1747 4992 bovem
1796 4937 1887 4990 ad-

175 5025 582 5095 duxitappara
611 5026 764 5095 quod
779 5025 1056 5091 comedat,
1090 5026 1292 5081 bovem
1323 5033 1514 5081 autem
1549 5026 1881 5092 intromitte,

171 5120 232 5169 et
272 5114 413 5170 bene
456 5127 705 5170 asserva.
739 5114 916 5180 Dixit,
972 5121 1030 5169 et
1057 5113 1346 5183 extemplo
1374 5113 1612 5168 efﬂavit.
1647 5113 1880 5169 lutei-im

173 5209 368 5258 tamen
399 5202 568 5258 homo
597 5209 876 5272 tanquam
905 5215 1290 5266 comessurus,
1325 5200 1660 5271 inquiritur,
1715 5201 1884 5257 bovi-

169 5304 290 5360 que
321 5290 533 5360 pabula
559 5291 920 5356 deferuntur,
951 5290 1049 5347 sed
1079 5298 1279 5346 neuter
1309 5290 1610 5359 reperitur.
1645 5289 1881 5345 Factum

168 5392 312 5450 ergo
339 5379 536 5436 cuncti
583 5380 873 5436 mirantur
899 5387 954 5436 et
997 5379 1248 5445 horrent,
1281 5393 1386 5434 nec
1416 5378 1552 5434 boni
1582 5377 1882 5448 quidpiam

172 5468 318 5523 tales
356 5481 668 5524 munerum
728 5467 1028 5524 missiones
1067 5467 1406 5537 portendere
1459 5474 1712 5522 censent.
1769 5466 1880 5521 Fu-

170 5571 310 5612 nere
341 5563 635 5626 apparato,
671 5563 724 5612 et
760 5569 997 5625 corpore
1026 5556 1083 5610 in
1142 5554 1364 5610 libitina
1396 5554 1594 5618 locato,
1650 5569 1881 5622 proces-

168 5646 256 5703 sio
303 5645 649 5701 clericorum
689 5651 963 5701 consueta
1013 5642 1257 5700 mortuis
1306 5642 1497 5698 officia
1535 5642 1875 5712 praebituro-

1997 4493 2336 4563 peregrinus
2392 4493 2722 4559 immiscuit,
2785 4493 2857 4548 ad
2920 4492 3304 4562 compeditum
3374 4490 3510 4560 ipsis
3575 4503 3696 4558 spe-

1992 4581 2284 4637 ctantibus
2338 4595 2460 4636 sese
2501 4579 2804 4649 proripuit,
2856 4588 2912 4635 et
2970 4579 3026 4634 in
3090 4586 3378 4634 momento
3439 4577 3692 4633 resolvit.

1993 4667 2117 4734 Quo
2161 4669 2308 4723 facto
2337 4667 2598 4737 expedite
2654 4667 2902 4731 recessit,
2938 4681 3043 4722 nec
3072 4666 3206 4736 quis
3250 4673 3396 4721 esset
3451 4664 3695 4719 interm-

1994 4769 2131 4826 gare
2188 4755 2364 4812 licuit.
2429 4755 2717 4811 Dmmonia
2771 4762 2963 4810 autem
3012 4753 3319 4810 mulierum
3369 4764 3609 4816 amores,
3642 4757 3698 4804 et

1995 4845 2144 4914 ipsos
2203 4845 2374 4900 etiam
2430 4844 2770 4900 concubitus
2825 4841 3153 4898 affectantia
3208 4841 3425 4910 ubique
3475 4837 3696 4894 affatim

1991 4934 2375 4999 celebrantur,
2435 4940 2489 4988 et
2520 4932 2627 4987 nisi
2685 4932 2942 5002 puderet,
2976 4943 3010 4984 a
3041 4929 3205 4984 nobis
3241 4928 3490 4997 plurima
3536 4927 3696 4982 dice-

1993 5031 2215 5077 rentur.
2249 5020 2395 5076 Sunt
2452 5035 2686 5090 quoque
2709 5019 2976 5090 quaedam
3009 5019 3067 5072 in
3099 5018 3372 5087 nequitiis
3422 5015 3696 5085 inﬂigen-

1991 5111 2079 5166 dis
2107 5109 2344 5176 atrocia,
2379 5108 2579 5178 aliqua
2606 5121 2740 5163 vero
2772 5107 2907 5162 solis
2953 5113 3219 5162 contenta
3259 5103 3541 5160 ludibriis.
3588 5102 3696 5158 Sed

1988 5199 2200 5269 stylum
2226 5197 2347 5268 jam
2381 5197 2455 5252 ad
2488 5196 2705 5252 laetiora
2735 5202 3048 5251 vertamus.

2641 5338 2873 5396 CAPUT
2913 5339 3042 5396 XX.

2062 5465 2258 5520 Abba:
2283 5480 2495 5536 corpus
2524 5465 2584 5519 S.
2625 5463 2882 5519 Emundi
2909 5462 3242 5519 curiositate
3284 5462 3485 5516 ductus
3512 5459 3697 5531 inspi-

1986 5554 2164 5620 ciens,
2197 5572 2472 5609 manuum
2499 5552 2888 5609 contractione
2923 5553 3261 5624 corripitur.
3290 5582 3359 5590 ——-
3389 5551 3556 5620 Apud
3587 5555 3674 5606 An

1991 5643 2116 5714 glos
2143 5644 2508 5702 beatissimus
2537 5651 2757 5713 martyr
2782 5642 3160 5698 Eadmundus
3187 5655 3310 5707 rex,
3343 5647 3488 5696 Sicut
3519 5654 3702 5710 quon-
