3946 6394
267 382 371 435 959

854 376 918 430 V.
957 373 1287 432 GUIBERTI
1326 373 1483 429 ABB.
1527 374 1584 430 S.
1628 372 1872 429 IARLE
1907 372 2002 428 DE
2040 371 2272 428 NOVlG.
2317 373 2410 429 DE
2452 372 2604 429 VITA
2641 373 2774 429 SUA
2814 373 2947 429 LIB.
2981 374 3176 430 TBES.

3670 378 3776 431 960

269 512 400 569 dam
433 517 490 567 et
522 523 683 566 nunc
727 522 964 579 quoque
1018 506 1378 578 prodigiosus
1428 504 1643 562 existit.
1690 505 1870 561 Taceo
1894 503 1965 560 de
1996 503 2049 558 Α
2072 502 2195 561 sine
2213 504 2407 562 dolore
2457 504 2702 562 delituit.
2735 505 2917 577 Cujus
2975 506 3055 563 rei
3086 520 3264 563 causa
3302 507 3618 578 quotannis
3645 521 3777 564 om-

268 602 395 673 ejus
422 612 659 667 corpore
716 595 1026 669 pigmentis
1056 610 1170 652 non
1217 594 1537 660 hominum,
1568 593 1667 649 sed
1723 592 1969 649 coelesti-

270 689 382 746 bus
431 689 708 745 hactenus
738 687 1094 755 incorrupto,
1131 684 1189 740 in
1220 698 1337 755 quo
1368 696 1437 738 ac
1474 682 1521 738 si
1576 688 1727 738 5‘4
1763 683 1969 739 viven-

271 779 343 835 tis
371 777 660 847 unguium
689 788 756 832 ac
795 775 1043 831 crinium
1086 779 1450 829 excrementa
1503 771 1805 828 miramur.
1862 769 1970 826 Sed

271 865 416 922 illud
446 865 634 921 dicere
673 872 778 931 est,
827 862 983 933 quod
1025 862 1085 917 in
1146 868 1305 917 tanto
1349 859 1630 916 miraculo
1677 860 1897 930 positus
1936 872 1972 914 a

270 953 499 1010 nemine
554 952 771 1023 patitur
797 965 857 1007 se
888 949 1088 1006 videri.
1148 949 1313 1006 Abba
1335 950 1475 1020 {ejus
1509 949 1611 1006 loci
1643 956 1971 1006 nostrorum

270 1050 595 1112 temporum
628 1040 863 1111 quidam
896 1052 998 1110 per
1028 1053 1088 1096 se
1130 1038 1276 1094 scire
1308 1038 1511 1106 voluit,
1556 1045 1755 1095 utrum
1798 1043 1973 1107 caput

271 1129 407 1187 olim
432 1129 491 1184 in
521 1128 785 1199 passione
807 1126 1063 1183 decisum
1116 1126 1342 1197 corpori
1371 1126 1535 1192 foret,
1573 1126 1658 1184 uti
1698 1125 1971 1197 vulgaba-

274 1226 387 1281 tur,
419 1218 670 1273 unitum.
718 1215 872 1272 Actis
913 1216 1110 1286 itaque
1153 1230 1287 1272 cum
1326 1230 1432 1272 suo
1478 1214 1774 1285 capellano
1812 1214 1973 1285 jeju—

271 1304 384 1363 niis
403 1305 636 1371 detexit,
680 1304 905 1374 aspexit
934 1318 1066 1375 quae
1128 1304 1507 1373 pratulimus,
1565 1302 1839 1359 carnibus
1869 1317 1974 1359 nu-

270 1407 477 1464 squam
537 1392 930 1459 liaccentibus,
986 1406 1055 1447 ac
1103 1392 1150 1447 si
1181 1391 1518 1448 dormientis
1569 1392 1763 1448 omnia
1811 1390 1974 1446 visus

270 1489 325 1538 et
375 1487 564 1537 tactus
614 1479 872 1550 periculo
928 1478 1222 1542 addidicit,
1265 1478 1410 1535 alter
1437 1492 1472 1534 a
1517 1478 1723 1549 capite,
1767 1477 1974 1534 altera

269 1569 514 1640 pedibus
542 1576 742 1624 utrum
784 1567 1023 1625 haberet
1060 1566 1320 1634 attraxit,
1361 1566 1726 1636 solidumque
1753 1581 1974 1637 cogno-

270 1658 376 1725 vit,
407 1657 504 1714 sed
531 1671 668 1713 mox
700 1656 1006 1727 utriusque
1038 1669 1248 1712 manus
1277 1662 1553 1726 perpetua
1591 1655 1973 1712 imbecillitate

271 1746 588 1803 contabuit.

341 1836 484 1893 Miro
514 1835 706 1891 adhuc
757 1834 966 1890 dicam.
999 1833 1342 1904 Capreolum
1373 1834 1431 1888 in
1470 1833 1818 1890 monasterio
1849 1847 1967 1889 mo-

271 1923 439 1981 nachi
469 1938 503 1979 a
534 1937 714 1994 parvo
742 1924 1086 1979 nutrierant.
1129 1922 1237 1989 Qui
1277 1937 1412 1979 cum
1445 1921 1663 1991 pecuali
1712 1920 1967 1990 lascivia,

271 2012 381 2069 hac
423 2011 670 2082 illacque
700 2025 801 2081 per
836 2011 1096 2077 aedilicia,
1134 2010 1435 2080 ipsamque
1462 2009 1758 2065 ecclesiam
1799 2011 1971 2067 ober-

272 2106 443 2167 raret,
475 2113 616 2155 casu
647 2098 841 2154 tibiam
876 2097 1063 2170 fregit.
1107 2099 1370 2168 Cumque
1414 2097 1600 2154 tribus
1638 2097 1972 2153 claudicans

272 2187 514 2257 pedibus
579 2185 866 2257 pedentim
946 2200 1066 2256 quo
1119 2191 1338 2255 poterat
1387 2184 1554 2240 modo
1607 2184 1974 2241 excursitans

271 2275 378 2332 loci
422 2274 618 2331 omnia
647 2280 999 2345 peragraret,
1050 2273 1193 2329 forte
1242 2271 1869 2343 ingressusjecclesiam
1899 2273 1973 2329 ad

271 2362 544 2433 martyris
571 2362 846 2418 feretrum
877 2362 960 2417 ire
990 2360 1302 2417 contendit.
1337 2359 1444 2415 Cui
1484 2374 1620 2416 mox
1650 2367 1715 2415 ut
1754 2359 1975 2416 bestiali

272 2450 600 2507 curiositate
644 2464 705 2506 se
745 2449 1019 2516 subdidit,
1050 2449 1203 2506 tibiae
1232 2448 1531 2506 sanitatem
1562 2450 1795 2519 recepit.
1827 2448 1975 2516 Quid

274 2538 441 2595 faciet
489 2538 621 2607 pius
669 2545 909 2606 martyr,
966 2538 1013 2594 si
1053 2544 1282 2607 petatur
1336 2536 1577 2593 fideliter
1630 2538 1689 2592 in
1718 2537 1977 2593 humana

273 2635 504 2694 natura,
558 2626 660 2696 qui
716 2625 1115 2682 liberalitatem
1179 2624 1517 2696 ingenitam,
1549 2632 1606 2681 et
1648 2633 1714 2681 ut
1766 2625 1977 2682 rectius

274 2714 484 2780 dicam,
515 2711 881 2769 serenitatem
911 2713 1128 2784 regiam
1151 2713 1233 2769 sic
1255 2712 1502 2769 ostendit
1531 2712 1588 2767 in
1620 2712 1738 2770 fera
1759 2711 1788 2767 ?

343 2804 407 2858 S.
444 2800 689 2857 Vitonus
724 2800 1019 2856 ulceratus
1044 2818 1254 2856 manu:
1278 2804 1455 2856 sanat
1482 2800 1779 2857 monacho.
1813 2829 1879 2841 --
1910 2802 1977 2857 Et

275 2891 520 2948 Sanctus
562 2891 830 2947 Witonus
888 2891 1042 2961 apud
1074 2890 1277 2947 urbem
1333 2889 1691 2947 Wintonium
1721 2904 1780 2946 se
1809 2889 1870 2946 in
1893 2889 1976 2945 si-

275 2978 405 3050 gnis
434 2978 552 3035 huc
599 2992 785 3048 usque
840 2978 1088 3048 praebuit
1142 2978 1452 3034 efficacem.
1501 2978 1647 3034 Nam
1689 2992 1804 3033 non
1843 2984 1976 3035 ante

2074 608 2178 651 nes
2233 593 2486 662 clericos,
2543 594 2643 665 qui
2676 596 2805 665 ejus
2856 595 3148 652 festivitati
3203 596 3507 664 intersunt,
3539 611 3605 653 eo
3659 597 3771 666 die,

2076 681 2267 751 quoad
2302 680 2467 751 vixit,
2504 681 2820 738 Iautissime
2868 682 3046 751 pavit,
3076 684 3321 753 ejusque
3350 684 3560 753 posteri
3592 684 3776 741 facere

2078 769 2360 840 hodieque
2383 784 2497 825 non
2528 770 2819 826 desinunt.
2848 770 3009 837 Quod
3033 770 3338 827 brachium
3388 772 3483 827 avi
3514 773 3627 828 mei
3659 786 3772 828 non

2076 872 2245 925 uxor,
2286 857 2383 914 sed
2441 858 2741 914 familiaris
2784 859 3052 928 quaedam
3082 859 3156 914 ad
3199 858 3336 915 tales
3377 859 3586 916 femina
3639 861 3779 917 satis

2076 946 2255 1003 solers
2303 946 2377 1003 ad
2427 947 2705 1003 saeculum
2750 948 2953 1023 ‘opimo
2989 961 3133 1004 auro
3168 948 3575 1019 lapidibusque
3631 963 3772 1006 con-

2077 1030 2240 1087 texit.

2146 1118 2330 1175 Aliud
2361 1119 2661 1192 Amutplti
2677 1119 3052 1177 miraculum.
3081 1151 3151 1161 -
3165 1120 3342 1179 Gusia
3356 1119 3577 1192 (Gaiae)
3599 1120 3779 1192 hujus

2079 1208 2482 1266 Laudunensis
2511 1210 2646 1281 pagi
2674 1209 2972 1266 castellum
3000 1214 3106 1275 est,
3138 1211 3197 1266 in
3225 1225 3343 1281 quo
3374 1211 3519 1268 beati
3550 1211 3777 1269 Arnulfi

2076 1297 2272 1355 itidem
2312 1298 2614 1355 brachium
2645 1312 2767 1355 esse
2818 1298 3049 1356 dicitur.
3099 1298 3261 1366 Quod
3304 1298 3465 1356 fures
3517 1312 3651 1357 cum
3684 1301 3777 1357 di-

2078 1400 2238 1457 repto
2285 1387 2540 1443 ecclesias
2577 1388 2848 1444 thesauro
2904 1388 3118 1457 pariter
3157 1388 3401 1458 diripere
3442 1387 3775 1452 voluissent,

2072 1474 2313 1546 jamque
2362 1482 2640 1543 tenerent,
2672 1476 2743 1531 de
2768 1490 2971 1533 eorum
3004 1490 3126 1533 sese
3190 1476 3461 1533 manibus
3517 1476 3775 1545 extorsit,

2078 1575 2184 1618 nec
2213 1562 2611 1633 uspiam‘ferri
2663 1564 2869 1634 quivit.
2929 1564 3047 1620 Hoc
3105 1564 3213 1634 ipsi
3240 1564 3430 1632 ‘fures,
3470 1580 3603 1622 cum
3633 1565 3780 1622 resi-

2077 1650 2211 1707 duis
2260 1664 2393 1721 quae
2429 1658 2865 1721 asportaverant
2894 1652 3251 1722 deprehensi,
3287 1654 3428 1710 hora
3485 1654 3629 1724 ipsa,
3661 1667 3783 1724 qua

2079 1745 2246 1795 erant
2272 1737 2544 1795 efferendi
2577 1740 2635 1795 in
2668 1740 2882 1804 furcas,
2911 1740 3155 1797 confessi
3184 1750 3342 1798 sunt.
3378 1744 3440 1798 In
3467 1755 3631 1810 auro,
3662 1756 3782 1812 quo

2007 1798 2054 1857 Β
2082 1828 2269 1897 ipsum
2301 1828 2509 1885 colitur
2540 1798 2877 1896 brachium,
2914 1830 3075 1887 locus
3121 1838 3223 1896 est,
3257 1845 3377 1901 qua
3404 1830 3564 1887 nullo
3592 1798 3780 1886 inciu-

2080 1931 2277 1973 sorum
2305 1917 2548 1973 artificio
2598 1931 2827 1989 gemma
2866 1918 2987 1975 ulla
3048 1920 3231 1989 potuit
3260 1918 3531 1975 cohiberi.
3562 1919 3785 1975 Inserta

2079 2004 2232 2061 enim
2264 2019 2369 2061 nec
2394 2019 2554 2061 mora
2583 2006 2913 2063 laxabatur.
2939 2007 3157 2063 Mutata
3176 2020 3310 2064 cum
3340 2008 3559 2078 opifice,
3590 2007 3784 2078 etopi-

2082 2092 2175 2149 fex
2201 2108 2268 2148 ac
2294 2092 2586 2164 opiﬁcium
2616 2095 2973 2152 cassabatur.

2149 2182 2220 2237 Β.
2253 2181 2596 2253 Leodegarii
2650 2182 2877 2238 meritis
2902 2199 2943 2238 a
2969 2183 3119 2255 febri
3173 2186 3400 2241 levatur
3454 2184 3780 2240 Guibertus.

2079 2300 2151 2309 —
2183 2270 2595 2343 Leodegarium
2620 2279 2930 2342 martyrem
2960 2272 3144 2343 signis
3169 2274 3490 2345 egregium,
3523 2273 3595 2330 ad
3639 2274 3786 2331 sub-

2081 2359 2379 2415 ventiones
2406 2359 2656 2416 alacrem
2705 2375 2822 2418 non
2854 2362 3165 2418 nescimus.
3218 2363 3340 2434 Ego
3394 2363 3545 2419 enim
3590 2363 3785 2420 adhuc

2084 2448 2271 2518 pusio,
2301 2448 2513 2518 optime
2542 2457 2735 2505 tamen
2762 2451 2966 2507 borum
2996 2465 3234 2518 memor,
3264 2451 3375 2508 sub
3398 2459 3580 2508 matre
3607 2465 3788 2523 agens

2084 2537 2287 2593 diebus
2316 2537 2688 2608 paschalibus
2719 2538 2873 2595 febre
2901 2539 3246 2611 quotidiana
3274 2541 3538 2596 atrociter
3580 2547 3789 2597 aestua-

2084 2626 2239 2683 bam.
2274 2625 2393 2683 Sub
2444 2626 2656 2697 oppido
2703 2634 2897 2683 autem
2952 2634 3079 2684 erat
3133 2626 3374 2684 ecclesia
3415 2627 3526 2684 sub
3551 2627 3788 2684 nomine

2085 2715 2425 2772 Sanctorum
2475 2715 2807 2786 Leodegarii
2857 2723 2913 2772 et
2968 2716 3242 2784 Machuti,
3293 2716 3388 2773 cui
3441 2716 3786 2773 continuum

2084 2800 2193 2856 olei
2226 2800 2422 2858 lumen
2455 2810 2636 2859 mater
2674 2816 2801 2859 mea
2831 2802 2941 2860 fide
2982 2804 3187 2860 humili
3218 2803 3603 2861 ministrabat.
3638 2803 3785 2861 Cum

2083 2902 2222 2960 ergo
2245 2890 2532 2961 quidquid
2578 2906 2721 2962 pene
2767 2899 2852 2948 est
2880 2892 3164 2960 victunm,
3206 2893 3540 2959 fastidirem,
3571 2906 3785 2948 evoca-

2084 2977 2159 3033 tis
2186 2977 2307 3047 ipsa
2346 2978 2577 3035 duobus
2614 2980 2857 3049 clericis,
2905 2980 3200 3051 capellano
3245 2995 3372 3048 suo,
3414 2989 3470 3038 et
3507 2981 3786 3052 magistro

274 3067 458 3123 multa
489 3074 744 3136 tempora
769 3067 1085 3123 monachus
1114 3074 1429 3137 utramque
1477 3065 1830 3123 horribiliter
1866 3081 1973 3122 ex-
2014 3070 2057 3127 C
2085 3080 2230 3133 meo,
2289 3067 2400 3124 sub
2450 3082 2651 3125 eorum
2696 3068 2955 3125 custodia
3002 3083 3068 3126 eo
3106 3084 3197 3125 me
3255 3070 3461 3126 deferri
3507 3070 3781 3141 praecipit.

274 3155 568 3213 ulceratus
596 3169 837 3212 manum
869 3164 932 3212 ut
974 3155 1083 3212 hac
1112 3156 1171 3211 in
1224 3162 1385 3226 parte
1411 3163 1558 3211 esset
1585 3154 1976 3225 elephantioso

273 3244 430 3301 omni
460 3243 725 3311 deterior,
767 3258 833 3301 eo
883 3257 1122 3314 prorsus
1149 3243 1220 3299 ad
1264 3244 1459 3300 omnia
1498 3250 1623 3299 erat
1665 3242 1975 3299 destitutus

274 3332 477 3389 ofﬁcio.
535 3331 639 3390 Cui
694 3339 949 3400 sanctus,
981 3346 1113 3388 cum
1140 3344 1176 3386 a
1202 3331 1325 3388 suis
1365 3332 1731 3387 absentatum
1761 3330 1976 3402 vigiliis

274 3421 384 3478 hac
418 3420 489 3476 de
516 3433 694 3477 causa
720 3427 887 3477 nocte
914 3418 1258 3483 oﬂ'endisset,
1291 3419 1579 3489 apparuit,
1628 3426 1680 3475 et
1723 3416 1975 3489 generali

272 3523 380 3566 cur
408 3509 630 3566 abesset
671 3507 971 3579 psallentio
1003 3506 1330 3577 acquisivit.
1372 3507 1525 3562 Illico
1573 3506 1668 3563 ille
1696 3514 1975 3563 torturam

274 3603 330 3652 et
359 3595 752 3666 purulentiam
805 3585 1091 3651 manuum
1122 3595 1477 3651 occasionem
1531 3595 1803 3651 absentiae
1840 3608 1975 3651 sant-

274 3692 365 3741 cto
392 3684 701 3755 suggessit.
753 3683 1006 3755 Porrigo,
1058 3683 1269 3754 inquit,
1326 3685 1441 3740 huc
1474 3697 1705 3740 manus.
1757 3683 1978 3751 Quibus

275 3772 648 3843 exporrectis,
703 3780 939 3829 sanctus
995 3780 1309 3844 utramque
1362 3772 1709 3830 constrinxit
1760 3780 1815 3829 et
1843 3774 1974 3829 uni-

276 3874 506 3918 versam
555 3861 875 3918 scabiosam
936 3861 1095 3918 illam
1142 3869 1333 3919 cutem
1380 3861 1454 3918 ab
1485 3876 1553 3918 eo
1584 3861 1751 3932 quasi
1783 3861 1976 3917 chiro-

276 3951 469 4007 thecas
538 3949 815 4016 extraxit,
869 3957 927 4007 et
982 3950 1255 4008 leviorem
1304 3949 1534 4021 pueruli
1592 3963 1768 4007 carne
1831 3950 1976 4006 sub-

276 4039 480 4098 stituit.

346 4129 493 4200 Igne
516 4129 833 4201 probantur
850 4127 1113 4202 reliquie
1138 4130 1199 4184 S.
1215 4126 1528 4200 Amutphi.
1560 4126 1976 4184 Cantabr-iitum

279 4214 541 4272 Guiberti
574 4217 970 4275 incolumitati
995 4217 1338 4287 restituunt.
1379 4247 1449 4257 -
1480 4217 1788 4274 Brachium
1829 4216 1975 4273 beati

277 4305 509 4362 Arnulfi
554 4307 825 4377 martyris
883 4306 941 4362 in
997 4306 1223 4377 oppido,
1285 4306 1441 4363 unde
1490 4319 1649 4362 eram
1674 4306 1974 4368 oriundus,

278 4393 622 4462 habebatur,
669 4395 825 4466 quod
875 4409 911 4451 a
971 4396 1224 4466 quodam
1270 4395 1410 4452 locis
1440 4394 1554 4451 illis
1578 4395 1803 4452 illatum
1842 4408 1976 4451 cum

278 4483 596 4555 oppidanos
674 4484 1012 4542 reddidisset
1077 4485 1403 4556 ambiguos,
1462 4485 1533 4540 ad
1592 4484 1982 4554 probationem

279 4572 515 4646 ignibus
559 4580 644 4631 est
693 4573 993 4645 injectum,
1050 4574 1148 4631 sed
1202 4574 1413 4631 exinde
1473 4574 1626 4630 saltu
1657 4573 1847 4630 subito
1898 4581 1984 4630 est

278 4667 559 4730 ereptum.
609 4661 895 4719 Succiduo
943 4661 1192 4733 denique
1241 4669 1513 4733 tempore,
1570 4661 1807 4733 quidam
1846 4675 1981 4718 con-

278 4747 548 4805 sobrinus
596 4763 781 4817 meus,
839 4750 908 4807 de
964 4749 1140 4807 castri
1210 4748 1583 4819 primoribus,
1643 4748 1985 4819 gravissima

277 4844 363 4893 est
391 4837 654 4906 passione
678 4851 1009 4909 percussus.
1045 4836 1151 4894 Cui
1194 4836 1501 4893 brachium
1532 4835 1683 4893 beati
1714 4837 1985 4906 martyris

276 4936 409 4980 cum
442 4924 640 4982 fuisset
694 4925 1007 4997 ingestum,
1041 4924 1300 4981 valitudo
1351 4925 1474 4981 loco
1526 4939 1587 4981 se
1628 4933 1864 4982 mutans
1909 4925 1982 4981 ad

280 5018 496 5067 tactum
526 5013 654 5082 ejus
684 5013 875 5070 locum
927 5013 1220 5070 ferebatur
1248 5013 1308 5068 in
1348 5013 1551 5069 alium.
1604 5013 1868 5084 Cumque
1894 5013 1986 5069 vis

281 5099 381 5155 illa
420 5098 746 5171 diﬂ'ugeret,
813 5110 869 5158 et
912 5102 1156 5173 fugienti
1185 5117 1218 5158 e
1274 5101 1514 5174 vestigio
1568 5102 1719 5159 sacri
1764 5102 1983 5159 brachii

281 5189 470 5239 tactus
527 5183 813 5241 insisteret
869 5186 943 5241 ad
1008 5185 1276 5243 ultimum
1312 5194 1439 5256 post
1484 5186 1706 5257 aliquot
1727 5185 1785 5241 in
1815 5186 1987 5243 vultu

282 5271 674 5343 membrisque
695 5273 1015 5340 discursus,
1040 5272 1098 5329 in
1122 5275 1246 5344 ipso
1269 5274 1466 5346 juguli
1497 5274 1988 5345 scapularumque

281 5357 547 5424 confinio,
583 5367 700 5417 tota
732 5361 917 5416 morbi
946 5359 1100 5418 illius
1129 5362 1401 5420 violentia
1444 5376 1724 5435 evagans,
1761 5362 1989 5419 sublata

284 5445 589 5516 paululum
621 5448 679 5504 in
725 5448 964 5505 modum
1015 5450 1200 5507 muris
1236 5457 1386 5518 cute,
1430 5450 1646 5522 pariter
1674 5450 1989 5522 glomerata

360 5623 474 5693 (50)
513 5622 793 5682 Obscura.

2081 3155 2257 3211 Juxta
2291 3156 2629 3225 pravitatem
2659 3171 2796 3213 vero
2843 3158 3052 3213 veteris
3082 3172 3240 3226 usus,
3276 3158 3511 3214 ecclesia
3566 3157 3662 3214 illa
3710 3158 3788 3213 ad

2078 3242 2178 3315 jus
2201 3244 2328 3315 ejus
2356 3245 2693 3314 pertinebat.
2728 3245 3036 3303 Venientes
3069 3246 3209 3303 illuc
3235 3260 3372 3318 ergo
3400 3246 3611 3311 clerici,
3644 3253 3791 3303 stra-

2083 3338 2207 3388 tum
2266 3339 2399 3388 ante
2453 3332 2635 3389 altare
2690 3333 2799 3390 sibi
2847 3340 2903 3389 et
2955 3333 3095 3390 mihi
3125 3342 3291 3390 nocte
3319 3334 3415 3389 illa
3456 3333 3785 3405 fieriimpe-

2084 3425 2334 3475 trarunt.
2384 3421 2527 3477 Ecce
2564 3429 2729 3478 nocte
2757 3422 2946 3478 media
2975 3422 3129 3478 intra
3181 3423 3439 3479 eamdem
3489 3422 3789 3479 ecclesiam

2083 3507 2252 3576 coepit
2290 3514 2445 3564 terra
2496 3509 2667 3580 quasi
2718 3510 2940 3567 malleis
2990 3511 3240 3579 concuti,
3296 3511 3598 3582 aliquoties
3643 3524 3789 3567 serae

2083 3609 2355 3652 arearum
2408 3610 2542 3653 cum
2591 3598 2773 3655 multo
2827 3599 3067 3669 strepitu
3106 3600 3485 3667 circumvelli,
3533 3600 3790 3670 crepitus

2084 3685 2400 3755 aliquando
2431 3686 2601 3756 quasi
2630 3686 2933 3759 virgarum
2972 3702 3151 3758 super
3204 3702 3371 3745 arcas
3415 3689 3623 3745 audiri.
3660 3688 3789 3745 Cle-

2084 3773 2188 3830 rici
2217 3788 2353 3830 vero
2385 3788 2421 3830 a
2457 3775 2652 3831 sonitu
2680 3775 3018 3846 experrecti,
3056 3784 3353 3847 coeperunt
3409 3777 3659 3834 multum
3712 3791 3790 3834 ne

2084 3862 2257 3918 timor
2313 3861 2372 3918 in
2452 3862 2705 3919 deterius
2765 3877 2856 3920 me
2910 3871 3178 3931 verteret,
3251 3865 3579 3921 formidare.
3634 3865 3788 3931 Quid

2086 3950 2255 4021 plura
2283 3950 2313 4007 ‘i'
2339 3950 2423 4007 eis
2447 3951 2890 4008 mussitantibus
2903 3952 3213 4008 subaudivi
3245 3959 3459 4019 tamen,
3486 3967 3559 4009 ex
3579 3966 3788 4010 eorum

2084 4039 2486 4106 contubernio,
2517 4047 2574 4097 et
2628 4039 2912 4111 lampadis
2952 4040 3316 4110 praelucentis
3359 4041 3579 4108 solatio,
3614 4054 3789 4110 parce

2087 4129 2274 4185 timui.
2307 4128 2373 4184 In
2399 4128 2491 4184 bis
2513 4136 2738 4185 noctem
2782 4129 3086 4191 transiens,
3123 4129 3202 4185 ita
3221 4143 3413 4199 sospes
3439 4129 3512 4185 ad
3543 4136 3789 4186 matrem

2085 4217 2250 4285 redii,
2296 4232 2364 4273 ac
2391 4216 2439 4273 si
2468 4217 2613 4273 nihil
2662 4217 3005 4273 incommodi
3037 4216 3415 4287 pertulissem,
3456 4224 3512 4274 et
3540 4216 3642 4288 qui
3674 4216 3792 4288 pri-

2086 4306 2216 4363 dem
2271 4304 2595 4362 lautissima
2650 4306 3010 4373 horrueram,
3058 4319 3423 4375 communem
3450 4305 3571 4377 jam
3601 4318 3791 4375 prom-

2089 4403 2223 4466 ptus
2251 4394 2324 4450 ad
2355 4394 2569 4459 cibum,
2621 4407 2741 4449 non
2781 4393 2974 4449 minor
3020 4407 3149 4450 sum
3202 4400 3466 4463 repertus
3491 4393 3563 4450 ad
3591 4392 3787 4462 pilam.

2160 4483 2279 4540 Rex
2322 4482 2645 4555 Anglorum
2689 4481 2881 4538 senior
2909 4480 3250 4537 Guillelmus
3278 4480 3484 4536 turrim
3523 4481 3581 4536 in
3608 4481 3789 4538 eccle-

2088 4572 2175 4629 sia
2203 4571 2497 4643 magnifici
2526 4569 2783 4641 Dionysii
2814 4569 3023 4641 (cujus,
3060 4582 3241 4639 quam
3288 4568 3487 4625 futura
3517 4569 3789 4639 plurima,

2089 4660 2137 4714 si
2167 4659 2536 4729 perficeretur
2566 4671 2634 4713 ac
2671 4657 3013 4727 persisteret,
3066 4656 3255 4713 fuerat
3310 4657 3671 4727 magnitudo)
3713 4671 3793 4714 ex

2090 4746 2213 4804 suis
2238 4746 2383 4803 strui
2415 4746 2626 4803 fecerat
2656 4745 2788 4815 (50).
2821 4743 2983 4812 Quod
3014 4758 3159 4815 opus
3209 4744 3485 4814 quoniam
3529 4745 3602 4801 ab
3645 4745 3794 4801 arti-

2091 4836 2297 4892 ficibus
2342 4835 2535 4891 minus
2588 4840 2713 4890 erat
2761 4833 3025 4889 ordinate
3080 4839 3435 4900 contextum,
3488 4833 3795 4890 videbatur

2089 4929 2243 4979 διε
2290 4922 2351 4978 in
2381 4922 2502 4978 dies
2527 4922 2618 4978 sui
2664 4921 2955 4992 parturire
3002 4921 3257 4978 ruinam.
3292 4921 3555 4991 Cumque
3608 4921 3795 4992 pluri-

2091 5026 2252 5068 mum
2286 5010 2360 5067 ab
2404 5011 2578 5066 Ivone
2627 5018 2768 5066 tunc
2797 5009 3067 5080 temporis
3096 5009 3303 5065 abbate
3333 5017 3386 5065 et
3409 5023 3444 5065 a
3495 5010 3798 5068 monachis

2092 5101 2415 5166 timeretur,
2451 5112 2525 5155 ne
2568 5098 2746 5154 veteri
2792 5098 3073 5155 damnum
3130 5096 3380 5154 basilicae
3435 5097 3569 5154 novi
3603 5099 3797 5168 operis

2092 5188 2264 5246 ruina
2292 5187 2576 5258 infligeret
2604 5185 2755 5257 (erat
2802 5192 2995 5242 autem
3041 5186 3121 5242 ibi
3153 5185 3302 5242 beati
3350 5185 3679 5242 Eadmundi
3710 5187 3797 5243 al-

2093 5284 2234 5343 tare,
2269 5283 2325 5331 et
2376 5288 2625 5345 quorum
2683 5273 2876 5329 nescio
2918 5273 3195 5345 aliorum)
3226 5273 3355 5329 talis
3381 5272 3527 5328 visio
3555 5273 3799 5331 sollicito

2093 5363 2286 5420 abbati
2333 5376 2393 5418 se
2424 5360 2636 5418 intulit.
2680 5361 2941 5416 Honestas
2996 5362 3246 5417 multum
3301 5360 3659 5417 habitudinis
3704 5363 3801 5419 do-

2095 5449 2314 5506 minam
2367 5448 2427 5504 in
2482 5448 2667 5505 medio
2737 5447 2894 5504 Beati
2952 5448 3208 5518 Dionysii
3253 5447 3508 5505 ecclesiis
3548 5455 3799 5506 stantem
