3946 6378
190 412 287 462 961
1130 411 1426 465 APPEND.
1472 411 1562 465 AD
1604 411 1733 464 LIB.
1779 409 1853 463 III
1893 409 2222 465 GUIBERTI
2263 410 2352 463 DE
2394 411 2548 464 VITA
2591 411 2756 470 SUA.

3603 412 3706 466 962

190 540 442 605 videbat,
487 555 616 610 quae
655 540 990 596 sacerdotali
1047 555 1203 596 more
1275 541 1661 597 exorcismum
1723 554 1893 612 aquae
1930 539 2292 610 Alapidibus
2327 541 2688 609 adopertam,
2739 540 3115 596 humanitatis
3169 554 3345 597 causa
3382 542 3708 613 congeriem

185 627 452 684 faciebat.
482 629 744 698 Cumque
787 629 937 684 abba
990 627 1212 684 feminae
1251 629 1650 685 auctoritatem
1711 629 1893 684 mira-

187 724 369 783 retur,
418 731 550 786 qum
603 716 831 772 insolita
889 717 1112 784 faceret,
1171 719 1702 788 contemplabatur;
1737 718 1892 788 quod

189 811 316 874 post
359 818 527 874 aquae
559 804 1009 861 benedictionem
1042 821 1168 861 eam
1207 805 1318 861 hac
1370 806 1616 877 illacque
1675 806 1892 876 disper-

188 901 367 963 geret,
426 903 670 963 postque
725 893 1154 963 dispersionem,
1187 909 1307 964 qua
1362 895 1724 965 disperserat.
1780 895 1892 950 cir-

187 996 566 1052 cumquaque
621 981 853 1052 signum
923 984 1112 1040 crucis
1167 984 1534 1054 exprimeret.
1574 984 1689 1040 Nec
1733 997 1893 1040 mora

188 1069 461 1139 temporis
508 1070 682 1126 turris
716 1070 850 1137 ruit,
913 1072 1008 1126 sed
1066 1071 1285 1128 nullam
1342 1072 1592 1128 ecclesiae
1647 1079 1888 1142 partem,

186 1158 330 1214 dum
362 1166 573 1221 rueret,
608 1159 768 1214 laesit.
805 1159 904 1214 Illa
947 1162 1101 1214 enim
1161 1161 1464 1216 Benedicta
1496 1161 1642 1216 inter
1681 1161 1892 1216 mulie-

188 1259 302 1310 res,
337 1247 507 1316 cujus
526 1247 743 1301 ventris
776 1247 1109 1304 benedictus
1139 1256 1222 1303 est
1253 1249 1476 1304 fructus
1515 1250 1674 1316 (Luc.
1705 1265 1742 1316 ι,
1775 1249 1888 1318 22),

188 1348 299 1390 sua
327 1349 452 1390 eam
505 1335 896 1393 benedictione
945 1339 1119 1408 juxta
1167 1338 1392 1394 abbatis
1427 1339 1550 1394 visa
1582 1338 1886 1394 munierat.

189 1421 350 1477 Alias
376 1437 515 1493 ergo
554 1438 732 1480 ruens
780 1425 1067 1482 hominem
1099 1426 1298 1482 subter
1325 1427 1716 1484 ambulantem
1766 1443 1895 1498 ope-

187 1510 330 1566 ruit.
374 1511 516 1567 Cum
552 1512 747 1583 itaque
789 1523 1146 1583 compertum
1178 1522 1325 1571 esset
1381 1516 1652 1572 omnibus
1700 1517 1892 1571 virum

1996 629 2069 685 ab
2128 644 2194 684 eo
2250 629 2540 684 dimovere
2594 637 2912 699 coeperunt.
2972 630 3225 685 Tandem
3251 630 3554 686 exhaustis
3595 646 3704 687 cte-

1997 717 2174 773 menti
2204 725 2258 773 et
2308 731 2582 773 saxorum
2638 718 2948 784 montibus,
3007 719 3344 787 pervenitur
3381 719 3452 774 ad
3503 718 3698 788 illum;

1997 821 2191 877 quem,
2251 807 2460 862 mirum
2531 807 2708 873 dictu,
2766 806 3055 876 sospitem,
3123 808 3490 877 alacremque
3552 822 3705 876 repe-

1998 895 2156 950 riunt
2187 909 2254 950 ac
2282 897 2325 949 si
2358 896 2508 950 domi
2539 895 2861 951 desedisset.
2897 894 3110 960 Quadri
3135 910 3384 966 nemque
3407 911 3438 952 e
3475 897 3706 967 regione

1997 985 2142 1040 alter
2171 983 2334 1040 alteri
2383 998 2502 1040 sese
2549 985 3036 1054 compaginantes,
3074 983 3180 1053 ipsi
3236 985 3539 1040 aediculam
3570 999 3704 1040 con-

1998 1073 2273 1129 fecerunt.
2304 1072 2430 1128 Non
2460 1087 2596 1142 ergo
2619 1073 2670 1128 ei
2717 1073 2826 1127 sub
2879 1071 3102 1128 diutina
3159 1074 3348 1128 nescio
3395 1080 3537 1144 quot
3580 1073 3707 1130 die-

1997 1176 2128 1217 rum
2162 1162 2298 1217 inibi
2341 1175 2502 1216 mora
2533 1161 2730 1226 fames,
2772 1175 2886 1216 non
2942 1167 3148 1225 metus,
3200 1175 3313 1216 non
3373 1161 3707 1218 insolentis-

1997 1250 2178 1306 simus
2201 1249 2436 1305 excluso
2469 1249 2688 1304 homini
2720 1249 2892 1304 calcis
2920 1249 3060 1304 odor
3083 1248 3290 1305 oil'ecit.

2067 1337 2621 1394 Excellentissimam
2655 1338 2831 1408 igitur
2875 1338 3114 1394 Mariam
3145 1338 3420 1395 oculorum
3479 1353 3546 1395 ac
3601 1347 3709 1396 ter-

2000 1441 2077 1482 ra;
2107 1434 2431 1497 patronam,
2459 1441 2589 1482 cum
2647 1426 2916 1495 Dionysio
2968 1426 3139 1483 totius
3182 1427 3438 1484 Francius
3471 1428 3704 1483 domino

1998 1515 2095 1586 [f.,
2130 1517 2505 1583 invocantes},
2537 1515 2667 1572 libri
2694 1529 2976 1584 ponamus
3005 1515 3346 1572 clausulam.

1862 1695 2050 1740 FINIS.

339 2025 976 2138 APPENDIX
1052 2025 1219 2136 AD
1301 2024 1772 2139 LIBRUM
1847 2024 1988 2136 III
2062 2021 2647 2140 GUIBERTI
2721 2027 2878 2138 DE
2953 2027 3242 2140 VITA
3323 2027 3564 2142 SUA

1267 2363 1948 2448 EBBMANN!
2037 2363 2625 2448 HONAGII

537 2559 721 2660 DE
792 2501 1570 2660 MIRACULIS
1639 2556 1738 2659 s.
1814 2556 2307 2659 MARI/E
2377 2557 3380 2663 LAUDUNENSIS

1623 2763 1767 2836 DE
1851 2763 2266 2837 GESTIS

946 2943 1401 3001 VENERABILIS
1439 2944 1955 3001 BARTHOLOMEI
1995 2943 2312 2999 EPISCOPI
2354 2944 2442 3000 ET
2479 2945 2536 2998 S.
2579 2944 2972 3002 NORTBERTI

1438 3127 1917 3254 LIBRI
2021 3126 2462 3254 TRES

516 3516 861 3572 EPISTOLA
898 3515 1262 3577 HERMANNI
1301 3513 1612 3570 MONACHI
1653 3513 1746 3568 AD
1787 3513 2380 3570 BARTHOLOMAEUM
2420 3513 2934 3571 LAUDUNENSEM
2977 3515 3390 3571 EPISCOPUM.

264 3683 416 3732 5:6
461 3673 786 3733 Venerabili
819 3673 970 3729 Patri
1001 3680 1055 3728 et
1085 3671 1318 3728 domino
1348 3686 1475 3738 suo,
1508 3671 1718 3728 domno
1745 3672 1898 3728 Ban-
1939 3674 1980 3727 Β
2012 3673 2202 3738 Quare
2224 3689 2430 3730 nomen
2478 3689 2652 3730 suum
2684 3674 2841 3731 haud
2859 3649 3182 3746 ⁸ρνκχῐειενίι
3222 3678 3444 3731 auctor.
3468 3705 3537 3716 -—-
3569 3675 3717 3732 Bar-

191 3781 526 3831 τιιοιολιιεο,
559 3765 655 3820 Dei
690 3763 880 3835 gratia
933 3761 1334 3818 Laudunensis
1395 3761 1558 3817 urbis
1611 3765 1896 3831 episcopo,

194 3855 373 3911 frater
419 3854 786 3919 HERMANNUS,
818 3851 1079 3907 omnium
1112 3851 1526 3906 monachorum
1560 3851 1896 3920 peripsema,

194 3943 440 4000 summis
467 3941 835 4012 pontiﬁcibus
864 3940 922 3995 in
953 3939 1163 3995 caelesti
1196 3939 1403 3995 sociari
1433 3940 1613 3995 curia.

269 4033 454 4097 Quam
471 4029 652 4085 nobili
689 4045 898 4102 genere
927 4031 1086 4083 ortu:
1131 4027 1600 4083 Bartholomzua.
1640 4057 1714 4070 —
1755 4028 1900 4085 Cum

194 4121 419 4177 dudum
454 4121 512 4175 in
541 4118 874 4190 Hispaniam
907 4117 979 4173 ad
1010 4116 1324 4173 videndum
1364 4117 1676 4187 gloriosum
1709 4131 1901 4187 regem

197 4209 615 4277 Hildel‘onsum,
651 4207 873 4264 Feliciaa
905 4211 1225 4262 matertera
1258 4213 1461 4261 vestrae
1516 4203 1721 4272 ﬁlium,
1769 4219 1899 4275 pro-

195 4298 401 4367 fectus,
430 4297 822 4354 felicissimum
872 4295 944 4351 ab
981 4309 1049 4351 eo
1105 4293 1447 4364 promissum
1507 4293 1903 4363 suscepissetis

195 4386 354 4456 quod
412 4385 457 4443 si
514 4385 766 4442 secundo
815 4384 888 4440 ad
914 4397 1048 4440 eum
1079 4383 1391 4439 videndum
1445 4382 1899 4446 reverteremini,

194 4475 356 4531 daret
385 4475 549 4531 vobis
583 4487 795 4544 corpus
834 4475 898 4528 Β.
962 4471 1240 4530 Vincentii
1298 4470 1486 4527 levita;
1516 4479 1572 4526 et
1610 4471 1898 4540 martyris,

196 4578 304 4620 nec
347 4577 461 4620 non
517 4571 573 4619 et
625 4561 881 4619 casulam
930 4560 1419 4630 pretiosissimam,
1478 4573 1656 4629 quam
1737 4559 1904 4616 beata

195 4653 295 4708 Dei
349 4651 609 4708 Genitrix
667 4650 720 4707 S.
782 4650 1110 4706 Hildefonso
1176 4649 1460 4705 Toletanae
1512 4647 1759 4704 civitatis
1808 4661 1902 4704 ar-

195 4741 556 4812 chiepiscopo
610 4740 864 4806 dederat,
897 4739 968 4795 ob
1023 4737 1546 4794 remunerationem
1607 4736 1783 4792 trium
1827 4736 1903 4792 li-

196 4830 476 4887 bellorum
525 4844 670 4900 quos
723 4829 792 4884 de
822 4827 1166 4899 Virginitate
1196 4840 1303 4882 sua
1333 4833 1754 4896 composuerat,
1783 4840 1902 4881 cce-

196 4919 416 4990 pistisa
447 4933 574 4974 mea
604 4917 888 4987 parvitate
943 4929 1205 4986 quaerere
1264 4922 1460 4970 utrum
1512 4929 1608 4970 eos
1648 4913 1900 4983 denique

197 5008 418 5064 libellos
444 5007 658 5063 alicubi
689 5005 977 5072 vidissem,
1020 5013 1202 5076 utque
1231 5018 1327 5060 eos
1359 5003 1575 5073 ubique
1607 5001 1900 5072 perquire-

197 5111 316 5152 rem
341 5095 653 5153 studiosius
703 5093 1070 5164 praecepistis.
1103 5094 1249 5148 Cum
1303 5105 1439 5148 vero
1495 5105 1590 5146 eos
1639 5089 1698 5145 in
1757 5089 1901 5145 urbe

194 5184 600 5242 Catalaunensi
643 5183 783 5239 forte
831 5181 1166 5251 reperissem
1221 5187 1276 5236 et
1342 5179 1506 5235 vobis
1565 5177 1901 5234 renuntias-

196 5289 334 5344 sem,
370 5274 633 5345 protinus
663 5285 1079 5343 pergamenum
1136 5276 1535 5338 comparatum
1594 5267 1734 5324 mihi
1785 5274 1898 5323 tra-

197 5364 438 5431 didistis,
495 5376 704 5432 meque
779 5361 850 5416 ad
911 5360 1207 5430 praefatam
1269 5357 1474 5414 urbem
1526 5366 1755 5427 propter
1807 5370 1904 5412 eos

199 5451 662 5510 transcribendos
700 5449 1010 5506 direxistis.

267 5542 636 5598 Hermamms
665 5537 864 5594 Vitam
892 5541 947 5593 et
971 5536 1148 5592 libro:
1196 5535 1258 5591 δ’.
1292 5535 1632 5605 Hildefonsi
1680 5534 1904 5592 descri-

193 5630 347 5706 psit;
414 5628 620 5703 quibus
689 5626 982 5683 Miracula
1036 5626 1103 5680 Β.
1165 5623 1426 5697 Virginis
1467 5623 1780 5694 subjunxil.
1837 5653 1906 5666 --

2009 3762 2292 3818 tholomaei
2341 3779 2484 3818 cura
2530 3779 2638 3834 per
2675 3765 2716 3817 8
2738 3765 2800 3820 S.
2848 3765 3196 3820 Norbertum
3241 3768 3296 3819 et
3350 3765 3717 3820 Bernardum

2005 3851 2201 3906 decem
2227 3851 2580 3908 monasteria
2606 3857 2938 3908 constructa
2965 3852 3027 3907 in
3055 3853 3288 3909 dioecesi
3328 3853 3712 3910 Laudunensi.

2007 3941 2310 4012 —Scripsi
2367 3956 2506 4013 ergo
2567 3943 2752 4012 primo
2801 3943 2990 3999 Vitam
3047 3945 3304 4014 ejusdem
3363 3944 3711 4013 Hildefonsi;

2009 4029 2213 4085 deinde
2245 4031 2508 4099 praefatos
2541 4031 2668 4102 ejus
2717 4031 2938 4087 libellos
2980 4032 3284 4102 subjunxi.
3319 4031 3541 4099 Quibus
3569 4031 3717 4088 scri-

1951 4185 1954 4187 _
2009 4119 2141 4188 ptis,
2177 4118 2370 4174 addidi
2405 4119 2704 4184 miracula,
2766 4133 2896 4188 quae
2927 4120 3163 4188 praefata
3219 4127 3432 4175 sancte
3479 4119 3576 4175 Dei
3609 4119 3714 4175 Ge-

2009 4207 2190 4262 nitrix
2239 4207 2296 4262 in
2354 4208 2618 4275 Francia,
2677 4215 2732 4263 et
2765 4207 2973 4278 Anglia
3027 4208 3236 4264 fecerat
3292 4222 3393 4278 per
3445 4207 3719 4278 reliquias

2009 4309 2164 4362 suas,
2198 4309 2330 4365 quae
2381 4295 2437 4350 in
2474 4295 2846 4352 Laudunensi
2887 4305 3198 4353 servantur
3229 4296 3411 4367 ipsius
3456 4295 3714 4352 ecclesia.

2012 4384 2143 4439 Haec
2170 4398 2307 4454 ergo
2341 4383 2620 4440 miracula
2645 4385 2814 4455 jussu
2844 4385 3077 4456 quidem
3120 4386 3477 4456 paternitatis
3514 4393 3717 4441 vestrae

2009 4472 2326 4542 composui,
2379 4473 2476 4528 sed
2529 4480 2592 4528 ut
2645 4473 2878 4545 majoris
2925 4473 3286 4530 auctoritatis
3346 4481 3532 4530 essent
3581 4480 3637 4529 et
3681 4487 3717 4528 a

2010 4560 2170 4616 nullo
2202 4570 2436 4630 propter
2468 4561 2796 4617 dictaminis
2835 4563 3211 4618 rusticitatem
3262 4563 3714 4632 despicerentur,

2014 4647 2312 4716 parvitatis
2338 4661 2478 4703 meae
2510 4663 2716 4704 nomen
2769 4648 2882 4704 illis
2937 4649 3370 4718 praetermittere
3401 4649 3580 4713 nolui.
3618 4649 3717 4705 sed

2009 4736 2119 4792 sub
2146 4737 2376 4792 nomine
2415 4737 2826 4793 canonicornm
2875 4737 3003 4806 ejus
3055 4737 3322 4793 Ecclesia
3351 4752 3420 4793 ea
3462 4737 3718 4807 praetim-

2009 4824 2143 4879 lavi.
2181 4826 2310 4880 Post
2336 4826 2460 4895 ipsa
2486 4840 2720 4896 quoque
2749 4825 3027 4882 miracula
3067 4826 3371 4897 subjunxi,
3401 4841 3519 4896 quo
3551 4827 3717 4882 modo

2009 4913 2207 4969 divina
2263 4914 2650 4969 misericordia
2719 4913 2777 4970 in
2811 4915 3014 4971 diebus
3069 4915 3274 4970 vestris
3326 4928 3554 4981 novem,
3603 4915 3717 4970 imo

2009 5003 2204 5058 decem
2269 5003 2618 5058 monasteria
2675 5011 2862 5059 vestro
2943 5003 3135 5059 labore
3193 5004 3450 5059 construi
3525 5001 3718 5059 fecerit

2009 5105 2109 5160 per
2156 5091 2430 5147 domuum
2484 5091 2850 5156 Norbertum,
2904 5092 3304 5163 damnumque
3359 5092 3716 5148 Bernardum

2011 5179 2276 5235 abbatem
2327 5179 2842 5246 Clarzevallensem,
2911 5195 3164 5251 quorum
3240 5181 3466 5237 nullum
3526 5180 3719 5236 fuerat

2012 5278 2266 5339 tempore
2305 5269 2694 5340 quadraginta
2748 5269 2926 5325 trium
2975 5270 3369 5339 episcoporum
3399 5270 3720 5340 praedeces-

2013 5373 2208 5415 sorum
2265 5365 2617 5425 vestrorum;
2652 5373 2751 5414 vos
2809 5365 3001 5415 autem
3075 5359 3321 5430 singulis
3377 5358 3721 5415 constructis

2013 5448 2249 5504 abbates
2306 5447 2649 5517 praefecistis,
2711 5462 2815 5502 nec
2849 5455 3038 5503 tamen
3085 5448 3418 5517 antiquiora
3473 5461 3604 5518 quae
3637 5447 3720 5502 in-

2012 5537 2252 5594 venistis
2289 5536 2572 5607 corrigere
2631 5535 2943 5592 destitistis.
2981 5537 3048 5592 Et
3077 5537 3121 5591 si
3152 5535 3272 5592 vita
3315 5535 3458 5592 mihi
3505 5549 3716 5602 comes,

2017 5627 2126 5682 Deo
2157 5625 2379 5682 volente
2425 5623 2620 5693 fuerit,
2673 5623 2847 5681 etiam
2877 5625 2990 5680 alia
3033 5640 3166 5698 quae
3197 5625 3255 5681 in
3281 5624 3484 5682 diebus
3513 5623 3721 5681 vestris
