3946 6410
261 406 365 463 963

1204 400 1510 458 APPEND.
1559 402 1655 456 AD
1698 401 1825 457 LIB.
1868 400 1943 456 Ill
1984 399 2306 458 CUIBERTI
2339 401 2431 456 DE
2467 401 2628 456 VITA
2669 401 2821 457 SUA.

3684 402 3784 456 964

256 535 650 607 contigerunt,
681 535 771 591 vel
803 534 1137 605 contingere
1179 534 1391 600 videro,
1442 534 1779 589 subnectere
1830 547 1958 603 pro-
1994 536 2038 589 A
2065 534 2416 604 pusillitatis,
2475 542 2540 590 ut
2590 534 2875 605 particeps
2918 534 3028 591 sim
3091 534 3377 591 bonorum
3429 548 3567 605 qua
3610 535 3671 591 in
3717 549 3779 590 ea

261 624 446 694 posui.
495 624 664 679 Hunc
697 637 834 693 ergo
886 623 1099 679 librum
1133 631 1335 677 vestra
1385 622 1709 691 paternitati
1758 631 1813 677 et
1869 622 1971 676 Ec-

259 713 447 769 clesia
531 711 905 768 Laudunensi
985 710 1250 780 relinquo
1304 714 1362 765 in
1428 711 1764 766 memoriam
1829 723 1969 765 mea

2078 620 2226 677 facta
2255 620 2487 678 fuerint.

1342 964 1897 1038 CAPITULA
1975 964 2267 1037 LIBRI
2348 965 2706 1038 PRIMI.

347 1145 494 1197 επ
528 1139 664 1195 CAP.
720 1139 761 1193 Ι.
806 1140 881 1193 De
902 1211 910 1213 Δ
931 1136 1315 1213 prosperitate
1334 1138 1398 1213 εἰ
1425 1134 1775 1213 adpersitate
2270 1135 2583 1213 Ecclesia,
2610 1139 2667 1213 et
2712 1135 3115 1205 interiectione
3151 1138 3451 1196 Gualdrici
3494 1139 3773 1213 episcopi.

854 1211 911 1287 et
931 1205 1179 1287 'Qira'rdi
1319 1205 1732 1287 Cyrisigcohel
1748 1205 2113 1287 succensione
2138 1206 2432 1287 duodecim
2450 1206 2853 1287 ecclesiarum.

538 1281 669 1358 CAP.
826 1279 909 1358 D_e
937 1277 1455 1358 electioneaomini
1496 1277 2197 1358 Bartholomaifpirropi,
2241 1282 2297 1333 et
2327 1277 2627 1333 nobilitate
2668 1277 2816 1347 ejus.

535 1354 669 1406 CAP.
713 1350 815 1405 ΙΙΙ.
856 1353 931 1404 De
956 1349 1261 1403 miraculis
1283 1352 1502 1405 sancta
1534 1347 1737 1403 Maria
1763 1364 1869 1418 per

1898 1349 2211 1402 Franciam
2221 1393 2227 1399 .

541 1420 678 1478 CAP.
722 1421 818 1476 Ν.
862 1422 950 1474 De
975 1420 1189 1474 duobus
1219 1419 1533 1475 contractis
1555 1420 1786 1475 sanatis
1809 1419 1967 1489 apud
1996 1420 2368 1475 Issuldunum
2395 1419 2720 1475 castellum.

540 1491 677 1549 CAP.
720 1491 789 1547 V.
830 1492 1139 1561 Dejuvcne
1163 1492 1346 1561 surdo
1365 1493 1419 1543 et
1447 1493 1604 1561 muto
1621 1494 1821 1544 curato
1842 1490 2006 1561 apud
2028 1490 2275 1561 Buccnsi
2302 1491 2623 1546 castellum.

537 1562 675 1618 CAP.
719 1561 810 1616 VI.
849 1559 936 1615 De
965 1578 1104 1630 pace
1128 1561 1295 1627 facta
1324 1559 1482 1617 inter
1507 1560 1614 1615 duo
1646 1559 2276 1617 castella’dissidentia.

535 1634 669 1688 CAP.
713 1634 825 1687 Vll.
872 1636 945 1687 De
971 1631 1209 1685 muliere
1234 1635 1443 1702 agrota
1478 1631 1719 1686 Turonis
1747 1636 1972 1685 curata.

535 1709 671 1783 CAP.
716 1704 889 1783 δζμῐὲ
905 1707 983 1757 De
998 1702 1405 1783 jupenesurdo
1426 1704 1663 1783 et_muto
1694 1702 1942 1783 IZuronis
1962 1707 2187 1783 curato.

537 1774 671 1831 CAP.
716 1774 813 1829 IX.
848 1777 926 1829 De
955 1771 1210 1829 vindicta
1235 1777 1448 1827 sancta
1476 1773 1687 1827 Maria
1709 1773 1872 1833 facta
1901 1773 1978 1826 ad
2006 1776 2277 1829 Sanctum
2297 1772 2680 1828 Laurentium
2707 1771 2779 1826 de
2806 1772 2980 1829 Cato.

539 1846 674 1901 CAP.
719 1846 790 1900 Χ.
835 1848 911 1899 De
939 1843 1181 1898 muliere
1208 1842 1573 1915 parturiente
1600 1843 1925 1915 Andegavis
1942 1848 2175 1898 sanata.

538 1916 673 1972 CAP.
716 1916 817 1971 XI.
860 1916 947 1969 De
976 1914 1217 1968 muliere
1236 1914 1427 1968 sterili
1451 1914 1790 1970 Cenomanis
1806 1915 2135 1978 fecundula.

540 1986 677 2044 CAP.
721 1986 850 2057 XII.
894 1989 969 2040 De
998 1985 1281 2057 miraculo
1309 1984 1753 2057 apud_montem
1774 1985 1844 2039 de
1874 1985 2107 2039 Guarda
2131 1984 2457 2057 castellum.

539 2057 675 2115 CAP.
716 2054 874 2113 Xlll.
920 2059 1005 2111 De
1033 2056 1213 2111 tribus
1240 2053 1543 2111 miraculis
1569 2056 1632 2110 in
1658 2056 1801 2111 urbe
1830 2055 2163 2111 Carnotensi
2188 2056 2369 2118 factis
2394 2072 2501 2128 per
2522 2060 2787 2110 sanctam
2817 2053 3097 2112 Mariam.

1601 2366 1946 2455 LIBER
2003 2366 2464 2454 PRIMUS.

262 2673 402 2732 CAP.
439 2674 479 2729 Ι.
510 2704 580 2713 -
610 2674 692 2727 De
716 2673 1100 2743 prosperitate
1127 2673 1183 2722 et
1196 2673 1548 2721 adversitate
1575 2673 1965 2722 Laudunensis

334 2744 630 2817 Ecclesia,
650 2749 718 2817 _et
768 2740 1175 2817 interfectiones
1224 2736 1526 2817 ϐιωιάνίςὶ
1576 2736 1849 2817 episcopi,
1897 2740 1965 2817 _et

334 2814 573 2940 Girzzercli
618 2807 699 2867 'de
754 2812 1065 2885 Cyrisiuco,
1119 2812 1175 2865 et
1229 2807 1595 2864 succensione
1669 2807 1966 2862 duodecim

336 2902 432 2941 ecc
490 2901 733 2940 starum.

338 2973 452 3045 (51)
487 2970 783 3030 Universis
828 2975 1042 3024 sancta
1064 2966 1259 3024 Matris
1289 2965 1555 3023 Ecclesia
1586 2965 1716 3022 ﬁliis
1745 2979 1843 3036 per
1874 2973 1963 3021 to-

264 3068 384 3118 tum
416 3063 611 3118 orbem
653 3070 941 3117 terrarum
990 3056 1280 3127 dispersis,
1341 3057 1527 3112 Beata
1582 3056 1776 3111 Maria
1826 3057 1966 3110 Lau-

262 3150 543 3207 dunensis
568 3148 819 3205 ecclesia
862 3143 1143 3213 canonici,
1175 3145 1369 3201 videre
1424 3145 1603 3200 Deum
1632 3144 1869 3199 deorum
1905 3141 1964 3198 in

264 3238 416 3295 Sion.
444 3238 724 3306 Quoniam
743 3236 917 3307 juxta
946 3234 1181 3289 Beatum
1217 3232 1462 3289 Paulum
1494 3229 1815 3302 apostolum
1848 3236 1965 3285 tota

264 3335 465 3384 sancta
520 3326 773 3382 Ecclesia
830 3336 1013 3379 unum
1067 3321 1275 3377 Christi
1333 3334 1545 3390 corpus
1595 3327 1679 3375 est
1730 3317 1889 3387 (Col.
1922 3332 1961 3382 ι,

262 3416 373 3484 24),
405 3423 460 3472 et
491 3415 670 3485 hujus
696 3410 952 3482 corporis
995 3409 1253 3465 membra
1299 3415 1435 3464 sunt
1471 3407 1713 3463 diversa
1768 3406 1967 3461 Eccle-

262 3504 381 3572 sia,
418 3505 503 3561 vel
533 3501 746 3573 singuli
778 3499 991 3563 fideles,
1023 3497 1283 3566 dumque
1321 3496 1538 3566 patitur
1568 3509 1752 3551 unum
1779 3507 1966 3549 mem-

264 3593 459 3658 hrum,
494 3590 928 3660 compatiuntur
955 3585 1151 3641 omnia
1182 3584 1460 3651 membra,
1509 3590 1564 3639 et
1601 3583 1738 3638 dum
1797 3580 1969 3653 glori-

264 3682 475 3738 ﬁcatur
506 3692 689 3735 unum
723 3674 1046 3732 membrum
1077 3671 1444 3751 congaudent
1479 3671 1674 3727 omnia
1708 3670 1967 3725 membra

264 3771 321 3841 (I
368 3769 493 3824 Cor.
546 3780 650 3831 xu,
698 3765 811 3831 26).
870 3761 1300 3818 tribulationem
1352 3766 1406 3815 et
1466 3758 1739 3826 dolorem,
1790 3771 1963 3827 quem

264 3856 488 3912 invenit
517 3852 763 3909 Ecclesia
792 3858 988 3907 nostra
1016 3850 1075 3905 in
1107 3848 1312 3904 diebus
1342 3847 1552 3903 nostris
1579 3846 1771 3917 (Psal.
1803 3860 1961 3909 cxxv,

716 2668 1100 2743 prosperitate
1127 2665 1548 2743 eladversjlate
1575 2664 1971 2743 Laudunensis
2006 2666 2049 2721 B
2081 2673 2317 2735 experta
2348 2673 2432 2722 est
2459 2666 3037 2723 animadversionem.
3081 2668 3237 2724 Sicut
3265 2669 3419 2726 enim
3478 2670 3769 2741 quondam

2076 2769 2175 2825 per
2201 2754 2381 2809 David
2413 2769 2601 2826 regem
2655 2755 2955 2826 filiumque
2983 2755 3109 2826 ejus
3163 2756 3523 2815 Salomonem
3581 2759 3791 2821 omni-_

2075 2852 2273 2914 potens
2318 2844 2468 2899 Deus
2528 2844 2731 2900 urbem
2787 2844 3137 2901 Hierusalem
3192 2846 3537 2903 excellenter
3594 2848 3771 2918 glori-

2074 2932 2286 2999 ﬁcavit,
2349 2932 2447 2987 sed
2490 2932 2853 3002 postmodum
2912 2942 3141 3003 propter
3178 2942 3409 3004 peccata
3442 2936 3771 2993 inhabitan-

2074 3020 2240 3087 tium,
2277 3032 2377 3088 per
2417 3018 2938 3075 Nabuchodonosor
2968 3034 3156 3090 regem
3214 3022 3519 3091 Babylonis
3572 3023 3771 3079 fundi-

2077 3114 2168 3164 tus
2199 3106 2417 3163 destrui
2449 3106 2721 3176 permisit,
2776 3108 2858 3162 sic
2894 3106 3065 3163 etiam
3127 3109 3434 3166 Ecclesiam
3493 3119 3767 3177 nostram,

2075 3208 2277 3266 quam,
2310 3202 2374 3250 ut
2406 3195 2741 3265 pradictum
2776 3203 2881 3263 est,
2916 3210 3015 3265 per
3040 3198 3226 3253 multa
3273 3205 3529 3268 tempora
3560 3197 3768 3269 insigni

2074 3284 2258 3355 gloria
2306 3284 2741 3351 sublimaverat,
2777 3284 2835 3339 in
2893 3285 3095 3342 diebus
3120 3288 3341 3356 nostris
3386 3303 3499 3344 non
3538 3288 3770 3359 quidem

2072 3386 2146 3429 ex
2178 3376 2290 3428 toto
2345 3371 2580 3439 destrui,
2631 3372 2727 3428 sed
2773 3372 2953 3428 nimia
3015 3388 3219 3444 passus
3274 3382 3358 3430 est
3406 3375 3773 3432 tribulatione

2072 3460 2296 3526 vexari,
2333 3461 2409 3516 ita
2428 3468 2491 3517 ut
2517 3460 2585 3516 de
2617 3460 2740 3531 ipsa
2787 3476 3020 3532 quoque
3050 3461 3327 3518 veraciter
3352 3463 3493 3519 illud
3521 3463 3771 3534 prophe-

2073 3550 2250 3605 ticum
2305 3549 2417 3605 dici
2478 3549 2686 3619 possit:
2736 3568 2761 3601 ι
2809 3549 3088 3615 Quoniam
3157 3552 3405 3621 suscepit
3469 3553 3538 3607 de
3593 3564 3772 3608 manu

2073 3636 2298 3693 Domini
2363 3636 2618 3708 duplicia
2674 3652 2776 3708 pro
2822 3637 3094 3695 omnibus
3161 3640 3406 3708 peccatis
3446 3640 3569 3696 suis
3622 3640 3768 3711 (Isa.

2072 3739 2165 3793 XL,
2197 3724 2273 3796 2).
2308 3745 2336 3775 ››
3414 3758 3419 3759 ,

2146 3850 2307 3905 Hanc
2358 3856 2549 3906 autem
2610 3850 3037 3907 tribulationem
3097 3850 3364 3921 quadam
3418 3850 3772 3922 perturbatio

265 3947 342 4012 3),
376 3950 433 4000 et
492 3940 954 4006 consolationem,
1002 3951 1181 4009 quam
1216 3951 1316 4007 per
1345 3936 1646 3993 Dominam
1709 3942 1962 3992 nostram
2002 3961 2045 4021 ο
2077 3937 2385 4008 pracessit.
2417 3952 2549 4008 qua
2580 3937 2791 3994 futura
2821 3938 3164 3994 calamitatis
3191 3939 3357 4009 quasi
3372 3940 3767 4003 seminarium,

263 4040 522 4089 sanctam
575 4030 671 4087 Dei
727 4027 1069 4085 Genitricem
1129 4032 1251 4096 post
1312 4023 1699 4080 tribulationis
1745 4022 1965 4079 luctum

264 4120 493 4190 recepit,
565 4125 769 4175 vestra
851 4113 1155 4172 scribendo
1234 4112 1599 4169 notiticamus
1655 4110 1965 4179 dilectioni,

265 4218 558 4280 quatenus
613 4214 669 4262 et
706 4220 808 4261 vos
853 4202 1283 4275 congaudentes
1335 4200 1521 4269 nobis,
1567 4201 1698 4270 Deo,
1752 4207 1807 4257 et
1858 4200 1968 4271 pia

265 4296 435 4355 Matri
456 4296 583 4367 ejus
609 4288 827 4366 gratias
857 4294 1063 4363 agatis.

338 4385 781 4442 Laudunensem
812 4383 1010 4451 itaque
1056 4379 1367 4436 Ecclesiam
1414 4386 1635 4436 certum
1688 4386 1772 4435 est
1818 4378 1969 4434 inter

266 4473 589 4545 pracipuas
666 4469 828 4541 regni
887 4469 1241 4524 Froncorum
1294 4466 1574 4524 Ecclesias
1642 4466 1968 4537 antiquitus

266 4561 443 4619 fuisse
485 4558 786 4626 celebrem,
840 4569 1018 4627 quam
1049 4556 1253 4613 beatus
1305 4554 1602 4626 Remigius
1655 4554 1967 4611 Remorum

266 4651 749 4721 archiepiscopus,
803 4647 953 4703 sicut
1003 4644 1062 4701 in
1092 4644 1220 4715 ejus
1269 4644 1401 4702 Vita
1442 4644 1670 4714 legitur,
1720 4657 1795 4699 ex
1834 4656 1967 4713 pro-

266 4740 407 4811 priis
433 4743 583 4795 52s
633 4736 954 4794 redditibus
1000 4732 1391 4804 locupletavit,
1424 4732 1968 4801 nobilissimumque

264 4836 320 4885 et
366 4827 831 4885 strenuissimum
879 4825 1073 4881 virum
1135 4830 1402 4878 sanctum
1455 4820 1869 4878 Genebaudum
1907 4820 1966 4874 in

264 4930 333 4973 ea
380 4916 634 4986 primum
699 4914 1033 4985 episcopum
1114 4908 1518 4967 consecravit:
1588 4922 1842 4979 cumque
1892 4907 1967 4963 ab

263 5005 391 5075 ejus
421 5012 675 5073 tempore
722 5017 908 5072 usque
957 5000 1029 5056 ad
1073 5008 1326 5056 nostram
1359 5005 1606 5064 atatem,
1642 5011 1742 5067 per
1788 4995 1969 5067 quin-

265 5098 466 5164 gentos
491 5091 605 5146 fere
632 5098 684 5145 et
705 5104 771 5145 eo
800 5089 1051 5158 amplius
1083 5101 1285 5149 annos,
1330 5087 1388 5142 in
1436 5099 1650 5157 magna
1679 5083 1970 5155 prosperi-

265 5189 382 5236 tate
408 5179 715 5244 lloruisset,
742 5191 873 5233 ecce
918 5176 978 5231 in
1036 5176 1240 5232 diebus
1270 5174 1544 5232 Ludovici
1573 5188 1723 5246 regis
1780 5174 1968 5229 Fran-

2073 4034 2130 4083 et
2158 4025 2346 4094 radix,
2382 4040 2449 4082 ac
2491 4028 2823 4096 pranuntia
2876 4028 2997 4083 visa
3045 4037 3130 4084 est
3168 4028 3474 4083 exstitisse.
3526 4027 3767 4094 Quidam

2074 4115 2123 4171 si
2156 4114 2390 4185 quidem
2447 4114 2658 4170 nobilis
2705 4115 2973 4186 princeps
3021 4124 3077 4172 et
3140 4116 3486 4172 castellanos
3532 4114 3770 4172 Laudu—

2074 4204 2291 4269 nensis,
2348 4204 2581 4259 nomine
2628 4203 2917 4260 Gerardus
2948 4205 3018 4260 de
3051 4204 3357 4275 Cyrisiaco,
3407 4205 3547 4261 dum
3578 4204 3638 4259 in
3676 4216 3769 4259 ea-

2075 4292 2202 4348 dem
2237 4291 2459 4348 Sancta
2490 4291 2792 4348 Genitricis
2834 4292 3074 4348 ecclesia
3127 4292 3373 4364 genibus
3422 4292 3590 4349 ﬂexis
3626 4305 3769 4362 sup-

2075 4380 2298 4451 pliciter
2355 4388 2565 4448 oraret,
2611 4380 2686 4437 ab
2741 4381 2988 4437 inimicis
3034 4382 3157 4438 suis
3210 4382 3312 4452 qui
3342 4396 3476 4438 eum
3536 4379 3769 4452 aggredi

2075 4483 2193 4525 non
2222 4469 2534 4534 audebant,
2568 4468 2761 4526 dolose
2813 4469 3264 4535 circumventus,
3296 4478 3353 4526 et
3390 4470 3464 4526 ab
3516 4471 3772 4526 oratione

2074 4571 2340 4629 surgens,
2395 4558 2636 4615 diversis
2690 4558 3017 4630 gladiorum
3077 4559 3261 4630 plagis
3300 4559 3509 4616 ibidem
3552 4566 3638 4615 est
3678 4557 3770 4613 in—

2078 4647 2347 4703 terfectus
2375 4648 2508 4717 (52).
2540 4646 2723 4719 Cujus
2751 4646 3039 4717 sanguine
3092 4648 3485 4718 pavimentum
3524 4645 3772 4703 ecclesia

2075 4748 2420 4805 respersum,
2471 4750 2603 4793 cum
2636 4735 2927 4792 multoties
2953 4749 3110 4807 aqua
3164 4735 3466 4813 superfusa
3497 4749 3611 4791 non
3643 4747 3768 4805 pos-

2076 4830 2158 4880 set
2186 4824 2257 4879 ad
2288 4824 2523 4894 plenum
2553 4824 2732 4891 ablui,
2761 4823 3072 4894 pluresque
3108 4833 3426 4895 spectatum
3478 4823 3773 4879 venientes

2075 4924 2191 4966 non
2218 4924 2425 4981 parum
2463 4925 2638 4981 super
2664 4912 2771 4967 hoc
2800 4911 3247 4974 admirarentur,
3283 4912 3378 4968 vir
3423 4910 3769 4983 sapientissi-

2077 5012 2209 5056 mus
2246 4999 2519 5070 magister
2578 5001 2904 5065 Anselmus,
2972 5008 3112 5056 tunc
3186 5001 3456 5071 temporis
3511 4998 3772 5055 Ecclesia

2078 5096 2285 5143 nostra
2308 5087 2622 5144 canonicus
2648 5096 2704 5144 et
2732 5089 3007 5157 decanus,
3050 5102 3152 5159 per
3183 5095 3362 5145 totum
3407 5102 3549 5159 pene
3576 5088 3770 5144 orbem

2079 5176 2348 5248 Latinum
2404 5175 2656 5233 scientia
2686 5185 2741 5232 et
2792 5177 3135 5248 eloquentia
3182 5192 3303 5234 sua
3360 5178 3514 5233 fama
3557 5174 3775 5233 notissi-

268 5282 488 5336 corum,
538 5267 640 5337 qui
702 5265 812 5320 fuit
866 5264 1018 5320 ﬁlius
1069 5264 1316 5335 Philippi
1373 5263 1545 5335 regis,
1583 5271 1746 5333 pater
1774 5270 1968 5319 autem
2007 5263 2052 5317 D
2084 5276 2232 5329 mus,
2319 5262 2617 5319 nonnullis
2690 5272 2903 5320 secrete
2975 5264 3309 5335 colloquens
3363 5265 3773 5334 pranuntiasse

268 5354 542 5412 Ludovici
569 5352 844 5415 Junioris,
886 5352 1092 5408 duram
1114 5352 1258 5423 justi
1282 5351 1497 5423 judicis
1547 5351 1717 5422 Regis
1764 5364 1970 5422 regum

2079 5350 2265 5407 fertur
2295 5350 2449 5406 illam
2509 5352 2813 5424 sanguinis
2853 5351 3212 5422 effusionem,
3249 5353 3477 5410 nonnisi
3522 5353 3771 5424 ejusdem

362 5502 450 5577 si)
507 5501 874 5577 Hermannus
928 5497 1023 5554 hic
1082 5495 1341 5569 loquitur
1394 5495 1503 5553 sub
1573 5496 1807 5559 nomine
1868 5494 2284 5553 canonicorum
2363 5493 2863 5565 Landunensium,
2913 5504 2980 5555 ut
3036 5497 3153 5569 ipse
3209 5497 3488 5555 indicavit
3544 5497 3606 5554 in
3667 5495 3773 5569 epi-

264 5577 407 5630 stola
435 5577 882 5642 nuncupatoria.

333 5645 445 5716 (52)
478 5633 681 5701 Latiu's
709 5642 833 5699 hac
861 5638 963 5697 lib.
995 5652 1057 5695 ut
1095 5638 1242 5698 Vita
1299 5633 1560 5696 Guiberti
1607 5643 1964 5695 attexuntur.
