3946 6402
67 401 175 452 965

897 399 1262 455 HERMANNI
1304 399 1390 453 DE
1433 400 1664 453 MIBAC.
1712 400 1766 452 S.

1947 397 2049 452 {UE
2088 399 2391 453 LAUDUN.
2435 399 2658 454 —LIB.
2706 401 2748 452 Ι.

3479 403 3581 455 966

55 528 314 584 ecclesiae
343 529 800 584 conerematioue
831 528 1184 598 diluendam,
1229 529 1505 598 quoniam
1536 536 1764 585 tantum
1801 529 1850 582 A
1879 535 2112 598 totaque
2171 543 2314 598 pene
2361 535 2513 585 διο
2590 532 2866 601 Hispania
2914 532 3018 590 sibi
3077 531 3393 603 subjugata
3442 533 3583 589 adeo

53 618 250 672 scelus
277 632 390 672 non
445 632 618 687 aqua,
657 617 754 671 sed
805 618 995 686 potius
1027 620 1156 688 igne
1187 617 1328 672 foret
1381 618 1760 686 expiandum.

132 705 250 761 Nec
308 705 503 761 fefellit
559 706 750 760 virum
818 706 1160 774 prudentem
1218 719 1323 762 sua
1370 707 1584 775 opinio.
1638 708 1766 761 Post

50 796 352 850 modicum
388 794 597 850 etenim
641 803 886 864 tempus,
922 797 1036 850 Deo
1096 796 1476 864 permittente,
1539 795 1766 851 diabolo

47 883 412 950 stimulante,
500 885 750 939 domnus
833 883 1195 951 Gualdricus,
1270 885 1525 953 ejusdem
1604 887 1768 940 urbis

43 973 382 1042 episcopus,
433 971 708 1028 seditione
760 973 953 1028 subita
1003 987 1036 1027 a
1085 972 1312 1028 civibus
1355 974 1660 1040 concitata,
1706 973 1764 1028 in

41 1059 229 1115 domo
260 1075 367 1116 sua
393 1075 524 1116 cum
549 1061 980 1129 quibusdamex
1005 1061 1282 1116 militibus
1311 1060 1433 1116 suis
1461 1059 1768 1116 crudeliter

40 1149 358 1214 occiditur,
409 1149 644 1218 praefata
691 1148 915 1204 Sanctae
947 1150 1141 1205 Mariae
1192 1149 1428 1204 ecclesia
1459 1148 1589 1219 (53),
1631 1163 1764 1205 cum

40 1236 186 1289 aliis
219 1237 732 1307 propinquioribus
793 1237 985 1292 decem
1056 1236 1170 1291 fere
1229 1235 1500 1299 ecclesiis,
1561 1235 1768 1290 domus

39 1338 296 1393 quoque
361 1325 688 1394 adjacentes
770 1324 1014 1393 episcopi
1074 1331 1248 1393 atque
1333 1321 1762 1388 canonicorum,

38 1412 496 1482 multorumque
527 1413 744 1468 civium
813 1412 944 1483 igne
975 1412 1269 1481 supposito
1301 1419 1761 1466 concremantur.

36 1498 195 1552 Tota
250 1500 487 1568 insuper
544 1500 683 1555 urbs
734 1500 1135 1554 Laudunensis
1188 1499 1414 1553 civibus
1473 1511 1573 1566 per
1605 1498 1768 1552 varia

37 1585 178 1640 loca
208 1587 499 1655 dispersis,
535 1602 676 1656 pene
733 1601 919 1656 usque
952 1588 1020 1642 ad
1063 1587 1505 1642 internecionem
1549 1587 1763 1642 destrui

38 1675 307 1740 videtur,
353 1676 427 1730 ita
467 1683 529 1730 ut
583 1675 748 1730 multi
779 1689 880 1744 per
907 1689 1034 1730 eam
1085 1681 1465 1739 transeuntes,
1528 1674 1764 1728 ruinas-

39 1777 170 1831 que
207 1765 337 1833 ejus
365 1771 418 1818 et
445 1764 662 1818 cineres
710 1764 1064 1830 aspicientes,
1102 1777 1217 1832 prae
1277 1763 1454 1817 nimia
1492 1776 1762 1831 compas-

1875 616 2126 672 uominis
2173 618 2260 673 sui
2321 618 2646 688 opinionem
2704 621 2967 678 dilatavit
3025 631 3087 677 ut
3133 622 3204 676 ah
3254 622 3381 676 aliis
3438 623 3583 678 alter

1875 705 2082 771 Julius,
2116 706 2189 761 ab
2222 706 2348 762 aliis
2392 708 2684 763 secundus
2723 710 2962 765 Carolus
2993 719 3319 776 vocaretur,
3349 712 3422 766 ob
3458 726 3581 766 me-

1876 795 2116 848 moriam
2156 794 2308 850 illius
2359 796 2617 864 praeclari
2651 798 2834 852 Caroli
2885 800 3236 854 Francorum
3269 802 3440 870 regis,
3478 801 3580 870 qui

1875 883 2168 952 quondam
2204 883 2536 953 Hispaniam
2567 887 2748 940 victor
2778 887 3022 957 subegit.

1947 968 2270 1024 Secundam
2302 971 2476 1026 tiliam
2509 972 2764 1027 Hilduini
2789 974 3014 1029 comitis
3065 973 3233 1028 duxit
3276 974 3580 1044 conjugem

1877 1056 2192 1112 Rotholdus
2223 1072 2410 1112 comes
2469 1059 2825 1125 Perticensis,
2860 1060 2929 1113 de
2961 1073 3078 1129 qua
3109 1062 3309 1129 genuit
3341 1061 3581 1116 Rothol—

1875 1144 2012 1200 dum
2065 1146 2330 1202 comitem
2358 1156 2413 1202 et
2457 1148 2743 1202 Julianam
2799 1155 3036 1203 matrem
3100 1148 3437 1218 Margaretae
3490 1163 3579 1205 re-

1874 1233 2024 1302 ginae
2049 1233 2450 1290 Navarreusis.
2485 1235 2692 1301 Tertia,
2725 1237 2956 1290 nomine
3005 1237 3346 1306 Margareta,
3383 1239 3582 1307 nupsit

1876 1320 2108 1390 Hugoni
2163 1322 2355 1377 comiti
2405 1322 2878 1389 Claromontensi,
2940 1323 3009 1379 de
3058 1339 3176 1393 qua
3223 1325 3452 1394 genitus
3494 1333 3581 1381 est

1875 1408 2189 1465 Rainaldus
2219 1424 2426 1476 comes,
2479 1411 2580 1481 qui
2645 1426 2717 1467 ex
2751 1412 3004 1467 Adelada
3033 1412 3446 1468 Vermandeusi
3470 1428 3577 1478 ,co-

1874 1497 2092 1554 mitissa
2117 1500 2316 1569 genuit
2346 1500 2727 1571 Margaretam
2783 1503 3086 1571 conjugem
3125 1502 3279 1558 illius
3319 1491 3578 1571 praeclari

1873 1585 2059 1642 Caroli
2100 1587 2539 1643 Flandrensium
2589 1590 2831 1644 comitis.
2901 1589 3140 1656 Quarta,
3202 1593 3432 1646 nomine
3466 1591 3580 1645 Er—

1874 1675 2214 1741 mentrudis,
2270 1676 2468 1744 nupsit
2516 1676 2838 1730 Theobaldo
2897 1677 3091 1731 comiti
3145 1677 3214 1732 de
3264 1677 3477 1747 Risuel,
3509 1679 3579 1734 de

1875 1777 1992 1832 qua
2023 1765 2222 1833 genuit
2277 1763 2654 1818 Heldiardem.
2689 1771 2930 1818 matrem
2985 1765 3285 1819 Bcrtranni
3327 1767 3574 1831 comitis,

39 1852 214 1906 sione
249 1851 534 1922 lacrymas
575 1853 901 1916 funderent,
959 1852 1115 1906 illam
1171 1851 1428 1906 Jeremim
1487 1851 1763 1906 lamenta-
1804 1841 1847 1897 Β
1876 1852 1976 1921 qui
2009 1852 2067 1906 in
2110 1851 2386 1921 Hispania
2415 1850 2722 1906 defunctus
2746 1860 2851 1915 est,
2909 1852 3238 1922 sororisque
3266 1854 3394 1923 ejus
3433 1855 3578 1910 Bea-

43 1941 272 1995 tionem
303 1955 474 2009 super
524 1955 592 1996 ea
630 1955 744 1995 non
779 1942 1094 2010 incongrue
1137 1943 1474 2008 replicantes
1504 1953 1516 1992 :
1553 1959 1580 1987 ‹‹
1613 1939 1767 2001 Quo-

39 2030 227 2084 modo
286 2030 440 2085 sedet
495 2029 617 2085 sola
671 2029 877 2084 civitas
948 2028 1116 2098 plena
1178 2027 1431 2096 populo?
1483 2027 1632 2082 facta
1681 2035 1766 2083 est

40 2117 226 2187 quasi
261 2117 440 2173 vidua
472 2117 704 2173 domina
733 2117 989 2188 gentium
1025 2117 1259 2184 (Thren.
1296 2131 1331 2183 ι,
1387 2115 1457 2185 l).
1495 2136 1516 2163 ι
1549 2114 1766 2181 Quem-

40 2207 372 2262 admodum
423 2213 619 2262 autem
673 2205 807 2260 olim
858 2206 1136 2261 Dominus
1180 2205 1378 2259 urbem
1449 2204 1764 2259 Jerusalem

39 2295 299 2361 destrui,
356 2303 411 2351 et
473 2296 620 2351 filios
700 2295 874 2350 Israel
945 2293 1227 2363 captivari
1284 2295 1637 2362 permittens,
1692 2295 1764 2348 ad

40 2383 508 2439 consolationem
549 2391 738 2439 tamen
790 2397 1127 2452 paucorum,
1179 2383 1279 2452 qui
1344 2388 1762 2448 remanserant,

37 2473 365 2527 Jeremiam
420 2473 754 2542 prophetam
815 2471 1024 2526 ibidem
1083 2485 1216 2526 cum
1254 2471 1334 2525 eis
1381 2470 1634 2539 reliquit,
1684 2469 1765 2524 sic

39 2569 105 2616 et
146 2561 314 2616 nobis
345 2562 402 2615 in
433 2569 592 2616 tanta
622 2559 945 2616 calamitate
994 2559 1211 2629 positis,
1243 2558 1388 2613 duos
1411 2555 1764 2626 sapientissi-

40 2664 184 2705 mos
219 2651 388 2716 viros,
425 2650 728 2719 praefatum
757 2649 970 2704 scilicet
1007 2647 1349 2718 magistrum
1405 2647 1760 2711 Auselmum,

41 2751 523 2808 germanamque
555 2737 682 2808 ejus
735 2738 1078 2807 magistrum
1135 2734 1504 2803 Badulphum
1536 2733 1764 2788 miseri-

39 2827 312 2882 corditer
361 2826 697 2892 reservavit,
747 2825 850 2896 qui
904 2833 1016 2880 tam
1076 2823 1308 2878 clericos
1361 2836 1540 2892 quam
1592 2821 1764 2877 laicus

37 2916 306 2971 dulciter
342 2915 718 2980 consolantes,
751 2924 804 2970 et
830 2913 1072 2969 diversis
1090 2911 1401 2983 _seuteutiis
1438 2911 1760 2980 Scriptura-

35 3019 189 3061 rum
225 3004 564 3070 refoventes,
616 3018 688 3058 ne
725 3005 779 3057 in
831 3002 1263 3058 tribulationem
1317 2999 1762 3055 adversitatibus

35 3094 386 3157 deﬁcerent,
419 3093 902 3148 exhortabantur.

34 3192 191 3248 CAP.
231 3190 301 3244 Il.
331 3219 399 3230 --
434 3191 518 3243 De
574 3189 847 3244 electione
902 3187 1124 3244 domini
1185 3185 1593 3241 Bartholomaei
1633 3185 1759 3257 epi-

459 3260 619 3332 scopi
632 3281 654 3327 ;
677 3264 732 3314 et
763 3260 1064 3316 nobilitate
1087 3259 1363 3328 ejusdem.

121 3359 284 3413 Inter
340 3357 793 3413 consolationum
852 3364 1042 3412 tamen
1101 3354 1410 3424 colloquia,
1467 3366 1601 3409 cum
1657 3365 1758 3408 sa-

36 3447 350 3519 pFentibus
397 3453 450 3502 et
510 3446 789 3516 religiosis
858 3445 997 3501 viris
1050 3444 1355 3514 diligenter
1419 3448 1475 3498 et
1521 3441 1758 3497 sollicite

33 3535 443 3599 discutientes,
514 3543 855 3590 utrumnam
910 3534 1162 3603 aliquem
1196 3532 1456 3587 invenire
1511 3538 1755 3600 possent,

31 3639 154 3697 per
181 3639 350 3694 quem
385 3632 502 3679 tam
533 3623 878 3704 miserabilis
909 3630 962 3678 et
1010 3621 1300 3676 horrenda
1345 3620 1535 3675 clades
1583 3633 1757 3688 repa—

31 3711 167 3769 rari
219 3709 461 3766 valeret.
522 3708 796 3776 Tandem,
846 3709 1164 3777 inspirante
1213 3708 1345 3762 Deo.
1418 3712 1757 3775 repererunt

31 3797 287 3856 salubre
317 3798 640 3866 consilium,
675 3806 736 3852 ut
769 3797 838 3852 ad
883 3798 1141 3867 ejusdem
1174 3796 1335 3851 urbis
1365 3796 1755 3864 episcopatum

29 3890 330 3957 eligerent
359 3888 634 3942 domuum
697 3886 1195 3950 Bartholomaeum,
1230 3884 1524 3940 Remensis
1572 3884 1756 3938 eccle-

30 3978 150 4034 size
181 3975 367 4030 Beata:
412 3975 601 4030 Mariae
629 3974 972 4029 canonicum
1028 3980 1083 4028 et
1133 3971 1580 4036 thesaurarium,
1637 3977 1755 4025 tam

31 4062 282 4136 generis
306 4063 554 4118 notabile
587 4076 762 4132 quam
794 4071 849 4118 et
883 4074 1108 4116 morum
1164 4060 1467 4130 probitate,
1530 4060 1588 4113 in
1644 4059 1751 4115 Re-

28 4151 260 4215 mensi,
333 4152 816 4222 Laudunensique
895 4150 1192 4220 provincia
1279 4148 1749 4204 famosissimum.

28 4247 439 4311 Cognatorum
487 4242 772 4312 siquidem
818 4239 945 4310 ejus
990 4237 1350 4298 excellentia,
1399 4251 1515 4291 non
1566 4234 1751 4291 solum

28 4334 97 4388 in
142 4330 406 4394 Francia,
457 4329 554 4384 sed
584 4329 725 4384 etin
768 4328 1062 4397 Hispania,
1107 4325 1444 4396 Burgundia
1495 4338 1748 4395 quoque,

25 4427 88 4480 et
172 4417 544 4489 Lotharingia
614 4417 1053 4488 praadicabatur.
1141 4415 1451 4470 Hilduinus
1500 4427 1753 4482 namque

26 4519 242 4567 comes
288 4505 578 4561 Rociensis
615 4518 760 4560 avus
788 4506 916 4574 ejus
946 4504 1116 4559 duxit
1171 4503 1477 4574 conjugem
1541 4500 1754 4557 Adela—

25 4600 180 4655 dam
242 4607 574 4663 germanam
633 4592 829 4648 domui
891 4593 1147 4646 Manasse
1187 4591 1494 4646 Remorum
1556 4588 1754 4644 archi-

24 4681 317 4756 episcopi,
348 4695 421 4737 ex
455 4694 573 4751 qua
615 4679 815 4749 genuit
871 4680 1112 4734 Ebalum
1167 4679 1429 4733 comitem
1473 4678 1545 4732 de
1593 4677 1748 4745 Roci,

23 4783 87 4831 et
137 4771 429 4826 Andream
477 4770 738 4825 comitem
808 4769 876 4823 de
928 4767 1262 4834 Bamerutb,
1313 4775 1528 4836 patrem
1587 4767 1750 4821 Ebali

25 4859 484 4920 Catalauneusis
537 4857 811 4927 episcopi,
888 4865 1223 4926 septemque
1301 4855 1465 4910 tilias.
1534 4857 1748 4910 Harum

24 4962 250 5013 unam,
284 4947 513 5001 nomine
539 4946 826 5011 Feliciam,
859 4946 914 5000 iu
951 4945 1223 5014 Hispania
1244 4945 1411 4999 duxit
1441 4943 1749 5013 conjugem

25 5044 290 5099 Sanctus
347 5049 446 5091 rex
493 5035 930 5106 Arragonensis,
982 5042 1037 5089 et
1069 5045 1143 5089 ex
1174 5047 1240 5089 ea
1298 5033 1499 5102 genuit
1554 5032 1748 5086 Hilde-

24 5135 273 5189 fonsum
331 5139 520 5196 regem
567 5124 1050 5195 potentissimum,
1090 5123 1191 5193 qui
1243 5122 1388 5192 patri
1438 5121 1748 5176 succedens

25 5223 90 5277 in
167 5230 370 5286 regno,
454 5214 794 5269 fortissimas
849 5213 1042 5277 urbes,
1102 5219 1156 5266 et
1224 5210 1456 5265 castella
1507 5210 1748 5279 paganis

23 5307 325 5366 violenter
355 5303 665 5373 prteliando
691 5302 949 5367 abstulit,
1001 5309 1056 5356 et
1109 5300 1449 5355 Christianis
1492 5299 1744 5366 tradidit,

23 5395 596 5463 Czesar-Augustam
654 5393 867 5448 scilicet
934 5390 1079 5446 beati
1132 5389 1417 5445 Vincentii
1478 5390 1746 5458 martyris

24 5484 517 5546 archidiaconatu
575 5481 887 5551 famosam;
941 5480 1317 5534 Terassonam
1377 5493 1632 5548 quoque,
1690 5485 1745 5533 et

23 5573 339 5639 Tudelam,
374 5569 730 5638 Bai-hastam,
763 5576 819 5624 et
874 5569 1148 5640 Burgiam
1179 5580 1315 5623 cum
1352 5565 1480 5622 aliis
1520 5566 1739 5634 multis,

100 5701 212 5772 (:53)
249 5695 396 5754 Vide
430 5693 770 5752 Guibertum
802 5693 923 5750 loco
950 5693 1140 5749 citato.

1875 1939 2050 2002 tricis,
2085 1953 2216 2008 quae
2244 1953 2318 1994 ex
2359 1940 2598 2009 Hugone
2627 1940 2696 1994 de
2728 1940 3078 1996 Montcornet
3107 1943 3307 2011 genuit
3340 1943 3578 1998 Bartho-

1875 2026 2141 2082 lomzeum
2212 2027 2650 2083 Laudunensem
2715 2028 3188 2084 archidiaconuni
3245 2038 3299 2085 et
3348 2031 3576 2088 thesau-

1875 2116 2115 2171 rarium.
2174 2116 2462 2182 Quintam.
2500 2117 2731 2172 nomine
2783 2118 2984 2184 Adam,
3027 2118 3196 2173 duxit
3241 2118 3582 2176 Godefridus

1874 2203 1943 2258 de
1965 2203 2201 2274 Gusgia,
2233 2211 2288 2259 et
2333 2219 2404 2259 ex
2434 2218 2502 2259 ea
2531 2205 2732 2274 genuit
2787 2204 3101 2260 Guidouem
3153 2216 3371 2275 patrem
3430 2210 3580 2263 Bur-

1874 2294 2052 2348 cardi.
2084 2294 2361 2350 Defuncto
2391 2302 2582 2349 autem
2612 2295 2931 2356 Godefrido,
2960 2296 3158 2350 eadem
3202 2297 3326 2351 Ada
3363 2298 3580 2366 accepit

1871 2381 2147 2437 maritum
2199 2381 2522 2437 Walterum
2556 2383 2624 2437 de
2669 2382 2838 2437 Aath.
2888 2382 3010 2449 Quo
3070 2392 3318 2452 mortuo,
3363 2386 3582 2456 accepit

1873 2471 2105 2526 tertium
2165 2471 2437 2526 maritum
2486 2470 2899 2526 Theodericum
2946 2473 3014 2527 de
3039 2474 3320 2541 Avesniis,
3361 2482 3415 2530 et
3444 2489 3578 2531 cum

1871 2573 1936 2614 eo
1965 2560 2257 2615 exstruxit
2309 2560 2633 2614 cmnobium
2681 2560 2835 2629 quod
2886 2560 3099 2615 dicitur
3150 2562 3220 2617 de
3279 2562 3486 2617 Lesciis
3517 2563 3579 2618 in

1873 2647 2104 2718 propria
2167 2648 2512 2716 possessione
2541 2661 2680 2711 sua;
2730 2648 3117 2719 defunctoque
3161 2651 3356 2705 eodem
3392 2651 3579 2707 Theo-

1871 2737 2084 2802 dorico,
2117 2737 2237 2805 ipsa
2287 2750 2346 2791 se
2391 2750 2461 2790 ex
2497 2743 2610 2791 toto
2655 2738 2897 2792 contulit
2927 2739 3109 2793 eidem
3157 2740 3434 2806 coenobio,
3477 2740 3578 2796 ubi

1874 2823 2140 2892 pluribus
2169 2823 2339 2878 annis
2384 2824 2648 2894 religiose
2679 2825 2900 2890 vivens,
2926 2825 3198 2881 defuncta
3241 2835 3295 2882 et
3351 2827 3578 2898 sepulta

1871 2919 1974 2965 est.
2027 2911 2256 2966 Sextam
2302 2912 2474 2966 duxit
2539 2913 2843 2981 conjugem
2901 2914 3181 2969 Ernulfus
3250 2929 3438 2970 comes
3511 2917 3580 2972 de

1869 2998 2119 3067 Wareu;
2153 2999 2256 3067 qui
2306 2998 2504 3068 genuit
2534 2997 2814 3054 Othonem
2847 2999 3110 3054 comitem
3144 3001 3214 3055 de
3252 3001 3439 3072 Cisni;
3475 3004 3577 3074 qui

1870 3087 2015 3142 Otho
2047 3086 2257 3162 genui;
2277 3087 2628 3154 Aubertum;
2663 3088 2765 3156 qui
2805 3087 3100 3143 Aubertus
3126 3091 3326 3158 genuit
3350 3091 3575 3146 Auber-

1867 3183 1987 3232 tum
2021 3175 2302 3242 comitem,
2336 3183 2391 3231 et
2448 3175 2756 3230 Ernulfum
2817 3176 3143 3244 episcopum
3183 3179 3252 3232 de
3284 3179 3573 3235 Verduno.

1933 3263 2176 3328 Quidam
2208 3271 2401 3319 autem
2430 3263 2819 3319 nobilissimus
2857 3263 3120 3334 princeps
3149 3265 3208 3319 in
3239 3267 3578 3337 Burgundia

1864 3353 2096 3408 nomine
2141 3351 2308 3406 Falco
2336 3351 2404 3406 de
2432 3352 2554 3417 Jur,
2590 3352 2678 3406 vel
2725 3352 2794 3407 de
2834 3352 3081 3419 Servata,
3140 3364 3433 3423 comperta
3481 3369 3579 3412 no-

1866 3441 2083 3497 bilitate
2129 3447 2185 3496 et
2221 3440 2565 3496 excellentia
2611 3440 3105 3508 praefati-comitis
3155 3441 3410 3498 Hilduini
3459 3457 3579 3500 am-

1865 3531 2058 3586 biebat
2089 3543 2264 3584 uuam
2322 3543 2395 3584 ex
2447 3528 2674 3583 ﬁliabus
2713 3530 2840 3599 ejus
2891 3529 2997 3585 sibi
3028 3530 3298 3600 conjugio
3338 3531 3574 3599 sociari;

1863 3620 1959 3675 sed
1993 3632 2126 3674 cum
2159 3619 2214 3673 id
2263 3617 2572 3687 impetrare
2619 3619 2908 3688 nequiret,
2938 3618 3174 3688 jurante
3209 3628 3367 3688 patre
3410 3634 3573 3676 nun-

1864 3722 2041 3779 quam
2081 3708 2257 3762 iiliam
2304 3721 2468 3763 suam
2502 3707 2904 3776 Burgundioni
2936 3707 3212 3774 dandam,
3241 3709 3478 3779 contigit
3507 3715 3574 3764 ut

1865 3797 2158 3866 Philippus
2188 3810 2291 3851 rex
2341 3796 2698 3851 Francorum
2745 3795 3008 3849 eumdem
3044 3794 3305 3851 comitem
3354 3797 3575 3852 Hildui-

1864 3899 2005 3940 num
2045 3899 2178 3940 cum
2231 3884 2442 3939 domno
2490 3883 2810 3937 Helinando
2863 3883 3231 3937 Laudunensi
3287 3886 3571 3955 episcopo,

1863 3974 2103 4044 aliisque
2131 3973 2427 4028 nonnullis
2459 3971 2830 4041 principibus,
2876 3985 2973 4040 pro
3005 3975 3296 4027 communi
3347 3975 3573 4045 negotio

1863 4065 2023 4135 regni
2075 4063 2312 4119 Romam
2360 4061 2772 4117 transmitteret
2846 4060 2916 4114 ad
2984 4060 3285 4116 dominum
3345 4075 3567 4133 papam.

1861 4151 2020 4218 Quod
2055 4150 2150 4206 ubi
2185 4149 2537 4206 notiticatum
2591 4156 2672 4202 est
2708 4148 2976 4216 praedicto
3023 4149 3267 4218 principi
3316 4150 3569 4218 Falooni,

1862 4240 2098 4295 insidias
2149 4238 2528 4294 redeuntibus
2585 4250 2686 4306 per
2717 4236 2967 4306 plurima
2998 4236 3121 4292 loca
3168 4239 3415 4306 paravit,
3451 4240 3569 4295 sic-

1860 4343 1974 4400 que
2031 4329 2088 4383 in
2140 4330 2346 4384 itinere
2397 4336 2610 4396 captos,
2666 4334 2721 4382 et
2763 4327 3032 4382 omnibus
3085 4341 3217 4397 quae
3276 4328 3571 4385 habebant

1866 4417 2155 4486 spoliatos,
2232 4429 2345 4470 non
2399 4416 2561 4484 prius
2612 4414 2897 4470 dimittere
2954 4414 3138 4470 voluit
3185 4416 3367 4472 donec
3419 4417 3568 4474 idem

1861 4519 2050 4560 comes
2108 4503 2462 4574 promitteret
2505 4503 2891 4572 jurejurando
2951 4517 3010 4558 se
3057 4503 3229 4559 tiliam
3290 4518 3456 4560 suam
3515 4506 3569 4561 ei

1859 4593 2154 4648 daturum.
2224 4591 2348 4658 Qua
2428 4591 2730 4660 sponsione
2785 4598 3035 4660 accepta,
3105 4605 3305 4647 omnes
3362 4593 3570 4650 liberos

1857 4681 2072 4736 dimisit
2119 4680 2488 4751 plurimaque
2523 4679 2604 4734 eis
2635 4680 2785 4734 dona
2830 4679 3138 4735 liberaliter
3196 4681 3461 4748 contulit,
3512 4691 3568 4738 et

1857 4784 1990 4825 cum
2021 4783 2228 4838 magno
2275 4769 2488 4823 honore
2537 4768 2607 4822 ad
2663 4768 2895 4837 propria
2950 4767 3187 4822 remisit.
3233 4767 3434 4824 Comes
3469 4771 3569 4825 ita-

1857 4873 1971 4928 que
2036 4871 2299 4913 reversus
2355 4859 2409 4910 in
2489 4857 2812 4922 Franciam,
2873 4856 3045 4910 tiliam
3110 4869 3272 4911 suam
3335 4858 3568 4916 nomine

1857 4947 2191 5012 Adeladam,
2217 4960 2346 5000 cum
2383 4944 2580 5000 multis
2609 4945 2813 5014 opibus
2844 4945 2900 4999 in
2949 4944 3351 5014 Burgundiam
3385 4953 3568 5002 trans-

1855 5036 2106 5101 missam,
2141 5034 2376 5104 praefato
2416 5034 2658 5103 principi
2723 5033 2998 5104 conjugio
3042 5033 3297 5089 sociavit.
3333 5035 3411 5090 De
3447 5051 3566 5106 qua

1855 5124 2002 5178 idem
2051 5123 2214 5178 Falco
2267 5123 2665 5191 supradictum
2715 5122 3046 5191 episcopum
3081 5122 3362 5180 domuum
3419 5125 3566 5181 Bar-

1853 5213 2222 5268 tholommum
2255 5213 2473 5283 genuit,
2529 5227 2662 5267 cum
2722 5213 2848 5267 aliis
2876 5212 3006 5266 filiis
3041 5220 3096 5268 et
3127 5200 3375 5282 filiabus,
3415 5230 3568 5285 qua-

1805 5305 1834 5348 ‘.
1854 5315 1985 5357 rum
2019 5315 2134 5356 una
2179 5301 2287 5356 fuit
2344 5301 2764 5366 Ermeutrudis,
2800 5315 2978 5370 quam
3033 5316 3268 5358 rursum
3303 5305 3371 5359 de
3413 5305 3558 5361 Bur-

1853 5390 2073 5461 gundia
2133 5389 2190 5444 in
2257 5391 2558 5445 Franciam
2630 5390 2876 5445 delatam
2937 5391 3217 5447 Henricus
3269 5408 3456 5450 comes
3495 5395 3565 5452 de

1851 5479 2233 5549 Graudiprato
2275 5481 2579 5550 conjugem
2639 5479 2838 5545 duxit;
2870 5487 2926 5535 et
2972 5493 3044 5535 ex
3076 5494 3143 5535 ea
3193 5482 3563 5551 aequivocum

1851 5568 1958 5625 sibi
1992 5569 2301 5625 Henricum
2341 5569 2602 5625 comitem
2656 5569 2894 5639 genuit;
2935 5582 3393 5642 germanamque
3437 5572 3565 5644 ejus
