3946 6394
384 377 485 426 967

1306 370 1600 427 APPEND.
1644 372 1739 424 AD
1779 370 1912 425 LIB.
1965 369 2038 423 Ill
2074 369 2411 426 GUIBERTI
2452 371 2543 426 DE
2582 370 2734 425 νιΤΑ
2775 370 2927 423 SUA.

3808 376 3917 425 968

386 505 691 565 Adeladem
733 511 975 560 matrem
1032 504 1259 587 Ricardi
1308 504 1685 560 Virdunensis
1739 517 1805 559 ac
1859 504 2085 560 Laudu-
2125 505 2174 556 Α
2200 503 2446 575 religiosi
2485 504 2591 559 viri
2623 512 2685 559 ut
2714 503 2919 559 electos
2945 518 3015 558 ex
3049 504 3271 560 clericis
3302 502 3528 573 aliquos
3568 504 3705 559 boni
3743 506 3918 559 testi-

385 592 581 649 nensis
606 591 1017 649 archidiaconi.

457 682 561 737 Hic
584 693 724 751 ergo
764 679 1219 735 Bartholomaeus
1274 677 1465 733 adhuc
1496 678 1779 748 puerulus
1808 679 1863 734 in
1901 680 2086 735 Fran-

384 770 533 826 ciam
562 770 635 824 ad
668 768 911 825 Ebalum
940 767 1298 823 avunculum
1349 781 1523 823 suum
1553 768 1816 823 comitem
1852 769 2086 824 Καείρη-

384 873 503 915 sem
555 855 828 923 defertur,
891 856 1209 925 litterisque
1238 856 1486 911 traditus
1513 870 1547 911 a
1576 856 1785 912 domno
1830 856 2089 913 Manasse

386 948 694 1005 Remorum
768 944 1210 1013 archiepiscopo,
1284 944 1484 999 matris
1566 960 1689 1000 suae
1772 945 2085 1011 avunculo,

383 1035 687 1100 educatur,
732 1032 795 1103 [et
853 1030 1037 1101 primo
1087 1031 1403 1087 canonicus
1458 1031 1680 1088 Sanctae
1740 1032 1932 1089 Mariae
1987 1031 2092 1089 Re-

386 1120 595 1177 mensis
669 1120 939 1186 ecclesiae,
1029 1118 1235 1175 deinde
1333 1120 1729 1177 thesaurarius
1805 1120 2080 1177 efficitur.

385 1210 583 1267 Postea
626 1221 764 1263 vero
814 1222 948 1264 cum
976 1207 1097 1276 jam
1159 1207 1560 1264 Laudunensis
1630 1208 1898 1265 Ecclesiae
1945 1217 2091 1266 esset

383 1296 713 1363 canonicus,
771 1295 948 1351 Adela
998 1296 1445 1354 Vermandensis
1501 1298 1810 1365 comitissa,
1872 1299 2090 1369 conjux

386 1385 646 1457 Hugonis
683 1383 895 1455 Magni,
958 1384 1063 1455 qui
1113 1383 1221 1440 fuit
1277 1398 1591 1455 germanus
1640 1384 1888 1455 Philippi
1941 1387 2091 1457 regis

383 1475 759 1539 Francorum,
812 1486 944 1528 cum
995 1481 1119 1541 post
1150 1481 1386 1529 mortem
1419 1473 1674 1543 ejusdem
1712 1474 1989 1544 Hugonis,
2022 1475 2092 1532 de

382 1575 499 1633 quo
556 1567 840 1631 genuerat
898 1559 1211 1615 Radulfum
1270 1560 1533 1616 comitem
1582 1561 2087 1631 Vermandensem,

380 1658 438 1707 et
494 1648 783 1705 Simonem
852 1647 1182 1718 episcopum
1251 1648 1714 1716 Noviomensem,
1804 1649 2091 1719 nupsisset

382 1738 664 1795 Rainaldo
719 1738 913 1793 comiti
981 1736 1456 1805 Claromontensi,
1515 1737 1783 1793 eumdem
1842 1737 2088 1795 Bartho-

2195 593 2371 648 monii
2402 592 2571 655 viros,
2610 606 2743 648 cum
2795 590 3056 661 reliquiis
3107 591 3363 647 Dominae
3400 599 3607 648 nostra:
3634 600 3693 648 et
3758 591 3918 647 alio-

2196 694 2328 735 rum
2360 688 2713 747 sanctorum,
2750 693 2848 749 per
2905 680 3208 735 Franciam
3246 680 3319 735 ad
3369 680 3726 749 expetendas
3771 680 3918 736 fide-

2195 769 2337 825 lium
2396 768 3372 839 eleemosynas|transmitteremus.
3431 768 3642 825 Eorum
3708 771 3918 841 itaque

2194 857 2433 915 consilio
2504 858 2787 928 elegimus
2852 866 3066 927 septem
3132 858 3438 914 canonicos
3487 872 3559 913 ex
3622 858 3918 915 fratribus

2196 946 2426 1013 nostris,
2506 946 2779 1001 Bosonem
2836 944 3070 1010 scilicet,
3144 945 3476 1013 Robertum,
3544 946 3918 1012 Anselmum,

2196 1035 2561 1100 Herbertum,
2640 1033 2973 1101 Robertum,
3067 1032 3456 1101 Bonefacium,
3528 1035 3918 1091 Amisardum

2196 1122 2616 1192 presbyterum,
2647 1119 2925 1187 Odonem,
2957 1120 3059 1190 qui
3104 1128 3297 1190 postea
3329 1121 3436 1177 fuit
3466 1120 3645 1177 abbas
3691 1136 3918 1177 mona-

2196 1209 2353 1264 sterii
2384 1207 2540 1278 quod
2571 1206 2785 1263 dicitur
2827 1206 2997 1262 Bonae
3028 1204 3179 1276 Spei.
3225 1206 3285 1261 in
3326 1206 3659 1276 episcopatu
3694 1209 3918 1264 Came-

2197 1297 2439 1353 racensi.
2473 1295 2580 1352 Sex
2606 1308 2842 1365 quoque
2873 1294 3046 1351 laicos
3075 1308 3149 1351 ex
3180 1294 3408 1351 civibus
3436 1295 3518 1351 eis
3548 1295 3918 1363 addidimus,

2199 1385 2509 1441 Ricardum
2570 1382 2852 1449 videlicet,
2902 1384 3182 1439 Joannem
3239 1383 3383 1451 Piot,
3417 1384 3689 1446 Odonem,
3732 1384 3918 1439 Lam-

2199 1474 2445 1539 bertum,
2480 1472 2778 1536 Bosonem,
2808 1478 2863 1527 et
2908 1471 3325 1529 Theodoricum
3357 1471 3427 1529 de
3484 1473 3760 1528 Brueriis.
3800 1473 3918 1528 Hos

2200 1563 2393 1632 itaque
2428 1575 2561 1617 cum
2609 1560 2816 1616 feretro
2867 1559 3123 1616 Dominae
3156 1567 3384 1627 nostra),
3442 1568 3499 1616 et
3553 1560 3682 1616 aliis
3716 1562 3918 1629 capsis

2197 1649 2581 1721 reliquiarum
2653 1648 3081 1705 transmisimus
3126 1648 3199 1704 ad
3256 1648 3588 1719 accipienda
3659 1648 3918 1704 donaria

2201 1741 2476 1797 fidelium.

386 1826 655 1883 lomwum
711 1826 881 1881 sciret
937 1824 1127 1881 mariti
1184 1825 1274 1880 sui
1317 1838 1439 1880 esse
1493 1822 1925 1889 consobrinum,
1986 1835 2088 1891 ι)νο
2126 1800 2171 1857 Β
2269 1829 2522 1887 Ecclesia
2571 1842 2709 1884 vero
2789 1826 2979 1884 fuerat
3031 1841 3310 1883 succensa
3357 1826 3497 1884 feria
3543 1828 3761 1898 quinta
3810 1842 3918 1897 pa-

384 1929 581 1972 amore
628 1915 756 1986 ejus
806 1914 934 1970 fecit
962 1928 1095 1971 eum
1146 1913 1575 1969 thesaurarium
1605 1912 1857 1968 ecclesia;
1903 1911 2085 1966 sancti

382 2004 641 2072 Quintini
675 2002 1155 2072 Vermandensis;
1183 2002 1401 2073 sicque,
1437 2008 1502 2057 ut
1556 2000 1954 2070 supradictum
1980 2007 2084 2065 est,

382 2102 437 2150 et
467 2093 695 2164 generis
742 2092 1057 2159 nobilitate,
1090 2099 1144 2147 et
1173 2104 1401 2147 morum
1454 2090 1736 2160 probitate
1759 2096 1816 2144 et
1865 2086 2089 2143 divitia-

384 2195 517 2237 rum
556 2179 854 2250 opulentia
895 2179 1044 2235 idem
1100 2178 1552 2235 Bartbolomzeus
1603 2178 1856 2234 famosus
1912 2176 2089 2232 habe-

384 2268 589 2330 batur..
612 2266 841 2323 Electus
880 2267 1075 2336 itaque
1117 2264 1383 2321 unanimi
1421 2264 1596 2320 totius
1625 2263 1759 2319 cieri
1790 2271 1847 2319 et
1893 2262 2091 2333 populi

383 2369 626 2412 assensu
658 2355 730 2410 ad
767 2354 1164 2424 pontificatum
1216 2352 1379 2409 urbis
1424 2352 1844 2419 Laudunensis,
1876 2351 2089 2407 domno

385 2442 629 2501 Radulfo
670 2443 985 2499 Remorum
1041 2441 1488 2510 archiepiscopo,
1535 2440 1638 2510 qui
1686 2440 1921 2509 praefato
1967 2438 2090 2495 Ma-

385 2545 553 2588 nasse
610 2530 812 2587 matris
867 2530 997 2600 ejus
1072 2529 1366 2586 avunculo
1418 2537 1789 2597 successerat,
1851 2541 2091 2598 praesen-

386 2628 563 2686 tatur,
595 2627 650 2676 et
678 2620 751 2676 ab
796 2634 863 2674 eo
921 2618 1237 2688 multisque
1292 2617 1419 2673 aliis
1476 2615 1777 2686 episcopis,
1838 2624 2091 2685 tempore

388 2708 676 2765 Paschalis
706 2720 888 2777 papae,
917 2714 973 2763 et
1026 2706 1302 2763 Ludovici
1334 2706 1485 2776 regis
1534 2705 1908 2770 Francorum,
1938 2704 2090 2760 cele-

386 2796 633 2854 berrime
661 2803 1047 2862 consecratus,
1108 2794 1316 2851 ovibus
1364 2792 1633 2851 desolatis
1670 2806 1856 2850 novus
1900 2801 2092 2863 pastor

385 2884 817 2942 transmittitur.

456 2973 563 3031 Sed
613 2972 707 3029 ille
768 2972 1119 3029 Laudunum
1174 2971 1434 3039 veniens,
1499 2979 1556 3029 et
1613 2985 1729 3028 non
1770 2971 2088 3039 ecclesiam,

2197 1917 2406 1973 schalis
2430 1916 2823 1980 hebdomadas,
2861 1917 3086 1986 ipsique
3113 1918 3324 1987 egressi
3353 1924 3489 1973 sunt
3530 1916 3673 1973 feria
3697 1918 3918 1987 quinta

2198 2014 2330 2062 ante
2398 2005 2805 2070 Pentecostem,
2868 2004 2925 2060 id
2979 2012 3065 2060 est
3113 2005 3170 2061 in
3234 2006 3455 2061 octavis
3518 2007 3918 2071 Ascensionis,

2200 2093 2601 2163 demoratique
2632 2100 2769 2148 sunt
2799 2105 2986 2162 usque
3015 2091 3169 2148 circa
3197 2093 3404 2149 festum
3446 2092 3698 2149 Μαιηιωὶ
3732 2107 3918 2149 evan-

2200 2183 2436 2255 gelistae.
2472 2181 2749 2237 Dominus
2793 2194 2951 2251 ergo,
2987 2182 3081 2237 cui
3115 2195 3215 2250 per
3244 2180 3584 2250 Prophetam
3642 2180 3873 2237 dicitur
3903 2197 3915 2235 :

2204 2294 2228 2321 ε
2258 2274 2410 2328 Deus
2459 2269 2717 2340 repulisti
2764 2284 2888 2337 nos,
2943 2275 2999 2324 et
3043 2269 3379 2326 destruxisti
3426 2283 3548 2336 nos,
3593 2268 3788 2326 iratus
3836 2283 3916 2335 es,

2198 2366 2254 2415 et
2308 2358 2574 2413 misertus
2640 2369 2700 2410 es
2755 2354 2933 2410 nostri
2988 2354 3162 2425 (Ρεαι.
3243 2370 3356 2424 ux,
3410 2357 3493 2424 3);
3531 2377 3553 2404 ι
3612 2364 3671 2412 et
3717 2356 3915 2412 alibi:

2206 2468 2229 2495 ι
2293 2445 2439 2501 Cum
2519 2444 2705 2498 iratus
2768 2441 2963 2509 fueris,
3049 2442 3455 2498 misericordiae
3511 2442 3914 2500 recordaberis

2201 2532 2455 2604 (Habac.
2509 2545 2588 2597 ιιι,
2639 2529 2782 2600 4);»
2831 2528 3144 2585 Ecclesiam
3195 2537 3469 2597 nostram,
3523 2543 3704 2599 quam
3765 2531 3911 2586 dure

2201 2619 2479 2691 ﬂagellari
2522 2618 2877 2689 permiserat,
2926 2616 3192 2687 precibus
3246 2631 3366 2673 suae
3419 2617 3688 2687 piissimae
3713 2618 3912 2674 Matris

2202 2710 2483 2781 placatus,
2524 2722 2641 2764 non
2688 2706 2913 2763 distulit
2957 2706 3401 2762 misericorditer
3445 2706 3726 2763 refovere.
3787 2707 3913 2763 Plu-

2202 2799 2350 2855 rima
2377 2796 2663 2869 siquidem
2691 2795 2976 2852 miracula
3001 2795 3061 2850 in
3112 2795 3309 2851 eodem
3370 2794 3573 2852 itinere
3637 2809 3746 2865 per
3784 2797 3912 2866 ejus

2202 2886 2449 2944 ostendit
2478 2884 2776 2955 reliquias,
2806 2884 2876 2940 de
2908 2883 3127 2954 quibus
3160 2883 3443 2940 nonnulla
3471 2890 3908 2954 prietereuntes,

2202 2988 2390 3046 pauca
2448 2981 2698 3039 tantum,
2776 2972 2876 3028 sed
2935 2972 3235 3028 notissima
3285 2980 3640 3043 posterorum
3686 2973 3907 3029 notitiae

386 3076 501 3119 non
532 3062 767 3119 domum
824 3061 1227 3132 episcopalem,
1260 3060 1376 3117 imo
1421 3060 1504 3117 nil
1545 3074 1690 3131 pene
1710 3068 1942 3147 .pmter
2000 3061 2091 3116 fa—
2128 3082 2171 3138 α
2202 3063 2503 3119 scribendo
2533 3059 2997 3118 transmittimns.

385 3150 555 3207 villas
581 3157 637 3207 et
664 3151 885 3207 cineres
915 3150 1236 3217 inveniens,
1268 3149 1379 3206 dici
1427 3162 1545 3205 non
1588 3156 1770 3219 potest
1800 3156 2088 3219 quantum

384 3238 651 3307 doluerit,
681 3245 970 3309 quantum
1026 3238 1332 3309 gemuerit,
1390 3238 1671 3309 quoniam
1716 3246 1833 3294 non
1881 3251 1940 3294 se
1992 3238 2091 3294 ho-

384 3340 523 3383 nore
550 3326 950 3394 sublimatum,
983 3327 1083 3383 sed
1119 3327 1337 3383 honore
1364 3325 1612 3383 deﬂebat
1639 3333 2089 3397 praegravatum.

386 3415 502 3486 Ipsi
567 3415 721 3471 enim
794 3415 891 3470 illa
936 3414 1247 3484 Scriptura
1301 3415 1583 3471 sententia
1641 3429 1756 3470 non
1806 3414 2091 3471 immerito

384 3504 510 3560 visa
549 3511 634 3559 est
698 3511 840 3559 tunc
881 3502 1155 3573 temrioris
1209 3517 1369 3573 posse
1415 3516 1763 3573 congruere;
1827 3524 1852 3553 ι
1911 3503 2092 3559 Homo

386 3591 645 3648 nascitur
672 3590 745 3646 ad
774 3590 1031 3647 laborem
1062 3590 1216 3661 (Job.
1245 3605 1303 3658 v,
1329 3590 1411 3661 7).
1440 3612 1470 3640 »
1512 3591 1630 3648 Nec
1669 3604 1785 3647 non
1830 3598 1887 3647 et
1945 3590 2088 3646 illud

387 3678 544 3749 quod
597 3678 877 3734 Dominus
904 3678 974 3733 de
1022 3678 1323 3749 semetipso
1349 3679 1407 3734 in
1457 3678 1778 3749 Evangelia
1819 3683 1977 3733 680
2004 3678 2089 3734 di-

387 3767 467 3823 cit
499 3782 568 3821 εα
601 3766 781 3822 Filius
831 3766 1080 3823 hominis
1135 3782 1249 3823 non
1299 3767 1469 3824 habet
1498 3766 1600 3823 ubi
1651 3773 1826 3837 caput
1854 3767 2093 3823 reclinet

388 3855 547 3925 (Luc.
609 3869 689 3922 ix,
746 3855 858 3923 58).
896 3876 918 3903 ι
968 3855 1117 3911 illud
1168 3856 1338 3912 etiam
1379 3856 1533 3913 beati
1586 3856 1748 3912 Pauli
1803 3855 2087 3927 apostoli:

391 3943 496 4000 «Si
521 3943 654 4015 quis
673 3943 1067 4013 episcopatum
1107 3944 1410 4013 desiderat,
1472 3945 1691 4001 bonum
1744 3958 1891 4014 opus
1943 3944 2091 4000 desi-

385 4032 545 4089 derat
603 4031 660 4101 (I
701 4030 945 4087 Timoth.
973 4046 1055 4099 ιιι,
1103 4032 1155 4103 l)
1189 4047 1206 4089 :
1238 4053 1267 4082 ››
1299 4047 1468 4104 opus,
1518 4032 1728 4104 inquit,
1766 4047 1884 4089 non
1913 4032 2092 4089 bono-

387 4134 530 4177 rem.
563 4119 654 4177 Sic
681 4127 736 4176 et
765 4120 869 4176 iste
924 4120 997 4176 de
1038 4134 1254 4192 magna
1311 4121 1529 4191 requie,
1573 4129 1629 4177 et
1680 4120 1915 4189 divitiis,
1968 4134 2097 4176 om—

386 4208 738 4278 nimodaque
776 4208 1032 4278 corporis
1086 4209 1180 4266 sui
1239 4209 1536 4266 voluntate
1584 4210 1643 4266 in
1698 4210 1886 4265 locum
1930 4209 2092 4265 deso-

387 4296 571 4353 latum
610 4296 868 4363 veniens,
959 4310 1074 4353 non
1160 4312 1220 4353 se
1279 4298 1350 4354 ad
1405 4298 1637 4355 honoris
1690 4297 2092 4355 excellentiam

2198 3163 2331 3218 CAP.
2367 3159 2463 3218 IV.
2494 3188 2560 3200 --
2596 3159 2684 3214 De
2714 3156 2931 3229 duobus
2956 3156 3270 3229 contractis
3295 3155 3688 3229 :anatisapud
3720 3157 3904 3212 lssul-

2766 3227 2984 3283 dunum
3020 3227 3327 3284 castellum

2270 3330 2332 3385 ln
2366 3341 2512 3398 pago
2560 3324 2925 3382 Buturicensi
2974 3324 3273 3381 castellum
3322 3326 3612 3396 quoddam
3660 3335 3909 3382 vocatur

2199 3416 2573 3473 Issuldunum
2609 3412 2824 3483 (vulgo,
2875 3412 3198 3483 Irsoudun).
3233 3413 3421 3484 Hujus
3448 3413 3663 3469 castelli
3722 3414 3909 3469 domi-

2199 3520 2312 3562 nus
2342 3505 2433 3560 vir
2477 3502 2794 3559 ditissimus
2842 3503 3072 3559 nomine
3116 3502 3447 3564 Gaufridus,
3487 3503 3543 3557 in
3574 3502 3744 3558 domo
3801 3516 3908 3557 sua

2198 3594 2370 3665 longo
2397 3601 2649 3662 tempore
2697 3605 2798 3660 pro
2845 3592 3042 3647 anima
3069 3604 3177 3646 sua
3205 3591 3350 3647 duos
3404 3598 3724 3647 contractos
3771 3592 3906 3646 reti-

2203 3689 2413 3739 nuerat
2449 3688 2506 3737 et
2536 3679 2784 3747 aluerat,
2824 3693 3077 3750 quorum
3112 3678 3364 3736 calcanei
3398 3680 3476 3734 ita
3527 3677 3764 3735 natibus
3814 3680 3907 3734 in—

2200 3771 2497 3828 herebant
2540 3776 2605 3825 ut
2634 3767 2794 3824 nullo
2853 3768 3021 3825 modo
3074 3768 3354 3836 incedere,
3416 3767 3504 3823 vel
3562 3781 3623 3824 se
3672 3775 3905 3837 possent

2198 3861 2437 3930 erigere.
2498 3856 2771 3927 Suscepto
2835 3858 3033 3927 itaque
3098 3872 3229 3913 cum
3280 3870 3493 3928 magna
3550 3856 3902 3926 processione

2207 3949 2414 4006 feretro
2446 3946 2702 4003 Dominae
2733 3954 2943 4002 nostrae
2989 3953 3045 4002 et
3091 3946 3149 4000 in
3204 3945 3442 4001 ecclesia
3475 3944 3667 4016 posito,
3729 3958 3904 4015 roga-

2203 4043 2413 4094 verunt
2442 4050 2501 4091 se
2526 4034 2686 4103 [illuc
2730 4033 2959 4102 deferri,
2998 4041 3055 4091 et
3092 4033 3161 4090 de
3209 4033 3448 4103 limpha,
3494 4046 3613 4103 qua
3643 4032 3902 4103 reliquiae

2202 4125 2331 4182 lotae
2383 4124 2632 4191 fuerant,
2685 4122 2983 4178 calcaneos
3028 4135 3164 4179 suos
3209 4129 3265 4178 et
3306 4135 3485 4179 crura
3535 4118 3743 4176 lavari.
3778 4118 3900 4187 Quo

2201 4214 2371 4281 facto,
2420 4213 2614 4269 statim
2662 4211 2893 4267 vidente
2950 4210 3223 4268 universo
3294 4209 3524 4281 populo,
3571 4222 3700 4265 caro
3768 4222 3900 4278 quae

2203 4302 2442 4359 natibus
2469 4298 2789 4356 inhaerebat
2831 4299 3000 4368 coepit
3031 4299 3338 4368 disrumpi,
3389 4298 3742 4369 sanguisque
3798 4310 3898 4365 per

392 4384 756 4457 gloriabatur
802 4393 1150 4454 promotum,
1223 4387 1322 4443 sed
1374 4387 1447 4443 ad
1504 4386 1781 4458 operandi
1838 4386 2105 4443 laborem
2131 4386 2175 4441 D
2204 4404 2380 4447 crura
2409 4387 2660 4445 ubertim
2709 4386 2980 4444 deﬂuere.
3027 4387 3295 4444 Protinus
3321 4400 3493 4456 super
3548 4384 3712 4456 pedes
3760 4398 3896 4440 suos

389 4472 616 4530 dicebat
669 4480 969 4543 vocatum;
1011 4474 1258 4545 ideoque
1310 4476 1481 4532 etiam
1526 4476 1575 4532 si
1630 4475 1775 4532 forte
1801 4475 2092 4545 episcopa-

390 4570 516 4619 tum
545 4561 908 4630 desideravit,
952 4562 1167 4619 bonum
1201 4578 1347 4634 opus
1404 4563 1766 4620 desideravit.
1825 4562 2096 4620 Protinus

389 4665 546 4723 ergo,
596 4665 666 4709 ac
702 4651 750 4707 si
807 4651 1042 4722 aliquod
1106 4651 1395 4710 desertum
1447 4653 1755 4720 introisset,
1796 4651 2096 4709 ecclesiam

388 4739 564 4797 simul
589 4748 644 4798 et
681 4742 881 4798 domos
909 4741 1260 4813 episcopales
1303 4743 1472 4812 coepit
1500 4755 1781 4799 renovare
1831 4748 1887 4798 et
1936 4740 2097 4797 velut

389 4849 425 4892 a
452 4835 845 4895 fundamentis
877 4850 1172 4908 reparare.

391 4926 525 4983 CAP.
557 4927 655 4982 III.
681 4957 751 4967 —
769 4927 854 4980 De
870 4925 1175 4981 miraculi:
1187 4929 1403 4982 sancta
1423 4924 1630 4980 Maris
1646 4941 1751 4996 per
1768 4923 2094 4981 Francicam.

464 5013 569 5069 Sed
600 5015 760 5084 quia,
796 5022 863 5070 ut
917 5014 1253 5084 praedictum
1287 5022 1391 5082 est,
1434 5028 1550 5069 non
1600 5012 1724 5069 sola
1765 5013 1951 5083 major
2004 5026 2095 5068 ec-

394 5101 564 5158 clesia
594 5101 817 5158 Sanctze
843 5102 1058 5168 Mariae,
1109 5103 1207 5159 sed
1235 5111 1291 5160 et
1322 5104 1465 5160 alia:
1496 5102 1613 5158 fere
1643 5101 1942 5158 duodecim
1963 5115 2097 5158 cum

396 5187 595 5243 multis
664 5187 933 5244 domibus
1004 5189 1342 5246 clericorum
1403 5197 1459 5247 et
1519 5189 1798 5245 laicorum
1867 5188 2100 5246 fuerant

395 5274 726 5336 combustae,
766 5274 1067 5346 majorque
1126 5290 1258 5347 pars
1305 5277 1543 5345 civium,
1583 5290 1685 5347 per
1737 5277 2099 5348 provinciam

395 5362 653 5433 dispersa
676 5371 821 5429 erat,
867 5371 1151 5422 eteorum
1187 5366 1289 5436 qui
1336 5373 1732 5423 remanserant
1787 5365 2101 5436 unusquis-

396 5465 512 5522 que
535 5451 604 5508 de
632 5452 880 5522 propriae
926 5452 1132 5509 domus
1173 5453 1534 5522 reparatione
1576 5453 1659 5509 sic
1705 5448 2102 5524 Occupabatur

394 5545 462 5597 ut
484 5539 592 5597 vix
621 5537 836 5610 aliquis
854 5536 1218 5595 inveniretur
1246 5539 1350 5608 qui
1389 5539 1591 5596 matris
1628 5539 1880 5597 ecclesia
1927 5538 2103 5609 adju-

396 5634 485 5684 tor
539 5625 828 5694 existeret,
895 5625 1316 5683 consuluerunt
1369 5625 1634 5682 nonnulli
1715 5627 2001 5697 sapientes
2047 5632 2103 5683 et

2200 4477 2373 4535 erecti
2398 4473 2710 4545 amplexati
2760 4482 2898 4530 sunt
2931 4474 3226 4541 feretrum,
3269 4472 3625 4543 perfectoque
3686 4472 3894 4537 sanati.

2202 4566 2407 4622 fratres
2436 4570 2658 4619 nostros
2687 4562 2983 4618 subsecuti
3014 4568 3153 4619 sunt
3180 4561 3483 4618 redeuntes
3531 4573 3712 4630 usque
3759 4561 3892 4615 Lau-

2201 4653 2451 4720 dunum,
2482 4659 2538 4708 et
2566 4651 2639 4707 ad
2669 4650 2921 4707 ecclesias
2944 4663 3092 4721 opus
3113 4649 3188 4706 ad
3218 4649 3435 4719 lapides
3473 4647 3791 4719 portandos,
3821 4646 3888 4702 ad

2203 4755 2419 4814 aquam
2486 4738 2875 4806 deferendam,
2932 4739 3007 4796 ad
3057 4745 3401 4795 caementum
3458 4736 3887 4807 praeparandum

2204 4829 2462 4902 quotidie
2490 4827 2958 4884 exbortabantur
2998 4824 3299 4897 populum.
3354 4825 3756 4882 Consummata
3799 4840 3887 4880 ec-

2203 4917 2376 4975 clesia
2405 4926 2562 4973 unus
2607 4929 2808 4972 eorum
2859 4928 3127 4971 reversus
3164 4922 3250 4970 est
3293 4914 3352 4969 in
3382 4922 3592 4969 terram
3620 4925 3802 4978 suam,
3840 4912 3885 4968 id

2204 5014 2289 5064 est
2318 5006 2390 5062 ad
2419 5004 2719 5062 castellum
2752 5003 3149 5070 Issuldunum,
3182 5002 3328 5059 alter
3381 5000 3610 5057 nomine
3663 5000 3883 5057 Benedi-

2202 5103 2356 5163 ctus,
2406 5092 2683 5151 remansit
2735 5092 3026 5160 Lauduni,
3075 5091 3334 5147 serviens
3362 5091 3421 5146 in
3466 5088 3727 5160 hospitali
3778 5091 3883 5147 fere

2209 5200 2310 5257 per
2334 5183 2635 5241 duodecim
2662 5196 2865 5248 annos,
2890 5181 3085 5251 ibique
3115 5180 3423 5236 defunctus
3445 5187 3549 5236 est.

2208 5289 2341 5347 CAP.
2373 5288 2442 5345 ν.
2474 5318 2545 5331 -
2569 5289 2656 5346 De
2689 5287 2907 5358 juvene
2936 5287 3116 5360 surdo
3163 5290 3245 5360 ειΔ
3265 5289 3425 5342 mulo
3476 5287 3685 5354 curato,
3740 5286 3880 5360 apud

2765 5358 3006 5415 Bucensi
3039 5358 3363 5414 castellum.

2282 5448 2511 5520 Egressi
2538 5448 2608 5505 de
2654 5447 2961 5505 lssulduno
2986 5455 3275 5504 venerunt
3298 5446 3371 5503 ad
3401 5446 3560 5504 aliud
3580 5448 3871 5515 castellum,

2210 5537 2366 5609 quod
2390 5538 2605 5595 dicitur
2634 5536 2872 5594 Bucensi
2923 5536 3395 5608 (Belgentiacum,
3446 5536 3644 5609 vulgo,
3702 5538 3872 5593 Beau-

2206 5624 2437 5699 ρεπεν),
2466 5626 2637 5696 cujus
2684 5623 2954 5681 dominus
2980 5631 3156 5682 tanta:
3210 5624 3543 5695 rapacitatis
3570 5634 3625 5683 et
3664 5626 3871 5686 feritatis
