3946 6388
105 371 210 423 909

926 366 1299 425 ΗΕΒΜΑΝΝΙ
1344 367 1436 422 DE
1471 367 1713 423 MIRAC.
1755 367 1790 422 S

1988 369 2102 422 lI/E
2145 368 2446 427 LAUDUN.
2484 399 2551 409 —
2578 369 2710 424 LIB.
2755 371 2795 424 Ι.

3507 373 3615 426 970

97 510 224 558 erat
274 511 338 558 ut
385 503 550 559 multi
595 503 912 558 incolarum
962 504 1214 560 dicerent
1265 503 1541 560 fratribus
1597 504 1806 558 nostris
1841 506 1886 557 A
1920 505 2034 559 ritii
2070 505 2277 560 faceret
2306 505 2532 561 deferri.
2586 506 2881 576 Evigilans
2937 506 3148 562 mulier
3204 509 3440 578 rogabat
3490 522 3611 564 ma-

97 591 257 660 quod
289 592 482 646 omnia
508 607 639 661 qua
672 592 960 647 habebant
997 593 1076 647 eis
1112 591 1384 647 auferret.
1424 593 1560 652 Erat
1613 599 1806 647 autem

93 679 148 733 ei
182 678 334 734 filius
354 677 470 734 fere
506 678 836 747 quindecim
863 692 1150 733 annorum
1183 693 1217 732 a
1250 678 1548 734 nativitate
1593 679 1807 734 surdus

91 775 148 821 et
203 775 420 822 mutus.
503 765 822 821 Perterritis
871 780 1007 836 ergo
1069 766 1344 822 fratribus
1412 766 1622 822 nostris
1696 766 1804 821 cito

97 855 506 910 misericordia
542 855 722 909 Mater
770 855 1078 909 succurrit.
1136 854 1378 918 Quidam
1411 868 1664 924 namque
1715 868 1802 911 re-

89 942 342 1011 ligiosus
403 943 722 996 monachus
784 942 859 997 ibi
910 942 1197 1008 habitans,
1242 943 1453 997 auditis
1512 941 1805 997 miraculis

89 1029 350 1084 Domina
382 1039 609 1095 nostra,
650 1044 780 1084 cum
835 1043 1044 1099 magno
1079 1030 1296 1084 honore
1355 1030 1628 1085 feretrum
1678 1031 1805 1098 ejus

91 1115 154 1169 in
185 1116 421 1171 ecclesia
451 1116 718 1186 suscepit,
761 1117 964 1172 deinde
1016 1117 1320 1172 revestitus
1363 1117 1637 1186 reliquias
1677 1117 1806 1186 ejus

88 1203 153 1258 in
185 1204 319 1258 vino
352 1212 406 1258 et
437 1218 593 1273 aqua
627 1204 785 1266 lavit,
831 1212 1005 1272 caput
1031 1209 1170 1258 5:3:
1213 1212 1267 1259 et
1297 1204 1496 1260 faciem
1553 1203 1806 1274 pradicti

83 1291 324 1360 juvenis
355 1305 509 1360 aqua
541 1292 662 1360 ipsa
711 1291 982 1361 perfudit,
1017 1300 1072 1346 et
1112 1307 1184 1348 ex
1233 1307 1301 1348 ea
1354 1301 1551 1362 potum
1578 1293 1628 1346 ei
1661 1293 1807 1347 dans

90 1381 206 1435 sub
237 1380 442 1435 feretro
473 1395 604 1434 eum
629 1381 962 1436 recumbere
988 1381 1191 1449 jussit;
1243 1380 1360 1449 ipse
1390 1395 1524 1436 vero
1558 1380 1804 1451 genibus

93 1468 267 1522 ﬂexis
298 1468 596 1523 Dominam
651 1477 902 1523 nostram
955 1468 1290 1537 suppliciter
1318 1483 1560 1524 exorare
1615 1468 1802 1537 capit.

89 1554 213 1609 Nec
246 1569 427 1620 mora,
474 1555 708 1625 juvenis
747 1556 1054 1620 obdormit,
1098 1557 1438 1626 cunctisque
1479 1555 1807 1610 videntibus

91 1654 217 1708 pra
245 1640 533 1695 anxietate
579 1641 755 1695 sudor
785 1655 855 1695 ex
910 1648 1024 1694 toto
1076 1641 1202 1711 ejus
1250 1655 1488 1710 corpore
1551 1641 1803 1710 proﬂuit,

92 1742 264 1782 vena
292 1728 446 1782 circa
485 1741 658 1782 aures
716 1735 1076 1796 turgescunt,
1141 1728 1381 1798 sanguis
1434 1742 1506 1783 ex
1566 1728 1808 1783 auribus

93 1815 350 1871 ubertim
380 1815 587 1870 exsilit.
632 1815 902 1870 Protinus
955 1816 1235 1886 evigilans
1295 1817 1566 1884 surrexit,
1621 1825 1674 1872 et
1715 1831 1809 1872 vo-

93 1918 193 1958 ces
219 1903 500 1973 quasdam
533 1902 790 1957 emittere
815 1903 1002 1972 capit.

174 1991 492 2046 Monachus
519 1991 591 2045 ab
648 1992 903 2045 oratione
955 2005 1200 2061 surgens
1231 1991 1395 2046 latus
1454 1991 1721 2056 accurrit,
1756 1998 1810 2046 et

89 2080 373 2150 juvenem
408 2079 744 2148 alloquitur.
779 2077 897 2143 Ille,
928 2079 1026 2148 qui
1063 2093 1367 2148 nunquam
1398 2086 1568 2133 antea
1611 2078 1809 2134 audie-

97 2175 214 2234 rat,
270 2167 615 2235 respondere
665 2165 969 2230 nesciebat,
1023 2166 1120 2220 sed
1151 2165 1305 2234 quod
1347 2165 1616 2220 audiebat
1670 2165 1810 2220 alios

98 2257 376 2320 dicentes,
431 2254 578 2308 idem
636 2260 758 2322 post
796 2267 891 2308 eos
923 2254 1041 2322 ipse
1095 2254 1492 2322 prosequendo
1540 2253 1810 2308 imitaba-

97 2351 224 2398 tur.
281 2340 480 2395 Statim
563 2339 882 2394 monachus
941 2340 1109 2410 signa
1188 2339 1472 2408 pulsando
1529 2341 1808 2409 populum

97 2437 326 2496 evocat,
365 2428 638 2497 juvenem
690 2426 1016 2497 loquentem
1074 2435 1128 2482 et
1159 2428 1487 2482 audientem
1543 2428 1806 2494 ostendit,

98 2526 161 2575 et
191 2531 326 2572 cum
365 2515 578 2586 gaudio
620 2515 1012 2584 lacrymando,
1051 2517 1127 2569 Te
1160 2519 1332 2570 Deum
1390 2515 1695 2570 laudamus
1724 2515 1808 2570 in-

98 2606 265 2676 cipit.
299 2604 552 2660 Nuntius
580 2618 609 2658 e
639 2603 877 2673 vestigio
930 2603 999 2658 ad
1060 2611 1282 2673 patrem
1335 2604 1403 2659 de
1435 2604 1654 2673 rapinis
1711 2618 1809 2658 ve-

106 2695 366 2750 nientem
427 2692 716 2762 dirigitur,
796 2691 936 2760 quid
988 2691 1114 2760 ejus
1187 2691 1302 2746 filio
1359 2691 1660 2762 contigerit
1716 2706 1811 2746 re-

101 2783 310 2838 fertur.
400 2779 500 2833 Ille
579 2779 853 2833 continuo
928 2778 1303 2834 discalceatus
1362 2779 1432 2833 ad
1515 2779 1811 2834 ecclesiam

102 2871 282 2940 pedes
341 2869 542 2932 currit,
576 2875 630 2922 et
695 2879 884 2922 coram
945 2866 1150 2921 feretro
1211 2873 1530 2935 prostratus
1587 2866 1808 2920 miseri-

98 2957 316 3013 cordia
390 2955 557 3011 Matri
631 2955 848 3025 gratias
915 2953 1054 3023 agit,
1105 2953 1237 3008 inde
1293 2953 1682 3023 quadraginta
1722 2968 1809 3007 so-

1915 592 2090 648 ritum
2133 601 2194 647 ut
2245 594 2354 648 cito
2416 593 2758 649 deferretur.
2823 595 2921 650 Ille
2964 609 3078 649 non
3136 595 3383 651 multum
3431 596 3610 663 dives,

1914 679 2172 734 lecticam
2209 689 2466 748 paratam
2519 695 2634 736 non
2666 682 2903 748 habens,
2951 682 3081 738 fecit
3132 697 3256 738 eam
3313 683 3512 739 deferri
3553 684 3612 739 in

1911 767 2012 820 vili
2039 767 2438 832 instrumento,
2473 768 2622 836 quod
2661 768 2978 838 vulgariter
3017 783 3276 825 vannum
3339 785 3613 826 vocamus

1913 853 1970 908 in
2029 870 2144 924 quo
2220 868 2452 909 annona
2494 869 2737 910 excussa
2795 857 3032 926 purgari
3085 857 3242 913 solet.
3309 859 3613 927 Supposita

1911 955 2048 1012 ergo
2084 941 2287 996 feretro
2344 943 2607 1010 protinus
2637 943 3001 1010 obdormivit,
3034 951 3088 998 et
3140 953 3262 1012 post
3322 945 3610 1001 modicum

1909 1029 2191 1099 evigilans
2270 1043 2411 1083 sana
2493 1031 2762 1085 surrexit.
2839 1031 3051 1085 Deinde
3107 1031 3308 1087 feretro
3375 1033 3606 1100 sociata,

1909 1118 2137 1174 vidente
2168 1119 2377 1187 populo
2419 1118 2726 1174 subsecuta
2771 1128 2852 1174 est
2888 1119 3025 1175 illud
3074 1134 3259 1190 usque
3303 1120 3375 1175 ad
3426 1121 3611 1177 eccle-

1909 1207 2054 1263 siam
2080 1205 2268 1261 Sancti
2301 1207 2544 1262 Martini.

1979 1314 2112 1368 CAP.
2144 1313 2290 1369 Vlll.
2324 1343 2391 1352 -—
2425 1318 2501 1367 De
2517 1313 2733 1380 juvene
2759 1313 2932 1368 surdo
2966 1316 3021 1368 el
3049 1316 3205 1368 mulo
3241 1314 3482 1370 Turonis

2654 1388 2856 1438 curafo

1983 1468 2104 1534 Quo
2151 1468 2346 1523 audito
2392 1468 2648 1524 canonici
2705 1469 2892 1524 Sancti
2933 1470 3185 1538 Martini,
3210 1485 3340 1526 cum
3404 1471 3611 1527 abbate

1915 1557 2102 1611 Sancti
2153 1555 2387 1622 Juliani,
2447 1555 2676 1611 obviam
2726 1558 3063 1626 procedunt,
3114 1567 3170 1612 et
3219 1573 3352 1613 cum
3399 1560 3610 1614 honore

1914 1643 2166 1697 maximo
2194 1642 2471 1712 reliquias
2526 1643 2779 1698 Domina
2828 1653 3035 1700 nostra
3078 1645 3417 1714 suscipiunt.
3473 1647 3613 1702 Erat

1918 1729 1975 1784 in
2018 1729 2216 1784 eadem
2275 1731 2506 1785 civitate
2555 1730 2791 1798 quidam
2845 1732 3078 1799 juvenis
3122 1746 3156 1786 a
3202 1733 3404 1788 matris
3448 1741 3611 1789 utero

1919 1816 2133 1872 surdus
2152 1823 2205 1871 et
2237 1823 2452 1877 mutus,
2488 1831 2658 1886 quem
2694 1832 2846 1872 unus
2875 1832 2948 1872 ex
2987 1818 3306 1874 fullonibus
3349 1806 3614 1876 infantu-

1920 1905 2040 1960 lum
2073 1912 2364 1973 repertum
2415 1905 2697 1959 nutrierat
2727 1913 2780 1960 et
2813 1907 3118 1961 educatum
3167 1917 3288 1963 arte
3345 1923 3452 1964 sua
3503 1910 3610 1964 im-

1920 1993 2144 2047 buerat.
2171 1991 2269 2046 Hic
2297 2004 2434 2061 ergo
2474 1990 2757 2045 adductus
2789 1991 2859 2045 ad
2913 1991 3168 2047 Domina
3211 2002 3418 2048 nostra
3475 1994 3613 2049 reli-

1919 2079 2106 2149 quias,
2171 2079 2279 2133 sub
2349 2078 2555 2132 feretro
2613 2079 2878 2133 recubuit
2945 2086 2999 2133 et
3064 2080 3427 2136 obdormivit.
3500 2082 3613 2136 Nec

1918 2179 2097 2232 mora,
2130 2163 2357 2218 anxiari
2392 2171 2446 2218 et
2476 2177 2549 2217 ex
2600 2171 2711 2218 toto
2751 2178 2984 2233 corpore
3041 2168 3305 2221 sudorem
3355 2168 3613 2223 emittere

1919 2253 2105 2322 capit,
2155 2251 2378 2316 deinde,
2442 2251 2607 2305 venis
2653 2251 2804 2306 circa
2857 2266 3027 2308 aures
3084 2253 3316 2320 inﬂatis,
3375 2257 3613 2326 sanguis

1917 2341 2163 2398 ubertim
2201 2354 2273 2395 ex
2302 2341 2428 2409 ejus
2458 2339 2698 2394 auribus
2730 2340 3023 2408 proﬂuxit.
3061 2342 3327 2397 Protinus
3361 2343 3616 2399 surrexit

1917 2437 1972 2484 et
1998 2427 2238 2492 audivit,
2272 2441 2375 2481 nec
2419 2433 2607 2481 tamen
2663 2426 2818 2496 loqui
2879 2427 3109 2494 sciebat,
3162 2430 3301 2498 quia
3365 2445 3481 2485 non
3529 2432 3614 2486 di-

1918 2516 2152 2581 dicerat,
2194 2513 2288 2568 sed
2317 2514 2469 2582 quod
2503 2513 2646 2567 alios
2671 2513 2829 2582 loqui
2870 2514 3158 2580 audiebat,
3191 2516 3294 2570 hoc
3353 2516 3612 2573 dicebat:

1918 2603 2099 2673 Cujus
2129 2615 2336 2656 nomen
2389 2600 2527 2670 quia
2567 2600 2950 2666 nesciebatur,
2985 2604 3243 2658 canonici
3275 2605 3450 2659 nostri
3482 2620 3616 2662 eum

1919 2690 2355 2760 appellaverunt
2393 2689 2807 2744 Christianum.
2862 2687 3120 2762 Sociatus
3149 2703 3286 2759 ergo
3339 2690 3618 2745 fratribus

1919 2776 2130 2832 nostris
2157 2775 2315 2830 venit
2344 2789 2476 2830 cum
2507 2775 2588 2830 eis
2620 2775 2990 2841 Laudunum,
3019 2783 3071 2830 et
3108 2775 3220 2831 fere
3256 2783 3470 2845 septem
3507 2790 3617 2830 an-

1920 2865 2010 2919 nis
2056 2865 2264 2919 mansit
2315 2863 2373 2918 in
2417 2863 2584 2918 domo
2631 2861 2908 2917 Guidonis
2945 2863 3334 2918 archidiaconi
3383 2864 3615 2921 Laudu-

1919 2965 2132 3006 nensw.

99 3047 272 3108 Iidos,
303 3043 580 3115 quoniam
627 3057 741 3098 non
783 3042 967 3098 multa
999 3041 1246 3111 pecunia
1293 3041 1648 3110 abundabat,
1709 3041 1797 3096 ob-

1988 3072 2053 3112 LP.
2086 3057 2178 3111 IX.
2213 3085 2282 3096 —
2311 3058 2399 3132 De
2424 3053 2678 3132 vindicta
2707 3057 2920 3132 sancta
2946 3055 3151 3132 [Magia
3158 3054 3337 3123 facta
3366 3055 3443 3110 ad
3473 3058 3622 3112 San-

99 3133 258 3190 tulit.

181 3231 310 3286 CAP.
356 3230 452 3288 VI.
483 3259 552 3268 —
583 3229 662 3284 De
685 3244 833 3299 pace
843 3228 1021 3299 facta
1044 3225 1197 3299 inter
1215 3227 1325 3282 duo
1358 3227 1600 3282 castella

785 3297 1145 3352 dissidentia.

182 3397 328 3452 Hinc
358 3396 427 3451 ad
459 3395 621 3453 aliud
664 3394 964 3452 castellum
995 3393 1225 3449 duobus
1271 3399 1494 3448 tantum
1529 3391 1814 3447 milliariis

102 3493 394 3542 remotum
443 3483 646 3539 fratres
694 3481 873 3538 nostri
927 3481 1008 3537 ire
1046 3481 1377 3547 voluerunt,
1418 3481 1536 3548 sed,
1583 3487 1814 3549 propter

103 3575 391 3629 feritatem
430 3579 484 3626 et
534 3573 756 3640 pradas
800 3570 950 3625 illius
1006 3569 1270 3638 raptoris,
1325 3567 1523 3623 nullus
1579 3567 1812 3623 inhabi—

101 3660 360 3718 tantium
425 3673 558 3714 cum
609 3659 692 3713 eis
741 3658 878 3713 illuc
931 3657 1183 3712 audebat
1243 3655 1544 3726 proficisci.
1596 3657 1811 3710 Tamen

103 3749 261 3805 idem
308 3754 521 3816 raptor,
565 3745 957 3801 misericordia
1002 3745 1098 3799 Dei
1149 3743 1451 3799 Genitricis
1497 3744 1809 3809 animatus,

103 3851 245 3893 cum
302 3835 579 3890 militibus
647 3834 768 3889 suis
815 3841 870 3888 et
933 3832 1153 3888 cateris
1203 3831 1623 3887 habitatoribus
1670 3831 1809 3886 fere-

108 3934 266 3981 trum
301 3931 356 3979 et
388 3923 662 3992 reliquias
709 3920 966 3977 humeris
1007 3920 1128 3976 suis
1159 3921 1480 3988 imponunt,
1523 3919 1813 3988 nudisque

108 4012 358 4084 pedibus
385 4024 582 4066 omnes
622 4009 1007 4079 procedentes,
1045 4008 1116 4063 ad
1153 4007 1517 4063 inimicorum
1573 4021 1811 4063 suorum

107 4099 359 4156 tendunt
429 4097 746 4152 castellum.
800 4096 904 4162 llli,
962 4096 1067 4150 hoc
1117 4095 1413 4150 audientes
1459 4102 1512 4150 et
1562 4095 1811 4149 miracu-

109 4189 239 4244 lum
286 4185 440 4256 quod
498 4184 574 4241 ibi
617 4191 815 4238 sancta
877 4183 976 4239 Dei
1024 4183 1204 4238 Mater
1269 4182 1339 4237 de
1389 4181 1636 4252 raptoris
1699 4181 1812 4236 filio

113 4275 328 4330 fecerat
355 4279 778 4344 cognoscentes,
828 4271 1094 4340 protinus
1160 4277 1215 4326 et
1265 4270 1368 4339 ipsi
1425 4269 1600 4326 nudis
1656 4269 1811 4338 pedi-

2343 3129 2497 3180 ctum
2527 3124 2891 3180 Laurentium
2924 3124 2994 3178 de
3031 3125 3190 3180 Gala.

1993 3213 2217 3283 Egressi
2257 3213 2326 3269 de
2357 3213 2501 3268 urbe
2531 3211 2849 3268 Turonensi
2890 3219 3172 3267 venerunt
3222 3211 3294 3266 ad
3343 3212 3620 3269 Sanctum

1921 3301 2298 3357 Laurentium
2346 3300 2414 3354 de
2473 3298 2626 3363 Cala,
2686 3298 2744 3352 in
2801 3297 2941 3353 festo
3005 3298 3263 3367 ejusdem
3320 3286 3614 3369 martyris.

1921 3387 2236 3443 Monachus
2268 3387 2508 3457 quidam
2556 3386 2632 3442 ibi
2669 3385 2934 3442 habitans
2977 3387 3163 3443 noluit
3191 3389 3271 3443 eis
3312 3390 3620 3446 concedere

1922 3484 1985 3530 ut
2016 3481 2322 3543 poneretur
2353 3473 2624 3529 feretrum
2657 3473 2912 3528 Domina
2967 3482 3174 3530 nostra
3225 3489 3399 3544 super
3439 3477 3619 3532 altare

1921 3561 2109 3617 Sancti
2169 3561 2481 3627 Laurentii,
2525 3561 2622 3616 sed
2676 3574 2850 3628 super
2879 3562 3171 3630 quondam
3216 3563 3410 3617 minus
3441 3563 3619 3618 altare

1921 3651 1979 3704 in
2019 3657 2178 3719 parte
2224 3650 2473 3704 ecclesia
2519 3648 2646 3704 fecit
2696 3648 2839 3703 illud
2895 3649 3050 3718 poni,
3102 3649 3304 3706 timens
3355 3651 3618 3706 videlicet

1921 3739 2177 3793 amittere
2207 3736 2552 3793 offerendam
2585 3744 2914 3791 consuetam
2967 3736 3024 3790 in
3054 3737 3250 3792 eodem
3302 3738 3462 3793 festo.
3513 3738 3618 3793 Sed

1921 3840 2054 3881 cum
2083 3826 2444 3880 Turonenses
2476 3823 2578 3893 qui
2611 3823 2884 3892 reliquias
2913 3833 3138 3878 nostras
3189 3826 3615 3894 prosequeban-

1922 3920 2037 3978 tur,
2090 3911 2395 3967 referentes
2444 3910 2726 3965 miracula
2785 3925 2916 3979 qua
2968 3909 3251 3978 viderant,
3285 3927 3484 3968 omnes
3526 3927 3618 3982 pe-

1920 4000 2184 4070 regrinos
2250 4004 2398 4053 532
2462 3997 2932 4067 supervenientes
3004 3997 3465 4054 exbortabantur
3531 4007 3615 4067 ut,

1921 4088 2115 4144 relicto
2170 4087 2374 4157 majori
2413 4085 2598 4152 altari,
2649 4086 2721 4140 ad
2777 4085 3046 4140 feretrum
3100 4086 3356 4140 Domina
3412 4095 3620 4143 nostra

1921 4175 2211 4240 oﬂerrent,
2249 4173 2478 4229 invidia
2511 4173 2688 4228 livore
2727 4185 3036 4241 percussus
3089 4171 3236 4226 idem
3300 4173 3620 4228 monachus

1917 4264 2090 4334 jussit
2118 4262 2394 4318 feretrum
2442 4269 2497 4317 et
2546 4273 2743 4316 omnes
2791 4259 3068 4329 reliquias
3098 4260 3226 4329 ejici
3259 4260 3329 4314 de
3356 4261 3615 4316 ecclesia.

113 4364 230 4418 bus
277 4343 474 4416 omnes
523 4359 768 4415 inimicis
818 4359 939 4414 suis
992 4359 1222 4414 obviam
1264 4365 1464 4425 ruunt,
1505 4356 1819 4412 feretrum-
1853 4343 1895 4397 Ῑ)
1930 4351 2274 4422 Prapositus
2346 4363 2482 4405 vero
2546 4347 2784 4412 castelli,
2855 4349 3192 4417 vituperans
3268 4349 3620 4405 monac-hum

116 4464 236 4521 que
255 4450 328 4505 ab
355 4449 437 4506 eis
465 4455 796 4516 susceptum
826 4461 956 4502 cum
988 4446 1198 4517 gaudio
1229 4446 1288 4501 in
1319 4445 1616 4502 castellum
1645 4458 1817 4500 suum

114 4537 404 4603 deferunt,
439 4535 740 4590 laudantes
767 4533 975 4590 Christi
1032 4532 1506 4597 misericordiam,
1560 4531 1661 4602 qui
1719 4543 1820 4600 per

114 4638 285 4681 suam
354 4624 592 4682 Matrem
661 4622 848 4677 hostes
907 4621 1170 4677 hostibus
1226 4633 1525 4676 occurrere
1584 4618 1820 4688 paciﬁce

113 4715 348 4771 fecerat.

193 4800 327 4856 CAP.
363 4799 484 4854 VII.
516 4829 583 4838 —-—
620 4799 703 4852 De
732 4797 977 4852 muliere
1007 4798 1220 4868 κρῖ-οἱα
1249 4793 1492 4849 Turonis
1519 4797 1744 4849 curata.

193 4888 332 4944 Inde
357 4901 457 4957 per
497 4885 924 4943 Cormeriacum
953 4886 1155 4955 (vulgo
1212 4886 1503 4954 Cormery)
1559 4883 1820 4939 Turonos

116 4983 430 5042 venerunt,
486 4983 540 5030 et
585 4988 717 5029 cum
784 4988 998 5044 magna
1064 4971 1391 5028 reverentia
1437 4970 1684 5040 suscepti
1746 4970 1819 5026 ab

118 5063 549 5133 archiepiscopo
603 5061 943 5128 Turonensi,
979 5060 1070 5115 die
1126 5058 1358 5114 Sabbati
1387 5065 1519 5113 ante
1553 5071 1821 5126 vesperas

119 5154 186 5208 in
217 5151 451 5207 ecclesia
481 5149 670 5205 Sancti
714 5148 967 5206 Mauritii
1011 5148 1379 5218 quieverunt.
1416 5147 1573 5201 Uxor
1615 5146 1820 5215 cujus-

120 5241 257 5296 dam
287 5237 633 5308 carpentarii
663 5237 721 5291 in
759 5236 958 5292 eadem
995 5235 1141 5291 urbe
1172 5249 1272 5305 per
1300 5241 1424 5290 octo
1453 5248 1632 5289 annos
1653 5234 1821 5288 intir—

120 5328 322 5385 mitate
387 5324 568 5380 nimia
627 5324 894 5393 depressa
969 5322 1175 5379 lectulo
1220 5317 1584 5385 decubuerat,
1633 5320 1710 5375 ita
1758 5325 1823 5374 ut

122 5428 419 5486 nusquam
473 5419 660 5483 posset
714 5411 796 5467 ire
834 5411 942 5467 nisi
997 5418 1340 5481 portaretur.
1397 5409 1604 5464 Eadem
1660 5415 1824 5463 nocte

121 5500 433 5562 dormienti
481 5498 882 5556 misericordia
937 5499 1117 5554 Mater
1149 5497 1435 5569 apparuit,
1491 5495 1824 5566 pracipiens

120 5596 173 5653 ei
205 5601 270 5652 ut
299 5606 360 5648 se
390 5589 463 5646 ad
495 5589 766 5645 feretrum
827 5600 1000 5644 suum
1030 5586 1091 5643 in
1121 5587 1358 5643 ecclesia
1414 5583 1607 5640 Sancti
1660 5584 1823 5640 Mau-

489 5687 761 5752 PATROL.
812 5684 1019 5754 CLVI.

1926 4441 2118 4496 statim
2179 4438 2414 4495 tradidit
2467 4436 2744 4492 fratribus
2792 4435 2999 4490 nostris
3043 4437 3350 4492 tentorium
3406 4437 3620 4506 spatio-

1925 4543 2053 4585 sum
2083 4527 2238 4598 quod
2261 4527 2368 4582 sibi
2399 4532 2716 4595 paraverat.
2761 4525 3034 4580 Matrona
3071 4538 3304 4594 quoque
3344 4525 3450 4580 loci
3489 4539 3622 4581 cor-

1929 4617 2077 4672 tinas
2134 4615 2414 4684 plurimas
2465 4613 2782 4668 deferentes
2849 4611 2997 4666 idem
3055 4613 3365 4668 tentorium
3414 4612 3622 4669 decen-

1929 4704 2140 4761 tissime
2202 4715 2508 4772 perornare
2568 4700 2938 4766 studuerunt,
3018 4697 3408 4756 luminaribus
3454 4701 3624 4757 insu-

1927 4807 2029 4863 per
2092 4789 2510 4847 sufﬂcientibus
2566 4787 3095 4858 splendidissimum
3157 4795 3270 4843 tota
3330 4796 3496 4844 nocte
3542 4789 3623 4845 fe-

1927 4886 2152 4938 cerunt.

1999 4967 2104 5023 Sed
2171 4979 2274 5021 rex
2323 4963 2516 5034 justus
2585 4963 2746 5019 Jesus
2798 4962 3059 5019 Christus
3109 4961 3292 5018 noluit
3348 4961 3624 5032 injuriam

1928 5056 2094 5112 Matri
2122 5069 2242 5110 sua
2299 5053 2515 5108 illatam
2567 5051 2776 5107 dimitti
2824 5051 3187 5120 impunitam.
3220 5051 3304 5105 Ad
3358 5065 3630 5120 vesperae

1927 5143 2211 5214 siquidem
2268 5141 2542 5211 prafatus
2579 5140 2917 5202 monachus.
2962 5139 3159 5194 morbo
3189 5139 3405 5195 caduco
3435 5139 3630 5197 subito

1929 5232 2251 5300 depressus,
2313 5241 2502 5284 coram
2559 5227 2714 5282 omni
2765 5228 2975 5297 populo
3023 5228 3082 5282 in
3141 5235 3352 5282 terram
3404 5228 3628 5298 cecidit,

1929 5331 2326 5390 magnumque
2401 5324 2672 5372 terrorem
2747 5317 3077 5371 videntibus
3137 5316 3396 5371 incussit.
3465 5318 3630 5372 Cam-

1930 5421 2083 5478 pana
2120 5407 2290 5462 etiam
2341 5405 2530 5473 major
2586 5404 2654 5459 de
2708 5411 2870 5460 turre
2921 5404 3131 5460 cadens
3179 5403 3469 5460 confracta
3523 5412 3632 5473 est,

1932 5493 2056 5564 ipsa
2093 5506 2326 5563 quoque
2386 5492 2564 5546 turris
2623 5491 2680 5546 in
2720 5491 3002 5562 superiori
3041 5498 3197 5560 parte
3257 5491 3394 5547 ﬁssa
3439 5499 3494 5547 et
3525 5491 3637 5548 dis-

1931 5588 2105 5652 rupta
2190 5579 2432 5649 crepuit.
2502 5577 2664 5644 Quod
2719 5580 2922 5635 videns
2990 5577 3332 5648 monachus,
3393 5593 3518 5634 sero
3577 5594 3639 5636 se

3242 5682 3320 5741 31
