3946 6396
335 393 432 448 971
1284 392 1585 449 APPEND.
1628 392 1721 449 AD
1760 393 1891 448 LIB.
1934 392 2006 448 III
2045 391 2375 449 GUIBERTI
2404 392 2498 449 DE
2529 392 2686 449 VITA
2728 391 2882 447 SUA.
3751 393 3875 447 9'72

335 522 485 579 male
545 522 744 578 fecisse
809 522 1098 592 paenituit,
1168 510 1459 592 nudisque
1544 522 1785 591 pedibus
1837 535 2032 577 coram
2069 525 2114 576 Α
2144 521 2552 577 canonicorum
2622 520 2982 591 processione
3058 527 3225 575 extra
3281 518 3481 575 urbem
3534 535 3732 590 usque
3789 520 3870 575 ad

333 609 542 667 feretro
624 617 790 666 terra;
849 618 1187 680 prostratus,
1270 609 1500 679 Reginae
1549 610 1673 665 caeli
1734 610 2030 666 humiliter

332 698 620 766 satisfecit,
655 707 836 769 utque
866 712 1039 767 super
1100 698 1289 767 majus
1320 698 1499 753 altare
1545 697 1812 753 feretrum
1842 697 2030 754 defer-

332 795 495 844 retur
520 787 768 857 rogavit,
812 786 911 843 sed
965 786 1167 841 fratres
1222 785 1399 841 nostri
1438 784 1751 841 noluerunt
1789 786 2017 857 acquie-

333 889 491 932 scere
514 873 761 945 roganti.

405 982 541 1039 CAP.
573 981 646 1038 X.
679 1011 747 1021 —
776 979 868 1035 De
894 978 1135 1035 muliere
1166 978 1529 1050 parturienfe
1556 977 1889 1051 Andegavi:

1072 1053 1303 1104 sanata.

404 1156 629 1212 Exinde
699 1155 1029 1226 Andegavis
1114 1162 1417 1224 venerunt,
1467 1163 1521 1211 et
1584 1154 1888 1225 magniﬁce
1954 1154 2027 1209 ab

335 1243 597 1313 episcopo
671 1242 853 1313 ipsius
912 1243 1075 1298 urbis
1119 1244 1370 1313 suscepti
1440 1250 1596 1299 sunt.
1652 1244 1753 1299 Ubi
1820 1242 2031 1298 mulier

333 1331 620 1402 quadam,
676 1344 826 1386 uxor
883 1330 1093 1387 scilicet
1151 1332 1403 1387 Fulberti
1456 1332 1719 1387 ditissimi
1784 1330 1891 1385 viri
1941 1345 2030 1386 co-

333 1426 640 1489 gnomento
683 1418 927 1487 Pellicei,
970 1419 1199 1489 pariens
1230 1420 1408 1475 nimio
1438 1419 1629 1475 dolore
1664 1433 1763 1489 per
1807 1418 2029 1488 aliquot

331 1507 448 1562 dies
499 1505 892 1572 cruciabatur,
955 1507 1195 1577 jamque
1289 1516 1529 1563 mortem
1598 1507 1707 1563 sibi
1778 1507 2027 1562 vicinam

332 1593 631 1649 imminere
704 1593 1151 1663 pertimescebat.
1213 1594 1468 1650 Audiens
1527 1609 1663 1665 ergo
1749 1594 2027 1650 miracula

332 1680 586 1737 Dominae
659 1689 888 1750 nostrae,
938 1682 1099 1752 petiit
1150 1682 1426 1752 reliquias
1474 1683 1600 1753 ejus
1654 1683 1759 1738 sibi
1813 1681 2024 1749 afferri,

332 1768 650 1837 delatisque
702 1768 966 1823 cochlear
1017 1777 1353 1838 argenteum
1430 1770 1657 1836 obtulit,
1731 1770 2025 1840 lympham

333 1854 392 1910 in
450 1870 581 1925 quae
634 1856 759 1911 lotae
837 1855 1066 1911 fuerant
1122 1871 1255 1912 cum
1322 1857 1429 1913 ﬁde
1488 1857 1668 1925 bibit;
1717 1858 2027 1926 statimque

332 1951 505 2012 partu
534 1942 683 1998 edito
715 1943 979 2012 liberata,
1033 1944 1147 1999 Deo
1174 1951 1228 2000 et
1271 1944 1377 2014 pite
1434 1944 1600 2000 Matri
1646 1944 1774 2014 ejus
1813 1945 2027 2014 gratias

330 2032 466 2102 egit.

334 2136 471 2193 CAP.
504 2136 599 2191 XI.
634 2166 703 2177 —
733 2139 816 2191 De
848 2135 1093 2193 muliere
1116 2136 1306 2191 sterili
1338 2137 1675 2193 Cenomani:
1689 2137 2024 2202 fecundata.

402 2241 744 2299 Cenomanis
784 2249 1047 2297 matrona
1103 2242 1371 2311 quaedam
1423 2242 1653 2310 sterilis,
1721 2256 1852 2298 cum
1902 2242 2026 2297 viro

330 2342 436 2385 suo
481 2329 780 2396 ditissimo,
847 2329 1050 2384 fratres
1092 2337 1316 2384 nostros
1365 2332 1615 2399 suscepit
1665 2329 1927 2399 hospitio,
1972 2337 2029 2385 et

329 2424 613 2486 prostrata
659 2430 850 2471 coram
902 2416 1156 2471 Dominae
1199 2424 1408 2472 nostra;
1455 2417 1679 2483 feretro,
1742 2417 1867 2472 dari
1919 2417 2027 2472 sibi

332 2502 547 2573 prolem
582 2503 785 2558 oravit.
838 2502 954 2558 Nec
994 2502 1270 2558 frustrata
1319 2510 1403 2558 est
1432 2502 1541 2558 ﬁde
1595 2517 1721 2559 sua.
1756 2506 1885 2560 Post
1909 2504 2028 2560 cir-

330 2590 529 2646 culum
581 2589 868 2660 siquidem
915 2591 1053 2645 anni
1113 2590 1294 2646 tilium
1327 2590 1554 2661 genuit;
1594 2598 1649 2647 et
1698 2591 2028 2662 frequenter

331 2678 695 2748 postmodum
734 2677 891 2733 venit
924 2677 1299 2749 Laudunum,
1326 2692 1505 2750 agens
1533 2680 1788 2735 Dominae
1819 2688 2025 2735 nostra}

332 2765 566 2836 gratias.
696 2809 714 2825 .
1078 2760 1087 2767 ’

330 2871 465 2927 CAP.
496 2870 623 2925 XII.
660 2900 730 2911 --
760 2872 838 2925 De
876 2870 1159 2927 miraculo
1182 2870 1355 2943 apud
1406 2874 1656 2928 montem
1683 2872 1754 2927 de
1791 2872 2025 2929 Guarda

1011 2942 1335 2998 castellum.

400 3047 554 3103 Inter
599 3047 803 3103 urbem
881 3048 1342 3117 Cenomanicam,
1395 3056 1451 3105 et
1506 3049 1804 3106 castellum
1866 3050 2022 3121 quod

328 3136 540 3191 dicitur
562 3136 631 3190 ad
671 3143 918 3191 montem
950 3136 1019 3191 de
1054 3134 1306 3201 Guarda,
1338 3138 1618 3194 transitus
1649 3137 2022 3194 difﬁcillimus

326 3231 381 3279 et
436 3223 714 3279 silvarum
760 3224 1045 3280 decisione
1091 3238 1126 3279 a
1164 3225 1749 3295 comprovincialibus
1803 3226 2024 3282 obsitus

325 3318 469 3380 erat,
514 3326 614 3381 pro
642 3311 992 3367 dissensione
1026 3319 1082 3368 et
1111 3312 1207 3368 lite
1233 3327 1365 3383 quae
1396 3319 1536 3368 tunc
1567 3313 1838 3382 temporis
1876 3321 2019 3377 erat,

326 3399 473 3455 inter
502 3413 695 3470 regem
751 3399 1056 3470 anglorum
1108 3407 1163 3456 et
1211 3400 1475 3456 comitem
1524 3401 2019 3471 Andegavensem.

325 3489 550 3560 Egressi
597 3502 735 3559 ergo
788 3488 949 3543 tarde
1005 3489 1073 3544 de
1123 3488 1265 3543 urbe
1296 3488 1695 3556 Cenomanica,
1738 3498 2022 3546 venerunt

326 3577 399 3632 ad
446 3577 609 3632 illum
688 3574 979 3631 difﬁcilem
1020 3576 1351 3644 transitum,
1417 3576 1740 3633 dicentibus
1798 3578 2020 3634 cunctis

325 3663 698 3721 obviantibus
764 3664 921 3733 quod
978 3664 1312 3721 nullatenus
1365 3664 1606 3721 transire
1648 3672 2021 3735 possentnec

326 3750 398 3811 ad
443 3750 739 3806 castellum
772 3766 888 3821 quo
926 3752 1234 3808 tendebant
1274 3752 1595 3822 pervenire.
1631 3754 1854 3808 Interea
1900 3752 2020 3808 dies

328 3837 386 3893 in
415 3846 637 3893 noctem
666 3839 927 3907 vertitur,
972 3839 1184 3909 pluvize
1223 3855 1461 3911 quoque
1494 3838 1756 3897 nimietas
1795 3849 2013 3909 exorta,

319 3926 442 3996 jam
475 3938 617 3996 pene
645 3926 715 3982 de
742 3926 925 3983 salute
957 3927 1108 3998 cogit
1167 3942 1265 3983 eos
1293 3928 1609 3997 desperare.
1655 3949 1683 3978 ‹‹
1714 3928 2017 3985 Clamave—

324 4020 464 4069 runt
506 4027 644 4084 ergo
693 4014 767 4069 ad
819 4015 1125 4071 Dominum
1173 4030 1306 4071 cum
1358 4016 1798 4084 tribularentur,
1850 4024 1904 4071 et
1947 4017 2016 4072 de

324 4100 761 4157 necessitatibus
787 4115 987 4157 eorum
1043 4103 1246 4159 eduxit
1294 4118 1391 4159 eos
1421 4103 1607 4174 (Psal.
1668 4117 1781 4158 cvn.
1839 4105 2013 4172 28).»

324 4188 525 4244 Subito
570 4188 748 4253 enim,
790 4189 903 4243 Deo
953 4189 1278 4258 miserante,
1331 4198 1489 4247 tanta
1519 4191 1873 4247 transierunt
1925 4190 2015 4246 fa-

325 4275 536 4332 cilitate
590 4284 654 4332 ut
712 4275 940 4332 nullum
993 4278 1225 4333 omnino
1283 4278 1340 4333 in
1386 4279 1736 4335 transeundo
1769 4277 2014 4348 impedi-

2140 611 2337 665 vineas
2381 610 2464 665 eis
2503 616 2858 676 occurrente,
2913 608 3304 678 feretrumque
3361 608 3606 676 positum
3648 611 3745 663 est
3803 609 3869 661 in

2139 698 2342 768 majori
2376 698 2613 753 ecclesia
2641 710 2816 766 supra
2872 697 3052 751 altare
3095 703 3308 751 sanctae
3346 695 3560 752 Mariae.
3594 696 3669 752 Et
3719 710 3871 751 ecce

2138 786 2405 855 quaedam
2451 785 2659 841 mulier
2702 791 2994 839 contracta
3045 791 3169 839 erat
3223 782 3281 838 in
3323 783 3467 839 urbe
3505 797 3686 854 quam
3723 783 3867 853 epi-

2137 887 2346 943 scopus
2391 872 2539 928 idem
2565 872 2688 943 jam
2718 872 2982 943 quinque
3012 871 3181 927 annis
3230 871 3287 927 in
3314 872 3502 934 domo,
3538 872 3637 927 ubi
3671 873 3866 941 panis

2136 975 2279 1017 suus
2315 962 2692 1031 coquebatur,
2745 960 2986 1016 aluerat.
3041 959 3178 1027 Quae
3211 975 3328 1030 praa
3377 960 3555 1015 nimia
3584 960 3865 1016 inﬁrmi-

2136 1055 2252 1104 tate
2297 1050 2379 1104 sic
2420 1048 2647 1119 jacebat
2674 1049 2977 1104 incurvata
3006 1055 3071 1103 ut
3100 1062 3171 1103 ne
3200 1048 3271 1103 ad
3301 1062 3663 1104 communem
3699 1048 3861 1117 qui-

2134 1137 2263 1193 dem
2307 1137 2694 1192 necessitatem
2741 1136 2851 1191 nisi
2904 1149 2939 1191 a
2993 1136 3221 1192 duobus
3271 1143 3613 1206 portaretur,
3647 1144 3864 1205 posset

2138 1225 2235 1280 ire.
2304 1224 2495 1280 Prima
2538 1239 2675 1295 ergo
2722 1225 2904 1280 noctis
2950 1225 3094 1279 hora
3146 1224 3413 1293 apparuit
3443 1224 3491 1279 ei
3536 1224 3594 1278 in
3619 1224 3861 1278 somnis

2137 1312 2379 1368 Domina
2419 1321 2633 1380 nostra,
2683 1313 3020 1383 pracipiens
3061 1313 3111 1368 ei
3163 1321 3225 1369 ut
3255 1312 3601 1382 quantocius
3636 1325 3861 1382 surge-

2137 1409 2240 1469 ret,
2295 1402 2368 1457 ad
2421 1402 2694 1471 majorem
2727 1401 3023 1456 ecclesiam
3065 1401 3191 1468 iret,
3223 1408 3278 1456 et
3339 1400 3610 1455 feretrum
3658 1414 3856 1455 suum

2140 1490 2520 1545 Laudunense
2548 1496 2849 1560 quaereret.
2885 1490 3155 1545 Protinus
3182 1489 3466 1559 evigilans
3497 1492 3646 1543 583
3695 1502 3857 1544 sana

2135 1578 2407 1645 surrexit,
2462 1586 2518 1633 et
2572 1578 2644 1632 ad
2683 1576 2977 1633 ecclesiam
3026 1591 3266 1632 currens
3315 1591 3414 1646 per
3446 1577 3661 1646 plateas
3703 1590 3855 1631 cum

2136 1665 2349 1735 gaudio
2426 1666 2850 1721 vociferabatur
2894 1665 3197 1721 clamando
3251 1680 3265 1718 :
3336 1665 3577 1720 Domina
3637 1671 3857 1719 sancta

2136 1753 2347 1808 Maria!
2422 1754 2667 1808 Domina
2731 1761 2930 1808 sancta
3018 1748 3223 1807 Maria!
3303 1751 3543 1807 Familia
3583 1751 3855 1822 episcopi

2134 1849 2330 1896 secuta
2399 1848 2484 1896 est
2555 1855 2704 1908 eam,
2780 1840 2897 1910 ipse
2968 1853 3205 1910 quoque
3271 1840 3571 1909 episcopus
3634 1854 3851 1894 somno

2132 1929 2438 1993 excitatus,
2471 1928 2712 1983 audiens
2736 1928 2805 1996 {et
2851 1927 3109 1998 gaudens
3152 1941 3390 1997 egenam
3437 1941 3604 1983 suam
3662 1940 3851 1982 sana-

2133 2025 2270 2071 tam.
2323 2016 2565 2071 Intravit
2610 2016 2818 2071 mulier
2863 2029 3005 2071 sana
3047 2015 3362 2080 ecclesiam,
3395 2029 3661 2084 quaerens
3702 2029 3848 2070 cum

2132 2104 2382 2159 clamore
2433 2103 2533 2159 ubi
2606 2111 2750 2159 esset
2816 2103 3089 2159 feretrum
3157 2101 3378 2158 Sanctae
3441 2103 3629 2157 Mariae
3684 2102 3847 2158 Lauo

2133 2193 2428 2248 dunensis.
2498 2191 2782 2261 Stansque
2866 2205 3057 2247 coram
3105 2204 3189 2257 eo,
3269 2191 3482 2261 gratias
3528 2191 3579 2245 ei
3632 2190 3852 2246 refere-

2137 2280 2251 2346 bat,
2312 2286 2368 2335 et
2443 2279 2732 2350 quomodo
2783 2278 2890 2334 sibi
2961 2278 3320 2349 apparuisset
3380 2278 3601 2333 cunctis
3662 2291 3850 2333 enar-

2133 2367 2317 2422 rabaL

2208 2454 2407 2510 Statim
2438 2454 2741 2525 episcopus
2769 2454 2963 2509 omnia
2993 2453 3159 2524 signa
3198 2451 3369 2523 jussit
3398 2452 3615 2522 pulsari
3639 2452 3843 2522 citius,

2132 2552 2187 2599 ct
2218 2544 2452 2612 ipsemet
2484 2543 2695 2612 incepit
2746 2542 2823 2596 Te
2870 2543 3049 2596 Deum
3107 2541 3433 2597 laudamus.
3487 2541 3650 2606 Quod
3694 2542 3844 2599 dum

2132 2638 2482 2698 cantaretur,
2516 2644 2645 2685 ecce
2683 2630 2863 2685 altera
2906 2637 3219 2691 contracta.
3251 2637 3365 2685 tam
3417 2629 3522 2698 ipsi
3566 2630 3841 2699 episcopo

2132 2733 2309 2788 quam
2364 2717 2589 2773 cunctis
2633 2716 2761 2773 aliis
2797 2718 3111 2784 notissima,
3157 2716 3451 2773 ecclesiam
3495 2725 3699 2771 sanata
3743 2717 3842 2772 in-

2132 2807 2325 2874 travit,
2357 2812 2412 2861 et
2459 2806 2530 2860 ad
2574 2805 2847 2861 feretrum
2896 2812 3050 2860 recto
3105 2818 3283 2859 cursu
3326 2804 3580 2873 veniens,
3607 2804 3838 2860 scabel-

2131 2893 2250 2949 lula
2292 2893 2427 2959 duo,
2476 2892 2692 2962 quibus
2738 2893 2986 2962 rependo
3031 2902 3087 2948 et
3116 2892 3491 2948 sustentando
3525 2906 3584 2947 se
3634 2891 3705 2947 ad
3742 2907 3835 2962 pe-

2130 2980 2363 3037 tendam
2412 2980 2830 3050 eleemosynam
2887 2979 3255 3035 circumferre
3283 2979 3516 3045 solebat,
3546 2993 3725 3048 super
3752 2978 3836 3034 al-

2076 3099 2100 3139 τ
2131 3079 2251 3124 lare
2284 3068 2494 3138 posuit,
2527 3068 2761 3139 ipsaque
2793 3075 2953 3123 stans
2993 3081 3185 3123 coram
3222 3067 3449 3138 populo,
3482 3067 3596 3122 Deo
3624 3074 3679 3122 et
3720 3066 3831 3136 piae

2129 3156 2296 3213 Matri
2334 3158 2463 3227 ejus
2535 3157 2753 3226 gratias
2802 3156 3028 3226 agebat.
3098 3155 3366 3211 Protinus
3423 3156 3541 3225 ipse
3588 3168 3827 3211 rursum

2128 3245 2323 3300 omnia
2377 3244 2544 3315 signa
2628 3245 2898 3313 praecepit
2965 3244 3179 3310 sonari,
3243 3243 3524 3313 incipiens
3574 3243 3829 3299 secundo

2130 3332 2430 3401 praefatum
2464 3333 2768 3400 hymnum.
2810 3330 2921 3398 Qui
2958 3339 3272 3401 antequam
3296 3331 3579 3395 finiretur,
3613 3330 3831 3386 divinae

2130 3420 2323 3491 pietati
2354 3420 2572 3489 placuit
2599 3419 2833 3475 tertium
2860 3419 3245 3489 superaddere
3276 3418 3643 3474 miraculum.
3696 3434 3703 3441 ·

2196 3506 2443 3573 Quidam
2490 3506 2699 3561 etenim
2726 3505 2959 3575 juvenis
2989 3505 3171 3571 miles,
3206 3504 3359 3560 ﬁlius
3386 3504 3647 3561 videlicet
3681 3507 3832 3562 Car-

2126 3594 2381 3651 notensis
2434 3591 2795 3660 vicedomini,
2828 3592 2930 3662 qui
2976 3593 3034 3648 in
3078 3591 3307 3650 castello
3338 3592 3589 3662 quodam
3612 3591 3830 3647 catenis

2124 3683 2403 3753 religatus
2426 3688 2630 3750 captus
2675 3680 3037 3749 servabatur,
3083 3680 3274 3736 subito
3306 3680 3629 3750 insperatus
3657 3682 3827 3737 eccle-

2125 3772 2267 3826 siam
2301 3770 2641 3841 ingreditur,
2669 3776 2724 3825 et
2759 3776 2938 3825 matre
2979 3783 3086 3825 sua
3121 3783 3255 3824 cum
3287 3768 3565 3823 militibus
3600 3768 3823 3824 etcivi-

2124 3859 2236 3914 bus
2286 3857 2395 3913 sibi
2447 3864 2802 3924 occurrente,
2858 3856 3021 3913 laetus
3081 3855 3154 3911 ad
3194 3856 3373 3911 altare
3431 3855 3815 3926 progreditur,

2125 3945 2487 4015 genibusque
2543 3944 2709 4000 ﬂexis
2762 3959 2957 4000 coram
2993 3943 3217 4011 feretro,
3273 3950 3328 4000 et
3376 3957 3475 4013 per
3509 3942 3813 3999 Dominam

2124 4041 2381 4089 nostram
2410 4047 2468 4088 se
2494 4032 2690 4089 dicens
2743 4042 3026 4103 ereptum,
3078 4031 3469 4103 quadraginta
3512 4030 3718 4087 solidos
3759 4032 3809 4087 ei

2122 4119 2312 4175 statim
2342 4118 2568 4175 obtulit.
2617 4117 2779 4186 Quod
2827 4133 3066 4175 cernens
3106 4118 3430 4189 episcopus,
3480 4132 3592 4173 non
3624 4118 3807 4174 solum

2123 4207 2184 4261 in
2227 4205 2433 4276 majori
2472 4205 2731 4273 ecclesia,
2774 4206 2872 4262 sed
2918 4214 2973 4262 et
2999 4207 3056 4261 in
3089 4206 3359 4261 omnibus
3399 4204 3527 4261 aliis
3564 4205 3808 4261 ecclesiis

2120 4294 2289 4351 etiam
2332 4293 2585 4350 minimis
2612 4308 2712 4365 per
2737 4301 2910 4351 totam
2932 4294 3156 4361 urbem,
3188 4294 3381 4349 omnia
3405 4293 3570 4363 signa
3596 4292 3811 4349 diutius

323 4371 583 4420 mentum
655 4363 950 4419 haberent.
1019 4365 1491 4422 Pervenientibus
1569 4367 1642 4421 ad
1715 4365 1995 4422 castellun

2178 4381 2335 4449 mari,
2367 4391 2421 4438 et
2460 4382 2571 4437 Deo
2616 4363 2819 4438 laudes
2862 4381 3093 4438 directis
3143 4380 3364 4437 nuntiis
3411 4379 3671 4451 praecepit
3714 4378 3809 4435 de-

323 4451 535 4507 milites
579 4450 809 4507 obviam
863 4462 1282 4521 processerunt,
1335 4454 1698 4525 nimiumque
1745 4455 1995 4510 mirante.

2178 4468 2370 4537 tutari,
2421 4467 2542 4539 ipse
2591 4468 2756 4525 tertio
2807 4468 3082 4539 incipiens
3123 4469 3201 4524 Te
3255 4450 3438 4523 Deum
3486 4466 3806 4522 laudamus.

323 4538 611 4609 quomodo
640 4538 1001 4609 transissent,
1033 4540 1441 4612 benignissime
1483 4556 1578 4598 eos
1620 4549 2014 4611 susceperunt,

322 4622 573 4679 dicentes
628 4623 784 4695 quod
841 4638 1043 4681 revera
1092 4626 1485 4683 misericordia
1542 4626 1770 4683 Domini
1819 4627 2017 4684 fuisset

322 4726 452 4768 cum
508 4712 609 4769 eis.
643 4713 705 4767 In
758 4714 1008 4770 crastino
1045 4728 1177 4770 cum
1236 4715 1543 4771 redeuntes
1600 4728 1699 4784 per
1746 4716 2014 4772 eumdem

320 4800 542 4856 aditum
618 4800 865 4858 transire
928 4801 1262 4869 voluissent,
1312 4803 1646 4860 nullatenus
1689 4803 1870 4860 donec
1907 4804 2015 4860 iter

318 4902 452 4944 cum
482 4902 696 4960 magno
742 4888 938 4946 labore
981 4892 1316 4961 expeditum
1374 4891 1481 4947 fuit
1512 4891 1757 4948 transire
1812 4900 2011 4962 potue-

319 4979 481 5044 runt,
514 4976 713 5045 sicque
730 4976 837 5046 pia:
852 4978 1013 5033 Matri
1036 4978 1262 5033 Domini
1285 4980 1502 5051 gratias
1518 4980 1860 5047 retulerunt,
1880 4995 2011 5050 quae

318 5062 380 5118 in
413 5062 555 5119 hora
611 5078 837 5134 magna
894 5056 1245 5123 necessitatis
1276 5080 1548 5138 magnam
1577 5068 1660 5124 eis
1689 5067 2012 5126 misericor-

318 5150 473 5207 diam
506 5150 733 5208 fecerat.
1560 5166 1563 5169 '

318 5256 455 5313 CAP.
476 5257 636 5314 XIII.
658 5287 727 5300 —
744 5260 823 5313 De
850 5258 1029 5314 tribu:
1056 5260 1362 5318 miraculi:
1387 5261 1452 5317 in
1488 5262 1629 5319 urbe
1671 5262 2015 5319 Camotensi

698 5328 893 5399 factis
915 5346 1020 5401 per
1054 5336 1314 5388 sanctam
1342 5334 1619 5389 Mariam.

387 5432 452 5487 In
480 5431 681 5504 vigilia
715 5433 1042 5493 Nativitatis
1076 5446 1289 5494 sancta;
1326 5438 1539 5507 Mariae,
1578 5446 1712 5496 ante
1746 5452 2013 5510 vesperas

316 5519 630 5578 Carnotum
679 5530 986 5591 venerunt,
1043 5532 1098 5581 et
1148 5525 1724 5584 honoriﬁcentissime
1762 5528 2011 5597 suscepti

317 5613 455 5664 sunt
481 5620 516 5663 a
566 5608 776 5667 domno
822 5611 1000 5668 Ivone
1054 5611 1391 5670 Carnotensi
1438 5613 1727 5685 episcopo,
1773 5621 2010 5685 totaque

2125 4556 2389 4619 Quantus
2428 4568 2528 4626 per
2580 4561 2753 4610 totam
2814 4554 3018 4610 urbem
3069 4553 3369 4625 signorum
3428 4552 3692 4623 strepitus
3754 4561 3807 4610 et

2124 4642 2380 4714 clangor,
2428 4656 2559 4713 quae
2607 4656 2719 4698 vox
2762 4641 2991 4707 laetitiis,
3027 4648 3169 4711 quot
3216 4640 3474 4697 dulcium
3531 4641 3804 4711 lacryma—

2122 4744 2253 4787 rum
2307 4728 2553 4786 ﬂumina
2616 4744 2733 4800 prae
2780 4728 2960 4785 nimia
3028 4728 3430 4796 exsultatione,
3464 4728 3536 4785 ab
3569 4735 3802 4798 utroque

2119 4832 2265 4875 sexu
2283 4826 2337 4874 et
2367 4818 2595 4874 diversa
2624 4826 2789 4874 aetate
2843 4818 2959 4873 sint
2999 4815 3203 4886 effusa,
3238 4816 3410 4873 etiam
3437 4817 3601 4873 nobis
3632 4824 3800 4872 tacen-

2119 4907 2273 4963 tibus
2301 4906 2430 4976 pius
2460 4906 2637 4962 lector
2679 4905 2846 4961 facile
2897 4912 3076 4974 potest
3125 4905 3444 4961 advertere.
3498 4904 3585 4961 Sic
3615 4903 3797 4974 itaque

2118 4995 2324 5052 fratres
2366 4995 2565 5061 nostri,
2634 4994 2813 5050 beata)
2872 4994 3066 5050 Mariae
3134 4993 3433 5049 miraculis
3483 4992 3793 5059 exhilarati,

2120 5082 2377 5139 ﬁdelium
2406 5082 2571 5139 donis
2601 5075 2948 5151 locupletati,
3007 5080 3079 5136 ad
3117 5094 3221 5136 nos
3262 5094 3395 5136 cum
3422 5079 3629 5151 gaudio
3655 5078 3796 5135 circa

2119 5179 2327 5236 festum
2357 5178 2549 5234 Sancti
2578 5177 2832 5234 Matthaei
2874 5176 3240 5248 evangelista;
3269 5177 3581 5244 redierunt,
3611 5183 3794 5232 totam-

2120 5280 2236 5337 que
2286 5264 2491 5321 urbem
2547 5266 2985 5323 Laudunensem
3055 5265 3384 5335 hujusmodi
3440 5263 3794 5322 relationibus

2119 5353 2287 5410 valde
2313 5352 2683 5419 latilicantes,
2719 5361 2847 5423 post
2892 5353 3280 5411 tribulationis
3330 5353 3571 5421 luctum,
3593 5366 3791 5409 novum

2120 5439 2401 5511 gaudium
2455 5440 2623 5497 nobis
2670 5439 3012 5498 intulerunt.
3054 5442 3161 5498 Per
3204 5442 3400 5498 omnia
3479 5439 3792 5497 benedictus

2120 5529 2292 5595 Deus,
2324 5528 2427 5599 qui
2466 5528 2614 5586 vixit
2642 5536 2699 5587 et
2754 5536 2959 5601 regnat
3006 5543 3107 5601 per
3135 5529 3330 5587 omnia
3384 5528 3594 5587 saecula
3634 5543 3791 5587 saecu-

2122 5611 2332 5673 lorum.
