3946 6404
182 446 295 500 973

1020 441 1381 498 HERMANNI
1421 443 1513 498 DE
1558 442 1802 497 MIRAC.
1844 442 1900 496 S.
1943 440 2184 498 ΜΛΒΙΑΞ
2221 441 2772 497 LAUDUN.—LIB.
2816 442 2884 496 Il.

3598 445 3702 497 97/1-

1015 717 1724 821 CAPITULA
1793 717 2186 819 LIBRI
2256 717 2896 822 SECUNDI.

661 906 796 978 CAP.
839 907 879 960 I.
922 908 1010 960 De
1037 909 1210 978 surdo
1238 910 1294 960 et
1321 910 1478 962 muto
1508 907 1664 978 apud
1694 906 1995 978 Nigellam
2023 909 2243 962 curato.

659 977 795 1032 CAP.
837 978 910 1030 ll.
959 979 1042 1030 Dc
1070 977 1308 1032 auriﬁce
1334 994 1476 1032 caeco
1506 977 1790 1032 Atrebati.

660 1048 790 1102 CAP.
841 1048 934 1102 III.
979 1052 1053 1102 De
1085 1047 1281 1128 puella
1304 1052 1516 1128 sanata
1545 1049 1700 1129 apud
1732 1050 2003 1103 Sanctum
2033 1047 2442 1127 Audomarum.

659 1118 792 1174 CAP.
835 1119 923 1172 IV.
971 1121 1053 1172 De
1083 1119 1420 1172 liberatione
1450 1119 1782 1174 clericorum
1820 1121 2031 1171 sanctae
2055 1119 2255 1170 Maria:
2283 1135 2345 1171 in
2374 1135 2442 1172 m4

661 1188 794 1242 CAP.

660 1258 796 1311 CAP.

662 1327 796 1384 CAP.

663 1398 796 1453 CAP.

659 1469 790 1522 CAP.

662 1539 797 1593 CAP.

842 1259 905 1313 VI
951 1260 1032 1312 De
1061 1259 1303 1312 muliere

835 1119 923 1191 I_V.
971 1121 1053 1172 De
1083 1117 1420 1191 liberatione
1450 1117 1782 1191 clericorum
1820 1121 2031 1191 sanctae
2055 1117 2255 1170 Maria:
2279 1117 2345 1191 _in
2374 1117 2529 1191 mari
2556 1135 2595 1172 a
2619 1118 2856 1191 piratis.

846 1187 907 1260 ν,
949 1191 1025 1241 De
1047 1189 1304 1260 vindicta
1331 1205 1505 1258 super
1530 1188 1915 1260 negotiatores
1943 1190 2102 1257 facta
2139 1188 2296 1260 apud
2331 1189 2564 1244 Dobras.

1373 1258 1692 1313 arturiente
1718 1259 1969 1313 liberata
1995 1258 2336 1313 Cantuariae.

841 1329 961 1384 VII.
1009 1331 1084 1382 De
1111 1346 1252 1384 czco
1276 1327 1612 1384 illuminato
1644 1330 1798 1399 apud
1839 1327 2205 1383 Wintoniam.

844 1399 991 1453 VIII.
1040 1401 1121 1454 De
1147 1400 1267 1454 alio
1290 1400 1520 1466 inﬁrmo
1546 1399 1754 1454 ibidem
1783 1403 1999 1453 curato.

843 1469 937 1523 IX.
981 1472 1056 1522 De
1081 1470 1374 1526 duodecim
1399 1470 1649 1536 inﬁmis
1673 1469 1884 1524 ibidem
1909 1470 2148 1523 curatis.

842 1540 911 1594 X.
959 1541 1042 1592 De
1070 1541 1266 1608 puella
1295 1541 1532 1605 inﬁrma
1560 1544 1764 1594 curata
1795 1541 1946 1610 apud
1979 1539 2440 1595 Christikercam.

663 1610 796 1663 CAP.
841 1611 938 1664 XI.
971 1613 1050 1663 De
1077 1610 1402 1664 incredibili
1425 1611 1681 1664 vindicta
1706 1611 1814 1664 Dei
1843 1610 2051 1664 ibidem
2078 1610 2257 1673 facta.

661 1677 799 1733 CAP.
844 1680 965 1734 XII.
1009 1683 1086 1734 De
1115 1680 1365 1749 inﬁrmis
1398 1681 1800 1750 septemdecim
1829 1679 2055 1734 sanatis
2083 1681 2238 1750 apud
2267 1681 2680 1735 Esseceslram.

667 1748 800 1803 CAP.
846 1750 992 1803 XIII.
1035 1753 1116 1803 De
1145 1751 1362 1803 alu/ino
1389 1755 1676 1803 contracto
1704 1753 1906 1803 curato
1934 1751 1999 1803 in
2027 1749 2360 1803 enisconatu
2392 1750 2680 1803 Salesberi

846 1750 992 1804 XIII.
1035 1753 1116 1803 De
1140 1751 1362 1820 glulino
1389 1755 1676 1805 contracto
1704 1753 1906 1804 curato
1934 1751 1999 1806 in
2027 1750 2360 1820 episcopatu
2392 1750 2823 1806 Salesberiensi.

657 1817 789 1890 CAP.
835 1820 985 1875 XIV.
1032 1821 1114 1873 De
1142 1817 1507 1883 febricitante
1537 1824 1736 1875 curato
1767 1821 1922 1890 apud
1962 1817 2298 1875 Wiltoniam
2326 1821 2621 1878 abbaliam
2647 1821 3196 1877 sanctimonialium.

658 1889 792 1943 CAP.
835 1890 958 1962 XV.
1008 1892 1090 1944 De
1117 1891 1314 1961 puella
1342 1907 1490 1962 caeca
1515 1889 1853 1945 illuminala
1881 1891 2037 1962 apud
2071 1891 2538 1947 Danavexeriam.

659 1963 798 2014 CAP.
843 1961 989 2016 XVI.
1034 1962 1118 2014 De
1146 1962 1318 2014 surdo
1348 1961 1556 2016 ibidem
1583 1965 1810 2016 sanato.

657 2029 790 2085 CAP.

661 2101 794 2155 CAP.

662 2171 796 2226 CAP.

660 2242 800 2296 CAP.
846 2243 959 2296 XX.
1009 2246 1081 2296 De
1109 2242 1368 2297 mirabili
1394 2243 1649 2297 vindicta
1678 2243 1758 2298 ibi

834 2031 1009 2104 XVII:
1056 2033 1139 2084 De
1165 2032 1364 2102 puella
1393 2049 1566 2086 curva
1594 2033 1749 2104 apud
1777 2035 2032 2104 castrum
2063 2031 2507 2104 Bannislaplum
2532 2036 2756 2089 curata.

836 2101 1024 2156 XVIII.
1073 2104 1154 2156 De
1168 2101 1453 2156 ’monacho
1481 2101 1690 2157 claudo
1718 2103 1927 2158 ibidem
1958 2108 2178 2158 curato.

837 2172 980 2226 XIX.
1025 2175 1102 2226 De
1133 2173 1252 2226 alio
1278 2173 1484 2227 claudo
1511 2177 1716 2227 curato
1745 2173 1899 2228 apud
1926 2178 2181 2227 castrum
2219 2175 2470 2228 Tolenes.

1833 2261 1888 2296 ιη
1918 2247 2082 2310 facta
2108 2261 2282 2314 super
2307 2259 2373 2297 eo
2400 2243 2500 2314 qui
2523 2261 2585 2298 se
2619 2244 2940 2314 suspendit.

659 2313 792 2368 CAP.
837 2314 1112 2386 XXI._De
1135 2314 1472 2368 liberatione
1501 2314 1847 2386 clericorum
1872 2313 2264 2386 persanclam
2294 2313 2539 2368 Mariam
2571 2313 2737 2386 apud,
2751 2319 3007 2369 castrum
3041 2314 3340 2371 Bristolllt.

671 2386 804 2438 CAP.
850 2384 1031 2438 XXII.
1074 2385 1162 2438 De
1187 2401 1362 2454 puero
1385 2389 1594 2440 sanato
1622 2385 1776 2456 apud
1807 2385 2094 2457 Bagejam
2131 2384 2442 2438 civitatem.

1365 2646 1513 2696 534
1537 2643 1883 2728 LIBER
1939 2642 2566 2730 SECUNDUS.

1277 2804 1372 2864 De
1419 2803 1519 2864 his
1563 2821 1707 2882 quae
1751 2822 1868 2882 per
1905 2803 2202 2881 Angliam
2254 2808 2436 2880 gesta
2479 2809 2650 2864 sunt.

206 3061 343 3119 CAP.
387 3063 434 3116 Ι.
463 3092 530 3100 ——
565 3062 648 3115 De
673 3058 845 3114 surdo
882 3062 937 3112 et
965 3059 1122 3112 mulo
1152 3057 1309 3128 apud
1353 3055 1657 3129 Nigellum
1685 3060 1903 3111 curato.
1944 3059 1991 3110 A
2015 3055 2370 3111 Dominicam
2403 3055 2730 3124 palmarum
2765 3057 2838 3111 ab
2885 3056 3028 3112 urbe
3061 3057 3429 3114 Laudunensi
3473 3059 3531 3114 in
3576 3073 3714 3130 pace

286 3168 374 3222 Ex
405 3165 794 3222 oblationibus
821 3179 958 3236 ergo
990 3163 1244 3220 ﬁdelium
1304 3177 1402 3233 per
1434 3163 1732 3218 Franciam
1790 3163 1910 3217 col-

211 3256 391 3320 lectis,
447 3262 564 3310 toto
613 3253 938 3309 autumnali
968 3260 1021 3307 et
1069 3251 1299 3307 hiemali
1333 3259 1579 3320 tempore
1630 3250 1909 3319 templum

215 3343 469 3398 Domina
499 3350 710 3398 nostrae
741 3355 813 3396 ex
863 3353 1076 3409 magna
1125 3347 1282 3408 parte
1319 3346 1651 3408 reparatum
1685 3345 1786 3393 est.
1823 3337 1914 3392 Se-

215 3430 420 3501 quenti
473 3444 610 3485 vero
655 3428 1125 3498 QuadrageSIma,
1173 3440 1303 3481 cum
1338 3425 1530 3480 adhuc
1563 3439 1694 3494 pars
1727 3425 1914 3493 operis

214 3519 471 3575 maxima
534 3518 870 3586 superesset,
925 3515 1166 3584 pecunia
1203 3528 1338 3568 vero
1384 3513 1663 3582 paulatim
1715 3513 1914 3568 decre-

213 3615 413 3674 sceret,
477 3606 897 3661 consuluerunt
951 3603 1115 3658 nobis
1179 3601 1442 3657 nonnulli
1503 3602 1804 3671 sapientes,
1852 3609 1916 3656 ut

215 3697 405 3753 denuo
435 3710 502 3751 ex
535 3695 828 3751 canonicis
873 3691 1051 3761 aliqui
1082 3691 1450 3762 eligerentur,
1479 3691 1578 3761 qui
1611 3699 1726 3746 tam
1769 3690 1914 3745 litte-

217 3799 414 3840 rarum
444 3783 684 3839 scientia
716 3795 893 3852 quam
943 3779 1332 3835 modulatione
1384 3778 1628 3834 canendi
1673 3786 1728 3833 et
1760 3779 1917 3848 peri-

218 3873 298 3929 tia
333 3871 700 3928 Laudunensi
749 3869 1013 3925 Ecclesia;
1061 3867 1245 3923 forent
1276 3867 1498 3934 honori,
1531 3875 1583 3923 et
1613 3882 1744 3922 cum
1781 3868 1920 3922 fere-

221 3968 307 4015 tro
355 3959 610 4014 Dominae
652 3965 860 4012 nostra;
910 3963 1359 4024 sanctorumque
1401 3953 1661 4023 reliquiis
1704 3953 1762 4008 in
1794 3955 1918 4008 An-

221 4045 397 4116 gliam
450 4044 999 4107 transmitterentur,
1047 4056 1178 4110 quae
1225 4048 1366 4096 tunc
1395 4041 1667 4111 temporis
1705 4055 1920 4110 magna

219 4130 554 4185 divitiarum
604 4129 843 4184 ﬂorebat
891 4127 1206 4197 opulentia,
1244 4142 1345 4197 pro
1377 4141 1533 4196 pace,
1585 4135 1640 4183 et
1673 4127 1916 4198 justitia,

221 4232 399 4288 quam
433 4232 536 4273 rex
566 4219 692 4287 ejus
741 4217 1024 4272 Henricus
1083 4216 1192 4285 (54)
1257 4215 1408 4271 filius
1436 4215 1724 4271 Guillelmi
1772 4215 1922 4285 regis

221 4307 282 4361 in
312 4321 378 4361 ea
407 4306 667 4361 faciebat.
704 4304 881 4359 Electi
912 4312 1046 4360 sunt
1096 4304 1290 4373 itaque
1338 4317 1410 4358 ex
1440 4303 1731 4359 canonicis
1782 4303 1923 4358 Boso

225 4391 539 4460 presbyter.
595 4403 889 4458 neposque
918 4388 1045 4458 ejus
1075 4387 1376 4453 Bobertus,
1412 4387 1752 4456 Radulphus
1793 4400 1920 4455 pre-
1962 4402 2002 4455 Β

219 4477 434 4547 sbyter,
506 4477 828 4544 Matthzeus,
899 4483 1298 4546 cognatusque
1359 4475 1484 4544 ejus
1573 4475 1918 4538 Bonifacius,

223 4566 506 4621 Robertus
561 4579 768 4636 genere
823 4564 1122 4633 Anglicus,
1156 4571 1210 4620 et
1255 4561 1633 4628 Helinandus,
1679 4564 1925 4618 Joannes

223 4655 518 4724 presbyter
573 4653 857 4723 parochias
917 4653 1108 4708 Sancti
1179 4652 1425 4718 Martini,
1478 4658 1533 4706 et
1587 4650 1926 4706 Amisardus

222 4741 480 4798 clericus.
535 4741 634 4796 His
683 4755 820 4811 ergo
865 4740 1077 4807 electis,
1127 4738 1399 4794 feretrum
1430 4737 1686 4793 Dominae
1716 4745 1924 4793 nostrae

221 4829 566 4886 tradidimus
620 4844 750 4885 cum
803 4828 927 4883 aliis
959 4827 1227 4897 pluribus
1256 4834 1587 4881 sanctorum
1645 4825 1922 4894 reliquiis,

222 4918 373 4974 inter
423 4932 570 4987 quas
630 4917 916 4973 eminebat
961 4923 1015 4971 et
1071 4915 1255 4970 forma
1303 4923 1358 4970 et
1411 4913 1692 4984 dignitate
1742 4927 1926 4968 unum

225 5005 662 5076 phylacterium,
701 5007 757 5059 in
790 5020 906 5075 quo
935 5005 1016 5060 sic
1035 5004 1326 5072 sculptum
1359 5002 1568 5072 legitur
1600 5017 1612 5056 :
1849 5009 1859 5021 ‘

296 5093 570 5164 Spongia,
605 5109 744 5147 crux
774 5091 1028 5164 Domini,
1062 5107 1191 5164 cum
1210 5090 1476 5164 sindone,
1500 5106 1628 5145 cum
1648 5087 1860 5164 faciali

298 5161 385 5220 Me
420 5161 637 5231 sacrat,
680 5169 853 5234 atque
883 5163 966 5217 tui
997 5161 1258 5217 Genitria:
1285 5170 1339 5214 et
1367 5161 1526 5233 virgo
1553 5161 1782 5231 capilli.

295 5252 492 5307 Tantis
533 5253 725 5321 itaque
777 5251 1103 5319 talibusque
1134 5249 1305 5304 fultos
1334 5248 1634 5318 praesidiis,
1669 5248 1929 5317 praefatos

224 5341 406 5396 socios
453 5348 678 5395 nostros
732 5339 788 5394 in
825 5338 1091 5409 Angliam
1143 5335 1590 5400 transmisimus,
1654 5349 1931 5406 prospera

224 5435 280 5485 et
313 5428 422 5484 illis
471 5428 869 5498 imprecantes,
923 5433 1139 5482 etcum
1183 5438 1396 5494 magna
1439 5424 1794 5494 processione
1823 5423 1931 5479 ali-

225 5515 577 5588 quantulum
629 5528 727 5570 eos
795 5517 1222 5584 prosequentes,
1293 5511 1437 5567 feria
1491 5512 1745 5568 secunda
1799 5519 1933 5567 ante

298 5675 431 5746 (54')
467 5672 798 5730 Henricusl
831 5685 935 5730 rex
964 5670 1200 5742 Auglor.
1231 5668 1515 5728 Guillelmi
1547 5671 1569 5725 Ι
1602 5669 1787 5740 ﬁlius.

2019 3142 2362 3199 dimisimus.

2093 3231 2412 3287 Redeuntes
2464 3238 2654 3286 autem
2711 3231 2908 3286 eodem
2959 3245 3110 3287 anno
3162 3247 3355 3289 mense
3384 3235 3714 3303 Septembri,

2021 3321 2170 3376 circa
2215 3321 2586 3376 Nativitatem
2639 3321 2857 3377 Sanctae
2891 3323 3105 3387 Marias,
3143 3323 3223 3378 sic
3264 3324 3428 3378 nobis
3464 3339 3532 3379 ea
3587 3339 3717 3395 qua:

2021 3406 2125 3462 sibi
2158 3408 2514 3476 contigerant
2562 3409 2902 3464 retulerunt.
2939 3410 3184 3478 Egressi,
3233 3409 3526 3478 inquiunt,
3555 3426 3587 3466 a
3620 3425 3720 3466 vo-

2025 3496 2110 3550 bis
2141 3494 2400 3550 venimus
2434 3495 2506 3549 ad
2539 3503 2813 3563 castrum,
2849 3498 3005 3566 quod
3047 3498 3262 3567 Nigella
3292 3497 3511 3566 (Neue)
3543 3514 3719 3554 voca-

2024 3590 2138 3650 tur,
2175 3582 2233 3636 in
2267 3596 2410 3651 pago
2444 3582 2836 3650 Vermadensi,
2885 3591 2940 3638 et
2978 3583 3288 3640 honorifice
3317 3585 3564 3653 suscepti
3609 3586 3720 3640 fui-

2026 3682 2155 3724 mus
2184 3682 2217 3723 a
2248 3669 2558 3736 canonicis,
2594 3677 2648 3725 et
2677 3683 2710 3724 a
2740 3670 2951 3725 domno
2993 3671 3296 3741 Radulpho
3328 3680 3486 3741 patre
3528 3673 3722 3728 domni

2027 3757 2238 3822 Ivonis,
2297 3757 2552 3826 ejusdem
2611 3759 2782 3813 castri
2838 3759 3095 3828 principe
3123 3769 3178 3815 et
3221 3775 3558 3830 possessore.
3615 3761 3724 3828 Qui

2025 3845 2287 3900 videlicet
2317 3845 2662 3915 Radulphus
2693 3847 2936 3902 habebat
2975 3847 3034 3902 in
3066 3848 3234 3903 domo
3267 3863 3374 3904 sua
3417 3850 3723 3918 quemdam

2027 3947 2062 3989 a
2100 3934 2396 3989 nativitate
2452 3935 2694 3990 surdum
2750 3943 2804 3990 et
2835 3944 3083 4002 mutum,
3139 3938 3370 3991 nomine
3423 3939 3721 4004 Joannem,

2027 4037 2200 4093 quem
2222 4022 2294 4078 ab
2325 4021 2562 4078 infantia
2595 4025 2877 4079 nutrierat
2908 4038 3094 4092 usque
3122 4025 3192 4079 ad
3218 4025 3442 4079 virilem
3479 4033 3722 4093 aetatem,

2031 4111 2109 4166 ita
2134 4119 2198 4166 ut
2217 4119 2354 4166 tunc
2379 4110 2616 4166 barbam
2643 4111 2923 4180 prolixam
2967 4113 3215 4167 haberet.
3241 4113 3342 4167 Hic
3362 4127 3498 4182 ergo
3527 4114 3728 4168 videns

2032 4199 2307 4268 populum
2341 4205 2516 4254 causa
2543 4208 2874 4255 sanctarum
2908 4200 3285 4270 reliquiarum
3331 4202 3399 4256 ad
3430 4201 3727 4256 ecclesiam

2032 4286 2411 4353 festinantem,
2447 4296 2594 4343 nutu
2645 4288 2943 4357 signorum
2971 4302 3004 4343 a
3035 4289 3266 4343 domino
3312 4303 3415 4343 suo
3472 4303 3727 4344 commo-

2033 4375 2206 4441 nitus,
2240 4375 2412 4430 etiam
2444 4375 2562 4444 ipse
2603 4391 2733 4432 cum
2781 4377 2907 4432 aliis
2949 4378 3226 4432 cucurrit.
3282 4377 3477 4432 Potata
3523 4377 3728 4432 deinde

2031 4477 2205 4532 aqua,
2239 4464 2307 4518 de
2346 4477 2463 4533 qua
2483 4472 2694 4519 sanctae
2726 4464 2983 4534 reliquiae
3012 4464 3139 4520 lotae
3165 4465 3415 4531 fuerant,
3450 4479 3547 4520 ore
3582 4479 3726 4534 quo-

2032 4565 2146 4619 que
2177 4557 2231 4606 et
2262 4551 2503 4606 auribus
2525 4551 2652 4620 ejus
2680 4551 2982 4620 diligenter
3010 4566 3082 4606 ex
3112 4565 3179 4606 ea
3212 4552 3358 4618 lotis,
3390 4551 3498 4606 sub
3525 4551 3728 4607 feretro

2033 4638 2299 4693 recubuit
2328 4647 2383 4694 et
2413 4638 2778 4694 obdormivit.
2812 4640 3117 4703 Necmora,
3150 4639 3478 4694 videntibus
3507 4638 3731 4694 cunctis

2033 4739 2151 4795 prae
2197 4727 2373 4781 nimia
2420 4727 2708 4782 anxietate
2779 4734 2895 4782 toto
2952 4741 3188 4796 corpore
3242 4728 3510 4782 sudorem
3561 4726 3731 4795 coepit

2031 4814 2306 4880 emittere,
2339 4814 2575 4884 sanguis
2606 4815 2774 4870 etiam
2806 4829 2878 4870 ex
2909 4815 3150 4870 auribus
3177 4822 3232 4869 et
3262 4814 3502 4869 naribus
3557 4821 3731 4883 atque

2035 4903 2218 4967 venis,
2248 4917 2378 4972 quae
2430 4903 2582 4957 circa
2613 4911 2817 4973 guttur
2871 4911 2925 4958 et
2962 4903 3174 4958 collum
3209 4901 3631 4971 prominebant,
3666 4915 3734 4955 ac

2036 4990 2083 5046 si
2141 4997 2325 5059 ruptze
2379 4989 2584 5056 forent,
2638 4991 2882 5046 ubertim
2916 4990 3221 5059 profluere.
3282 4989 3578 5059 Evigilans
3609 4995 3736 5058 post

2035 5077 2341 5148 paululum
2399 5078 2671 5143 surrexit,
2703 5087 2758 5134 et
2795 5093 2986 5134 coram
3020 5078 3222 5133 feretro
3279 5086 3436 5134 stans
3483 5077 3734 5132 clamare

2037 5167 2206 5235 coepit
2251 5166 2308 5220 in
2356 5180 2492 5221 voce
2543 5166 2964 5232 exsultationis,
3020 5167 3116 5222 sed
3169 5181 3285 5222 non
3341 5165 3731 5231 confessionis,

2038 5253 2314 5325 quoniam
2347 5253 2504 5323 loqui
2554 5255 2859 5322 nesciebat,
2911 5255 3066 5324 quod
3124 5269 3239 5311 non
3296 5255 3589 5321 didicerat,
3632 5253 3736 5323 qui

2039 5355 2341 5411 nunquam
2371 5341 2656 5396 audierat.
2701 5341 2862 5407 Quod
2912 5350 3102 5397 tamen
3150 5342 3292 5397 alios
3349 5342 3599 5397 dicentes
3628 5355 3735 5396 au-

2041 5427 2247 5488 diebat.
2299 5426 2408 5481 hoc
2452 5426 2572 5496 ipse
2618 5426 2959 5496 respondere
3005 5427 3488 5496 compellantibus
3515 5435 3570 5482 et
3626 5425 3735 5481 sibi

2040 5513 2413 5585 loquentibus
2469 5513 2686 5582 volens,
2747 5521 2872 5584 post
2918 5514 3043 5570 illos
3099 5515 3343 5572 dicebat.
3401 5515 3538 5583 Qum
3598 5522 3739 5570 tunc
