3946 6396
274 378 378 431 975

1195 379 1501 436 APPEND.
1538 380 1635 434 AD
1683 379 1814 435 LIB.
1856 379 1930 436 Ill
1969 380 2298 437 GUIBERTI
2338 381 2428 436 DE
2469 383 2631 441 VITA
2670 384 2821 440 ΒΕΑ.

3672 390 3785 444 976

275 530 466 601 populi
497 531 712 597 laetitia,
742 530 875 601 quis
903 531 1122 588 clamor
1158 532 1348 600 fuerit,
1382 533 1579 589 nullus
1615 532 1966 589 sufficienter
2004 519 2049 569 Α
2080 518 2332 573 "malem
2368 518 2522 585 me“.
2554 520 2893 588 explorandi
2924 534 3103 575 causa
3127 519 3340 590 illbells
3369 523 3779 588 conscendere.

274 620 485 676 referre
515 618 746 675 valebit.
790 619 880 675 Sic
913 619 1026 687 ille,
1062 620 1306 691 perfecte
1347 628 1603 686 sanatus,
1634 620 1749 676 fere
1780 635 1966 692 usque

273 708 342 763 ad
374 721 532 763 mare
572 722 676 762 nos
723 714 805 763 est
836 715 1204 777 prosecutus;
1237 708 1531 764 nobiscum
1565 707 1737 764 etiam
1784 717 1967 765 trans-

272 798 427 864 isset,
462 795 569 850 nisi
595 809 728 850 eum
754 796 964 850 reveni
996 809 1375 865 rogassemus.

340 883 474 941 CAP.
509 884 582 939 ΙΙ.
617 914 687 923 -
719 885 802 937 De
850 884 1089 953 auriﬁce
1140 900 1283 939 ceco
1309 883 1642 940 illuminato
1673 883 1962 939 Atrebati.

340 971 480 1027 Inde
539 971 691 1027 circa
762 971 1113 1027 Parasceven
1184 972 1526 1028 Atrebatum
1598 973 1801 1029 urbem
1858 987 1966 1028 ve-

268 1059 509 1125 nientes,
572 1073 684 1114 non
736 1058 930 1115 minus
983 1058 1292 1116 honoriﬁce
1340 1060 1591 1130 suscepti
1636 1074 1858 1117 sumus.
1899 1061 1966 1116 Et

266 1162 396 1204 ecce
426 1146 664 1217 quidam
722 1145 947 1201 aurifex
986 1161 1160 1203 senex
1194 1148 1254 1202 in
1287 1148 1486 1203 eadem
1519 1148 1661 1205 urbe
1700 1162 1960 1215 manens,

266 1236 367 1306 qui
394 1235 513 1305 jam
546 1248 646 1303 per
674 1233 972 1290 duodecim
1011 1248 1195 1291 annos
1233 1236 1535 1292 oculorum
1569 1237 1789 1292 lumine
1845 1238 1965 1306 pri-

263 1329 435 1377 vatus
462 1320 671 1387 fuerat,
712 1321 953 1378 audiens
1002 1322 1273 1379 feretrum
1326 1323 1546 1379 Sanctaa
1575 1324 1769 1379 Mariae
1811 1324 1962 1380 Lau-

263 1409 536 1465 dunensis
559 1409 877 1476 advenisse,
910 1410 1305 1481 interrogabat
1348 1411 1612 1477 formam,
1642 1412 1731 1467 vel
1771 1412 1961 1483 quali-

261 1504 454 1562 tatem,
483 1510 587 1551 seu
627 1496 1006 1565 quantitatem
1044 1497 1301 1567 ejusdem
1335 1498 1541 1552 feretri.
1593 1500 1775 1562 Quam
1827 1512 1961 1555 cum

260 1584 570 1650 didicisset,
628 1584 893 1653 protinus
947 1599 1020 1640 ex
1077 1585 1191 1640 imo
1264 1586 1508 1654 pectoris
1559 1586 1795 1641 trahens
1846 1585 1963 1641 alta

257 1670 524 1739 suspiria,
593 1671 995 1742 lacrymasque
1055 1678 1206 1728 sas
1252 1673 1499 1729 ubertim
1557 1674 1957 1744 profundens:

258 1758 411 1813 Heul
450 1760 658 1828 inquit,
708 1760 812 1815 hoc
868 1761 1139 1817 feretrum
1192 1762 1463 1818 manibus
1493 1762 1634 1817 meis
1671 1761 1959 1831 composui

254 1860 365 1915 ego
408 1855 673 1916 peccator
701 1848 758 1902 in
795 1848 1105 1918 juventute
1144 1864 1290 1916 mea,
1340 1850 1509 1920 jussu
1559 1851 1763 1906 Domni
1815 1850 1963 1906 Heli-

255 1934 434 1989 nandi
479 1935 877 1990 Laudunensis
919 1936 1184 2006 episcopi.
1218 1938 1283 1992 In
1319 1937 1427 1993 hoc
1460 1936 1607 1992 idem
1661 1938 1961 2007 episcopus

256 2021 533 2090 pretiosas
603 2022 879 2093 reliquias
952 2024 1162 2092 posuit,
1239 2024 1389 2080 inter
1433 2039 1580 2095 quas
1621 2024 1740 2095 [fuit
1786 2029 1959 2094 caput

254 2109 436 2164 sancti
488 2109 762 2165 Walarici
829 2110 1072 2179 abbatis,
1124 2126 1229 2168 nec
1278 2127 1393 2169 non
1440 2120 1495 2169 et
1550 2121 1726 2183 caput
1776 2113 1957 2169 sancti

254 2196 533 2263 Montani,
571 2199 695 2267 qui,
726 2198 875 2254 sicut
904 2200 976 2255 ab
1028 2200 1224 2256 eodem
1255 2201 1521 2271 episcopo
1570 2202 1790 2268 audivi,
1823 2216 1955 2258 cum

256 2285 557 2341 oculorum
616 2285 806 2342 visum
856 2287 1156 2355 amisisset,
1217 2297 1408 2344 ortum
1457 2289 1639 2344 sancti
1712 2289 1956 2359 Remigii

257 2372 436 2427 beata:
486 2372 685 2429 Cilnim
734 2375 908 2429 matri
965 2374 1091 2444 ejus
1137 2376 1565 2443 praenuntiavit,
1612 2376 1838 2446 sibique
1886 2377 1956 2433 de

254 2460 402 2515 lacte
465 2460 595 2530 ejus
672 2461 867 2517 lumen
921 2462 1274 2518 reddendum
1327 2462 1651 2533 subjunxit,
1701 2464 1856 2533 quod
1900 2471 1956 2520 et

256 2557 447 2619 postea
513 2549 773 2619 contigit.
834 2549 961 2615 Sed,
1015 2565 1048 2606 o
1103 2559 1167 2606 tu
1216 2549 1471 2620 piissima
1522 2552 1618 2607 Dei
1678 2552 1950 2622 genitrix,

254 2650 433 2706 quam
487 2637 767 2693 hodierna
808 2638 898 2693 die
930 2638 1046 2693 huc
1075 2638 1298 2709 gaudeo
1329 2640 1647 2705 advenisse,
1709 2640 1954 2697 faciesne

254 2724 697 2780 misericordiam
771 2732 928 2781 tuam
981 2726 1038 2780 in
1098 2740 1188 2781 me
1262 2735 1578 2796 peccatore,
1642 2736 1704 2783 ut
1770 2730 1953 2784 instar

251 2813 433 2869 sancti
464 2813 716 2869 Montani
747 2821 972 2883 recepto
1023 2814 1545 2875 lumineferetrum
1575 2822 1762 2882 tuum,
1794 2816 1951 2886 quod

252 2901 569 2970 composui,
603 2915 836 2958 rursum
886 2902 1094 2972 possim
1128 2903 1364 2959 videre?
1410 2902 1569 2958 Talia
1600 2918 1729 2958 cum
1761 2903 1947 2974 lacry-

251 2989 359 3045 mis
387 2988 646 3057 dicendo,
692 2990 918 3060 rogavit
962 2997 1025 3046 ut
1069 3004 1142 3045 ex
1192 2990 1447 3061 lympha,
1510 3006 1631 3062 qua
1686 2991 1947 3062 reliquias

2071 619 2140 660 ex
2170 606 2336 661 dictis
2363 607 2491 677 ejus
2533 607 2941 663 animadvertit
2974 609 3316 677 piratarum,
3352 610 3454 680 qui
3486 624 3585 680 per
3615 624 3782 667 mare

2071 693 2362 762 praedandi
2394 708 2573 750 causa
2587 693 2943 761 discurrunt,
2976 710 3185 752 navem
3214 697 3427 764 adesse,
3464 699 3785 770 statimque

2072 780 2243 836 nimis
2264 782 2600 850 perterritus
2631 782 2903 838 indicavit
2933 784 3202 840 omnibus
3234 792 3473 841 mortem
3531 787 3782 858 propin-

2073 882 2246 938 quam
2276 868 2597 926 imminere.

2141 956 2411 1013 Protinus
2440 972 2637 1014 omnes
2668 959 2869 1014 timore
2902 958 3058 1015 necis
3082 959 3381 1016 reddimur
3425 974 3777 1033 exsangues,

2069 1058 2101 1099 e
2168 1045 2409 1116 vestigio
2473 1046 2624 1101 enim
2703 1047 2992 1103 cernimus
3036 1047 3255 1118 [navem
3309 1049 3777 1119 appropriantem

2070 1132 2252 1187 instar
2300 1133 2552 1189 volucris
2593 1134 2935 1202 advolantis,
2987 1135 3215 1191 lanceas
3259 1143 3314 1192 et
3344 1137 3581 1206 {clypeos
3631 1152 3770 1193 cum

2071 1220 2278 1290 gladiis
2332 1230 2718 1290 coruscantes,
2796 1222 3002 1278 loricas
3044 1223 3220 1279 etiam
3269 1224 3405 1279 solis
3446 1224 3774 1294 'splendore

2071 1307 2332 1377 perfusas
2362 1309 2705 1365 relucentes.
2739 1312 2975 1366 Peccata
3007 1318 3204 1366 nostra
3255 1311 3498 1368 invicem
3531 1312 3771 1367 conﬁte-

2071 1409 2237 1464 mur;
2286 1404 2341 1451 et
2383 1397 2521 1466 quia
2565 1411 2718 1453 mors
2743 1397 2862 1467 jam
2898 1399 2968 1453 ad
2994 1400 3235 1468 januam
3272 1399 3466 1455 adesse
3518 1400 3766 1468 videtur,

2068 1497 2186 1539 non
2235 1491 2601 1553 exspectatur
2632 1485 2926 1554 presbyter
2955 1485 3027 1540 ad
3056 1485 3480 1555 suscipiendam
3541 1486 3773 1542 confes—

2067 1572 2305 1638 sionem,
2337 1572 2432 1627 sed
2462 1572 2651 1636 {etiam
2698 1573 2814 1641 ipse
2863 1573 3158 1643 presbyter
3212 1587 3403 1629 rerum
3458 1575 3772 1630 imminen-

2070 1660 2214 1713 tium
2295 1659 2547 1728 periculo
2613 1661 2985 1730 perturbatus
3034 1660 3177 1717 laico
3239 1662 3544 1717 confitetur
3611 1663 3768 1731 (δι’).

2069 1746 2453 1816 Negotiatores
2484 1763 2717 1818 quoque
2749 1749 3004 1818 praedicti
3026 1749 3146 1818 jam
3176 1750 3245 1804 de
3298 1750 3418 1805 vita
3450 1750 3771 1819 desperan—

1998 1804 2041 1858 Β
2072 1839 2153 1887 tes
2203 1834 2263 1889 in
2312 1842 2466 1891 tanto
2515 1837 2683 1906 positi
2736 1838 3008 1906 periculo,
3069 1838 3328 1893 sacculos
3366 1846 3422 1894 et
3472 1838 3772 1909 marsupia

2068 1935 2175 1976 sua
2199 1936 2331 1979 cum
2367 1931 2484 1979 tota
2546 1926 2788 1994 pecunia
2835 1925 3090 1981 Dominae
3137 1934 3344 1982 nostrae
3392 1926 3657 1993 offerunt,
3711 1936 3770 1981 et

2064 2023 2240 2079 super
2268 2012 2394 2080 ejus
2434 2012 2707 2068 feretrum
2756 2014 3087 2083 projiciunt,
3120 2029 3251 2070 cum
3282 2015 3455 2070 nimio
3486 2014 3620 2071 fletu
3650 2013 3771 2070 mi-

2065 2099 2430 2154 sericordiam
2478 2100 2606 2170 ejus
2651 2100 3039 2170 implorantes,
3092 2110 3154 2157 ut
3191 2116 3434 2172 corpora
3480 2116 3586 2158 sua
3633 2111 3767 2157 tan-

2065 2186 2361 2241 tummodo
2409 2186 2478 2242 de
2530 2187 2845 2256 piratarum
2907 2188 3175 2244 manibus
3220 2197 3275 2244 et
3325 2189 3500 2244 exitio
3563 2189 3770 2244 mortis

2060 2273 2290 2342 eripiat,
2350 2282 2644 2344 totamque
2691 2276 2992 2344 pecuniam
3041 2290 3242 2332 eorum
3298 2285 3528 2347 propter
3577 2276 3767 2333 eccle-

2063 2361 2204 2416 siam
2237 2375 2402 2418 suam
2434 2364 2869 2420 restaurandam
2906 2364 3029 2434 ipsa
3055 2366 3317 2421 retineat.

2134 2449 2356 2506 interea
2384 2452 2579 2520 piratae
2606 2452 2752 2509 fiunt
2779 2452 3219 2522 propinquiores
3250 2452 3549 2522 paulatim,
3580 2452 3659 2509 ita
3698 2460 3768 2508 ut

2057 2535 2179 2605 jam
2220 2538 2319 2592 vix
2363 2538 2524 2608 jactu
2572 2539 2793 2609 sagittae
2836 2540 3047 2596 distare
3096 2541 3433 2596 viderentur
3481 2540 3585 2596 Sed
3626 2555 3765 2596 cum

2062 2623 2121 2678 in
2173 2632 2330 2679 tanta
2361 2626 2712 2681 necessitate
2763 2626 2922 2695 positi
2950 2627 3183 2682 omnino
3229 2629 3299 2683 de
3336 2628 3455 2683 vita
3496 2628 3763 2697 despera-

2060 2725 2276 2777 remus,
2326 2713 2600 2768 Bosonem
2636 2714 3057 2784 presbyterum,
3090 2730 3261 2785 quem
3292 2717 3511 2771 caeteris
3554 2730 3766 2785 prove-

2059 2800 2292 2856 ctiorem
2356 2801 2587 2857 videbat
2652 2801 3075 2866 Coldistannus,
3144 2805 3486 2860 exhortatur
3548 2812 3612 2860 ut
3675 2818 3767 2859 as-

2057 2890 2304 2957 sumptis
2347 2898 2558 2945 sanctae
2586 2890 2780 2946 Mariae
2836 2891 3098 2960 reliquiis
3128 2899 3458 2960 potestatem
3510 2890 3617 2946 sibi
3653 2905 3764 2947 no-

2056 2976 2217 3030 cendi
2251 2977 2452 3046 piratis
2498 2977 2817 3033 interdicat.
2865 2978 3020 3033 Illico
3071 2979 3364 3048 presbyter
3392 2993 3461 3035 ex
3496 2979 3605 3034 fide
3646 2980 3762 3035 viri

248 3077 377 3133 lotaa
408 3077 653 3144 fuerant,
699 3077 848 3134 oculi
896 3079 988 3134 sui
1051 3086 1445 3149 tangerentur.
1496 3078 1618 3146 Quo
1658 3081 1823 3147 facto,
1874 3081 1943 3135 de
1980 3093 2020 3149 ο
2053 3064 2364 3127 animatus,
2401 3065 2643 3134 genibus
2670 3064 2834 3121 ﬂeXiS
2861 3080 3052 3121 θοΐλιῐι
3089 3067 3314 3134 feretro,
3349 3067 3582 3123 Matrem
3640 3068 3762 3123 DO-

246 3165 372 3235 ipsa
424 3179 580 3236 aqua
629 3165 788 3231 bibit,
849 3166 1045 3237 sicque
1102 3180 1205 3236 per
1260 3174 1434 3223 totam
1480 3176 1699 3223 noctem
1734 3168 1793 3223 in
1823 3182 1945 3223 ora-

246 3253 399 3310 tione
448 3253 689 3324 pervigil
770 3268 962 3311 coram
1019 3254 1220 3310 feretro
1292 3254 1528 3310 mansit.
1593 3256 1751 3311 Mane
1801 3257 1945 3311 facto

245 3340 442 3396 lumen
503 3342 732 3411 recepit,
781 3341 1011 3412 Deoque
1063 3349 1117 3396 et
1166 3342 1273 3411 piae
1321 3340 1489 3398 Matri
1548 3343 1675 3413 ejus
1729 3344 1945 3414 gratias

243 3429 380 3499 egit.

245 3524 377 3583 CAP.
408 3526 506 3582 ΙΙΙ.
537 3554 611 3568 -
641 3526 726 3580 De
753 3525 951 3593 puella
995 3529 1212 3581 sanata.
1238 3526 1397 3598 apud
1428 3528 1705 3584 Sanctum
1753 3527 1942 3582 Audo-

964 3612 1193 3650 marum
1200 3635 1213 3651 ο

314 3692 449 3748 Inde
525 3693 597 3748 ad
659 3692 932 3749 Sanctum
1021 3693 1415 3749 Audomarum
1483 3694 1767 3762 venimus,

242 3781 434 3850 puella
459 3780 725 3851 quaedam
757 3796 791 3836 a
833 3781 1132 3838 nativitate
1187 3796 1424 3837 manum
1470 3783 1690 3839 aridam
1725 3783 1941 3840 habens

241 3883 315 3924 ex
375 3883 530 3940 aqua
578 3869 959 3940 reliquiarum
1005 3869 1167 3934 bibit,
1225 3884 1551 3941 manusque
1603 3874 1731 3942 ejus
1775 3886 1846 3928 ex
1872 3886 1940 3927 ea

242 3957 359 4013 lota
388 3964 490 4025 est,
518 3965 573 4015 et
592 3958 675 4015 sic
704 3966 907 4014 sanata
934 3967 1036 4015 est.

240 4054 374 4111 CAP.
407 4055 510 4113 IV.
546 4086 616 4097 ---
646 4059 722 4111 De
737 4055 1075 4111 liberatione
1103 4055 1452 4113 clericorum
1481 4055 1705 4113 Sanctae
1732 4054 1939 4110 Mariae

814 4126 874 4181 in
906 4125 1064 4182 mari
1082 4143 1120 4181 α
1139 4124 1368 4198 piratis.

310 4222 676 4280 Postmodum
713 4237 868 4278 mare
911 4223 1157 4279 transire
1209 4230 1522 4293 sperantes,
1578 4230 1937 4294 ventumque

239 4324 581 4381 prosperum
635 4318 1050 4379 exspectantes,
1090 4318 1342 4381 tempore
1364 4311 1635 4381 paschali,
1680 4311 1738 4367 in
1796 4311 1934 4367 festo

236 4398 416 4456 Marci
443 4398 830 4469 evangelista,
892 4412 1121 4454 summo
1154 4412 1321 4454 mane
1361 4399 1514 4469 apud
1550 4408 1800 4469 portum,-
1830 4399 1933 4470 qui

241 4493 489 4543 vocatur
544 4486 819 4553 Wissant,
861 4500 895 4541 a
924 4487 1117 4542 nautis
1158 4486 1475 4554 convocati,
1521 4500 1728 4543 navem
1756 4487 1943 4542 intra—

238 4573 453 4630 vimus.
503 4573 812 4630 Nobiscum
863 4574 1036 4631 etiam
1097 4574 1294 4645 plures
1348 4573 1730 4644 negotiatores
1766 4573 1941 4628 intro-

233 4661 445 4730 ierunt,
480 4662 583 4733 qui
612 4669 843 4732 pr0pter
871 4661 1063 4718 lanam
1093 4661 1395 4718 emendam
1438 4661 1509 4716 de
1555 4660 1827 4718 Flandria
1876 4660 1937 4717 in

232 4748 500 4822 Angliam
570 4750 651 4806 ire
719 4749 1006 4817 volebant,
1080 4763 1257 4821 seque
1328 4748 1625 4804 nobiscum
1674 4749 1938 4805 securius

231 4837 476 4894 transire
503 4837 834 4908 sperabant,
892 4836 1199 4907 plusquam
1254 4843 1533 4891 trecentas
1579 4849 1802 4890 marcas
1850 4848 1939 4890 ar-

233 4926 388 4996 genti
420 4940 611 4982 secum
644 4926 704 4981 in
751 4924 997 4981 sacculis
1024 4932 1080 4980 et
1133 4923 1443 4992 marsupiis
1496 4922 1758 4978 ferentes.
1808 4922 1934 4980 Ma-

232 5012 411 5083 gister
433 5013 599 5069 navis
627 5013 946 5069 vocabatur
965 5011 1390 5068 Coldistannus.
1427 5010 1571 5067 Cum
1598 5025 1735 5082 ergo
1765 5010 1934 5081 quasi

231 5100 383 5156 circa
439 5100 691 5156 medium
745 5100 922 5156 maris
977 5101 1354 5167 venissemus,
1424 5114 1580 5156 unus
1633 5113 1706 5155 ex
1765 5098 1934 5155 sociis

230 5186 460 5255 nostris,
496 5187 722 5259 alonge
750 5186 1117 5257 prospiciens,
1164 5187 1306 5244 vidit
1332 5187 1530 5257 procul
1571 5201 1778 5243 navem
1828 5201 1929 5243 ve-

230 5272 318 5330 lut
368 5274 429 5329 in
471 5272 680 5330 littoris
729 5273 953 5345 angulo
1007 5275 1269 5343 positam.
1319 5274 1481 5342 Quod
1529 5289 1662 5332 cum
1692 5274 1931 5345 praefato

230 5360 594 5419 Coldistanno
626 5360 949 5429 indicasset,
980 5361 1074 5418 ille
1097 5363 1373 5433 juvenem
1409 5376 1598 5433 usque
1654 5362 1727 5418 ad
1762 5376 1933 5419 sum-

1841 3694 1941 3751 ubi

2057 3152 2196 3205 mini
2227 3152 2496 3221 lacrymis
2550 3153 2819 3223 perfusus
2854 3155 3183 3224 suppliciter
3234 3157 3506 3226 invocat;
3551 3156 3763 3214 deinde

2053 3238 2322 3295 velociter
2351 3255 2616 3311 surgens,
2652 3242 3050 3312 supradictum
3074 3244 3505 3314 {phylacterium
3535 3244 3761 3315 capillis

2052 3328 2178 3396 ejus
2223 3328 2557 3396 pretiosum,
2627 3344 2760 3385 cum
2811 3330 3014 3385 timore
3060 3339 3115 3387 et
3156 3332 3455 3387 devotione
3516 3331 3762 3388 fidenter

2052 3415 2275 3485 accipit,
2325 3416 2563 3487 ipsoque
2625 3417 2994 3474 Coldistanuo
3036 3418 3278 3474 viriliter
3324 3434 3456 3475 eum
3505 3427 3760 3488 utraque

2051 3511 2425 3569 sustentante,
2455 3504 2514 3559 in
2543 3505 2972 3561 eminentiorem
3005 3508 3212 3576 puppis
3248 3507 3436 3563 locum
3476 3506 3759 3576 ascendit,

2050 3598 2107 3647 et
2136 3604 2315 3648 manu
2345 3601 2547 3648 contra
2576 3593 2764 3649 hostes
2793 3593 3032 3658 elevata,
3085 3608 3153 3649 ne
3183 3595 3335 3651 ultra
3381 3595 3636 3661 veniant,
3680 3608 3759 3651 ne

2051 3680 2217 3735 nobis
2263 3680 2503 3735 nocendi
2572 3688 2906 3749 potestatem
2954 3682 3224 3746 habeant,
3274 3697 3346 3738 ex
3408 3684 3759 3739 auctoritate

2051 3768 2149 3822 Dei
2178 3768 2497 3838 matrisque
2528 3776 2738 3824 sanctae
2772 3770 2962 3825 Mariae
2994 3769 3213 3826 fortiter
3242 3770 3574 3840 adjuvando
3606 3784 3754 3839 pro-

2048 3854 2206 3910 hibet
2234 3863 2289 3911 et
2322 3855 2636 3911 interdicit.
2679 3857 2771 3923 Et,
2804 3870 2836 3911 ο
2878 3860 3024 3912 mira
3051 3858 3264 3913 divinae
3308 3859 3540 3913 virtutis
3564 3864 3761 3927 poten-

2047 3943 2152 3998 tiat
2186 3957 2319 3999 mox
2349 3952 2410 4001 ut
2441 3945 2618 4000 verba
2645 3945 2932 4014 complens
2963 3946 3194 4016 signum
3240 3946 3428 4001 crucis
3456 3945 3524 4001 de
3553 3946 3757 4002 eodem

2047 4031 2401 4101 phylacterio
2438 4040 2640 4088 contra
2700 4033 2886 4089 hostes
2937 4034 3086 4098 fecit,
3136 4034 3287 4089 dicto
3330 4034 3517 4097 citius,
3576 4042 3756 4091 vento

2046 4120 2367 4176 vehementi
2419 4129 2476 4176 et
2524 4120 2835 4189 contrario,
2889 4122 3054 4177 navis
3106 4135 3307 4177 eorum
3360 4121 3606 4191 impulsa
3651 4135 3755 4177 re-

2045 4216 2132 4264 tro
2159 4209 2519 4279 propellitur,
2550 4209 2738 4265 malus
2775 4209 2942 4264 navis
2983 4223 3184 4265 eorum
3241 4210 3547 4281 frangitur,
3580 4223 3755 4278 pars-

2049 4311 2163 4366 que
2188 4297 2316 4367 ejus
2345 4311 2521 4367 super
2550 4311 2736 4353 unum
2762 4311 2834 4353 ex
2875 4298 3011 4367 ipsis
3039 4297 3323 4362 decidens,
3357 4312 3491 4355 eum
3516 4306 3755 4354 extere-

2046 4384 2197 4451 brat,
2226 4393 2280 4441 et
2310 4385 2367 4440 in
2401 4398 2561 4441 mare
2589 4392 2881 4441 mortuum
2914 4386 3249 4456 praecipitat.

2120 4483 2252 4538 Iesu
2287 4482 2394 4553 pie,
2420 4485 2556 4539 Iesu
2598 4482 2761 4543 bone.
2795 4497 2926 4553 quae
2977 4483 3143 4539 nobis
3172 4490 3312 4540 tunc
3340 4483 3524 4539 adfuit
3554 4482 3757 4540 laetitia

2049 4579 2103 4627 et
2133 4572 2467 4640 exsultatio,
2512 4572 2748 4642 quando
2774 4571 3066 4629 concidisti
3098 4585 3327 4628 saccum
3361 4571 3755 4642 perturbatio-

2049 4658 2137 4714 nis
2180 4667 2409 4727 nostraa,
2459 4667 2514 4715 et
2555 4660 2982 4716 circumdedisti
3025 4674 3129 4716 nos
3176 4660 3372 4716 latitia
3420 4660 3754 4716 misericor-

2048 4747 2154 4803 diae
2200 4746 2345 4804 tuael
2399 4747 2582 4818 (Psal.
2629 4762 2791 4815 xxxx,
2850 4749 2960 4818 i2.)
3007 4749 3264 4815 Quantas
3310 4749 3410 4805 tibi
3458 4749 3747 4819 protinus,

2045 4835 2330 4907 Matrique
2363 4844 2474 4892 tuae
2497 4837 2749 4892 Dominae
2779 4845 2987 4893 nostra:
3016 4837 3217 4893 laudes
3245 4839 3420 4908 erepti
3451 4838 3520 4893 de
3566 4846 3750 4894 morte

2046 4923 2460 4993 persolvimus!
2494 4925 2715 4982 Ventus
2743 4925 3048 4995 siquidem,
3080 4928 3180 4997 qui
3226 4926 3488 4982 hostibus
3534 4925 3749 4982 nostris

2043 5018 2167 5067 erat
2196 5016 2349 5066 580
2386 5013 2730 5079 contrarius,
2766 5014 2932 5070 nobis
2960 5014 3143 5071 factus
3173 5022 3257 5070 est
3298 5028 3534 5085 prosper
3563 5021 3618 5069 et
3642 5027 3747 5069 sa-

2043 5098 2247 5168 lubris,
2279 5099 2357 5155 ita
2388 5106 2452 5155 ut
2480 5114 2614 5155 cum
2646 5101 2859 5171 gaudio
2888 5103 3199 5158 recolentes
3244 5104 3530 5158 canticum
3562 5101 3744 5171 Moysi

2040 5194 2157 5243 tam
2184 5187 2441 5242 celeriter
2467 5201 2568 5243 nos
2590 5190 2884 5245 transvehi
2926 5190 3292 5246 miraremur.
3331 5189 3498 5246 Brevi
3544 5190 3743 5260 itaque

2039 5288 2203 5331 mora
2232 5274 2566 5344 interposita
2596 5275 2708 5332 lati
2738 5277 2809 5333 ad
2842 5287 3068 5347 portum
3114 5278 3499 5348 pervenimus,
3541 5276 3742 5347 dispo-

2038 5370 2242 5419 nentes
2331 5370 2551 5431 partem
2624 5365 2884 5435 pecuniae
2949 5365 3186 5422 reddere
3260 5362 3736 5437 negotiatoribus,

300 5536 407 5610 (54)
457 5536 680 5610 Videsis
735 5536 1109 5610 (Patrologiz
1151 5545 1361 5596 nostra?
1398 5547 1439 5598 t.
1498 5539 1606 5609 CL,
1637 5539 1745 5596 col.
1798 5542 1922 5603 625)
1953 5538 2483 5597 animadversiones
2531 5549 2759 5599 nostras
2786 5542 2858 5598 ad
2905 5542 3005 5600 lib.
3056 5544 3119 5600 B.
3148 5543 3459 5601 Lanfranci
3515 5545 3595 5601 De
3637 5559 3738 5602 ce-

230 5606 407 5663 lauda
441 5606 811 5666 confessione.
