3946 6402
195 375 306 428 977

1020 375 1397 430 HERMANNI
1438 375 1528 430 DE
1569 373 1809 428 MIBAC.
1851 376 1907 430 S.
1954 373 2191 428 ΜΑΒΙᾸΞ
2231 375 2532 432 LAUDUN.
2565 405 2633 416 —
2662 377 2790 432 LIB.
2834 377 2903 430 II.

3603 379 3710 435 978

191 517 378 574 quam
433 503 536 573 ipsi
572 504 772 559 timore
820 505 1017 559 mortis
1061 503 1314 559 Dominae
1358 510 1567 558 nostrae
1614 502 1895 558 donantes
1933 505 1978 556 A
2007 503 2144 573 gati,
2175 508 2230 558 et
2266 516 2366 572 pro
2395 503 2672 560 relatione
2701 503 3016 574 presbyteri
3050 505 3120 560 de
3148 504 3346 561 futura
3383 505 3510 576 ejus
3538 506 3713 576 sospi-

190 603 375 659 super
402 589 529 659 ejus
566 589 839 645 feretrum
883 597 1207 658 posuerant,
1244 589 1358 644 imo
1388 588 1604 644 turbati
1642 589 1898 658 projece-

192 686 352 732 rant.
386 677 489 734 Sed
537 677 616 732 illi
656 692 791 732 mox
833 685 895 732 ut
942 677 1101 732 littus
1129 678 1476 748 attingentes
1523 677 1793 732 viderunt
1840 690 1899 731 se

191 766 355 820 necis
401 767 652 821 evasisse
702 765 1042 834 periculum,
1098 765 1323 834 pristini
1356 772 1540 819 metus
1568 764 1746 825 obliti,
1778 764 1899 819 sine

190 860 395 907 nostra
426 852 655 907 licentia
686 852 1094 920 unusquisque
1128 852 1421 906 sacculum
1455 866 1628 906 suum
1665 859 1720 905 et
1751 865 1900 906 mar-

189 940 432 1008 supium
488 939 823 1008 assumpsit,
875 941 1247 1009 Dominaeque
1307 947 1514 994 nostrae
1559 939 1678 994 solo
1725 939 1899 994 verbo

189 1029 414 1098 gratias
443 1036 695 1098 agentes,
726 1027 868 1082 nihil
904 1028 954 1083 ei
987 1027 1364 1097 reliquerunt.

193 1133 334 1188 CAP.
370 1134 437 1190 V.
459 1163 532 1174 —
553 1135 638 1187 De
664 1131 920 1187 vindicta
943 1148 1116 1202 super
1143 1134 1524 1204 negotiatores
1545 1132 1715 1198 facta
1743 1131 1900 1203 apud

928 1204 1170 1256 Dobras.

270 1290 454 1356 Quam
488 1298 679 1344 tamen
723 1288 932 1344 exinde
982 1288 1292 1342 vindictam
1341 1287 1504 1342 Matri
1552 1301 1672 1342 sua;
1716 1286 1899 1356 judex

185 1377 392 1446 justus
422 1377 615 1432 fecerit
665 1377 844 1432 Filius
892 1391 1053 1437 suus.
1102 1375 1342 1430 audiant
1387 1389 1584 1430 omnes
1631 1375 1752 1443 qui,
1793 1387 1900 1429 sua

192 1467 312 1520 Deo
360 1465 581 1530 dantes,
640 1479 848 1520 rursus
901 1478 968 1518 ea
1016 1464 1310 1518 auferunt.
1369 1462 1513 1518 Cum
1572 1462 1726 1517 enim
1786 1470 1901 1518 tota

191 1567 338 1621 pene
364 1551 573 1621 Anglia
603 1552 866 1618 circuita,
901 1552 1185 1605 maximos
1219 1551 1362 1605 lanae
1397 1563 1632 1605 acervos
1659 1549 1899 1605 emendo

191 1640 498 1709 pecuniam
533 1654 699 1694 suam
736 1639 1164 1707 expendissent,
1213 1639 1456 1706 ipsaque
1504 1637 1636 1691 lana
1686 1651 1899 1706 quam—

187 1726 327 1781 dam
361 1741 632 1797 magnam
671 1727 908 1782 domum
951 1740 1126 1795 super
1166 1726 1326 1780 littus
1357 1725 1552 1792 maris,
1587 1725 1740 1795 quod
1789 1725 1896 1778 Do-

186 1814 331 1870 bras
375 1816 665 1883 (Douvres)
711 1816 943 1879 dicitur,
993 1814 1160 1868 sitam
1195 1812 1523 1881 replessent,
1569 1826 1698 1866 ecce
1738 1818 1898 1868 nocte

187 1904 473 1958 transitus
516 1903 604 1956 sui
654 1903 804 1957 diem
857 1901 1205 1969 praecedente
1255 1900 1444 1954 subito
1490 1899 1752 1954 incendio
1791 1898 1897 1952 do-

187 2004 325 2045 mus
349 1990 547 2044 eadem
591 2004 722 2044 cum
774 1998 889 2044 tota
938 1989 1069 2042 lana
1102 1995 1355 2041 cremata
1383 1997 1497 2051 est;
1549 1987 1746 2056 sicque
1793 1985 1893 2052 illi,

188 2077 464 2132 omnibus
512 2078 734 2132 amissis
793 2090 1072 2146 pauperes
1125 2074 1326 2140 elfecti,
1385 2089 1508 2129 sero
1558 2075 1897 2142 poenitentes

189 2165 506 2220 doluerunt
546 2180 603 2220 se
635 2165 911 2235 injuriam
945 2163 1137 2218 fecisse
1170 2164 1398 2232 Regina:
1429 2162 1576 2217 cmli.

188 2269 326 2324 CAP.
362 2270 453 2325 Vl.
509 2299 578 2309 —
633 2271 717 2322 De
769 2268 1012 2323 muliere
1049 2267 1412 2336 parturiente
1458 2267 1705 2320 liberata
1754 2267 1896 2322 Can-

943 2337 1158 2392 tuariae.

264 2445 380 2500 Nos
428 2444 624 2514 itaque
673 2459 788 2500 non
836 2459 909 2500 ex
969 2445 1176 2499 umbra
1228 2443 1443 2509 mortis,
1495 2443 1589 2497 sed
1639 2456 1711 2497 ex
1761 2441 1896 2511 ipsis

190 2532 462 2587 faucibus
491 2534 636 2602 ejus,
673 2541 735 2588 ut
757 2533 921 2588 nobis
952 2533 1142 2589 visum
1168 2542 1268 2596 est,
1295 2532 1535 2597 liberati,
1573 2530 1894 2600 gratiarum

187 2621 392 2676 laudes
454 2621 704 2676 Dominae
763 2630 971 2676 nostrae
1031 2620 1358 2684 referentes,
1423 2627 1717 2688 assumpto
1768 2619 1895 2688 ejus

192 2708 400 2765 feretro
467 2718 643 2778 atque
709 2710 989 2779 reliquiis
1029 2711 1402 2764 Cantuariam
1453 2710 1738 2772 venimus,
1795 2706 1892 2762 ubi

190 2806 332 2853 tunc
377 2807 500 2852 erat
548 2799 1012 2867 archiepiscopus
1057 2799 1304 2853 domnus
1347 2797 1688 2852 Guillelmus
1723 2795 1886 2851 nobis

191 2885 544 2951 notissimus,
578 2886 852 2955 quoniam
902 2886 1020 2955 jam
1056 2886 1276 2940 dudum
1326 2899 1425 2953 pro
1463 2884 1758 2939 audientia
1806 2883 1892 2938 le-

188 2973 375 3029 ctione
422 2974 681 3044 magistri
725 2975 976 3029 Anselmi
1028 2974 1378 3028 Laudunum
1431 2980 1641 3041 petens,
1697 2971 1893 3026 multis

2007 597 2119 645 tate
2150 591 2462 655 certiticati,
2497 605 2626 647 cum
2661 593 2923 662 reliquiis
2969 592 3040 648 ad
3076 592 3284 648 lectum
3316 594 3711 650 decumbentis

2006 676 2290 744 venimus,
2323 692 2538 747 easque
2567 693 2761 734 coram
2806 681 2927 748 ipsa
2958 681 3236 747 lavantes,
3270 687 3324 736 et
3368 694 3583 750 aquam
3617 682 3709 736 la-

2006 765 2254 819 vatiouis
2293 766 2340 820 ei
2396 767 2704 834 potandam
2755 767 3062 833 tradentes,
3123 769 3398 823 continuo
3446 768 3705 824 discessi-

2007 866 2154 906 mus.
2201 853 2271 907 Et
2313 868 2440 909 ecce
2488 855 2829 923 priusquam
2878 855 2947 909 ad
2987 853 3277 911 ecclesiam
3316 856 3526 911 reversi
3556 870 3710 912 esse-

2005 954 2155 1008 mus,
2188 941 2432 996 nuntius
2479 950 2599 1010 post
2653 956 2757 996 nos
2793 956 3122 1008 accurrens,
3174 957 3299 998 eam
3335 943 3613 1013 peperisse
3654 951 3709 999 et

2005 1036 2267 1083 sanatam
2299 1042 2420 1083 esse
2467 1030 2682 1084 retulit.
2734 1031 2896 1086 Unde
2947 1038 3061 1084 tam
3108 1031 3228 1099 ipsa
3259 1045 3434 1100 quam
3469 1031 3710 1086 maritus

2005 1118 2132 1186 ejus
2167 1116 2540 1183 exsultantes,
2590 1118 2773 1173 multa
2821 1131 3065 1172 munera
3113 1118 3165 1172 ei
3208 1127 3547 1174 ornamenta
3592 1121 3710 1174 Do-

2009 1205 2177 1259 minae
2208 1213 2415 1260 nostrae
2465 1205 2864 1274 contulerunt;
2923 1213 3046 1273 post
3094 1205 3339 1260 reditum
3390 1205 3559 1260 etiam
3604 1221 3704 1261 no-

2005 1297 2188 1346 strum
2241 1292 2576 1346 vestimenta
2625 1292 2870 1360 pretiosa
2917 1293 3291 1347 sacerdotalia
3340 1294 3708 1350 Laudunensi

2005 1379 2254 1434 ecclesiae
2288 1379 2409 1449 ipsa
2445 1379 2781 1434 transmisit.

2080 1468 2195 1522 Hoc
2225 1477 2416 1522 autem
2448 1468 2916 1537 probatissimum
2949 1468 3102 1538 apud
3153 1483 3256 1523 nos
3303 1477 3426 1524 erat
3475 1469 3703 1524 nullum

2006 1555 2238 1610 omnino
2276 1570 2435 1626 posse
2481 1556 2698 1622 sanari,
2750 1556 2856 1610 nisi
2901 1565 3046 1611 esset
3090 1558 3158 1612 de
3211 1557 3332 1625 ipso
3373 1557 3708 1626 episcopatu

2005 1642 2064 1696 in
2113 1658 2228 1712 quo
2266 1657 2521 1709 eramus,
2556 1645 2908 1712 providente,
2944 1645 3092 1699 sicut
3123 1645 3428 1710 credimus,
3466 1645 3708 1699 Domina

2006 1736 2202 1784 nostra
2231 1743 2303 1784 ne
2332 1729 2544 1799 aliquis
2573 1729 2806 1800 ignotus
2843 1744 2995 1801 aeger
3037 1731 3106 1786 de
3155 1730 3486 1801 longinquis
3531 1731 3707 1800 parti-

1938 1791 1977 1844 Β
2007 1816 2117 1872 bus
2146 1817 2459 1873 adveniens
2488 1817 2773 1874 diceretur
2810 1791 2926 1887 spev
2951 1825 3209 1887 quaestus
3252 1791 3291 1873 3
3336 1818 3498 1874 nobis
3526 1818 3708 1888 pretio

2005 1903 2324 1958 conductus
2353 1917 2491 1969 esse,
2541 1904 2632 1959 vel
2667 1905 2785 1973 ipse
2814 1919 2914 1973 pro
2959 1905 3290 1974 accipienda
3330 1905 3576 1975 pecunia
3605 1906 3703 1960 ad-

2003 1991 2248 2056 venisse,
2297 1990 2495 2060 sicque
2548 1992 2912 2048 sermonibus
2969 1991 3217 2062 imperiti
3267 1993 3429 2063 vulgi
3478 1993 3709 2049 viliores

2004 2079 2399 2134 redderentur.
2433 2080 2510 2134 De
2543 2079 2650 2134 illis
2674 2079 2867 2142 etiam,
2901 2081 3003 2150 qui
3039 2088 3201 2136 erant
3238 2095 3307 2135 ex
3341 2081 3460 2149 ipso
3485 2082 3700 2150 episco-

2004 2175 2165 2236 patu,
2197 2181 2362 2222 nemo
2390 2167 2728 2233 curabatur,
2764 2167 2870 2221 nisi
2896 2168 3056 2237 prius
3081 2176 3311 2237 peccata
3337 2183 3445 2223 sua
3476 2169 3707 2238 presby-

2003 2262 2123 2310 tero
2153 2269 2260 2310 suo
2307 2255 2695 2322 confiteretur,
2747 2256 2794 2310 si
2835 2263 3022 2310 tamen
3070 2256 3254 2311 aetatis
3283 2263 3427 2312 esset
3467 2257 3701 2312 idoneae.

2004 2343 2163 2407 Quod
2190 2343 2236 2397 si
2269 2343 2590 2398 infantulus
2617 2351 2759 2409 erat,
2796 2343 3258 2400 admonebantur
3295 2351 3558 2413 parentes
3587 2345 3708 2400 vice

2003 2445 2312 2500 puerorum
2342 2430 2525 2485 facere
2559 2431 2992 2487 confessionem.

2037 2519 2170 2576 CAP.
2203 2520 2325 2576 VII.
2363 2551 2431 2558 —
2465 2521 2548 2574 De
2578 2535 2717 2573 czco
2737 2519 3069 2574 illuminato
3100 2519 3256 2590 apud
3297 2519 3666 2575 Wintom'am.

2078 2607 2446 2664 Postmodum
2479 2608 2549 2662 ad
2582 2608 2781 2662 urbem
2819 2608 3274 2663 Wintoniensem
3304 2610 3618 2677 venientes,
3651 2617 3706 2663 et

2006 2695 2315 2752 honorifice
2361 2695 2434 2750 ab
2487 2696 2650 2750 urbis
2705 2695 2886 2764 ipsius
2943 2696 3206 2765 episcopo
3267 2697 3535 2766 suscepti,
3606 2712 3705 2767 per

2002 2793 2126 2839 octo
2157 2784 2276 2839 dies
2308 2783 2383 2838 ibi
2412 2784 2754 2850 mansimus,
2786 2784 2841 2837 in
2871 2783 3085 2853 quibus
3108 2783 3357 2852 plurima
3385 2785 3503 2840 fieri
3535 2785 3704 2840 mira-

2001 2872 2135 2928 cula
2163 2870 2434 2926 vidimus.
2487 2872 2628 2926 Erat
2677 2871 2734 2924 in
2763 2871 2961 2926 eadem
2993 2871 3222 2927 civitate
3273 2872 3433 2927 miles
3465 2873 3703 2942 quidam

2001 2959 2372 3024 honorabilis,
2406 2959 2636 3013 nomine
2680 2957 2984 3022 Radulflls,
3026 2966 3403 3028 cognomento
3434 2959 3701 3025 Buarius,

192 3062 395 3116 diebus
457 3061 515 3116 in
575 3061 815 3129 episcopi
883 3062 1047 3116 domo
1117 3068 1425 3125 manserat,
1489 3058 1682 3128 ibique
1749 3057 1894 3112 filios
1932 3047 2277 3128 apinae-ma
2325 3046 2476 3116 regis
2522 3044 2860 3115 Anglorum.
2902 3050 3048 3099 53!
3107 3047 3210 3115 qui
3252 3047 3372 3116 iam
3427 3060 3528 3116 per
3569 3055 3695 3103 octo

191 3149 478 3218 Radslphi
518 3149 843 3204 cancellarii
889 3150 1038 3218 regis
1084 3149 1403 3218 Anglorum
1445 3147 1735 3202 docuerat.
1789 3145 1894 3200 Hic

186 3251 324 3306 ergo
371 3252 504 3293 cum
537 3237 750 3308 ingenti
802 3237 1014 3306 gaudio
1049 3237 1212 3292 nobis
1251 3249 1578 3301 occurrens,
1613 3233 1892 3290 honorili-

189 3327 511 3383 centissime
577 3340 681 3381 nos
752 3340 884 3380 cum
961 3325 1256 3379 monachis
1322 3323 1514 3380 Sancti
1580 3322 1892 3392 Augustini

189 3415 458 3484 suscepit,
510 3421 564 3469 et
593 3413 855 3483 quandiu
908 3413 1200 3468 voluimus
1239 3412 1486 3482 benigne
1534 3412 1788 3466 retinuit.
1821 3412 1893 3468 Et

190 3517 319 3558 ecce
349 3511 613 3557 matrona
650 3501 916 3571 quaedam
963 3502 1219 3571 ejusdem
1254 3500 1412 3555 urbis
1443 3499 1741 3566 ditissima,
1768 3498 1890 3569 jam

193 3605 291 3660 per
315 3599 438 3646 octo
482 3591 602 3645 dies
632 3590 810 3644 nimio
858 3597 1061 3659 partus
1098 3589 1289 3644 dolore
1335 3588 1610 3655 cruciata,
1656 3588 1891 3645 omnino

191 3679 375 3734 fuerat
418 3677 736 3747 desperata,
775 3677 851 3733 ita
900 3686 964 3733 ut
1008 3677 1077 3732 de
1124 3677 1242 3732 solo
1291 3675 1418 3746 ejus
1452 3676 1649 3732 funere
1680 3683 1886 3732 tracta-

187 3775 366 3824 retur.
417 3767 550 3822 Haec
613 3766 856 3822 audiens
915 3767 1230 3821 adventum
1297 3773 1560 3821 nostrum
1617 3764 1770 3820 misit
1817 3764 1888 3821 ad

188 3868 290 3910 nos
318 3854 508 3909 virum
542 3868 731 3915 suum,
781 3861 1134 3925 quaerentem
1165 3853 1210 3908 si
1244 3853 1376 3923 quis
1421 3860 1682 3908 nostrum
1722 3853 1888 3908 sciret

187 3942 439 4012 aliquam
491 3943 747 4011 pariendi
798 3942 1160 3998 medicinam.
1193 3941 1355 3996 Tunc
1399 3941 1539 3996 Boso
1570 3941 1883 4010 presbyter,

186 4032 279 4088 cui
332 4031 616 4100 praecipue
655 4044 796 4087 cura
845 4029 1225 4100 reliquiarum
1272 4028 1690 4085 servandarum
1731 4042 1886 4082 com-

189 4117 361 4172 missa
409 4118 613 4186 fuerat,
671 4117 965 4173 consuluit
1010 4118 1062 4171 ei
1109 4125 1186 4186 ,ut
1242 4117 1548 4186 conjugem
1579 4129 1743 4170 suam
1785 4129 1884 4170 ex-

191 4206 518 4261 hortaretur
563 4219 826 4261 veraceln
886 4213 1246 4274 peccatorum
1294 4218 1534 4259 suorum
1581 4203 1884 4258 confessio-

188 4312 316 4354 nem
359 4297 685 4368 presbytero
733 4313 840 4353 suu
887 4297 1090 4362 facere,
1132 4295 1335 4352 deinde
1372 4310 1444 4351 ex
1488 4296 1725 4365 lympha
1769 4310 1887 4364 qua

2001 3149 2185 3190 annos
2213 3135 2513 3190 oculorum
2552 3133 2746 3188 lumen
2778 3132 3066 3200 amiserat,
3103 3133 3256 3188 unde
3285 3142 3341 3189 et
3367 3148 3401 3189 a
3435 3148 3568 3205 rege
3599 3149 3702 3204 pro

2001 3223 2125 3292 ipsa
2153 3224 2406 3278 caecitate
2437 3221 2568 3276 ﬁliis
2596 3221 2716 3276 suis
2744 3220 2994 3274 officium
3030 3235 3202 3276 suum
3230 3221 3386 3276 reddi
3421 3222 3700 3291 impetra-

2000 3318 2180 3367 verat.
2229 3311 2333 3366 Hic
2360 3323 2496 3379 ergo
2540 3309 2598 3363 in
2633 3309 2724 3363 die
2766 3308 3131 3363 Ascensionis
3180 3309 3492 3364 Dominicae
3539 3325 3701 3366 com-

2001 3398 2175 3468 pertis
2211 3396 2509 3453 miraculis
2561 3409 2692 3466 quae
2738 3395 2972 3461 fiebant,
3024 3395 3095 3450 ad
3143 3396 3415 3453 feretrum
3462 3411 3520 3452 se
3568 3398 3698 3453 fecit

1998 3483 2228 3549 adduci,
2279 3489 2762 3552 peccatorumque
2809 3478 3161 3538 confessione
3218 3482 3546 3552 presbytero
3593 3500 3699 3540 suo

1999 3572 2148 3628 facta
2194 3571 2328 3641 (55),
2363 3572 2608 3627 lotarum
2653 3569 3034 3640 reliquiarum
3074 3585 3288 3640 aquam
3333 3571 3573 3628 fideliter
3623 3573 3700 3628 bi-

1998 3661 2098 3728 bit,
2130 3668 2185 3716 et
2210 3660 2404 3716 oculos
2428 3673 2562 3715 suos
2589 3674 2661 3715 ex
2694 3673 2764 3715 ea
2805 3659 2932 3715 fecit
2962 3659 3162 3714 lavari.
3200 3661 3472 3730 Episcopo
3505 3661 3698 3730 itaque

1998 3750 2272 3819 majorem
2323 3747 2556 3802 missam
2597 3748 2656 3800 in
2708 3745 2943 3802 ecclesia
2987 3760 3088 3814 pro
3135 3753 3293 3802 tanta
3344 3747 3698 3803 solemnitate

1997 3838 2333 3902 celebrante,
2404 3849 2539 3890 cum
2615 3842 2739 3904 post
2811 3834 3175 3904 evangelium
3259 3848 3446 3890 sermo
3505 3835 3700 3893 finitus

1997 3925 2216 3990 fuisset,
2284 3931 2522 3992 rogante
2575 3923 2808 3992 populo,
2854 3935 2984 3976 cum
3038 3921 3297 3990 reliquiis
3343 3922 3413 3977 de
3460 3923 3698 3979 ecclesia

1995 4013 2305 4078 exivimus,
2359 4026 2428 4068 ne
2476 4011 2791 4067 molestiam
2849 4010 3114 4078 episcopo
3163 4009 3499 4066 faceremus.
3551 4011 3696 4068 Cum

1995 4116 2131 4157 vero
2179 4101 2237 4156 in
2273 4100 2459 4170 platea
2505 4113 2698 4155 coram
2732 4098 2985 4154 ecclesiae
3027 4098 3212 4168 janua
3242 4111 3477 4154 rursum
3509 4113 3696 4155 sermo

1997 4189 2154 4245 fieret
2192 4196 2247 4243 et
2292 4188 2594 4257 episcopus
2637 4200 2912 4242 canonem
2963 4186 3259 4254 inciperet,
3310 4186 3498 4242 subito
3549 4186 3697 4243 idem

1997 4275 2278 4331 Radulfus
2318 4276 2388 4330 ad
2439 4275 2713 4344 reliquias
2772 4289 2876 4344 pro
2924 4274 3143 4331 foribus
3188 4275 3438 4330 ecclesiae
3485 4275 3698 4346 positas

189 4363 445 4457 reliquiae
495 4363 620 4444 lae
663 4388 848 4443 forent
897 4386 1137 4441 fideliter
1167 4385 1380 4440 bibere.
1433 4363 1674 4439 Rediens
1708 4363 1882 4438 mari-
1925 4370 1968 4423 D
2001 4364 2484 4457 lumenfecepib
2534 4365 2832 4457 Deumquie
2876 4370 2932 4457 et
2977 4370 3235 4457 sanctam
3282 4363 3408 4457 eius
3453 4363 3694 4457 Matrem

187 4481 281 4529 tus
345 4488 475 4542 quae
538 4473 836 4530 invenerat
900 4472 1135 4543 conjugi
1180 4471 1393 4528 retulit.
1447 4471 1550 4526 Sed
1592 4471 1706 4536 illa,
1759 4485 1890 4540 quae

187 4561 302 4632 jam
339 4561 567 4630 penitus
597 4577 710 4616 non
755 4562 941 4617 solum
977 4560 1285 4630 loquelam,
1335 4574 1538 4614 verum
1569 4559 1741 4614 etiam
1771 4572 1886 4613 me-

192 4650 428 4705 moriam
472 4663 572 4718 pro
621 4649 830 4705 doloris
872 4649 1164 4704 nimietate
1195 4648 1535 4718 perdiderat,
1569 4646 1891 4702 auxiliante

192 4739 305 4792 Deo
344 4739 608 4808 protinus
637 4752 709 4793 ex
762 4738 880 4806 ipso
911 4737 1099 4792 calore
1151 4736 1274 4791 ﬁdei
1323 4735 1755 4805 aliquantulum
1799 4748 1890 4789 ro-

193 4824 390 4879 borata
417 4833 471 4880 et
519 4833 791 4890 recreata,
825 4823 1076 4879 venienti
1129 4824 1460 4892 presbytero
1505 4832 1738 4892 peccata
1785 4835 1892 4879 sua

193 4912 447 4968 conﬁteri
494 4913 740 4978 curavit,
794 4912 998 4966 deinde
1041 4911 1347 4980 subjunxit
1411 4911 1669 4966 eamdem
1728 4919 1892 4966 nocte

195 4999 299 5055 sibi
329 5001 384 5055 in
417 5001 544 5056 visu
593 4999 905 5069 quamdam
951 4997 1422 5067 speciosissimam
1472 4998 1773 5054 Dominam
1822 5000 1892 5055 de

197 5089 436 5145 Francia
464 5088 786 5144 venientem
825 5086 1178 5157 apparuisse,
1209 5093 1264 5140 et
1294 5093 1358 5141 ut
1389 5093 1619 5155 peccata
1647 5101 1756 5142 sua
1792 5102 1890 5142 ve-

195 5177 398 5233 raciter
435 5175 806 5232 conﬁteretur
851 5175 1185 5245 praecepisse
1229 5174 1427 5244 sicque
1467 5187 1526 5228 se
1573 5175 1891 5232 sanandam

197 5265 309 5320 fore
340 5265 690 5334 promisisse.

265 5353 405 5409 Cum
441 5353 560 5408 haec
591 5353 885 5422 presbyter
929 5359 1053 5422 post
1087 5350 1497 5406 confessionem
1531 5351 1786 5407 auditam
1821 5352 1892 5407 ad

198 5454 297 5496 nos
325 5440 564 5495 veniens
611 5438 914 5505 retulisset,
961 5439 1108 5494 illico
1139 5453 1241 5493 nos
1271 5438 1342 5493 ab
1389 5438 1516 5509 ejus
1563 5439 1767 5494 marito
1798 5453 1888 5494 ro-

1997 4466 2130 4507 cum
2180 4452 2426 4507 clamore
2472 4451 2711 4506 laudare
2764 4451 2949 4520 ccepit.
3004 4451 3166 4515 Quod
3227 4451 3572 4506 miraculum
3638 4453 3694 4506 in

1997 4548 2158 4596 tanta
2189 4542 2556 4595 veneratione
2583 4547 2666 4595 est
2697 4539 2961 4595 habitum
3008 4546 3072 4593 ut
3102 4538 3412 4608 quinquies
3444 4539 3566 4608 ipsa
3607 4539 3698 4593 die

1999 4635 2380 4684 reverteretur
2405 4628 2654 4697 populus
2687 4628 2759 4683 ad
2791 4626 3144 4682 audiendum
3177 4627 3441 4694 verbum,
3487 4634 3543 4682 et
3587 4626 3696 4682 bo-

2001 4718 2289 4773 norandas
2315 4716 2592 4786 reliquias
2629 4715 3059 4786 oblationesque
3090 4714 3442 4784 repetendas.

2140 4823 2272 4880 Cap.
2309 4823 2460 4879 VIII.
2488 4853 2557 4862 —
2586 4826 2665 4878 De
2691 4821 2809 4876 alio
2832 4821 3063 4890 inﬁrmo
3082 4819 3303 4875 ibidem
3326 4823 3548 4874 curato.

2071 4913 2207 4968 Erat
2242 4913 2298 4966 in
2327 4910 2525 4966 eadem
2571 4910 2716 4965 urbe
2748 4909 2987 4979 quidam
3027 4908 3339 4963 ditissimus
3367 4906 3691 4969 Gualterus,

2000 5007 2375 5071 cognomento
2417 4998 2649 5064 Kiburs,
2702 4997 2803 5066 qui
2846 4997 2966 5066 jam
3016 5009 3117 5050 sex
3166 4994 3334 5048 annis
3366 4993 3696 5049 infirmitate

2002 5087 2343 5158 gravissima
2401 5086 2482 5142 sic
2547 5087 2851 5155 depressus
2912 5085 3098 5140 fuerat
3163 5091 3228 5139 ut
3273 5096 3578 5153 nunquam
3628 5083 3698 5138 de

2001 5177 2141 5232 lecto
2189 5189 2426 5246 surgere
2476 5175 2740 5246 potuerit.
2785 5173 3011 5230 Auditis
3059 5187 3195 5244 ergo
3244 5171 3541 5227 miraculis
3587 5172 3696 5226 Do-

2002 5265 2172 5320 minae
2227 5271 2453 5331 nostrae,
2514 5277 2616 5333 per
2670 5261 3052 5317 internuntios
3115 5275 3150 5316 a
3215 5259 3378 5315 nobis
3443 5261 3698 5328 poposcit

2001 5353 2308 5408 auxilium.
2332 5354 2457 5422 Ipse
2485 5351 2638 5408 enim
2669 5365 2798 5407 cum
2831 5350 2943 5406 alia
2975 5349 3307 5404 infirmitate
3324 5350 3496 5403 etiam
3527 5346 3696 5402 ﬂuxu

2001 5442 2218 5496 ventris
2246 5441 2388 5496 adeo
2420 5441 2716 5497 laborabat
2763 5447 2825 5494 ut
2855 5453 2960 5494 nec
3003 5438 3176 5493 etiam
3217 5443 3602 5506 competenter
3642 5435 3694 5489 in

264 5599 374 5669 (55)
408 5599 550 5654 Nota
579 5597 821 5653 diversis
847 5597 900 5650 ill
935 5596 1070 5651 locis
1098 5609 1321 5665 semper
1339 5595 1668 5666 presbytero
1691 5595 1969 5652 dicuntur
1997 5604 2228 5667 peccata
2256 5597 2534 5654 confessa.
