3946 6388
264 340 368 394 979

1188 340 1491 396 APPEND.
1531 340 1629 397 AD
1670 340 1807 397 LIB.
1860 339 1937 395 ΙΙΙ
1973 340 2311 399 GUIBERTI
2349 341 2441 397 DE
2477 339 2644 397 VlTA
2682 341 2837 399 SUA.

3655 350 3769 405 980

257 472 400 531 lecto
425 471 634 528 deferri
660 476 866 542 posset.
915 470 1211 529 Mandavit
1239 472 1435 542 itaque
1460 471 1511 528 ei
1554 471 1695 527 Boso
1724 470 1955 542 presby-
1992 475 2041 529 Α
2064 479 2329 539 cessaret,
2380 471 2652 529 feretrum
2697 473 2954 532 Dominae
2999 481 3208 532 nostrae
3247 490 3424 547 super
3466 478 3767 548 quoddam

258 570 345 618 ter
413 568 479 617 ut
534 567 901 631 peccatorum
973 574 1210 616 suorum
1278 574 1477 616 veram
1540 560 1952 617 confessionem

258 648 588 720 presbytero
642 662 749 705 suo
812 647 1042 715 faceret,
1092 654 1147 704 et
1196 647 1336 718 quia
1382 661 1495 703 non
1539 648 1726 703 solum
1769 648 1949 717 prius,

259 738 356 793 sed
394 738 571 793 etiam
629 736 689 791 in
736 736 858 806 ipsa
920 735 1263 807 aegritudine
1319 734 1618 791 dicebatur
1664 736 1954 791 multoties

259 840 472 883 usuras
518 839 552 881 a
589 824 943 881 debitoribus
988 824 1289 893 accepisse,
1336 824 1691 893 promitteret
1734 824 1847 880 Deo
1895 838 1954 880 se

260 926 565 983 nunquam
618 911 865 968 ulterius
906 924 1004 965 eas
1048 918 1441 979 sumpturum,
1494 919 1549 967 et
1598 912 1667 968 de
1711 912 1956 982 acceptis

260 1015 514 1071 congrue
559 999 913 1055 debitoribus
983 998 1435 1054 satisfacturum.
1497 1000 1758 1056 Obedivit
1830 1000 1952 1069 ille;

261 1088 466 1144 deinde
502 1095 567 1144 ut
618 1101 748 1142 cum
799 1086 1058 1156 reliquiis
1105 1087 1319 1143 iremus
1361 1087 1431 1142 ad
1479 1102 1613 1143 eum
1662 1088 1957 1145 humiliter

259 1176 503 1246 rogavit,
545 1174 819 1244 quoniam
869 1173 988 1243 ipse
1034 1174 1107 1229 ad
1149 1189 1253 1229 nos
1297 1189 1411 1230 non
1460 1183 1679 1245 poterat
1724 1176 1950 1233 deferri.

260 1263 411 1319 Missi
441 1269 577 1318 sunt
606 1268 719 1317 tres
761 1275 833 1317 ex
880 1262 1090 1317 nostris
1134 1262 1276 1317 Boso
1309 1264 1623 1333 presbyter,
1671 1264 1956 1322 Robertus

258 1358 313 1408 et
354 1349 700 1406 Bonifacius.
768 1349 1064 1406 Venerunt
1110 1351 1183 1405 ad
1234 1365 1389 1419 eum,
1437 1352 1714 1422 reliquias
1760 1366 1954 1409 coram

258 1453 323 1494 eo
353 1447 408 1493 et
436 1439 491 1493 in
521 1451 676 1508 aqua
706 1437 993 1505 laverunt,
1026 1444 1080 1494 et
1099 1452 1173 1494 ex
1202 1453 1270 1493 ea
1298 1446 1496 1509 potum
1536 1440 1617 1496 illi
1648 1440 1953 1508 dederunt,

259 1527 567 1596 ipsumque
613 1539 682 1581 ea
728 1533 1143 1595 resperserunt.
1200 1526 1409 1582 Mirum
1458 1526 1654 1583 dictu!
1704 1527 1813 1595 Qui
1852 1542 1955 1584 sex

257 1615 428 1669 annis
473 1614 530 1669 in
574 1613 716 1670 lecto
763 1614 1135 1680 decubuerat,
1187 1614 1338 1670 illim
1386 1629 1565 1671 sanus
1593 1617 1865 1684 surrexit,
1900 1623 1957 1672 et

2059 560 2254 616 minus
2284 561 2465 616 altare
2491 569 2816 630 poneretur.
2868 561 2926 617 in
2958 571 3180 619 remota
3218 564 3478 635 ejusdem
3506 567 3765 624 ecclesiae

2062 654 2242 717 parte.
2289 647 2395 704 Sed
2437 662 2569 704 cum
2618 649 2835 705 videret
2883 651 3163 720 quosdam
3206 653 3627 723 negotiatorum
3654 653 3763 725 qui

2061 736 2342 792 miracula
2391 736 2698 793 Wintoniae
2746 745 2902 808 gesta
2950 739 3275 806 audierant,
3333 739 3603 796 feretrum
3654 743 3766 799 Do-

2062 824 2233 879 minae
2280 833 2488 880 nostrae
2531 840 2658 880 cum
2703 826 3089 882 oblationibus
3131 835 3415 895 expetere,
3465 835 3521 883 et
3566 830 3764 899 majus

2060 911 2240 967 altare
2291 912 2589 975 dimittere,
2651 914 2774 968 felle
2824 921 3144 969 commotus
3199 915 3534 983 iracundiae,
3582 916 3766 986 jussit

2062 997 2204 1054 illud
2256 1000 2325 1055 de
2367 1000 2606 1055 ecclesia
2652 1000 2801 1070 ejici.
2853 1001 3046 1070 Ejecto
3079 1002 3302 1069 feretro,
3334 1017 3451 1058 non
3479 1011 3564 1059 est
3595 1003 3766 1060 facile

2061 1087 2219 1143 dictu
2248 1096 2525 1157 quantam
2558 1089 2906 1144 anxietatem
2958 1089 3340 1158 patiebamur,
3389 1091 3663 1161 quoniam
3704 1100 3766 1147 et

2061 1174 2414 1230 immensitas
2459 1175 2690 1245 pluviae,
2746 1184 2859 1232 tam
2922 1192 3025 1233 nos
3085 1192 3260 1247 quam
3306 1192 3486 1249 equos
3534 1188 3766 1235 nostros

2061 1263 2255 1320 adhuc
2283 1264 2649 1320 vehementer
2695 1264 3069 1334 deprimebat,
3102 1273 3157 1321 et
3183 1274 3299 1321 tota
3330 1267 3468 1322 villa
3510 1268 3769 1337 negotia-

2063 1352 2285 1408 toribus
2339 1351 2575 1422 repleta,
2634 1366 2928 1424 nusquam
2995 1353 3161 1409 nobis
3228 1354 3551 1424 hospitandi
3598 1355 3770 1411 locus

2064 1439 2313 1509 patebat.

2134 1553 2239 1608 Sed
2276 1554 2333 1607 in
2382 1559 2544 1608 tanta
2585 1554 2815 1609 miseria
2845 1554 3020 1610 citius
3065 1569 3167 1611 nos
3207 1557 3456 1626 respexit
3506 1557 3768 1615 Dominae

2061 1646 2210 1697 538
2255 1641 2659 1703 misericordia.
2728 1641 2869 1698 Nam
2925 1650 3188 1698 matrona
3229 1645 3494 1714 quaedam
3535 1646 3773 1701 calami-

258 1702 527 1799 exsiliens
554 1702 624 1757 ad
658 1701 914 1758 Dominae
955 1709 1165 1759 nostras
1209 1702 1483 1759 feretrum
1531 1705 1748 1775 gratias
1778 1718 1954 1776 agens
1992 1741 2033 1795 Β
2063 1729 2164 1785 mi
2194 1737 2402 1785 nostra,
2432 1701 2799 1799 domamus,
2855 1730 3047 1786 virum
3094 1701 3266 1787 suun;
3313 1741 3515 1789 exora,
3559 1741 3623 1789 ω
3654 1733 3769 1789 σο,

258 1790 535 1846 cucurrit.

328 1878 539 1934 Tribus
585 1876 806 1934 clericis
852 1877 955 1948 qui
1018 1878 1089 1934 ad
1135 1892 1266 1935 eum
1318 1880 1500 1935 ierant
1552 1888 1665 1937 tres
1710 1882 1957 1938 annulos

259 1981 467 2022 aureos
504 1966 677 2033 dedit,
712 1980 904 2021 coram
938 1966 1141 2022 feretro
1184 1974 1298 2022 tres
1341 1970 1584 2038 scyphos
1632 1978 1952 2040 argenteos,

260 2053 622 2123 multamque
675 2053 1001 2122 pecuniam,
1050 2061 1104 2109 et
1170 2055 1284 2110 alia
1329 2064 1669 2112 ornamenta
1725 2059 1952 2115 obtulit.

258 2142 397 2207 Qum
427 2155 560 2196 cum
588 2142 644 2196 in
674 2141 859 2209 platea
890 2142 1118 2210 publice
1145 2143 1367 2212 prolata
1389 2145 1655 2200 nonnulli
1676 2146 1951 2214 videntes,

259 2243 363 2299 pro
390 2228 761 2284 multitudine
789 2229 1121 2287 divitiarum
1161 2233 1288 2302 ejus
1325 2231 1578 2287 dicerent
1606 2247 1737 2289 eum
1771 2248 1955 2304 pauca

260 2316 551 2384 obtulisse,
586 2329 720 2370 nam
750 2316 1041 2373 ferebatur
1084 2316 1395 2387 plusquam
1436 2319 1543 2373 tria
1570 2319 1750 2375 millia
1779 2320 1957 2377 libras

258 2404 513 2474 Anglicas
562 2411 803 2459 mouetze
866 2404 925 2459 in
974 2405 1241 2460 thesauro
1289 2406 1415 2476 ejus
1476 2407 1749 2476 repositas
1812 2423 1952 2477 esse,

260 2490 634 2560 respondebat
680 2490 774 2546 ille
813 2505 873 2546 se
913 2491 984 2547 ad
1013 2505 1264 2560 praesens
1305 2493 1453 2548 nolle
1503 2495 1750 2563 amplius
1796 2497 1952 2564 dare,

260 2579 440 2635 donec
488 2592 717 2645 usuras,
778 2593 928 2649 quas
983 2592 1017 2633 a
1073 2579 1429 2637 debitoribus
1471 2582 1593 2638 suis
1636 2593 1954 2654 acceperat,

261 2667 539 2733 redderet,
582 2667 733 2722 sicut
782 2668 897 2722 Deo
946 2668 1300 2736 promiserat.
1350 2669 1512 2726 Unde
1550 2671 1814 2740 protinus
1855 2687 1957 2743 per

264 2762 437 2811 totam
487 2755 690 2811 urbem
724 2755 853 2811 fecit
894 2755 1134 2811 clamari
1162 2764 1227 2811 ut
1258 2757 1358 2827 qui
1390 2757 1440 2812 ei
1480 2772 1691 2815 usuras
1720 2760 1957 2819 dederat

260 2844 500 2910 veniret,
534 2850 590 2899 et
635 2857 743 2899 sua
772 2842 1063 2911 reciperet.
1098 2843 1327 2911 Quanta
1357 2853 1496 2901 tunc
1535 2847 1609 2903 ibi
1639 2847 1809 2904 fuerit
1840 2864 1954 2906 vox

261 2930 469 2987 laetitiae
499 2939 554 2987 et
584 2930 951 2997 laudationis,
997 2931 1320 2989 dicentibus
1358 2933 1643 2990 universis
1689 2950 1790 3005 per
1838 2938 1953 2993 Do-

260 3021 477 3075 minam
509 3028 761 3076 nostram
801 3029 1058 3077 sanctam
1088 3021 1327 3078 Mariam
1359 3022 1602 3079 alterum
1648 3023 1958 3083 Wintonim
1997 3029 2037 3084 C

261 3115 731 3178 repraesentatum
777 3122 899 3165 esse
926 3108 1248 3174 Zachaeum,
1299 3118 1355 3166 et
1386 3110 1514 3181 plus
1542 3112 1611 3167 de
1638 3126 1958 3170 usurarum

261 3196 577 3253 redditione
623 3196 948 3266 animaeque
993 3198 1120 3267 ejus
1166 3197 1480 3254 salvatione
1513 3214 1689 3269 quam
1726 3201 1796 3256 de
1827 3215 1958 3257 cor-

261 3284 445 3355 porali
491 3284 786 3341 curatione
835 3285 1016 3341 Deum
1061 3285 1465 3356 laudantibus;
1517 3302 1622 3342 nec
1651 3288 1768 3357 ipse
1814 3289 1959 3345 Tul-

262 3371 393 3440 lius,
427 3372 470 3427 si
501 3370 794 3437 adfuisset,
822 3370 1112 3439 explicare
1140 3371 1311 3441 digne
1342 3372 1635 3441 potuisset.

333 3460 462 3517 CAP.
496 3460 596 3516 IX.
622 3490 688 3499 —
712 3462 792 3514 De
818 3458 1116 3513 duodecim
1133 3458 1383 3528 inﬁrmis
1410 3460 1620 3515 ibidem
1647 3462 1884 3518 curatis.

333 3549 533 3606 Plures
556 3547 654 3603 alii
681 3548 850 3603 etiam
888 3546 1041 3603 infra
1069 3555 1194 3603 octo
1232 3548 1372 3617 dies,
1406 3550 1620 3619 quibus
1657 3550 1718 3606 in
1760 3550 1960 3607 eadem

264 3637 409 3694 urbe
456 3633 839 3692 Wintoniensi
902 3635 1239 3702 mansimus,
1306 3637 1494 3693 curati
1536 3645 1673 3694 sunt
1722 3638 1956 3706 infirmi,

264 3724 422 3795 quod
452 3730 680 3792 propter
714 3721 943 3779 taedium
975 3723 1339 3780 auditoribus
1379 3726 1816 3793 removendum,
1848 3727 1960 3782 sin-

266 3809 509 3882 gillatim
576 3822 916 3865 enumerare
984 3810 1473 3879 prmtermisimus.
1552 3813 1669 3868 Hoc
1731 3821 1959 3870 tantum

267 3900 505 3955 ﬁdenter
549 3897 876 3965 asserimus,
924 3898 1112 3968 palam
1145 3906 1198 3954 et
1246 3899 1474 3968 publice
1521 3901 1820 3958 duodecim
1860 3916 1959 3958 sa-

265 3994 431 4042 natos
459 3985 652 4050 fuisse,
688 3999 940 4056 quorum
974 3985 1070 4040 alii
1102 3987 1280 4050 surdi,
1328 3986 1427 4041 alii
1455 3988 1667 4057 claudi,
1721 3990 1960 4061 quidam

266 4073 422 4140 caeci,
468 4073 708 4144 quidam
755 4072 984 4128 fuerant
1013 4073 1178 4128 muti.
1230 4072 1455 4144 Quique
1502 4090 1700 4132 omnes
1742 4085 1845 4134 aut
1892 4078 1960 4134 de

266 4161 392 4231 ipsa
436 4161 685 4223 civitate,
743 4168 844 4215 aut
890 4159 960 4216 de
1014 4160 1443 4231 circumjacenti
1488 4170 1656 4219 erant
1699 4164 1957 4236 regione;

267 4249 509 4318 ideoque
536 4248 761 4304 cunctis
780 4247 1012 4304 fuerant
1039 4246 1179 4304 noti.

268 4348 401 4402 CAP.
430 4346 503 4402 Χ.
549 4373 622 4386 -
647 4347 729 4399 De
755 4344 956 4415 puella
989 4344 1229 4473 iurgii-ma
1274 4350 1478 4402 curata
1518 4349 1675 4420 apud
1715 4348 1961 4406 Christi-

1090 4433 1241 4471 cam.

1090 4433 1241 4471 cam.

339 4512 419 4567 De
461 4509 840 4567 Wintoniensi
889 4511 1117 4569 civitate
1158 4513 1425 4570 venimus
1467 4515 1541 4571 ad
1586 4516 1781 4573 villam
1832 4532 1964 4588 qum

268 4600 479 4657 dicitur
507 4599 911 4669 Christikerca,
947 4600 1005 4656 id
1049 4608 1153 4667 est,
1204 4601 1425 4657 Christi
1462 4604 1740 4673 Ecclesia,
1774 4606 1872 4662 ubi
1905 4606 1964 4662 in

267 4689 483 4745 octavis
530 4689 885 4745 Pentecostes
929 4702 1193 4746 annuum
1261 4691 1487 4754 festum,
1535 4700 1589 4747 et
1651 4693 1966 4749 conventus

266 4777 674 4834 celeberrimus
710 4776 926 4833 solebat
970 4792 1090 4834 esse
1136 4778 1580 4849 negotiatorum.
1628 4780 1965 4851 Appmpin-

267 4873 514 4935 quantes
541 4879 677 4936 ergo
705 4866 888 4922 eidem
930 4866 1102 4931 villae,
1145 4873 1305 4922 tanta
1348 4866 1541 4922 subito
1583 4875 1823 4938 tamque
1859 4883 1965 4925 ve-

271 4953 517 5009 hementi
539 4952 789 5022 depressi
815 4967 1019 5010 sumus
1050 4953 1425 5010 inundatione
1455 4955 1685 5025 pluviae,
1723 4963 1787 5011 ut
1813 4970 1963 5011 nun-

269 5053 443 5108 quam
511 5044 681 5094 antea
746 5052 850 5095 nos
921 5039 1166 5095 similem
1238 5040 1447 5097 vidisse
1506 5041 1960 5099 meminerimus.

269 5124 580 5181 Ecclesiam
609 5124 789 5194 ipsius
816 5126 1007 5196 oppidi
1035 5126 1287 5182 decanus
1313 5129 1551 5197 quidam
1578 5143 1711 5185 cum
1742 5130 1964 5186 duode—

269 5212 378 5267 cim
442 5211 733 5266 canonicis
800 5213 1045 5280 tenebat,
1112 5214 1216 5284 qui
1277 5216 1615 5285 rogantibus
1679 5216 1842 5272 nobis
1901 5224 1964 5272 ut

269 5299 710 5369 susciperemur,
747 5301 1038 5369 respondit
1072 5302 1365 5358 ecclesiam
1415 5303 1571 5358 illam
1602 5296 1844 5360 necdum
1889 5318 1962 5360 ex

270 5386 491 5458 integro
514 5386 633 5442 fore
665 5394 1073 5455 constructam,
1123 5389 1365 5460 ideoque
1411 5404 1514 5445 nos
1543 5405 1655 5446 non
1683 5391 1962 5460 recipien-

270 5475 391 5541 dos,
424 5488 496 5530 ne
538 5472 763 5529 solitam
815 5476 1099 5533 amitteret
1142 5478 1564 5549 negotiatorum
1593 5479 1960 5536 oblationem.

270 5561 385 5618 Vix
406 5569 597 5618 tamen
630 5560 794 5618 nobis
822 5564 1100 5621 concessit
1126 5573 1206 5633 ut,
1247 5566 1429 5622 donec
1457 5566 1722 5625 nimietas
1752 5566 1963 5637 pluviae

2064 1831 2223 1873 mum
2252 1831 2462 1872 novam
2494 1830 2670 1886 quam
2702 1818 3104 1885 aedificaverat,
3156 1832 3408 1889 namque
3452 1818 3473 1891 [
3487 1821 3573 1889 f.,
3603 1835 3769 1876 eam-

2063 1919 2177 1974 que
2217 1902 2239 1976 ]
2290 1904 2740 1974 negotiatoribus
2781 1920 2881 1974 pro
2925 1906 3154 1962 duobus
3197 1908 3404 1963 marcis
3452 1909 3764 1978 locaverat,

2062 1991 2272 2048 caelesti
2319 1993 2552 2063 Reginae
2600 2007 2731 2062 quae
2780 2007 2814 2048 a
2858 1994 3075 2049 decano
3118 1995 3187 2049 de
3234 1994 3469 2051 ecclesia
3513 1998 3766 2066 expulsa

2062 2080 2269 2147 fuerat,
2307 2080 2429 2150 ipsa
2461 2079 2552 2135 die
2579 2082 2896 2137 commodet
2924 2090 2979 2137 et
3016 2082 3070 2136 in
3116 2097 3185 2137 ea
3219 2091 3333 2138 tam
3367 2084 3547 2153 ipsam
3577 2098 3763 2154 quam

2060 2168 2295 2224 clericos
2357 2168 2483 2238 ejus
2555 2169 2819 2238 sequenti
2883 2173 3046 2225 nocte
3114 2170 3387 2240 hospitari
3448 2173 3765 2241 permittat,

2061 2256 2627 2327 negotiatoribusque
2676 2257 2907 2313 mandet
2946 2266 3010 2313 ut
3057 2258 3281 2313 interim
3315 2259 3422 2314 sibi
3466 2260 3622 2315 aliud
3656 2260 3769 2315 ho-

2061 2343 2295 2413 spitium
2322 2352 2605 2413 quaerant.
2640 2344 2862 2400 Annuit
2894 2346 3141 2401 maritus
3180 2347 3444 2418 conjugis
3475 2348 3765 2417 precibus,

2062 2445 2281 2501 nosque
2305 2430 2425 2501 jam
2469 2446 2611 2501 pene
2658 2431 2870 2501 pluvize
2919 2434 3277 2489 vehementia
3322 2434 3662 2490 madefactos
3707 2444 3771 2492 et

2062 2519 2389 2575 deﬁcientes
2416 2520 2473 2574 in
2502 2520 2737 2575 domum
2780 2534 2948 2576 suam
2991 2536 3199 2577 novam
3232 2522 3499 2592 suscepit,
3546 2531 3770 2579 vestes-

2062 2620 2177 2676 que
2225 2613 2449 2661 nostras
2494 2606 2613 2661 luto
2663 2608 2920 2677 perfusas
2966 2606 3123 2662 ablui
3164 2608 3292 2663 fecit
3339 2617 3393 2664 et
3449 2608 3765 2678 exsiccari;

2060 2692 2339 2750 feretrum
2389 2702 2444 2749 et
2508 2694 2788 2765 reliquias
2833 2695 3088 2751 Dominae
3148 2708 3354 2752 nostra;
3416 2699 3761 2767 competenti

2061 2781 2184 2837 loco
2246 2783 2511 2838 decenter
2583 2783 2819 2838 cortinis
2881 2791 3160 2839 exornato
3223 2785 3489 2855 collocat;
3556 2785 3768 2842 deinde

2061 2871 2227 2926 nobis
2271 2885 2501 2927 omnem
2559 2871 2963 2942 hospitalitatis
3020 2872 3439 2929 humanitatem
3490 2872 3769 2930 exhibere

2062 2965 2249 3015 curat.

2139 3080 2301 3138 Unus
2345 3094 2420 3136 ex
2463 3081 2918 3153 negotiatoribus
2962 3089 3077 3137 tres
3124 3095 3450 3152 campanas,
3497 3097 3643 3153 quas
3674 3097 3773 3140 ve-

2066 3169 2227 3225 nales
2258 3169 2522 3231 habebat,
2558 3170 2626 3224 ad
2660 3169 2864 3225 domus
2891 3169 3145 3239 ejusdem
3190 3169 3489 3239 laquearia
3528 3186 3771 3242 suspen-

2066 3258 2168 3324 dit,
2233 3271 2552 3326 earumque
2618 3258 2810 3313 sonitu
2860 3265 3134 3312 convocat
3192 3258 3391 3324 socios,
3455 3267 3510 3315 et
3574 3259 3768 3316 locum

2065 3346 2377 3401 ascendens
2438 3345 2895 3410 eminentiorem,
2966 3345 3254 3415 quomodo
3315 3346 3569 3402 decanus
3632 3346 3772 3402 fere-

2066 3438 2225 3489 trum
2267 3441 2528 3489 nostrum
2577 3433 2647 3489 de
2684 3432 2921 3488 ecclesia
2967 3446 3074 3489 sua
3102 3434 3332 3504 ejecerit
3375 3435 3566 3500 refert,
3614 3442 3670 3489 et
3701 3441 3769 3490 ut

2067 3521 2265 3577 nullus
2319 3536 2518 3578 eorum
2569 3522 2640 3576 ad
2689 3522 2869 3590 ipsam
2925 3522 3221 3577 ecclesiam
3269 3529 3381 3588 eat,
3430 3522 3525 3577 sed
3566 3534 3770 3576 omnes

2066 3608 2255 3678 potius
2283 3609 2356 3665 ad
2396 3609 2705 3678 hospitium
2738 3616 2999 3665 nostrum
3031 3609 3296 3665 divinum
3326 3609 3577 3665 ofﬁcium
3609 3608 3777 3665 audi-

2068 3696 2185 3754 turi
2214 3697 2559 3754 conveniant
2591 3698 2954 3753 exhortatur.
2989 3697 3278 3752 Postremo
3310 3695 3523 3763 cuncti,
3556 3696 3775 3766 pariter

2066 3786 2420 3855 congregati,
2483 3785 2837 3841 unanimiter
2884 3785 3133 3841 edictum
3203 3791 3529 3855 proponunt
3583 3788 3666 3847 ut,
3717 3784 3768 3840 si

2068 3873 2202 3945 quis
2229 3874 2649 3944 negotiatorum
2696 3873 2992 3930 ecclesiam
3035 3873 3449 3944 ingrederetur,
3502 3872 3769 3943 quinque

2069 3960 2276 4023 solidos
2317 3962 2486 4017 sociis
2526 3961 2891 4031 persolveret.
2936 3960 3078 4017 Erat
3127 3969 3323 4017 autem
3371 3968 3511 4016 tunc
3552 3959 3767 4016 Sabba-

2068 4056 2191 4106 tum
2222 4057 2354 4104 ante
2382 4057 2613 4106 octavas
2642 4049 3015 4105 Pentecostes.

2138 4161 2378 4217 Tantam
2446 4162 2643 4232 itaque
2727 4160 2964 4231 hospitis
3032 4161 3213 4217 nostri
3305 4161 3764 4219 benevolentiam

2069 4250 2332 4318 protinus
2360 4249 2606 4306 ostendit
2650 4248 2892 4304 Domina
2938 4256 3133 4304 nostra
3175 4263 3233 4303 se
3279 4256 3576 4319 gratanter
3622 4262 3771 4305 rece-

2071 4337 2235 4407 pisse.
2284 4337 2537 4393 Habebat
2579 4336 2862 4406 siquidem
2905 4336 3054 4392 idem
3105 4336 3309 4406 hospes
3357 4345 3549 4393 noster
3595 4350 3772 4406 prope

2069 4424 2345 4494 oppidum
2373 4439 2547 4481 unam
2578 4414 2833 4492 domum,
2877 4424 2936 4479 in
2969 4438 3088 4494 qua
3118 4424 3289 4480 boves
3319 4424 3445 4495 ejus
3482 4431 3536 4479 et
3568 4438 3773 4494 pecora

2069 4513 2473 4580 servabantur,
2508 4511 2703 4582 ibique
2744 4511 3013 4567 manebat
3056 4511 3294 4582 quidam
3337 4525 3557 4582 pauper
3604 4512 3775 4567 rusti-

2069 4616 2192 4668 cus,
2221 4602 2434 4656 eisdem
2465 4599 2768 4669 pecoribus
2797 4599 3187 4655 custodiendis
3225 4599 3550 4669 deputatus.
3583 4600 3768 4670 Hujus

2070 4689 2271 4745 rustici
2315 4688 2451 4751 ﬁlia,
2488 4686 2678 4756 puella
2709 4687 2973 4756 parvula,
3010 4693 3223 4742 tortum
3257 4687 3457 4757 pedem
3487 4701 3522 4741 a
3554 4687 3768 4742 nativi-

2072 4783 2183 4832 tate
2232 4774 2498 4840 habebat,
2562 4774 2641 4828 ita
2688 4780 2752 4828 ut
2793 4772 3099 4829 calcaneus
3157 4774 3214 4829 in
3263 4774 3536 4830 anteriori
3580 4782 3762 4844 parte,

2069 4862 2233 4933 digiti
2272 4875 2406 4916 vero
2455 4861 2614 4931 pedis
2660 4860 2718 4915 in
2750 4861 3045 4930 posteriori
3095 4862 3259 4932 positi
3311 4869 3519 4918 essent.
3564 4863 3767 4933 Rogati

2068 4964 2204 5021 ergo
2229 4950 2301 5006 ab
2341 4949 2558 5019 hospite
2604 4957 2799 5004 nostro
2845 4956 2909 5004 ut
2955 4949 3025 5004 de
3070 4964 3225 5021 aqua
3264 4949 3643 5020 reliquiarum
3692 4952 3767 5007 lo-

2070 5047 2260 5095 tarum
2309 5039 2563 5110 ejusdem
2607 5038 2875 5109 puellulae
2921 5053 3019 5109 pes
3065 5040 3268 5095 debilis
3313 5039 3764 5112 contingeretur,

2068 5127 2305 5184 fecimus
2328 5140 2455 5183 eam
2489 5126 2716 5182 adduci.
2759 5128 2908 5183 Bibit
2935 5142 3007 5183 ex
3038 5141 3194 5197 aqua
3227 5128 3372 5197 ipsa,
3406 5142 3617 5197 pesque
3641 5127 3765 5196 ejus

2068 5230 2142 5273 ex
2180 5229 2247 5270 ea
2290 5215 2442 5270 lotus
2485 5221 2583 5270 est.
2629 5214 2901 5285 Vigilavit
2948 5229 3140 5271 coram
3190 5215 3395 5271 feretro
3447 5215 3541 5271 illa
3580 5225 3761 5270 nocte.

2068 5304 2233 5361 Mane
2264 5310 2456 5359 autem
2496 5303 2664 5369 facto,
2711 5303 2847 5359 dum
2897 5317 3054 5359 more
3094 5303 3255 5358 solito
3299 5303 3531 5358 missam
3572 5316 3764 5359 coram

2069 5391 2274 5447 feretro
2322 5391 2377 5446 in
2405 5391 2601 5447 eadem
2650 5392 2817 5447 domo
2862 5391 3188 5447 solemniter
3253 5398 3620 5445 cantaremus
3670 5391 3767 5461 (al-

2068 5487 2191 5536 tare
2216 5479 2495 5550 siquieem
2535 5479 2816 5549 portatile,
2865 5487 2920 5535 et
2968 5481 3162 5535 omnia
3205 5479 3399 5535 missae
3443 5479 3764 5535 necessaria

2070 5567 2367 5625 nobiscum
2414 5565 2762 5637 ferebamus)
2807 5580 2936 5623 ecce
2984 5566 3241 5636 puellula
3287 5573 3514 5634 sanata,
3562 5565 3762 5636 pedem
