3946 6396
110 377 218 431 981

944 372 1314 429 ΗΕΒΜΑΝΝΙ
1354 373 1446 429 DE
1485 373 1726 428 MIRAC.
1771 378 1775 425 :

1995 370 2114 426 {LE
2151 372 2463 429 LAUDUN.
2516 403 2584 412 —
2619 372 2747 429 LIB.
2792 374 2860 428 ΙΙ.

3539 376 3644 430 982

109 529 298 570 suum
349 521 566 570 rectum
611 511 883 567 omnibus
927 511 1192 576 ostendit,
1240 510 1617 580 dominosque
1668 521 1824 578 suos,
1865 509 1911 562 A
1935 506 2094 577 justa
2150 514 2512 577 protestatus,
2563 508 2717 579 quod
2775 507 2923 564 male
2969 515 3238 579 gesserat,
3285 509 3393 566 sibi
3453 509 3640 566 indul-

111 603 222 673 qui
259 617 363 658 nos
393 602 636 672 benigne
667 606 1018 668 receperant,
1055 599 1356 670 magnifice
1396 598 1722 654 laetiﬁcavit.

112 743 255 799 CAP.
307 743 392 797 X1.
435 771 509 784 —
567 742 653 794 De
718 736 1047 794 incredibili
1123 737 1378 793 vindicta
1440 737 1550 792 Dei
1623 734 1834 792 ibidem

875 827 1073 896 facta.

191 953 328 1008 Post
369 951 675 1022 prandium
721 950 919 1006 eadem
969 949 1058 1006 die
1107 948 1422 1016 Dominica,
1475 947 1706 1004 licentia
1760 947 1833 1004 ab

107 1039 326 1096 incolis
349 1048 581 1109 accepta
631 1038 1071 1110 gratiarumque
1117 1038 1339 1093 actione
1390 1051 1492 1106 pro
1560 1037 1834 1092 beneﬁcio

108 1143 324 1184 eorum
375 1127 484 1184 illis
530 1127 769 1193 reddita,
822 1127 889 1181 de
936 1126 1144 1195 oppido
1196 1126 1502 1181 exivimus.
1557 1124 1662 1180 Sed
1716 1139 1834 1180 non

108 1211 348 1266 distulit
370 1213 563 1280 justus
590 1210 775 1265 Judex
807 1208 973 1264 Matri
1007 1223 1126 1264 suae
1155 1208 1358 1263 factam
1391 1208 1662 1277 injuriam
1700 1207 1834 1260 vin-

109 1299 335 1354 dicare.
391 1299 500 1353 Vix
548 1298 701 1353 enim
749 1296 984 1350 dimidio
1034 1296 1218 1350 stadio
1273 1295 1470 1364 procul
1529 1308 1836 1349 recessera-

113 1401 278 1452 IDUS,
321 1401 452 1441 cum
485 1400 614 1441 ecce
647 1392 767 1454 pOSt
799 1398 902 1438 DOS
920 1397 1053 1438 eum
1085 1383 1334 1438 clamore
1371 1396 1634 1437 cursores
1662 1395 1836 1450 super

110 1487 306 1542 equos
351 1473 690 1539 adveniunt,
741 1479 795 1526 et
843 1479 906 1526 ut
956 1472 1176 1526 ardenti
1207 1470 1369 1537 {villae
1421 1483 1836 1524 succurramus

113 1569 388 1616 exorant.
436 1561 820 1629 Respieientes
869 1567 990 1629 post
1039 1568 1289 1628 tergum,
1339 1558 1600 1612 videmus
1659 1565 1834 1612 totam

111 1649 322 1704 villam
379 1663 716 1704 sucrensam
766 1647 1028 1702 cremari.
1070 1648 1488 1716 lnterrogantcs
1518 1659 1652 1700 vero
1684 1659 1834 1715 quo-

115 1737 293 1792 modo
321 1737 375 1792 id
417 1737 765 1806 contigisset,
821 1735 1156 1790 audivimus
1185 1734 1257 1789 ab
1286 1735 1368 1789 eis
1421 1734 1725 1788 draconem
1761 1732 1831 1787 de

1943 595 2062 666 geri
2084 596 2380 664 exorabat.

1940 707 2092 756 539
2143 702 2276 758 CAP.
2310 703 2423 756 XII.
2456 729 2527 742 —
2557 705 2652 773 De,
2679 701 2930 770 inﬁrmi:
2970 702 3374 773 septemdecim
3413 703 3642 760 sanati:

2501 772 2659 842 apud
2682 772 3090 828 Essecestrain.

2016 862 2148 916 inde
2195 861 2462 916 venimus
2495 861 2566 915 ad
2616 861 2816 916 urbem
2852 876 2983 931 quae
3031 862 3244 918 dicitur
3294 863 3636 930 Essecestra,

1891 955 1898 960 '
1943 949 2041 1006 ubi
2073 957 2194 1004 erat
2234 949 2516 1004 Robertus
2567 949 3029 1015 archidiaconus,
3061 950 3163 1020 qui
3202 950 3301 1006 diu
3352 959 3642 1008 manserat

1944 1036 2208 1094 Lauduni
2255 1051 2355 1106 pro
2421 1036 2709 1092 audienda
2769 1036 3004 1091 lectione
3051 1037 3310 1107 magistri
3363 1039 3636 1102 Anselmi,

1941 1130 1988 1182 A
2051 1141 2166 1196 quo
2232 1127 2656 1198 gratantissime
2729 1125 2971 1194 suscepti
3030 1125 3346 1180 mansimus
3401 1125 3477 1180 ibi
3543 1141 3642 1195 per

1941 1215 2136 1270 decem
2168 1215 2305 1270 dies.
2341 1215 2402 1268 In
2432 1214 2645 1282 quibus
2665 1213 2945 1268 miracula
2973 1213 3224 1282 plurima
3252 1213 3638 1282 contigerunt,

1943 1317 2190 1373 quorum
2276 1303 2566 1371 praecipua
2649 1309 2704 1357 et
2777 1301 3184 1356 excellentiora
3258 1301 3492 1356 fuerunt
3572 1301 3642 1357 de

1940 1391 2340 1462 septemdecim
2396 1391 2636 1445 inﬁrmis
2718 1392 2953 1457 curatis,
3027 1391 3379 1461 quibusdam
3455 1392 3640 1460 caecis,

1942 1481 2070 1536 aliis
2108 1479 2319 1543 surdis,
2373 1479 2546 1534 mutis
2595 1487 2649 1534 et
2704 1479 2945 1534 claudis.
2999 1479 3432 1536 Contendebant
3489 1481 3642 1536 cives

1943 1567 2281 1624 mirabiliter
2309 1566 2442 1636 quis
2481 1581 2680 1622 eorum
2730 1581 2834 1622 nos
2884 1567 3128 1636 hospitio
3171 1568 3500 1637 susciperet,
3550 1567 3639 1624 vel

1943 1655 2076 1726 quis
2105 1654 2386 1723 susceptis
2427 1653 2749 1708 necessaria
2781 1663 3134 1722 procuraret.
3189 1657 3325 1711 Erat
3374 1655 3452 1710 ibi
3503 1655 3640 1724 qui-

1942 1746 2072 1800 dam
2103 1743 2368 1799 inﬁrmus
2418 1744 2518 1812 qui
2545 1743 2666 1812 jam
2699 1757 2799 1813 per
2829 1743 3034 1814 viginti
3064 1752 3317 1813 quatuor
3345 1758 3526 1799 annos
3567 1743 3637 1800 ad

115 1825 390 1894 ΡΓΟΧῙῐηο
423 1826 567 1879 mari
605 1837 897 1893 θετθεειιῐη
949 1823 1113 1877 Doms
1169 1821 1594 1876 discedentibus
1635 1820 1688 1874 in
1723 1819 1826 1874 νῖι-
1867 1793 1911 1848 Β
1938 1839 2162 1902 portam
2195 1830 2389 1900 templi
2422 1793 2753 1886 ;ect;buissre
2785 1793 3006 1901 jugiter
3041 1793 3100 1886 in
3141 1831 3281 1886 lecto
3325 1831 3636 1892 ferebatur,

116 1912 236 1967 lam
270 1912 590 1976 advolasse,
621 1920 675 1966 et
720 1911 985 1980 primitus
1034 1910 1352 1969 ecclesiam.
1396 1909 1601 1963 deinde
1645 1922 1828 1977 quas-

116 2001 255 2054 dam
289 2001 485 2054 domos
517 2000 770 2063 ﬂamma,
804 2013 980 2068 quam
1003 2012 1073 2052 ex
1106 1998 1346 2052 naribus
1368 1998 1486 2051 suis
1511 1997 1824 2062 emittebat,

117 2088 503 2144 succendisse.
555 2087 715 2152 Quod
757 2087 1054 2142 audientes
1096 2095 1148 2139 et
1201 2085 1457 2139 humana
1500 2084 1828 2138 curiositate

119 2185 352 2232 tantum
388 2176 714 2245 prodigium
765 2175 957 2229 videre
995 2174 1267 2239 sitientes,
1301 2172 1588 2241 deputatis
1621 2171 1828 2226 feretro

120 2265 344 2319 idoneis
371 2264 724 2327 custodibus,
761 2262 1028 2317 velociter
1073 2274 1244 2328 super
1286 2275 1465 2329 equos
1508 2260 1578 2314 ad
1629 2260 1826 2314 vicum

121 2351 483 2406 recurrimus
512 2349 918 2418 cernimusquc
955 2349 1260 2402 draconem
1301 2347 1654 2402 incredibilis
1704 2347 1825 2403 lon-

123 2437 408 2509 gitudinis
439 2437 702 2506 quinque.
730 2436 916 2505 capita
949 2435 1270 2500 habentem,
1307 2447 1405 2503 per
1439 2448 1603 2489 nares
1657 2433 1828 2488 ﬁam-

124 2537 252 2578 mas
299 2526 667 2594 subpbureas
716 2527 1088 2592 emittentem,
1139 2532 1193 2578 et
1240 2524 1307 2577 de
1359 2523 1478 2578 loco
1526 2524 1596 2577 ad
1641 2523 1831 2577 locum

121 2611 435 2678 volantem,
487 2613 798 2682 domosque
841 2611 1172 2681 singillatim
1223 2611 1680 2666 succendentem.
1723 2610 1830 2664 Re-

123 2699 366 2756 deuntes
397 2715 530 2756 vero
566 2715 750 2771 usque
777 2701 846 2754 ad
877 2700 1167 2755 ecclesiam
1195 2701 1315 2768 jam
1349 2714 1472 2755 eam
1507 2699 1833 2755 invenimus

123 2799 570 2855 concrematam,
639 2797 693 2844 et
753 2790 832 2844 sic
875 2787 1298 2853 incredibiliter,
1364 2795 1426 2842 ut
1479 2801 1593 2841 non
1647 2785 1831 2841 solum

127 2878 305 2948 ligna,
341 2877 438 2933 sed
467 2884 522 2932 et
552 2878 655 2946 ipsi
690 2877 950 2946 parietes,
987 2877 1098 2930 imo
1132 2875 1366 2929 maximi
1403 2873 1640 2943 lapides,
1679 2875 1829 2942 ipsa-

125 2978 242 3033 que
290 2964 493 3020 altaria
539 2964 597 3018 in
646 2964 898 3019 favillam
944 2972 998 3018 et
1047 2963 1294 3017 cinerem
1338 2962 1598 3017 funditus
1645 2968 1833 3016 essent

125 3049 377 3116 redacta,
416 3050 492 3104 ita
523 3057 586 3105 ut
615 3049 884 3106 omnibus
917 3049 1348 3118 inspicientibus
1384 3056 1586 3117 stupor
1617 3047 1827 3102 exinde

126 3137 411 3193 mirabilis
435 3139 808 3193 incuteretur.

202 3226 463 3282 Decanus
493 3239 627 3280 vero
661 3225 758 3280 ubi
790 3224 934 3278 vidit
968 3225 1203 3280 domum
1250 3236 1417 3278 suam
1449 3229 1504 3277 et
1532 3220 1828 3276 ecclesiam

129 3327 487 3377 succensam,
555 3321 736 3368 vestes
777 3320 831 3367 et
889 3312 1295 3381 supellectilem
1343 3324 1507 3366 suam
1557 3309 1830 3364 festinan-

128 3409 216 3457 ter
239 3401 515 3472 colligens
546 3409 601 3456 et
639 3399 1050 3470 circumligans
1076 3401 1144 3453 ad
1179 3411 1406 3463 navem,
1442 3413 1573 3467 quae
1608 3398 1662 3450 in
1697 3411 1829 3464 pro-

128 3490 272 3546 ximi
304 3489 480 3546 maris
513 3489 698 3544 littore
726 3488 917 3544 deﬁxa
954 3495 1096 3554 erat,
1146 3485 1276 3542 fecit
1328 3485 1558 3550 deferri,
1591 3499 1831 3553 sperans

127 3593 196 3634 ea
222 3579 295 3634 ibi
330 3578 402 3633 ab
437 3578 567 3648 igne
595 3591 758 3647 posse
808 3576 1043 3631 salvari.
1073 3575 1177 3632 Sed
1206 3575 1377 3630 draco
1433 3573 1712 3643 protinus,
1763 3587 1831 3628 ac

129 3667 177 3722 si
201 3675 429 3737 propter
462 3667 567 3722 hoc
606 3665 792 3721 solum
831 3665 1096 3730 venisset,
1129 3678 1336 3718 navem
1367 3663 1562 3718 volatu
1612 3671 1827 3733 petens,

129 3763 336 3811 cuncta
379 3769 510 3824 quae
541 3755 598 3809 in
653 3767 721 3808 ea
769 3761 935 3809 erant
981 3751 1294 3818 succendit,
1342 3751 1566 3818 deinde,
1616 3751 1827 3806 mirum

129 3843 285 3918 dictu
322 3850 377 3899 et
419 3842 750 3898 incredibile
808 3839 1046 3897 auditu!
1092 3840 1276 3910 ipsam
1340 3853 1574 3910 quoque
1621 3853 1829 3895 navem

129 3931 298 3988 simul
347 3932 638 3986 cremavit.
695 3930 780 3986 Ad
828 3931 1062 3985 domum
1094 3942 1328 3998 quoque
1375 3927 1612 3998 hospitis
1653 3927 1830 3984 nostri

131 4021 441 4085 venientes,
493 4028 548 4075 et
617 4019 904 4089 quomodo
951 4032 1010 4073 se
1059 4017 1294 4072 haberet
1359 4017 1504 4071 scire
1551 4015 1824 4083 volentes,

133 4108 458 4163 invenimus
485 4121 640 4174 eum,
671 4106 832 4161 salva
862 4107 1052 4172 domo,
1093 4113 1148 4161 et
1175 4104 1443 4160 omnibus
1474 4119 1605 4173 quae
1649 4104 1825 4159 habe-

133 4195 247 4260 bat,
277 4195 684 4261 exsultantem,
736 4207 1020 4263 suamque
1068 4193 1461 4248 liberationem
1516 4192 1679 4246 bona:
1719 4191 1827 4247 ho-

133 4283 288 4352 spitae
317 4297 436 4338 suae
461 4283 586 4339 caeli
619 4283 852 4353 Reginae
875 4282 1268 4350 deputantem.
1303 4280 1429 4336 Non
1475 4279 1660 4335 solum
1694 4294 1828 4334 vero

136 4371 255 4438 ipsa
277 4369 483 4425 domus
502 4370 648 4440 ejus,
685 4370 742 4424 in
772 4384 890 4440 qua
920 4368 1186 4438 hospitati
1219 4367 1457 4434 fuimus,
1487 4369 1586 4422 sed
1615 4375 1670 4423 et
1712 4367 1825 4422 alia

134 4457 327 4528 procul
367 4458 568 4528 posita,
619 4459 676 4513 in
709 4471 828 4528 qua
872 4472 1073 4527 pecora
1101 4457 1228 4526 ejus
1281 4456 1496 4511 servari
1547 4456 1820 4521 diximus,

134 4547 339 4603 mansit
378 4547 572 4611 illaesa,
623 4548 700 4602 ita
750 4555 812 4604 ut
850 4548 920 4602 de
965 4546 1236 4603 omnibus
1278 4545 1450 4600 rebus
1505 4545 1625 4600 suis
1681 4545 1823 4600 nihil

132 4635 362 4692 omnino
393 4635 721 4706 perdiderit.
768 4635 1159 4706 Negotiatores
1187 4633 1381 4698 etiam,
1433 4633 1532 4703 qui
1581 4633 1824 4688 multam

135 4722 291 4779 nobis
325 4723 723 4793 impenderant
756 4722 1234 4790 benevolentiam,
1279 4721 1352 4776 ita
1379 4734 1632 4790 superna
1688 4721 1825 4776 fovit

133 4811 314 4882 gratia
343 4819 408 4867 ut
431 4820 532 4866 aut
563 4811 707 4866 nihil
737 4818 838 4866 aut
875 4825 1080 4880 parum
1112 4811 1180 4865 de
1223 4809 1394 4865 rebus
1440 4809 1561 4864 suis
1614 4809 1823 4866 amise-

133 4899 262 4954 rint.
299 4898 446 4965 Quia
471 4899 624 4954 enim
668 4899 874 4954 ibidem
899 4898 1253 4954 consuetudo
1281 4905 1403 4952 erat
1438 4912 1550 4952 uno
1599 4905 1823 4953 tantum

132 4987 220 5043 die
245 4987 455 5044 durare
487 4987 798 5054 nundinas,
852 4987 1010 5042 finito
1043 4987 1282 5056 prandio
1307 4985 1424 5056 jam
1457 4999 1654 5041 omnes
1703 4999 1823 5040 sar-

133 5074 285 5130 cinas
327 5089 464 5131 suas
509 5075 876 5146 collegerant,
921 5083 976 5130 et
1031 5074 1460 5142 circumligatas
1511 5081 1822 5142 antequam

133 5164 302 5220 draco
359 5163 578 5219 veniret
617 5170 1011 5233 reposuerant.
1066 5163 1358 5217 Terrorem
1408 5169 1599 5216 tamen
1647 5161 1830 5217 maxi-

133 5267 288 5310 mum
314 5251 425 5307 illis
464 5251 702 5308 incussit
751 5259 1016 5322 aspectus
1043 5250 1326 5314 draconis,
1361 5250 1438 5304 ita
1469 5257 1532 5304 ut
1568 5263 1661 5304 eos
1691 5263 1824 5304 cur-

135 5342 236 5398 sim
269 5355 372 5410 per
399 5341 627 5396 diversa
669 5341 994 5395 videremus
1037 5338 1337 5408 fugientes.
1382 5338 1643 5392 Decanus
1692 5351 1826 5392 vero

139 5429 244 5492 ille,
276 5430 379 5499 qui
404 5429 672 5484 feretrum
711 5429 966 5484 Dominae
1016 5435 1224 5482 nostra
1251 5427 1320 5481 de
1355 5425 1604 5480 Ecclesia
1640 5424 1827 5493 ejece-

136 5527 241 5588 rat,
266 5532 394 5574 sera
422 5527 611 5576 motus
655 5518 1007 5588 poenitentia,
1039 5516 1210 5571 nudis
1240 5514 1481 5584 pedibus
1524 5513 1665 5568 illud
1697 5527 1825 5582 pro-

136 5613 362 5663 secutus
395 5611 497 5670 est,
529 5613 583 5660 et
613 5618 804 5660 coram
841 5620 908 5660 eo
959 5609 1299 5674 prostratus,
1345 5601 1683 5673 judiciaquc
1731 5599 1825 5654 Dei

1935 1919 2015 1974 ita
2046 1926 2110 1974 ut
2160 1931 2454 1988 nusquam
2508 1917 2590 1973 ire
2634 1925 2836 1986 posset,
2885 1917 2992 1972 nisi
3038 1931 3072 1972 a
3107 1917 3336 1974 duobus
3390 1925 3641 1986 portare-

1934 2013 2051 2061 tur.
2102 2005 2224 2071 Hic,
2273 2003 2515 2074 septimo
2561 2004 2654 2059 die
2697 2005 2982 2060 adventus
3027 2006 3208 2060 nostri
3257 2005 3556 2061 consilium
3605 2019 3640 2060 a

1935 2093 2100 2149 nobis
2141 2107 2424 2162 quaerens,
2477 2092 2766 2148 confessus
2812 2101 2895 2148 est
2939 2101 3168 2162 peccata
3214 2106 3339 2160 sua,
3391 2093 3534 2149 bibit
3564 2107 3638 2149 ex

1935 2193 2090 2249 aqua
2119 2179 2423 2235 lavationis
2477 2179 2855 2250 reliquiarum
2895 2187 2950 2235 et
2979 2193 3052 2236 ex
3099 2193 3167 2235 ea
3234 2180 3384 2235 lotus
3438 2180 3640 2235 obdor-

1937 2264 2121 2319 mivit.
2186 2265 2588 2334 Protinusque,
2665 2265 2926 2320 mirabile
2991 2265 3188 2321 dictu!
3258 2273 3497 2322 sanatus
3564 2279 3637 2321 ex

1938 2351 2180 2419 integro,
2228 2351 2464 2406 exsiluit
2510 2352 2579 2406 de
2626 2352 2886 2422 grabato,
2943 2353 2998 2406 in
3047 2367 3163 2422 quo
3223 2360 3516 2422 tantopere
3541 2352 3638 2422 ja-

1935 2446 2151 2504 cuerat,
2183 2445 2238 2494 et
2291 2438 2620 2494 videntibus
2665 2441 2888 2495 cunctis
2927 2439 2999 2494 ad
3055 2439 3328 2496 feretrum
3374 2453 3634 2502 currens,

1936 2533 1992 2581 et
2041 2539 2235 2580 coram
2273 2541 2340 2581 eo
2387 2533 2544 2581 stans
2595 2527 2652 2581 in
2695 2541 2830 2583 voce
2876 2527 3278 2583 exsultationis
3321 2535 3376 2582 et
3413 2527 3638 2582 confes-

1937 2613 2130 2681 sionis,
2167 2615 2279 2669 Deo
2306 2622 2360 2669 et
2394 2613 2501 2683 piae
2531 2615 2696 2670 Matri
2726 2615 2852 2685 ejus
2880 2615 3095 2686 gratias
3126 2615 3420 2672 referebat.

2008 2720 2140 2776 CAP.
2172 2721 2321 2776 XIII.
2350 2755 2402 2764 —
2445 2721 2529 2774 De
2559 2719 2804 2794 Glutino
2843 2723 3134 2794 contracto
3183 2724 3385 2776 curato
3413 2721 3475 2776 in
3519 2721 3632 2794 cpi.

2431 2795 2674 2862 scopam
2702 2791 3135 2847 Salesberiensi.

2011 2876 2150 2931 Erat
2202 2877 2276 2931 ibi
2334 2885 2390 2932 et
2440 2878 2589 2934 alius
2639 2887 2986 2945 contractus,
3059 2879 3290 2934 nomine
3343 2878 3633 2948 Glutinus,

1940 2963 2041 3034 qui
2071 2965 2274 3018 merito
2317 2965 2398 3019 sic
2444 2965 2780 3031 vocabatur,
2815 2965 3094 3034 quoniam
3125 2973 3240 3020 toto
3278 2980 3514 3034 corpore
3555 2968 3637 3024 sic

1870 3074 1910 3127 ο
1939 3057 2062 3106 erat
2126 3050 2579 3122 conglutinatus,
2646 3058 2709 3106 ut
2754 3052 3008 3106 calcanei
3077 3051 3330 3119 natibus,
3380 3061 3434 3109 et
3481 3053 3634 3109 tibiae

1937 3139 2103 3194 dorso
2131 3139 2494 3205 inhzererent,
2523 3139 2598 3193 ita
2641 3147 2703 3194 ut
2730 3139 2885 3194 velut
2917 3139 2975 3194 in
3027 3153 3210 3194 unum
3245 3139 3482 3210 globum
3537 3156 3632 3197 re-

1938 3224 2159 3290 dactus,
2225 3223 2422 3278 faciem
2485 3223 2714 3279 assidue
2771 3237 2944 3293 super
2997 3237 3186 3294 genua
3239 3231 3476 3280 teneret.
3531 3227 3635 3281 Hic

1935 3325 2092 3382 ergo,
2125 3326 2258 3367 cum
2294 3319 2524 3380 peccata
2553 3325 2662 3367 sua
2681 3311 2972 3367 confessus
3018 3319 3073 3366 et
3116 3325 3272 3381 aqua
3330 3311 3634 3384 lavationis

1938 3399 2316 3468 reliquiarum
2349 3398 2518 3464 lotus,
2549 3399 2699 3454 intra
2722 3399 2916 3453 decem
2947 3399 3066 3454 dies
3095 3399 3311 3470 quibus
3357 3400 3433 3455 ibi
3480 3415 3634 3454 man-

1935 3488 2116 3544 simus
2165 3501 2280 3541 non
2350 3495 2677 3552 curaretur,
2740 3487 3086 3542 mirantibus
3143 3487 3307 3543 nobis
3367 3495 3423 3543 et
3480 3489 3634 3544 unde

1934 3582 2076 3631 esset
2134 3574 2548 3645 quaerentibus,
2603 3575 2900 3644 proﬁtetur
2933 3589 2991 3630 se
3051 3589 3163 3630 non
3223 3590 3345 3631 esse
3397 3577 3466 3632 de
3511 3577 3632 3646 ipso

1933 3663 2284 3733 episcopatu,
2332 3663 2429 3717 sed
2477 3663 2545 3718 de
2609 3663 3028 3719 Salesberiensi.
3084 3663 3352 3720 Protinus
3389 3679 3422 3720 a
3467 3667 3633 3721 nobis

1935 3752 2142 3807 acriter
2178 3751 2520 3822 objurgatus
2557 3765 2665 3807 cur
2707 3759 2972 3807 tentasset
3007 3751 3080 3807 ibi
3129 3753 3430 3808 sanitatem
3475 3768 3632 3809 asse—

1935 3841 2057 3911 qui,
2105 3855 2282 3911 quam
2347 3848 2568 3895 certum
2614 3847 2670 3895 et
2725 3839 3029 3909 probatum
3088 3847 3212 3896 erat
3275 3841 3422 3897 nulli
3467 3850 3632 3898 extra

1933 3929 2323 3998 episcopatum
2372 3942 2546 3984 suum
2592 3927 2816 3994 donari,
2866 3942 2997 3983 cum
3049 3927 3313 3996 lacrymis
3359 3937 3413 3984 et
3457 3930 3630 3985 nimio

1930 4017 2152 4088 ejulatu
2184 4016 2352 4086 cmpit
2375 4030 2478 4070 nos
2508 4015 2906 4071 miserabiliter
2950 4014 3222 4085 adjurare
3249 4023 3330 4081 ut,
3384 4030 3486 4086 pro
3533 4017 3630 4073 Dei

1932 4113 2263 4174 sanctaaque
2290 4103 2486 4159 Matris
2515 4103 2642 4173 ejus
2673 4117 2884 4165 amore,
2917 4103 2988 4159 ad
3023 4103 3206 4173 ipsam
3267 4104 3468 4160 urbem
3529 4105 3626 4161 Sa-

1934 4194 2204 4249 lesberias
2228 4193 2738 4262 proﬁcisceremur.

2003 4282 2141 4336 Tam
2175 4280 2354 4349 ipsius
2383 4294 2521 4350 ergo
2567 4293 2743 4350 quam
2793 4278 2966 4335 totius
2998 4279 3177 4348 plebis
3219 4279 3276 4336 id
3307 4280 3491 4350 ipsum
3523 4296 3628 4336 ex-

1865 4368 2152 4425 Dorantis
2219 4369 2628 4423 satisfacientes
2701 4369 2990 4438 precibus,
3060 4375 3184 4438 post
3243 4369 3434 4424 decem
3511 4370 3630 4426 dies

1933 4457 2143 4528 egressi
2176 4457 2244 4511 de
2289 4457 2622 4523 Essecestra,
2660 4465 2714 4512 et
2763 4457 3159 4526 retrogradum
3196 4457 3300 4513 iter
3347 4458 3628 4528 arripien-

1933 4554 2039 4614 tes,
2105 4546 2173 4601 ad
2239 4546 2419 4614 ipsam
2481 4545 2682 4601 urbem
2743 4546 2974 4602 tendere
3029 4546 3326 4615 coepimus.
3385 4547 3455 4601 Et
3500 4561 3629 4602 ecce

1935 4633 2051 4703 ipse
2091 4633 2310 4688 itineris
2363 4631 2582 4702 peritus
2617 4633 2883 4688 vehiculo
2920 4633 3122 4688 sedens
3163 4632 3282 4703 jam
3342 4647 3627 4702 processe-

1934 4728 2041 4789 rat,
2074 4729 2128 4776 et
2177 4721 2235 4776 in
2285 4720 2404 4790 ipso
2444 4721 2723 4790 principio
2767 4722 3128 4791 episcopatus
3171 4735 3276 4776 nos
3332 4722 3626 4790 operieba-

1933 4817 2049 4866 tur.
2102 4809 2214 4866 Vix
2259 4816 2451 4865 autem
2521 4810 2686 4865 nobis
2750 4809 3020 4880 ingressis
3076 4809 3325 4877 primum
3375 4809 3628 4865 stadium

1931 4896 2312 4966 episcopatus,
2363 4909 2494 4951 ecce
2539 4895 2660 4965 ipse
2707 4896 2806 4966 qui
2864 4903 3244 4964 praecesserat,
3294 4910 3426 4950 cum
3466 4897 3628 4952 vehi-

1932 4984 2061 5040 culo
2144 4984 2433 5050 occurrit;
2510 4984 2820 5053 statimque
2893 4983 3052 5039 velut
3128 4983 3369 5039 Domina
3435 4993 3631 5040 nostra

1933 5071 2161 5127 nolente
2197 5085 2329 5126 eum
2376 5071 2617 5126 ulterius
2684 5070 2933 5142 fatigari,
2988 5070 3229 5140 perfecte
3277 5079 3514 5128 curatus
3559 5074 3631 5129 do

1932 5159 2222 5216 curriculo
2258 5160 2524 5225 exsilivit,
2557 5166 2613 5214 et
2658 5160 2927 5215 omnibus
2973 5159 3075 5230 qui
3109 5160 3368 5230 undique
3397 5175 3632 5217 cernen-

1933 5250 2088 5306 tibus
2107 5247 2489 5314 conﬂuebant,
2522 5249 2591 5304 ad
2613 5246 2887 5304 feretrum
2920 5248 3134 5318 gratias
3170 5261 3348 5318 agens
3391 5249 3452 5305 in
3503 5264 3632 5308 me-

1935 5338 2030 5392 dia
2060 5337 2155 5390 via
2183 5335 2460 5390 cucurrit.
2495 5337 2555 5390 ln
2589 5336 2693 5390 hoc
2725 5348 2923 5390 revera
2973 5335 3277 5404 probatum
3319 5344 3404 5392 est
3460 5337 3626 5406 illud,

1935 5424 2087 5494 quod
2121 5436 2299 5492 supra
2324 5423 2597 5488 diximus,
2647 5423 2874 5478 nullum
2916 5430 3083 5478 extra
3126 5437 3296 5479 suum
3337 5424 3632 5496 episcopa-

1936 5520 2058 5567 tum
2108 5511 2358 5580 potuisse
2404 5510 2619 5565 sanari.
2673 5510 2810 5566 Inde
2856 5524 3014 5579 ergo,
3073 5511 3222 5566 sicut
3285 5511 3629 5582 dispositum

1936 5597 2144 5663 fuerat,
2193 5597 2265 5653 ad
2335 5597 2516 5667 ipsam
2581 5596 2783 5653 urbem
2847 5596 3190 5653 Salesberias
3259 5600 3630 5668 pervenimus
