3946 6406
288 390 391 448 983
1210 390 1503 446 APPEND.
1543 390 1638 443 AD
1678 388 1811 444 LIB.
1853 387 1935 445 III
1975 387 2305 444 GUIBERTI
2341 388 2433 443 DE
2474 387 2636 443 VITA
2672 387 2827 445 SUA.
3690 387 3824 453 984

288 521 392 579 ubi
420 518 733 578 honoriﬁce
759 518 1009 591 suscepti
1036 531 1240 576 sumus
1264 519 1338 574 ab
1365 518 1632 589 episcopo
1663 516 1843 588 ipsius
1870 531 1980 573 ur-
2014 521 2063 574 Α
2090 517 2424 588 nistaplum,
2456 516 2557 574 ubi
2632 518 2900 578 manebat
2945 517 3184 588 quidam
3230 517 3514 588 princeps,
3568 518 3835 575 nomine

289 610 398 678 bis,
426 623 530 681 pro
558 608 761 665 notitia
806 607 1065 679 magistri
1095 606 1369 673 Anselmi,
1419 605 1697 676 quoniam
1754 605 1987 676 cognati
2093 607 2306 663 Joellus
2337 607 2408 663 de
2448 607 2707 676 Totenes,
2738 608 2910 678 cujus
2956 621 3109 663 uxor
3153 615 3276 663 erat
3307 621 3586 678 germana
3617 608 3832 665 Guer-

291 696 421 768 ejus
473 696 802 753 Alexander
838 702 894 751 et
949 694 1209 765 Nigellus
1271 694 1343 749 ad
1393 692 1647 749 scholam
1715 693 1842 764 ejus
1884 694 1988 750 diu

291 793 625 842 manserant
658 784 813 841 Laud
825 784 942 840 uni.

294 874 427 931 CAP.
459 874 611 931 XIV.
643 903 715 915 —
742 873 831 927 De
838 868 1220 940 febricitante
1237 873 1437 924 curato
1455 869 1613 941 apud
1648 869 1991 926 Wiltom'am

2098 695 2297 751 mundi
2336 696 2405 752 de
2447 695 2687 751 Pinkeni
2736 694 3098 767 (Pequigny).
3135 696 3236 751 Hic
3283 709 3419 765 ergo
3449 697 3657 766 partim
3698 710 3834 766 pro

2095 783 2359 854 conjugis
2405 797 2525 838 suae
2578 782 2801 845 notitia,
2852 798 2983 852 qua:
3022 783 3090 837 de
3128 783 3497 839 Ambianensi
3535 793 3662 840 erat
3730 798 3834 839 re—

2096 869 2330 942 ligione,
2371 871 2525 926 unde
2573 878 2627 926 et
2670 884 2861 925 ltu>5r‘t
2924 870 3228 925 videbatur
3269 885 3389 926 esse
3441 871 3836 941 comprovin-

713 958 1008 1015 abbatiam
1026 956 1580 1012 sanctimonialium.

365 1046 567 1107 Postea
593 1048 860 1105 venimus
882 1046 955 1102 ad
984 1046 1296 1116 quamdam
1341 1045 1631 1102 abbatiam
1680 1046 1992 1102 sanctimo-

295 1137 558 1204 nialium,
605 1149 737 1205 quae
781 1141 1026 1189 vocatur
1084 1132 1374 1200 Wiltonia,
1427 1133 1525 1188 ubi
1575 1133 1744 1189 nobis
1803 1141 1992 1189 osten-

295 1226 503 1283 derunt
570 1222 928 1293 sepulturam
1006 1220 1350 1277 venerabilis
1411 1220 1574 1276 Beda;
1656 1220 1989 1291 presbyteri,

293 1311 509 1385 egregii
571 1309 857 1379 doctoris;
913 1322 1089 1378 prope
1150 1322 1324 1378 quem
1378 1308 1602 1377 sepulta
1647 1316 1732 1363 est
1782 1308 1995 1378 inclyta

293 1398 693 1465 versificatrix,
728 1410 859 1467 quas
888 1395 1119 1466 proprio
1152 1396 1382 1451 nomine
1411 1403 1615 1451 vocata
1645 1403 1728 1451 est
1757 1395 1992 1451 Murier.

293 1488 537 1555 Quidam
594 1500 667 1543 ex
724 1485 898 1556 longo
948 1492 1199 1554 tempore
1264 1485 1594 1541 febricitans
1650 1485 1879 1555 jacebat
1923 1485 1997 1540 ad

293 1576 621 1646 sepulcrum
666 1572 1015 1629 venerabilis
1060 1572 1224 1628 Beda;
1254 1573 1590 1642 presbyteri,
1636 1573 1737 1628 ubi
1783 1586 1997 1643 quam-

293 1664 488 1736 plures
515 1668 935 1719 consueverant
984 1661 1198 1716 sanari.
1244 1661 1461 1716 Eadem
1510 1668 1673 1716 nocte
1718 1660 2000 1717 adventus

294 1752 476 1808 nostri
512 1750 780 1821 apparuit
813 1749 866 1805 ei
914 1748 977 1804 in
1025 1748 1243 1805 somnis
1298 1749 1515 1805 Murier
1554 1749 1653 1804 illa
1697 1748 1995 1804 versiﬁca-

295 1840 433 1907 trix,
492 1839 685 1895 dicens
731 1837 825 1894 ei:
875 1837 1005 1893 Non
1054 1843 1212 1907 potes
1261 1837 1354 1892 hic
1408 1837 1574 1892 modo
1641 1851 1740 1905 per
1787 1836 1997 1892 Bedam

294 1927 509 1992 sanari,
542 1926 821 1997 quoniam
853 1926 1021 1981 beata
1051 1924 1277 1980 Domini
1308 1925 1489 1981 Mater
1533 1925 1605 1980 ad
1637 1939 1744 1979 nos
1763 1925 1995 1981 descen-

295 2016 399 2070 dit.
461 2013 624 2082 Quod
678 2028 811 2069 cum
857 2013 1025 2069 nobis
1070 2012 1129 2067 in
1175 2012 1427 2068 crastino
1474 2013 1780 2080 retulisset,
1827 2019 1884 2069 et
1925 2026 1999 2068 ex

297 2118 453 2173 aqua
502 2102 881 2173 reliquiarum
947 2102 1197 2158 lotarum
1252 2101 1506 2167 bibisset,
1560 2101 1708 2157 illico
1763 2109 2002 2158 sanatus

296 2200 400 2247 est.
475 2190 707 2247 Beversi
754 2204 955 2246 sumus
1013 2202 1116 2259 per
1182 2190 1583 2255 Essecestram,
1635 2203 1749 2244 non
1811 2197 2000 2245 tamen

299 2279 672 2336 introivimus
718 2278 942 2345 urbem,
1012 2278 1282 2347 quamvis
1324 2291 1359 2331 a
1412 2276 1609 2332 multis
1639 2289 1996 2347 rogaremur,

298 2380 371 2423 ne
410 2366 640 2422 viliores
685 2380 961 2430 essemus,
994 2364 1270 2433 quoniam
1304 2366 1426 2435 jam
1468 2364 1661 2420 decem
1705 2365 1909 2421 diebus
1941 2365 2001 2420 in

299 2469 367 2511 ea
398 2467 817 2509 manseramus.

372 2543 503 2597 CAP.
536 2541 662 2599 XV.
693 2571 765 2581 —
798 2541 883 2595 De
903 2539 1104 2612 puella
1130 2556 1279 2595 czca
1300 2539 1644 2595 illuminata
1668 2538 1824 2611 apud

925 2628 1397 2683 Danaoezeriam.

373 2717 600 2774 Exinde
629 2715 896 2773 venimus
924 2715 984 2771 in
1032 2715 1384 2785 provinciam
1426 2729 1558 2784 quae
1608 2722 1851 2771 vocatur
1897 2715 2005 2770 Da-

303 2804 637 2871 navexeria,
708 2803 809 2859 ubi
885 2805 1260 2859 ostenderunt
1324 2802 1490 2859 nobis
1541 2803 1891 2870 cathedram,
1948 2810 2003 2858 et

303 2894 541 2950 furnum
572 2892 729 2948 illius
760 2891 959 2946 famosi
990 2890 1308 2947 secundum
1340 2890 1566 2946 fabulas
1593 2890 2001 2946 Britannorum

302 2981 456 3051 regis
479 2979 694 3046 Arturi,
747 2980 1044 3049 ipsamque
1092 2986 1303 3035 terram
1343 2979 1600 3050 ejusdem
1651 2978 1847 3034 Arturi
1879 2992 2002 3034 esse

2098 960 2280 1026 cialis,
2326 959 2512 1029 magis
2558 965 2751 1014 autem
2801 973 2902 1027 pro
2945 957 3240 1013 miraculis
3286 972 3417 1028 quae
3464 972 3561 1027 per
3610 958 3836 1013 Domi-

2100 1061 2235 1102 nam
2305 1054 2559 1103 nostram
2643 1046 2794 1102 facta
2877 1046 3155 1101 didicerat
3221 1046 3645 1116 gratantissime
3703 1061 3840 1101 nos

2099 1135 2431 1205 suscipiens,
2502 1148 2605 1205 per
2651 1133 2908 1190 triduum
2956 1147 3153 1189 secum
3209 1134 3464 1201 retinuit,
3505 1134 3840 1204 scyphum-

2100 1237 2215 1293 que
2262 1230 2620 1293 argenteum,
2668 1229 2724 1277 et
2766 1222 3001 1277 calicem
3048 1222 3382 1291 pretiosum,
3437 1236 3540 1277 nec
3593 1236 3714 1277 non
3767 1229 3836 1277 et

2100 1310 2371 1374 cortinas,
2401 1311 2633 1381 aliaque
2681 1317 3042 1376 ornamenta,
3072 1324 3204 1380 quae
3250 1310 3442 1365 adhuc
3471 1310 3529 1365 in
3577 1309 3837 1365 Laudu-

2102 1398 2265 1454 nensi
2335 1405 2644 1453 servantur
2704 1397 2962 1466 ecclesia,
3029 1397 3122 1453 sed
3181 1404 3236 1452 et
3281 1411 3521 1467 equum,
3570 1397 3672 1466 qui
3749 1410 3835 1450 ea

2103 1485 2366 1553 deferret,
2439 1485 2609 1549 dedit,
2659 1485 2960 1555 multaque
3025 1485 3176 1555 alia;
3242 1485 3571 1555 quindecim
3631 1483 3836 1539 libras

2106 1573 2505 1629 Laudunensis
2557 1582 2795 1629 monetae
2860 1573 3111 1629 valentia
3160 1573 3574 1642 superaddidit.
3625 1572 3835 1641 Cujus

2105 1661 2423 1718 devotionis
2464 1662 2630 1732 quasi
2670 1662 2783 1717 cita
2827 1662 3255 1716 remuneratrix
3308 1660 3507 1715 volens
3536 1674 3656 1715 esse
3708 1660 3840 1714 Do—

2106 1750 2265 1805 mina
2301 1757 2515 1817 nostra,
2552 1750 2788 1805 evidens
2816 1749 2896 1804 ibi
2937 1748 3282 1804 miraculum
3314 1748 3577 1803 ostendit.
3610 1747 3838 1803 Puella

2109 1852 2361 1908 namque
2426 1836 2706 1893 duodenis
2771 1837 2829 1891 in
2885 1837 3012 1907 ejus
3071 1836 3241 1891 domo
3316 1835 3604 1903 manebat,
3668 1835 3835 1890 adeo

2109 1934 2221 1982 toto
2247 1940 2483 1996 corpore
2515 1925 2822 1981 incurvata
2872 1933 2935 1980 ut
2968 1937 3260 1993 nusquam
3291 1922 3373 1978 ire
3425 1923 3658 1990 valeret,
3697 1924 3833 1978 nisi

2108 2014 2264 2085 quod
2310 2013 2671 2071 solummodo
2722 2027 2857 2069 cum
2904 2012 3229 2067 scabellulis
3279 2011 3529 2080 rependo
3575 2024 3677 2079 per
3708 2018 3836 2066 ter-

2108 2116 2232 2158 ram
2263 2116 2323 2158 se
2359 2102 2623 2158 trahebat
2670 2108 2840 2171 prout
2888 2107 3125 2170 poterat.
3178 2100 3310 2155 Haec
3361 2113 3497 2169 ergo
3546 2098 3617 2153 ad
3664 2099 3831 2154 fere-

2111 2199 2264 2247 trum
2313 2189 2582 2256 adducta,
2621 2195 2853 2259 peccata
2898 2188 3176 2253 confessa,
3226 2200 3382 2257 aqua
3429 2187 3833 2257 reliquiarum

2108 2279 2243 2343 lota,
2296 2278 2562 2348 quandiu
2602 2278 2679 2333 ibi
2720 2276 2938 2332 fuimus
2977 2291 3091 2331 non
3137 2284 3221 2332 est
3256 2284 3481 2340 curata,
3532 2275 3624 2331 sed
3675 2289 3831 2330 cum

2103 2364 2223 2435 jam
2269 2365 2437 2420 nobis
2482 2364 2906 2420 discedentibus
2970 2377 3101 2419 cnm
3160 2377 3367 2433 magno
3417 2362 3557 2417 ﬂetu
3603 2362 3831 2417 clama-

2108 2460 2212 2520 ret,
2260 2453 2416 2509 Heu!
2467 2453 2718 2522 piissima
2786 2452 3029 2507 Domina
3076 2460 3274 2507 sancta
3348 2451 3544 2518 Maria,
3592 2464 3832 2520 ergone

2108 2542 2189 2597 sic
2217 2541 2488 2607 discedes,
2536 2548 2593 2595 et
2636 2554 2727 2596 me
2782 2554 2900 2595 non
2942 2547 3202 2595 curatam
3236 2538 3577 2608 relinques?
3633 2537 3824 2607 proti-

2108 2642 2220 2685 nus
2243 2627 2572 2683 videntibus
2625 2630 2850 2683 cunctis
2896 2635 3117 2694 sanata,
3169 2626 3434 2696 projectis
3477 2624 3829 2681 scabellulis

2108 2716 2379 2772 exsiliens
2427 2716 2597 2783 stetit,
2644 2722 2699 2772 et
2737 2716 2810 2771 ad
2859 2715 3134 2772 feretrum
3195 2714 3410 2786 gratias
3469 2727 3647 2784 agens
3700 2727 3829 2768 cu-

2108 2805 2308 2861 currit.

2180 2895 2315 2949 CAP.
2347 2893 2542 2949 XVIII.
2582 2922 2641 2932 —
2679 2895 2757 2947 De
2799 2891 3077 2948 monacho
3105 2890 3311 2946 claudo
3337 2889 3549 2944 ibidem
3587 2891 3821 2943 curato.

2180 2982 2495 3039 Monachus
2567 2982 2739 3036 etiam
2780 2980 3014 3051 quidam
3070 2980 3371 3050 religiosus
3418 2979 3487 3033 de
3532 2977 3827 3033 charitate

303 3069 586 3125 dicebant.
634 3068 721 3124 Ibi
759 3082 865 3125 nos
889 3068 1205 3137 plurimum
1237 3067 1541 3123 honoravit
1595 3067 1833 3137 quidam
1887 3067 1998 3122 cle-
2039 3080 2080 3135 (ι
2112 3070 2319 3127 ibidem
2355 3069 2642 3136 manebat,
2693 3069 2754 3124 in
2806 3068 2948 3124 cella
2996 3082 3171 3138 quam
3221 3066 3495 3137 praefatus
3545 3065 3825 3135 princeps

302 3156 459 3213 ricus
496 3156 727 3212 nomine
784 3158 899 3226 (56)
947 3156 1233 3226 Agardus,
1284 3155 1387 3225 qui
1431 3154 1551 3225 jam
1599 3155 1700 3210 diu
1731 3154 1997 3210 Lauduni

304 3250 614 3308 manserat,
648 3243 869 3313 quique
891 3243 1251 3313 postmodum
1282 3242 1339 3297 in
1370 3242 1790 3298 Northmannia
1817 3242 2001 3297 factus

308 3339 393 3388 est
420 3332 716 3401 episcopus
758 3331 919 3387 urbis
965 3330 1496 3387 Constantiniensis.
1555 3331 1703 3386 Dum
1733 3343 1871 3400 ergo
1920 3329 2000 3385 ibi

304 3432 580 3486 essemus,
658 3419 850 3488 puella
914 3418 1181 3488 quaedam
1233 3418 1347 3473 fere
1413 3419 1701 3484 decennis,
1770 3416 2003 3472 nomine

306 3506 646 3574 Kenehellis,
677 3520 828 3562 caeca
874 3519 909 3560 a
964 3505 1282 3572 nativitate,
1318 3505 1374 3560 in
1405 3505 1542 3560 villa
1578 3520 1711 3575 quze
1771 3506 2003 3561 Bomine

303 3599 456 3648 540
502 3601 762 3659 vocatur,
793 3593 864 3648 ad
918 3592 1191 3648 feretrum
1218 3593 1394 3660 venit,
1426 3601 1481 3649 et
1510 3593 1623 3649 lota
1677 3594 1872 3649 oculos
1927 3607 2001 3650 ex

305 3695 462 3751 aqua
492 3682 872 3751 reliquiarum
901 3680 1093 3737 lumen
1130 3682 1360 3750 recepit.

518 3769 650 3825 CAP.
682 3769 834 3824 XVI.
864 3798 933 3808 —
963 3769 1051 3822 De
1076 3768 1250 3822 surdo
1278 3767 1485 3822 ibidem
1511 3771 1738 3823 sanato.

380 3856 485 3913 Sed
517 3865 571 3912 et
600 3856 834 3927 juvenis
884 3855 1121 3926 quidam
1154 3856 1212 3911 in
1255 3857 1455 3912 eadem
1504 3856 1642 3912 villa
1696 3857 1909 3912 surdus
1969 3869 2003 3910 a

306 3944 609 4001 nativitate
657 3946 729 4001 ad
778 3945 1052 4001 feretrum
1115 3944 1291 4011 venit,
1338 3953 1393 4001 et
1441 3945 1590 4001 lotus
1635 3958 1806 4001 aures
1848 3957 2003 4015 aqua

304 4033 686 4103 reliquiarum
720 4034 980 4103 protinus
1010 4032 1250 4089 audivit.
1284 4033 1525 4098 Quidam
1563 4034 1732 4088 etiam
1776 4034 1867 4088 vir
1898 4033 2003 4088 ibi-

304 4123 435 4177 dem
491 4136 728 4178 manum
805 4122 1028 4177 aridam
1095 4121 1331 4188 habens,
1395 4134 1586 4177 coram
1634 4121 1842 4177 feretro
1901 4135 2003 4191 pro

305 4209 605 4264 sanctitate
650 4207 978 4278 recipienda
1021 4208 1316 4279 vigilabat.
1374 4208 1479 4264 Sed
1542 4210 1689 4264 sicut
1745 4209 2006 4265 Britones

305 4296 487 4352 solent
534 4296 765 4368 jurgari
797 4310 930 4352 cum
980 4297 1214 4352 Francis
1259 4310 1362 4367 pro
1393 4310 1523 4367 rege
1559 4297 1792 4364 Arturo,
1854 4297 2004 4353 idem

2106 3158 2319 3215 Joellus
2363 3158 2767 3223 aedificaverat,
2811 3157 2915 3226 qui
2956 3156 3077 3227 jam
3118 3170 3217 3225 per
3260 3155 3559 3210 biennium
3609 3155 3824 3208 morbo

2110 3246 2435 3313 insanabili,
2466 3258 2640 3315 quem
2666 3244 2869 3300 medici
2915 3244 3091 3299 sciam
3130 3250 3354 3307 vocant,
3401 3242 3539 3296 adeo
3586 3240 3822 3296 labora-

2109 3340 2273 3390 verat
2316 3341 2379 3389 ut
2426 3345 2721 3402 nusquam
2759 3331 2869 3387 nisi
2909 3330 3283 3387 claudicando
3319 3337 3374 3385 et
3423 3328 3629 3385 baculo
3673 3328 3825 3384 sub-

2110 3421 2426 3477 stendando
2506 3427 2690 3490 posset
2774 3419 3042 3475 incidere.
3104 3418 3205 3473 Hic
3257 3432 3395 3488 ergo
3456 3431 3554 3486 per
3625 3424 3821 3472 totum

2112 3511 2371 3567 triduum
2411 3509 2576 3565 nobis
2617 3509 2675 3563 in
2720 3508 2920 3564 eadem
2958 3507 3197 3563 ecclesia
3242 3504 3665 3561 remorantibus
3708 3517 3822 3575 pro

2111 3613 2268 3668 posse
2312 3613 2417 3654 suo
2462 3596 2789 3653 dulcissime
2834 3596 3093 3652 serviens
3134 3603 3189 3650 et
3230 3608 3303 3650 ex
3361 3607 3516 3663 aqua
3555 3592 3819 3648 lotarum

2112 3687 2492 3757 reliquiarum
2571 3685 2749 3741 lotum
2835 3684 3020 3740 morbi
3118 3697 3292 3752 super
3359 3682 3545 3737 femur
3606 3680 3822 3736 lavans

2112 3775 2375 3846 quandiu
2405 3774 2482 3830 ibi
2513 3774 2729 3830 fuimus
2766 3788 2882 3829 non
2924 3780 3007 3828 est
3037 3780 3304 3839 curatus;
3347 3771 3464 3836 sed,
3510 3783 3643 3824 cum
3688 3771 3821 3840 jam

2113 3863 2181 3918 de
2211 3870 2396 3917 castro
2444 3860 2658 3932 egressi
2704 3860 2993 3916 licentiam
3038 3872 3071 3914 a
3118 3858 3333 3928 populo
3380 3856 3596 3927 gratias
3638 3870 3822 3927 agen-

2112 3957 2197 4005 tes
2226 3958 2566 4020 peteremus,
2609 3955 2664 4003 et
2701 3948 2819 4018 ipse
2849 3961 2951 4002 nos
2997 3960 3130 4002 cum
3181 3942 3385 4000 baculo
3430 3943 3821 3999 claudicando

2115 4044 2578 4108 prosequeretur,
2629 4042 2859 4105 repente
2922 4042 3162 4090 curatus
3219 4032 3490 4089 baculum
3550 4030 3817 4101 projecit,

2112 4134 2167 4182 et
2213 4126 2285 4181 ad
2335 4125 2608 4181 feretrum
2655 4122 2869 4180 cursim
2919 4124 3176 4187 veniens,
3216 4120 3544 4176 videntibus
3586 4120 3822 4175 cunctis

2114 4214 2376 4280 libenter,
2414 4220 2469 4269 et
2512 4212 2772 4268 hilariter
2828 4211 2970 4267 illud
3012 4208 3393 4279 amplexando
3448 4207 3819 4262 deosculatus

2116 4302 2426 4357 humerum
2451 4298 2771 4370 supposuit,
2805 4306 2860 4354 et
2887 4312 2959 4354 ex
2983 4311 3102 4353 una
3133 4305 3293 4367 parte
3334 4296 3562 4366 longius
3616 4295 3816 4350 nobis-

303 4383 395 4439 vir
423 4384 593 4453 coepit
616 4384 796 4440 rixari
827 4398 961 4440 cum
987 4398 1104 4440 uno
1123 4398 1192 4440 ex
1226 4384 1458 4440 famulis
1505 4386 1733 4451 nostris,
1777 4386 2005 4441 nomine
2043 4371 2086 4425 Ῑ)
2116 4404 2248 4447 cum
2270 4388 2613 4458 deportavit.

308 4472 639 4543 Haganello,
709 4473 811 4542 qui
883 4478 1008 4528 erat
1066 4486 1135 4528 ex
1195 4472 1413 4528 familia
1476 4473 1671 4529 domui
1729 4472 2008 4529 Guidonis

308 4560 711 4616 Laudunensis
775 4559 1185 4628 archidiaconi,
1233 4561 1428 4616 dicens
1492 4561 1684 4617 adhuc
1725 4561 2006 4616 Arturum

309 4648 521 4704 vivere.
550 4649 710 4706 Unde
740 4663 853 4705 non
881 4662 1063 4719 parvo
1095 4649 1353 4706 tumultu
1381 4658 1602 4715 exorto,
1652 4663 1785 4705 cum
1832 4649 2007 4704 armis

304 4737 601 4793 ecclesiam
631 4739 867 4794 irruunt
891 4737 1225 4808 plurimi,et
1254 4737 1360 4792 nisi
1404 4737 1675 4807 praefatus
1720 4737 2008 4808 Algardus

307 4824 550 4881 clericus
597 4826 925 4893 obstitisset,
989 4838 1135 4895 pene
1181 4839 1369 4895 usque
1413 4826 1484 4881 ad
1532 4826 1834 4896 sanguinis
1874 4824 2009 4881 effu-

303 4913 516 4968 sionem
566 4921 802 4970 ventum
846 4914 1064 4969 fuisset.
1098 4913 1283 4977 Quam
1330 4913 1513 4968 rixam
1566 4927 1757 4968 coram
1802 4912 2007 4969 feretro

305 5014 410 5055 suo
456 5000 665 5056 factam
710 5000 998 5057 credimus
1049 5001 1305 5057 Dominae
1371 5010 1566 5056 nostra
1627 5000 2002 5070 displicuisse,

306 5100 444 5144 nam
501 5088 650 5144 idem
697 5088 790 5144 vir
850 5102 1090 5145 manum
1157 5087 1375 5143 habens
1448 5088 1689 5154 aridam,
1757 5088 1860 5158 qui
1905 5102 2006 5157 pro

309 5177 519 5230 Arturo
550 5174 865 5231 tumultum
892 5176 1120 5243 fecerat,
1153 5176 1455 5232 sanitatem
1478 5191 1596 5251 non.
1629 5176 1861 5246 recepit.

377 5260 510 5318 CAP.
545 5262 714 5319 XVII.
748 5266 833 5318 De
856 5262 1056 5334 puella
1081 5280 1261 5319 curva
1292 5265 1449 5334 apud
1504 5269 1755 5320 castrum

816 5350 1268 5422 Bannistaplum
1292 5356 1520 5408 curata.

379 5436 511 5492 Post
533 5438 658 5494 haec
680 5440 947 5497 venimus
975 5440 1046 5495 ad
1075 5447 1353 5507 castrum,
1383 5441 1539 5510 quod
1590 5440 1802 5498 dicitur
1857 5439 2006 5494 Ban-

381 5593 493 5667 (56)
521 5597 770 5669 Algarus
797 5603 1045 5656 vocatur
1065 5597 1124 5654 in
1144 5596 1331 5653 Gallia
1355 5597 1705 5658 Christiana.

2186 4478 2320 4536 CAP.
2356 4477 2513 4533 XIX.
2549 4506 2617 4517 —-
2650 4477 2737 4530 De
2763 4475 2882 4530 alio
2913 4473 3120 4529 claudo
3147 4476 3352 4529 curato
3375 4471 3531 4543 apud
3553 4474 3816 4526 castrum

2830 4563 3079 4618 Totenes.

2186 4655 2318 4711 Post
2354 4654 2478 4710 haec
2529 4652 2601 4708 ad
2646 4651 2863 4722 praefati
2914 4649 3186 4720 principis
3225 4647 3385 4706 Joelli
3414 4653 3667 4702 castrum
3710 4660 3815 4700 ve-

2117 4738 2330 4804 nimus,
2373 4736 2527 4807 quod
2566 4736 2803 4791 Totenes
2827 4734 3058 4801 dicitur,
3092 4733 3510 4789 deducentibus
3556 4745 3659 4786 nos
3692 4728 3817 4799 qui-

2116 4825 2360 4881 busdam
2390 4838 2463 4880 ex
2485 4823 2816 4879 hominibus
2858 4824 3002 4894 ejus,
3032 4822 3130 4878 ubi
3163 4820 3475 4877 honorifice
3496 4833 3530 4874 a
3560 4817 3815 4888 quibus—

2116 4914 2248 4969 dam
2296 4912 2593 4968 monachis
2640 4911 2881 4980 suscepti
2935 4910 3123 4966 triduo
3172 4910 3249 4964 ibi
3296 4908 3635 4963 mansimus.
3689 4904 3817 4971 Qui-

2117 5003 2248 5059 dam
2293 5015 2431 5070 ergo
2473 5014 2648 5055 senex
2679 4999 2793 5054 illic
2822 5000 3090 5054 manebat
3130 5012 3164 5052 a
3195 4997 3496 5052 nativitate
3544 4994 3810 5054 claudus,

2115 5099 2169 5147 et
2197 5088 2464 5145 omnibus
2489 5094 2679 5152 notus,
2742 5095 2808 5143 ut
2839 5095 2965 5156 pote
3009 5084 3296 5155 praepositi
3326 5083 3585 5154 ejusdem
3640 5077 3812 5136 castri

2116 5189 2448 5248 germanus.
2482 5174 2605 5240 Hic,
2634 5174 2845 5230 auditis
2873 5174 3165 5229 miraculis
3212 5186 3343 5243 quae
3398 5170 3628 5236 ﬁebant,
3679 5179 3811 5224 cum

2117 5263 2228 5319 ﬁde
2264 5270 2319 5319 et
2366 5261 2547 5317 multa
2602 5261 2899 5317 devotione
2966 5259 3042 5316 ad
3082 5261 3359 5315 feretrum
3408 5258 3587 5323 venit,
3637 5265 3695 5311 et
3742 5266 3810 5309 ex

2116 5364 2272 5421 aqua
2332 5349 2635 5405 lavationis
2698 5347 3076 5417 reliquiarum
3141 5348 3360 5413 bibens,
3419 5358 3603 5415 eaque
3664 5343 3811 5398 lotus

2119 5437 2381 5508 protinus
2417 5450 2608 5493 coram
2673 5436 2884 5506 populo
2936 5442 3020 5491 est
3065 5442 3304 5492 erectus.
3352 5433 3512 5501 Quod
3570 5431 3811 5487 miracu-
