3946 6382
167 364 283 417 985

992 366 1349 424 HERMANNI
1391 368 1481 424 DE
1519 369 1761 426 HIBAC.
1803 372 1862 426 S.
1903 370 2151 427 MARIAS
2197 373 2502 432 LAUDUN.
2537 406 2596 418 —
2625 378 2754 433 LIB.
2797 381 2866 434 ll.

3579 389 3683 444 986

166 495 296 552 lum
344 497 405 553 in
433 504 596 591 tanta
639 499 1009 591 veneratione
1037 509 1120 556 est
1166 502 1430 559 habitum
1465 511 1530 561 ut
1579 504 1872 561 confestim
1911 508 1958 560 Α
1987 509 2216 566 tiatores
2265 510 2402 567 illuc
2440 512 2830 572 adduxerunt.
2865 515 2979 573 Nos
3006 531 3145 588 ergo
3171 531 3203 574 a
3233 519 3452 575 clericis
3521 521 3684 591 ejus-

167 598 488 654 germanus
546 587 674 657 ejus
731 587 909 656 ipsius
968 589 1138 645 castri
1198 592 1538 661 praepositus
1593 593 1664 648 ad
1725 594 1874 648 fere-

173 679 332 728 trum
394 675 782 744 quadraginta
845 676 1058 732 solidos
1122 678 1345 749 Angliaa
1408 688 1647 736 monetae
1701 681 1875 737 obtu-

168 759 321 903 ἔξω,
377 762 756 832 inﬁnitusque
801 764 1050 833 populus
1098 773 1222 834 post
1276 781 1411 822 eum
1465 769 1648 824 multa
1707 769 1875 824 addi—

214 849 342 903 erit.
565 887 571 889 -

214 849 342 904 erit.

247 945 381 1002 CAP.
409 947 536 1002 XX.
565 977 630 986 —
651 950 729 1001 De
747 945 1007 1024 mirqbili
1021 947 1503 1024 vindictqibidem
1506 953 1684 1020 facta
1704 969 1878 1024 super

710 1033 770 1071 eo
793 1017 892 1088 qui
924 1034 986 1070 se
1021 1021 1336 1090 suspendit.

249 1112 358 1168 Sed
407 1127 535 1168 ecce
597 1113 851 1169 terribile
904 1110 1250 1171 miraculum
1301 1117 1584 1187 sequitur,
1635 1119 1789 1189 quod
1843 1133 1878 1175 a

173 1208 434 1269 tempore
489 1201 652 1256 Iuda
708 1202 1016 1271 proditoris
1070 1218 1201 1259 raro
1255 1206 1558 1276 contigisse
1611 1206 1874 1277 legimus.

176 1288 318 1343 Tres
373 1288 658 1358 siquidem
721 1290 967 1359 juvenes
1017 1290 1274 1360 ejusdem
1345 1293 1633 1362 territorii,
1689 1295 1880 1350 carnis

177 1378 683 1448 consanguinitate
743 1379 815 1434 ad
886 1380 1128 1436 invicem
1197 1382 1543 1452 propinqui,
1618 1385 1879 1441 videntes

176 1472 400 1520 tantam
478 1466 782 1534 pecuniam
859 1467 930 1522 ad
1005 1467 1279 1523 feretrum
1369 1470 1606 1538 deferri,
1681 1472 1877 1528 detra-

175 1553 314 1608 here
363 1553 528 1608 nobis
585 1563 902 1622 creperum,
953 1555 1203 1611 dicentes
1248 1571 1350 1612 nos
1393 1567 1651 1628 quzestus
1704 1574 1878 1616 causa

176 1640 418 1710 magicis
504 1641 728 1696 artibus
823 1642 960 1697 talia
1053 1644 1236 1698 facere
1323 1647 1626 1702 miracula.
1723 1648 1877 1711 Quo-

173 1742 309 1783 rum
374 1742 531 1784 unus
595 1729 737 1783 alios
799 1729 948 1784 duos
1010 1731 1351 1787 exhortatur
1418 1741 1482 1788 ut
1541 1749 1733 1790 secum
1803 1737 1872 1791 ad

173 1816 453 1871 feretrum
526 1823 678 1884 eant,
754 1817 1208 1888 simulantesque
1274 1835 1333 1876 se
1399 1821 1541 1876 illud
1601 1823 1870 1891 osculari,

170 1909 320 1963 ειη
371 1904 440 1959 de
486 1903 738 1960 nummis
767 1919 939 1974 super
967 1905 1146 1961 altare
1188 1907 1385 1976 positis
1437 1923 1538 1964 ora
1575 1924 1680 1966 sua
1726 1911 1872 1966 lam-

171 1992 362 2048 bendo
418 1991 703 2061 repleant.
752 1993 1158 2049 Abnuentibus
1217 1995 1326 2050 illis
1377 2003 1602 2052 tantum
1650 1998 1874 2054 facinus

172 2089 504 2150 perpetrare
556 2089 931 2151 sanctamque
990 2083 1214 2138 Domini
1268 2084 1503 2140 Matrem
1565 2085 1870 2154 offendere,

173 2169 430 2238 perfidus
487 2169 580 2224 ille
636 2177 818 2238 empta
876 2170 1186 2238 persistens
1236 2172 1293 2226 in
1342 2173 1581 2240 malitia,
1640 2174 1872 2231 dimisso

172 2257 330 2311 foras
397 2270 546 2326 equo
620 2257 714 2311 cui
789 2256 1039 2325 sedebat,
1107 2258 1400 2314 ecclesiam
1477 2260 1732 2329 intravit,
1801 2264 1874 2319 ad

169 2344 448 2400 feretrum
508 2345 685 2412 venit,
744 2345 1144 2416 simulansque
1210 2361 1267 2402 se
1333 2347 1474 2403 illud
1529 2358 1875 2406 veneranter

169 2433 514 2498 deosculari,
566 2434 636 2489 de
677 2447 880 2489 acervo
921 2448 1294 2491 nummorum
1344 2445 1628 2506 quantum
1690 2441 1873 2508 potuit

168 2529 273 2569 ore
330 2517 542 2584 rapuit,
589 2523 641 2571 et
686 2517 952 2585 protinus
995 2518 1196 2584 exivit,
1246 2533 1674 2590 conscensoque
1722 2535 1872 2591 equo

169 2603 356 2658 socios
403 2603 506 2674 qui
553 2617 687 2660 eum
749 2604 1234 2673 praestolabantur
1281 2614 1561 2676 repetens,
1603 2623 1872 2664 nummos

169 2706 324 2760 quos
367 2699 643 2762 rapuerat
675 2693 941 2758 ostendit,
993 2707 1178 2762 usque
1209 2709 1401 2749 secum
1428 2695 1498 2750 ad
1549 2697 1872 2765 proximam

168 2780 473 2835 tabernam
533 2781 680 2835 irent
734 2788 990 2849 potatum
1045 2781 1326 2837 invitavit.
1379 2783 1873 2852 Respondentibus

167 2869 282 2923 illis
310 2883 368 2923 se
399 2869 630 2938 quidem
667 2883 798 2923 cum
834 2883 899 2924 eo
933 2869 1130 2936 ituros,
1164 2870 1259 2925 sed
1309 2870 1376 2924 de
1428 2871 1522 2926 tali
1573 2871 1724 2927 furto
1755 2888 1871 2928 non

166 2957 477 3022 bibituros,
539 2957 710 3011 miser
771 2957 863 3011 ille
919 2957 1216 3012 tabernam
1286 2957 1523 3025 introiit,
1573 2967 1648 3025 et,
1702 2969 1874 3029 prout

1982 596 2112 653 dem
2159 599 2330 654 castri
2395 607 2691 670 gratanter
2739 605 3006 674 suscepti,
3048 607 3465 677 audientesque
3507 623 3684 665 naves

1983 687 2196 742 multas
2240 687 2560 755 advenisse,
2613 691 2795 760 gavisi
2821 707 2926 748 nos
2971 695 3346 751 emendarum
3396 710 3682 753 novarum

1981 775 2231 830 vestium
2285 779 2768 845 opportunitatem
2829 781 3128 848 invenisse,
3187 783 3258 838 ad
3297 787 3529 852 portum
3582 785 3680 842 de-

1984 864 2334 930 scendimus,
2393 879 2690 936 navesque
2757 867 3110 938 introgressi,
3167 878 3381 926 tantam
3433 873 3680 929 varieta-

1987 958 2093 1006 tem
2125 952 2485 1007 diversarum
2513 954 2788 1009 mercium
2814 954 3117 1025 diligenter
3163 965 3217 1012 et
3256 959 3441 1025 avide,
3487 969 3682 1030 utpote

1983 1042 2252 1097 novitatis
2330 1042 2591 1097 videndae
2657 1043 2889 1109 curiosi,
2949 1046 3454 1114 perspiciebamus.
3519 1048 3682 1112 Quod

1984 1144 2224 1185 cernens
2270 1130 2472 1198 hospes
2521 1137 2730 1195 noster,
2795 1131 3050 1187 innotuit
3096 1133 3259 1188 nobis
3303 1136 3681 1191 consuetudi-

1986 1232 2115 1272 nem
2193 1217 2629 1273 Hibernentium
2690 1220 3112 1289 negotiatorum
3164 1234 3284 1275 esse
3345 1228 3409 1276 ut
3459 1221 3682 1291 ignotos

1986 1305 2246 1364 homines
2273 1307 2502 1362 incaute
2541 1320 2718 1362 naves
2760 1321 2898 1364 suas
2945 1308 3339 1378 introgressos,
3389 1309 3582 1366 subito
3625 1317 3680 1365 et

1985 1395 2308 1464 improvise,
2366 1394 2617 1450 navibus
2667 1409 2701 1450 a
2755 1395 2940 1451 littore
2990 1396 3294 1464 propulsis,
3342 1397 3413 1452 ad
3453 1405 3681 1453 exteras

1984 1485 2245 1540 nationes
2320 1483 2789 1550 transvehebant,
2865 1491 2918 1538 et
2993 1484 3258 1539 barbaris
3329 1485 3676 1549 vendebant,

1986 1573 2324 1641 monuitque
2374 1579 2438 1628 ut
2495 1571 2568 1626 ab
2614 1585 2814 1626 eorum
2864 1571 3086 1626 insidiis
3137 1586 3492 1627 caveremus.
3549 1572 3680 1641 Sed,

1985 1675 2116 1716 cum
2175 1661 2302 1730 ejus
2360 1659 2577 1714 monita
2650 1659 3147 1728 parvipendentes,
3207 1673 3442 1714 rursum
3500 1673 3679 1715 naves

1985 1748 2352 1819 frequentare
2413 1762 2529 1803 non
2602 1749 3015 1813 amitteremus,
3062 1761 3191 1803 ecce
3265 1747 3515 1818 benigna
3579 1747 3678 1802 Dei

1982 1837 2284 1893 Genitricis
2353 1837 2698 1907 provisione,
2774 1835 3037 1905 sequenti
3114 1843 3278 1891 nocte
3354 1850 3470 1892 non
3542 1837 3678 1891 dor-

1982 1926 2230 1993 miendo,
2291 1925 2389 1981 sed
2436 1923 2752 1995 vigilando,
2814 1923 3194 1978 commonitus
3243 1929 3326 1978 est
3375 1922 3526 1977 idem
3570 1921 3675 1976 ho-

1982 2027 2110 2082 spes
2165 2021 2356 2068 noster
2416 2011 2582 2068 nobis
2643 2010 2830 2067 dicere
2889 2025 2960 2066 ne
3028 2010 3273 2066 ulterius
3322 2023 3498 2065 naves
3551 2008 3678 2064 illas

1982 2101 2439 2172 ingrederemur,
2489 2099 2786 2170 quoniam,
2849 2098 2897 2154 si
2949 2099 3080 2169 quis
3137 2098 3236 2153 illa
3274 2098 3365 2154 die
3418 2097 3676 2166 aliquam

1982 2189 2213 2245 illarum
2282 2188 2539 2253 intraret,
2595 2187 2813 2256 absque
2867 2185 3023 2241 omni
3076 2185 3254 2241 dubio
3299 2199 3357 2240 se
3414 2183 3678 2253 protinus

1984 2277 2471 2332 transducendum
2510 2281 2564 2330 et
2611 2274 2874 2328 barbaris
2915 2273 3081 2328 sciret
3123 2287 3242 2328 esse
3284 2272 3672 2327 vendendum.

1978 2364 2138 2431 Quod
2172 2378 2305 2418 cum
2351 2361 2516 2417 nobis
2565 2374 2730 2416 mane
2757 2359 2903 2416 facto
2949 2361 3337 2431 jurejurando
3386 2360 3674 2415 notiticas-

1981 2462 2082 2521 set,
2143 2468 2246 2509 nos
2291 2451 2584 2507 credentes
2627 2449 2780 2519 quod
2829 2463 3031 2504 verum
3089 2457 3234 2515 erat,
3292 2448 3677 2504 misericordia

1980 2541 2194 2596 scilicet
2223 2537 2480 2594 Dominae
2535 2543 2744 2591 nostra;
2805 2549 2910 2590 nos
2954 2534 3128 2590 fuisse
3176 2533 3560 2604 przemonitos,
3604 2533 3677 2588 ad

1979 2642 2158 2684 naves
2207 2627 2452 2682 ulterius
2490 2637 2606 2678 non
2648 2621 3030 2688 ascendimus,
3088 2620 3186 2676 sed
3229 2621 3435 2690 emptis
3486 2634 3677 2675 neces-

1980 2717 2149 2772 sariis
2175 2713 2562 2770 discessimus.

2051 2811 2186 2868 CAP.
2246 2807 2409 2866 XXII
2465 2835 2534 2846 —
2580 2808 2658 2860 De
2707 2818 2890 2883 puero
2942 2805 3150 2858 sanato
3211 2800 3369 2872 apud
3426 2801 3678 2871 Begeam

2664 2877 2953 2929 civitatem
2965 2915 2978 2929 .

2050 2977 2188 3031 Inde
2261 2971 2529 3029 venimus
2611 2969 2684 3023 ad
2764 2969 2986 3033 urbem,
3059 2983 3192 3038 qua;
3261 2965 3484 3038 (Belga)
3569 2979 3676 3021 vo-

166 3045 360 3110 libuit,
423 3044 663 3100 satiatus
721 3045 878 3100 exiit.
942 3045 1141 3100 Postea
1206 3045 1282 3100 illi
1352 3046 1466 3101 duo
1534 3047 1606 3102 ad
1670 3048 1866 3118 populi
1906 3074 2160 3132 comm,
2224 3068 2279 3116 θι
2353 3056 2666 3114 honoriﬁce
2745 3055 2818 3111 ab
2899 3056 3162 3124 episcOpo
3219 3053 3558 3123 clericisque
3611 3067 3678 3108 ac

164 3140 520 3188 conventum
579 3133 857 3199 redeunt;
927 3132 1124 3188 infelix
1187 3147 1320 3188 vero
1381 3133 1492 3202 ille,
1560 3150 1868 3193 CODSCBDSU

163 3235 342 3290 equo,
378 3221 586 3276 cmlesti
627 3221 880 3276 vindicta
925 3235 1057 3276 eum
1107 3230 1502 3292 persequente,
1547 3224 1866 3292 proximam

164 3309 398 3372 silvam,
455 3324 584 3378 quze
659 3310 757 3365 vix
819 3309 1054 3364 dimidio
1123 3310 1391 3365 milliario
1460 3312 1658 3380 procul
1720 3321 1863 3382 erat,

164 3397 426 3466 expetiit,
481 3406 742 3466 resteque
787 3397 940 3453 linea
981 3397 1123 3453 collo
1171 3412 1274 3453 suo
1330 3398 1748 3470 circumligata,
1809 3401 1868 3456 in

169 3486 348 3541 unius
377 3486 596 3540 arboris
627 3501 785 3541 ramo
828 3501 886 3540 se
923 3486 1237 3555 suspendit.
1274 3487 1478 3556 Equus
1511 3488 1605 3542 cui
1647 3489 1864 3544 insede-

164 3582 280 3638 rat,
313 3588 534 3629 vacuus
565 3575 637 3629 ad
661 3575 937 3644 populum
973 3575 1218 3640 rediens,
1255 3576 1469 3630 mirum
1504 3577 1865 3632 intuentibus

165 3671 465 3732 stuporem
527 3663 788 3732 praebuit.
860 3662 1068 3718 Statim
1132 3663 1351 3732 praefati
1431 3665 1546 3719 duo
1599 3666 1862 3735 juvenes,

167 3751 456 3819 comparis
530 3751 617 3805 sui
691 3765 909 3820 equum
977 3759 1433 3821 recognocentes,
1497 3759 1552 3806 et
1612 3753 1750 3822 quid
1815 3753 1866 3808 ei

166 3839 498 3908 contigisset
526 3839 893 3905 admirantes,
937 3840 1033 3895 sed
1079 3841 1392 3896 nescientes
1433 3841 1568 3911 equi
1605 3843 1862 3912 vestigia,

168 3927 581 3996 perscrutando
619 3935 673 3982 et
715 3927 930 3982 cursim
981 3929 1379 3998 prosequendo
1424 3929 1496 3984 ad
1535 3929 1740 3985 silvam
1775 3945 1865 3986 ce-

167 4013 362 4069 leriter
418 4023 824 4084 pervenerunt,
879 4029 1129 4085 eumque
1188 4025 1335 4071 reste
1383 4030 1752 4086 suspensum,
1810 4025 1866 4073 et

160 4103 285 4174 jam
329 4111 618 4158 mortuum
669 4103 1033 4158 invenerunt.
1069 4104 1422 4172 Deponentes
1470 4113 1662 4161 autem
1707 4121 1861 4172 eum,

165 4197 221 4245 et
277 4190 657 4259 marsupium,
721 4191 876 4262 quod
931 4191 1001 4246 ad
1067 4194 1192 4262 ejus
1253 4193 1505 4248 balteum
1563 4195 1860 4262 pendebat,

167 4276 470 4344 solventes,
532 4293 801 4334 nummos
853 4294 1000 4348 quos
1066 4288 1358 4349 rapuerat,
1410 4280 1601 4336 adhuc
1652 4283 1861 4336 recenti

169 4365 353 4420 saliva
401 4366 516 4421 oris
542 4368 669 4436 ejus
703 4365 960 4433 infectos,
1008 4375 1371 4436 repererunt.
1411 4367 1566 4430 Quod
1604 4368 1865 4437 protinus

168 4467 302 4508 cum
351 4454 604 4509 maximo
657 4454 819 4510 luctu
875 4455 946 4509 ad
995 4455 1266 4512 feretrum
1313 4463 1664 4524 reportantes
1693 4470 1865 4524 super

168 4545 349 4600 altare
385 4551 786 4612 reposuerunt,
841 4551 1124 4612 terraeque
1171 4545 1462 4613 prostrati,
1511 4552 1565 4600 et
1622 4559 1723 4614 pro
1767 4546 1862 4601 de-

169 4633 351 4688 functi
391 4631 623 4701 cognati
653 4631 744 4687 sui
787 4632 982 4687 anima
1012 4632 1459 4689 misericordiam
1503 4642 1714 4688 sanctze
1765 4633 1864 4689 Dei

167 4719 469 4776 Genitricis
543 4721 934 4790 implorantes,
1016 4735 1210 4776 coram
1281 4722 1568 4777 universis
1642 4722 1866 4779 facinus

167 4808 325 4878 quod
384 4809 555 4863 miser
606 4815 1036 4877 perpetraverat
1092 4809 1433 4865 retulerunt.
1483 4811 1715 4866 Videres
1765 4826 1862 4880 po-

166 4897 286 4966 puli
325 4905 585 4952 catervas
627 4897 823 4952 audito
869 4904 1028 4952 tanto
1073 4899 1280 4953 scelere
1309 4906 1621 4968 stupentes,
1653 4907 1708 4954 et
1765 4913 1864 4968 pro

166 4992 282 5040 tam
331 4985 500 5040 celeri
549 4985 804 5041 vindicta
853 4994 1079 5054 pectora
1117 5000 1224 5042 sua
1273 4987 1566 5042 tundendo
1616 4988 1861 5042 ubertim

167 5073 451 5141 lacrymas
479 5074 824 5128 emittentes.

239 5171 371 5226 CAP.
395 5171 550 5225 XXI.
585 5199 651 5210 —
675 5174 750 5224 De
772 5169 1112 5226 liberatione
1131 5168 1466 5225 clericorum
1479 5187 1582 5240 per
1599 5175 1863 5226 sanctam

483 5241 742 5296 Mariam
767 5242 924 5312 apud
961 5247 1217 5296 castrum
1247 5241 1542 5297 Bristolth.

238 5337 370 5392 Inde
408 5338 674 5393 venimus
704 5337 776 5393 ad
812 5338 1183 5394 fortissimum
1217 5338 1355 5394 illud
1387 5345 1664 5403 castrum,
1707 5339 1861 5408 quod

167 5433 405 5482 vocatur
454 5425 740 5494 Bristolth,
795 5426 950 5496 quod
992 5441 1198 5497 magno
1251 5427 1490 5482 flumine
1531 5427 1862 5482 circumda-

169 5522 281 5577 tur,
317 5527 418 5582 per
474 5514 628 5583 quod
678 5513 998 5570 maritimas
1041 5529 1217 5570 naves
1271 5515 1340 5569 de
1397 5515 1620 5569 lbernia
1672 5514 1864 5570 insula

167 5601 338 5657 variis
369 5601 656 5657 mercibus
701 5609 956 5669 onustas,
1007 5610 1146 5659 tunc
1177 5616 1354 5672 quam
1398 5601 1631 5671 plurimi
1680 5615 1859 5672 nego-

1976 3151 2273 3214 monachis
2316 3144 2565 3215 suscepti
2612 3158 2833 3199 sumus.
2865 3145 2927 3197 In
2973 3143 3095 3212 ipsa
3125 3149 3317 3197 autem
3352 3141 3493 3197 urbe
3540 3149 3678 3197 sunt

1975 3244 2182 3300 balnea
2211 3237 2414 3301 calida,
2464 3247 2596 3304 quae
2648 3232 2720 3287 ab
2748 3231 2877 3286 aliis
2910 3231 3149 3286 thermae
3175 3235 3479 3284 vocantur.
3528 3229 3677 3284 Puer

1977 3330 2215 3402 quidatn
2263 3322 2566 3387 duodenis,
2623 3320 2821 3376 eadem
2885 3319 2973 3373 die
3020 3318 3305 3372 adventus
3357 3316 3535 3370 nostri
3587 3316 3676 3370 la-

1975 3416 2152 3472 vandi
2218 3425 2392 3468 causa
2465 3423 2597 3466 cum
2685 3408 2854 3463 sociis
2927 3407 3048 3462 suis
3106 3405 3335 3461 easdem
3423 3404 3676 3458 thermas

1976 3504 2291 3573 ingressus,
2345 3498 2440 3553 sed
2501 3496 2696 3550 minus
2741 3503 2908 3550 caute
2964 3494 3067 3549 sibi
3122 3491 3448 3562 providens,
3501 3505 3670 3560 aquai

1975 3591 2212 3650 calentis
2242 3585 2602 3644 vehementia
2646 3585 2968 3653 depressus,
3005 3596 3188 3651 usque
3221 3581 3278 3634 in
3307 3577 3675 3649 [profundum

1977 3681 2332 3735 thermarum
2363 3685 2447 3732 est
2475 3676 2832 3731 submersus.
2874 3672 3035 3728 Unde
3084 3679 3273 3726 tamen
3324 3682 3358 3723 a
3410 3667 3670 3738 parenti-

1978 3769 2084 3823 bus
2115 3771 2408 3820 extractus
2437 3770 2493 3817 et
2524 3776 2656 3816 cum
2703 3761 2864 3814 luctu
2893 3759 3128 3812 domum
3169 3757 3404 3821 relatus,
3439 3752 3673 3810 vitalem

1975 3852 2241 3921 spiritum
2287 3851 2408 3920 jam
2454 3849 2716 3904 funditus
2767 3846 3020 3902 emisisse
3051 3859 3085 3900 a
3131 3844 3328 3899 multis
3351 3843 3669 3898 dicebatur.

1976 3940 2082 3996 Sed
2151 3939 2362 3994 auditis
2443 3935 2739 3991 miraculis
2805 3933 3056 3990 Dominae
3113 3941 3344 3998 nostrae,
3408 3929 3480 3984 ad
3547 3929 3675 3998 ejus

1973 4029 2248 4085 feretrum
2307 4041 2437 4082 cum
2495 4025 2678 4081 multa
2737 4023 2866 4078 fidei
2911 4021 3212 4076 devotione
3267 4033 3396 4074 eum
3455 4015 3671 4071 detule-

1975 4124 2132 4172 runt.
2165 4115 2278 4170 Nos
2326 4127 2462 4183 ergo
2520 4111 2775 4166 videntes
2825 4121 3036 4177 corpus
3082 4107 3204 4175 jam
3247 4103 3670 4174 refrigeratum,

1973 4204 2116 4259 duos
2176 4203 2336 4272 ignes
2394 4200 2535 4263 ﬁeri,
2587 4206 2641 4254 ct
2689 4198 2747 4252 in
2797 4194 2982 4251 medio
3035 4206 3232 4248 eorum
3278 4197 3510 4260 propter
3530 4189 3672 4244 reci-

1973 4291 2212 4360 piendos
2261 4288 2479 4344 calores
2520 4286 2661 4341 illud
2710 4283 3004 4352 suspendi,
3064 4281 3143 4336 ita
3190 4287 3253 4335 ut
3307 4284 3480 4347 caput
3529 4277 3670 4332 inte-

1906 4371 1946 4423 D
1977 4379 2118 4444 rius,
2152 4377 2320 4446 pedes
2352 4389 2486 4430 vero
2519 4373 2828 4444 penderent
2878 4370 3166 4440 superius,
3215 4367 3421 4424 deinde
3459 4380 3520 4422 os
3548 4366 3674 4436 ejus

1974 4464 2185 4534 aperiri
2218 4464 2559 4532 lignumque
2590 4473 2835 4529 parvum
2869 4459 3014 4513 inter
3058 4456 3384 4524 superiores
3425 4461 3481 4510 et
3523 4452 3672 4508 infe-

1973 4554 2152 4608 riores
2210 4552 2407 4606 dentes
2465 4549 2596 4618 poni
2645 4547 2902 4602 fecimus.
2963 4545 3086 4610 Quo
3146 4544 3312 4610 facto,
3376 4551 3432 4598 et
3486 4541 3668 4597 multa

1973 4654 2142 4709 aqua
2185 4637 2544 4695 abundantia
2595 4635 2864 4697 evomita,
2915 4632 3267 4702 corpusjam
3321 4630 3674 4686 sufficienter

1971 4727 2309 4783 calefactum
2356 4725 2684 4794 deponitur,
2753 4731 2806 4778 et
2854 4722 2925 4776 ad
2976 4722 3251 4776 feretrum
3311 4719 3668 4787 deportatur,

1973 4829 2128 4885 aqua
2179 4815 2422 4870 lotarum
2483 4812 2861 4882 reliquiarum
2924 4809 3202 4872 abluitur,
3251 4808 3308 4860 in
3351 4820 3448 4861 ore
3498 4806 3672 4859 etiam

1971 4902 2098 4972 ejus
2125 4899 2556 4969 aliquantulum
2587 4912 2660 4954 ex
2691 4912 2759 4954 ea
2803 4897 3134 4952 distillatur.
3181 4893 3297 4950 Nec
3329 4906 3509 4958 mora,
3544 4904 3672 4946 ecce

1974 5004 2136 5060 puer,
2199 4990 2311 5044 Deo
2373 4989 2702 5054 miserante,
2758 5002 2870 5041 non
2921 4985 3104 5040 solum
3163 4982 3370 5053 spiritu
3422 4987 3667 5049 recepto,

1971 5079 2070 5134 sed
2124 5077 2294 5133 etiam
2343 5076 2570 5145 integra
2625 5075 2872 5130 sanitate
2917 5075 3248 5138 subsecuta,
3314 5071 3478 5126 laetus
3535 5082 3668 5124 cum

1976 5165 2312 5236 parentibus
2340 5164 2461 5219 suis
2492 5163 2727 5217 domum
2754 5161 2942 5216 rediit.

2043 5255 2224 5310 Multa
2263 5261 2398 5309 sunt
2426 5259 2482 5307 et
2528 5250 2639 5306 alia
2689 5249 2990 5312 miracula,
3032 5263 3162 5318 quas
3198 5247 3255 5302 in
3305 5245 3508 5316 Anglia
3542 5245 3671 5300 fecit

1974 5341 2212 5395 Domina
2251 5346 2466 5404 nostra,
2521 5337 2685 5392 nobis
2739 5335 3128 5398 cernentibus,
3171 5349 3303 5404 quae
3331 5332 3666 5403 singillatim

1971 5428 2134 5484 facile
2177 5442 2292 5484 non
2337 5433 2521 5496 posset
2562 5425 2852 5494 explicare
2883 5423 3192 5493 cujuslibet
3223 5421 3508 5477 facundia.
3538 5421 3670 5476 Haec

1971 5530 2108 5571 vero
2162 5516 2230 5570 de
2288 5515 2552 5584 pluribus
2619 5518 2768 5566 54%
2835 5524 3019 5580 pauca
3077 5524 3340 5565 narrasse
3397 5508 3666 5576 sufficiat,

1970 5618 2123 5672 quze,
2169 5611 2306 5659 teste
2333 5605 2446 5660 Deo
2492 5603 2620 5674 ejus
2663 5600 2824 5667 Filio,
2870 5600 2994 5656 sine
3024 5599 3143 5654 ulla
3189 5598 3431 5654 falsitate
3470 5596 3670 5652 retuli-
