3946 6420
306 364 409 416 987
1225 358 1526 416 APPEND.
1566 358 1660 413 AD
1701 356 1832 413 LIB.
1874 357 1953 413 III
1988 356 2319 413 GUIBERTI
2357 357 2452 416 DE
2492 356 2657 414 VITA
2692 356 2852 412 SUA.
3704 361 3814 414 988

306 506 438 549 mus
466 489 797 548 narratione
828 490 1213 547 veracissima.
1245 491 1408 545 Nunc
1434 502 1571 544 vero
1601 501 1874 560 rogamus
1899 501 2002 544 vos
2022 496 2084 565 ,Α
2109 488 2364 558 exceptis
2413 487 2669 554 cortinis,
2710 494 2767 543 et
2803 485 2934 542 aliis
2979 485 3378 544 ecclesiasticis
3429 487 3811 555 ornamentis,

308 581 457 637 sicut
483 580 685 636 fratres
711 586 767 636 et
794 578 1073 644 dominos,
1104 586 1279 648 atque
1307 576 1720 632 concanonicos
1751 583 1994 644 nostros,
2106 590 2180 632 ex
2235 576 2448 647 Anglia
2506 576 2672 632 nobis
2714 574 3033 642 attulimus,
3096 582 3152 630 et
3201 575 3304 646 qui
3361 575 3503 631 feria
3552 575 3815 632 secunda

266 681 558 738 lquorum
623 674 905 737 pracepto
958 680 1113 721 mare
1166 672 1547 728 transeuntes,
1601 664 1880 733 plurimos
1941 664 2000 718 in
2108 670 2242 718 ante
2298 676 2489 717 ramos
2551 661 2880 717 Palmarum
2928 674 2963 715 a
3010 661 3176 717 vobis
3231 662 3617 728 discessimus,
3678 674 3817 718 ecce

308 753 510 811 itinere
561 755 782 810 labores
825 754 1185 823 pertulimus,
1227 759 1291 807 ut
1336 766 1537 807 eorum
1586 752 1832 816 animas,
1899 752 2002 821 qui
2109 764 2269 806 nunc
2308 749 2538 805 duobus
2565 749 2769 805 diebus
2805 757 2939 804 ante
2982 748 3355 805 Nativitatem
3407 750 3658 806 Domina
3707 763 3817 804 no-

310 842 473 898 vobis
508 856 608 911 per
641 856 745 897 nos
783 855 918 897 suas
963 839 1403 896 transmiserunt
1451 837 1839 907 eleemosynas
1885 838 2002 893 Do-
2110 845 2244 894 stra
2299 838 2645 893 revertimur
2710 836 2780 891 ad
2841 851 2960 903 vos,
3018 852 3152 892 cum
3205 838 3437 909 gaudio,
3504 837 3821 893 laudantes

310 930 466 985 mino
513 930 735 999 piasque
788 927 1055 985 Genitrici
1102 929 1229 997 ejus
1283 926 1713 991 commendetis,
1759 934 1813 981 et
1881 940 2005 980 om-
2113 926 2408 981 vobiscum
2436 927 2641 994 “esum
2690 925 2981 981 Christum
3030 926 3335 981 Dominum
3379 934 3639 981 nostrum
3684 926 3826 994 ejus

312 1018 474 1072 nium
524 1017 803 1073 bonorum
856 1031 988 1086 qua
1051 1015 1107 1071 in
1160 1013 1397 1070 ecclesia
1443 1013 1787 1069 laudunensi
1836 1013 2002 1080 ﬁunt,
2116 1013 2345 1080 Filium,
2373 1011 2604 1083 'chem
2656 1026 2877 1082 regum,
2921 1020 2978 1068 et
3015 1013 3325 1068 Dominum
3364 1012 3821 1076 dominantium,

314 1104 400 1159 vel
470 1105 737 1173 deinceps
789 1104 910 1160 ileri
977 1102 1299 1173 contigerit,
1360 1116 1456 1157 eos
1529 1101 1833 1170 participes
1887 1115 2008 1158 esse
2115 1101 2377 1171 quicum
2413 1102 2577 1156 Patre
2620 1108 2675 1156 et
2726 1100 2942 1169 Spiritu
2971 1108 3171 1156 sancto
3204 1100 3428 1156 vivitet
3475 1106 3680 1171 regnat
3712 1112 3827 1169 per

316 1192 656 1248 concedatis.
732 1191 974 1249 Centum
1032 1191 1317 1262 siquidem
1375 1196 1431 1246 et
1495 1189 1703 1259 viginti
1762 1203 2004 1251 marcas,
2114 1189 2310 1245 omnia
2341 1188 2551 1245 saecula
2579 1188 2945 1245 saeculorum.

1182 1516 1892 1621 CAPITULA
1958 1516 2355 1617 LIBRI
2423 1515 2940 1617 TERTII.

626 1709 759 1764 CAP.
803 1708 825 1762 Ι
856 1711 936 1763 De
962 1705 1332 1777 multitudine
1359 1705 1561 1777 papuli
1587 1706 1665 1761 ad
1691 1705 2105 1777 dedicationem
2134 1706 2388 1762 ecclesia
2414 1706 2811 1761 Laudunensis

627 1778 761 1834 CAP.
806 1779 875 1832 II.
904 1777 1185 1844 Quomodo
1210 1775 1447 1847 domnus
1474 1777 1923 1847 Bartholomaus
1939 1776 2238 1847 episcOpus
2262 1776 2537 1833 damnum
2564 1777 2915 1831 Norbertum
2940 1775 3237 1847 invenerit.

624 1848 758 1904 CAP.
802 1849 891 1903 III.
922 1851 996 1903 De
1019 1846 1323 1919 ecclesiola
1341 1847 1539 1919 sancti
1568 1846 1815 1919 Martini
1842 1846 2259 1912 Laudunensis,
2282 1850 2339 1901 et
2361 1847 2639 1919 quomodo
2662 1847 3103 1903 Bartholomaus
3121 1846 3421 1917 episcopus
3443 1846 3810 1901 Norbertum

978 1935 1087 1989 per
1110 1917 1369 1989 plurima
1391 1917 1517 1971 loca
1546 1917 1790 1989 duxerit.

626 1992 760 2044 CAP.

626 2059 759 2116 CAP.

625 2131 758 2185 CAP.

803 1986 2085 2069 ΕΥ-,οίιονηῖίάοζνέηιοπεεῖαζεηείεῒ,πςέειτία
2110 1986 2364 2069 inserta
2389 1990 2488 2069 ’,ξε-
2567 2056 2602 2069 ..
2636 2059 2693 2069 --
2772 2055 2808 2069 ..
2858 2055 2932 2069 .-
3042 2056 3060 2069 .
3256 2055 3267 2066 .

802 2060 864 2111 V.
900 2058 1185 2123 Quomodo
1224 2059 1513 2113 Walterus
1526 2059 1733 2127 factus
1758 2057 1837 2112 sit
1863 2058 2044 2112 abbas
2065 2056 2370 2114 ecclesiola
2398 2056 2602 2112 Sancti
2622 2056 2871 2112 Martini

801 2130 891 2201 VI.
926 2128 1209 2201 Quomodo
1235 2127 1802 2201 Pramonstratensis
1837 2127 2097 2201 ecclesia
2116 2129 2360 2201 domnus
2390 2130 2564 2201 Huga
2586 2129 2890 2200 praefectus
2926 2126 3023 2183 sit.

628 2200 762 2254 CAP.
805 2200 918 2255 VII.
953 2199 1255 2270 Multiplea:
1280 2197 1696 2254 commendatio
1725 2196 1921 2253 damni
1946 2198 2240 2255 Norberti.

627 2271 762 2326 CAP.
797 2270 944 2325 VIII.

978 2268 1261 2340 Quomodo
1288 2270 1679 2340 episcopatum
1702 2270 2180 2340 Cameracensem
2207 2268 2480 2325 renuerit.

627 2341 761 2411 CAP.
803 2340 892 2393 IX.
954 2339 1241 2411 Quomodo
1266 2338 1777 2411 Magdeburqensis
1803 2339 2267 2411 archiepiscopus
2290 2341 2485 2411 factus
2505 2338 2608 2411 sit.

631 2410 765 2465 CAP.
807 2411 864 2465 Χ.
899 2409 1238 2465 Immutatio
1265 2409 1514 2465 ecclesia
1544 2409 2123 2475 Pramonstratensis,
2150 2409 2206 2465 et
2224 2410 2568 2466 melioratio.

632 2478 766 2535 CAP.
810 2479 897 2533 Xl.
929 2485 1010 2536 De
1027 2480 1448 2536 constructione
1480 2479 1909 2535 Fuisniacensis
1934 2480 2192 2536 canobii.

630 2551 765 2605 CAP.

631 2620 767 2676 CAP.

631 2689 765 2745 CAP.

632 2761 765 2816 CAP.

631 2831 765 2885 CAP.

630 2900 766 2957 CAP.

631 2972 763 3026 CAP.

629 3042 763 3098 CAP.

630 3113 763 3168 CAP.

624 3184 758 3239 CAP.

625 3252 758 3309 CAP.

629 3324 762 3379 CAP.

627 3394 760 3451 CAP.

627 3463 761 3521 CAP.

627 3535 761 3590 CAP.

807 2551 915 2604 XII.
955 2554 1035 2606 De
1062 2550 1481 2605 constructione
1510 2549 1882 2620 Spinetensis.

810 2620 943 2675 XIII.
974 2624 1053 2676 De
1079 2621 1499 2676 constructione
1537 2619 1956 2678 Valclarensis.

806 2762 911 2815 XV.
946 2761 1032 2815 De
1051 2761 1464 2817 constructione
1495 2762 1975 2830 Clarefontensis.

804 2831 939 2885 XVI.
975 2833 1060 2886 De
1085 2832 1505 2886 constructione
1543 2832 1975 2887 Cuissiacensis.

804 3535 1012 3590 XXVI.
1052 3538 1126 3589 De
1159 3535 1504 3591 Theodorico
1523 3535 1918 3591 Ambianensi.

806 2691 937 2746 XIV.
970 2694 1043 2745 Ue
1072 2691 1495 2747 constructione
1529 2690 1879 2747 Tenoliensis
1906 2690 2170 2748 ecclesia.

804 2902 963 2973 XVII.
989 2905 1064 2957 De
1096 2902 1514 2957 constructione
1540 2901 1780 2957 εωθιοὸἱί
1790 2902 2156 2973 feminarum
2179 2902 2333 2973 quod
2354 2900 2569 2957 dicitur
2597 2899 3091 2955 monasteriolum.

806 2972 984 3027 XVIII.
1018 2976 1097 3028 De
1116 2973 1322 3027 domno
1351 2974 1579 3028 Simone
1605 2973 1811 3027 abbate
1837 2972 2037 3028 Sancti
2064 2972 2322 3028 Nicblai.

805 3044 933 3097 XIX.
964 3046 1043 3097 De
1070 3044 1291 3098 Damno
1321 3043 1574 3099 Gitberto
1605 3044 1809 3098 abbate
1832 3043 2042 3100 Sancti
2069 3042 2395 3098 Michaelis.

806 3114 908 3168 XX.
942 3116 1018 3167 De
1047 3113 1254 3167 domno
1286 3113 1560 3169 Anselmo
1589 3114 1791 3168 abbate
1815 3113 2019 3167 Sancti
2048 3112 2357 3169 Vincentii.

793 3184 920 3255 XXI.
956 3183 1237 3249 Quomodo
1272 3182 1424 3239 idem
1455 3184 1766 3255 Anselmrus
1791 3185 1981 3239 Roma
2002 3185 2064 3239 in
2093 3184 2419 3255 epis-cepam
2450 3182 2867 3255 Tornacensem
2896 3180 3111 3255 electus
3128 3180 3225 3255 sit.

802 3254 972 3310 XXII.
997 3257 1075 3309 De
1100 3256 1448 3325 correctione
1481 3254 1723 3311 Abbatis
1752 3255 1943 3325 sancti
1969 3250 2243 3321 Joannis,
2272 3250 2324 3310 et
2358 3251 2645 3325 Drogonis
2671 3251 2897 3307 abbatis
2922 3250 3306 3308 institutione.

802 3324 1003 3380 XXIII.
1036 3326 1118 3379 De
1147 3324 1427 3380 Balduino
1456 3326 1661 3380 abbate
1704 3324 1815 3379 loci
1836 3325 2108 3391 eiusdem.

802 3395 1009 3451 XXIV.
1037 3394 1435 3465 Quamrditata
1457 3396 1539 3451 sit
1570 3396 1761 3465 major
1788 3394 2048 3451 Ecclesia
2070 3399 2281 3449 sancta
2305 3393 2511 3449 Maria
2536 3392 2642 3449 sub
2665 3392 3077 3449 Bartholomao
3111 3391 3408 3462 Pontiﬁce.

804 3465 991 3545 ἒξέδίε
1024 3469 1101 3545 οε
1131 3464 1385 3545 θέιέἀοτεε
1416 3464 1828 3545 Calamam
1846 3466 2131 3545 εΡί-σοορο·

629 3602 763 3661 CAP.
807 3605 1036 3660 XXVII.
1067 3608 1142 3660 De
1170 3604 1411 3659 muliere
1433 3606 1507 3660 ab
1536 3605 1801 3662 incendio
1828 3606 2077 3662 liberata
2099 3603 2332 3662 Civiaci.

627 3674 763 3730 CAP.
807 3675 1065 3731 XXVIII.
1088 3679 1170 3731 De
1180 3676 1355 3745 furto
1381 3676 1666 3732 Anselmi.

1526 3956 1533 3966 “
1639 3978 1977 4066 LIBER
2040 3976 2553 4069 TERTIUS.

373 4298 522 4349 543
548 4295 680 4349 CAP.
724 4293 933 4349 I.—De
962 4289 1547 4373 multitudinepOpuli
1572 4290 1649 4345 ad
1685 4289 1994 4348 dedicatio-
2032 4292 2073 4346 Β
2105 4290 2518 4360 pontiﬁcatum,
2576 4297 2641 4347 ut
2693 4290 3172 4360 suprascriptum,
3219 4296 3322 4356 est,
3381 4288 3632 4345 domnus
3677 4290 3812 4345 Bar-

722 4379 854 4417 nem
882 4362 1132 4417 ecclesia
1169 4362 1578 4417 Laudunensis.

382 4468 714 4541 Opitulante
739 4482 878 4539 ergo
906 4467 1105 4522 divina
1149 4467 1468 4534 clementia,
1501 4481 1573 4524 ex
1610 4466 1998 4524 oblationibus

311 4558 560 4613 ﬁdelium
603 4570 703 4626 per
750 4556 1049 4611 Franciam
1088 4563 1143 4611 et
1169 4555 1435 4626 Angliam
1466 4555 1735 4623 collectis,
1774 4555 1832 4610 in
1873 4564 2003 4610 tan-

309 4654 433 4703 tum
470 4644 722 4702 ecclesia
770 4651 978 4700 nostra
1024 4658 1170 4714 opus
1212 4652 1611 4715 prosperatum
1658 4652 1743 4699 est
1812 4650 1878 4699 ut
1923 4656 2008 4697 se-

310 4733 512 4805 quenti
578 4746 732 4789 anno
780 4732 1067 4804 completa
1141 4731 1534 4789 adificationis
1592 4730 2008 4787 restauratione

308 4821 689 4878 dedicaretur.
733 4822 902 4878 Anno
932 4822 1216 4891 siquidem
1249 4821 1322 4877 ab
1352 4820 1753 4876 lncarnatione
1780 4818 2005 4874 Domini

310 4909 610 4966 millesimo
666 4911 973 4966 centesimo
1022 4909 1379 4975 duodecimo,
1447 4907 1589 4964 feria
1641 4906 1848 4977 quinta
1913 4920 2008 4975 pa-

310 4997 520 5054 schalis
549 4998 938 5066 bebdomada,
982 4998 1220 5068 praefata
1265 4996 1504 5052 ecclesia
1541 4995 1841 5051 combusta
1890 4994 2009 5050 tue-

313 5094 422 5152 rat,
457 5087 562 5155 (57)
592 5100 709 5155 quo
739 5086 829 5141 die
858 5087 1029 5142 etiam
1059 5086 1307 5139 domnus
1335 5082 1682 5139 Gualdricus
1710 5081 2010 5152 episcopus

315 5173 714 5230 Laudunensis
741 5173 1048 5230 crudeliter
1089 5171 1418 5227 interfectus
1452 5177 1538 5226 est
1569 5170 1625 5225 in
1664 5170 1830 5226 domo
1878 5184 2005 5237 sua,

314 5276 444 5317 cum
486 5260 835 5332 quibusdam
865 5274 936 5317 ex
967 5259 1319 5329 hominibus,
1351 5260 1492 5325 suis,
1525 5259 1915 5328 successitque
1957 5259 2006 5315 ei

316 5348 374 5405 in
422 5349 750 5419 episcopatu
803 5349 1052 5403 domnus
1105 5347 1300 5419 Hugo;
1359 5347 1479 5417 qui,
1540 5360 1671 5402 cum
1730 5346 1828 5401 vix
1882 5355 2007 5402 octo

316 5437 613 5494 mensibus
640 5435 1073 5507 supervixisset,
1112 5450 1178 5491 eo
1223 5435 1491 5493 defuncto
1541 5435 1758 5491 electus
1804 5442 1891 5490 est
1935 5434 2007 5490 ad

388 5594 499 5662 (57)
523 5594 605 5685 Ita
629 5592 798 5648 etiam
829 5591 1085 5648 Guibcrt.
1115 5593 1252 5647 Vita
1275 5592 1374 5648 lib.
1411 5607 1488 5659 ιιι,
1516 5604 1643 5662 cap.
1690 5594 1773 5645 Η.

2107 4379 2461 4436 tholomaus.
2495 4379 2595 4435 Hic
2620 4377 2923 4448 episcopus
2960 4385 3325 4433 consecratus
3358 4378 3499 4433 adeo
3530 4379 3805 4448 templum

2116 4467 2372 4523 Domina
2420 4475 2628 4523 nostra
2674 4466 2897 4522 studuit
2958 4466 3295 4532 accelerare,
3371 4473 3436 4521 ut
3483 4473 3611 4535 post
3664 4467 3809 4523 duos

2116 4556 2465 4612 semi-annos
2506 4554 2851 4611 incensionis
2886 4557 3032 4624 ejus,
3064 4567 3301 4610 rursum
3335 4554 3492 4609 ﬁeret
3539 4554 3809 4610 solemnis

2115 4644 2394 4699 dedicatio
2423 4643 2622 4713 ipsius,
2672 4656 2824 4698 anno
2868 4642 3081 4698 scilicet
3126 4643 3199 4698 ab
3244 4642 3640 4698 incarnatione
3698 4643 3804 4698 Do-

2117 4732 2259 4787 mini
2292 4731 2594 4788 millesimo
2623 4731 2929 4787 centesimo
2957 4739 3167 4801 quarto
3191 4731 3429 4786 decimo.

2187 4819 2409 4895 Placuit
2463 4827 2655 4875 autem
2709 4818 2975 4888 episcopo
3030 4827 3086 4874 et
3130 4818 3439 4886 canonicis,
3494 4825 3556 4874 ut
3611 4819 3805 4875 eodem

2116 4907 2207 4964 die
2253 4915 2688 4964 consecraretur
2725 4922 2841 4978 quo
2873 4907 3110 4963 celebris
3148 4906 3275 4977 ejus
3315 4898 3597 4962 dedicatio
3643 4906 3806 4962 annis

2115 4996 2359 5067 singulis
2407 4996 2701 5052 observari
2748 5004 3145 5061 consueverat,
3190 4995 3243 5050 id
3291 4999 3378 5051 est
3423 5002 3625 5051 octavo
3676 4996 3805 5051 ldus

2117 5083 2479 5153 Septembris,
2546 5084 2711 5141 tertio
2782 5083 3044 5141 videlicet
3107 5084 3199 5139 die
3254 5091 3385 5139 ante
3438 5082 3801 5138 Nativitatem

2118 5172 2303 5228 Beata
2328 5171 2538 5228 Maria.
2577 5172 2663 5229 Ad
2688 5186 2864 5243 quam
2905 5172 3316 5229 dedicationem
3343 5172 3617 5241 prafatus
3645 5173 3801 5227 dom-

2116 5273 2229 5315 nus
2278 5260 2725 5318 Bartholomaus
2767 5262 3064 5332 episcopus
3111 5260 3408 5316 accersivit
3448 5274 3641 5316 secum
3693 5261 3798 5315 Ra-

2118 5347 2401 5417 dulpbum
2459 5350 2769 5406 Remorum
2837 5349 3357 5418 archiepiscopum,
3430 5348 3792 5404 Guillelmum

2114 5435 2589 5495 Catalaunensem
2651 5438 3001 5508 episcopum,
3055 5436 3375 5493 Lisiardum
3429 5435 3796 5492 Suessionen-
