3946 6388
52 349 156 400 989

52 576 400 621 nectensem.
451 565 636 620 Tanta
690 579 824 619 vero
878 564 1060 634 plebis
1106 563 1415 620 multitudo
1467 562 1752 618 confluxit

52 651 125 706 ad
174 652 358 721 ipsam
418 652 856 718 dedicationem,
910 659 973 706 ut
1017 651 1264 706 ducenta
1312 650 1491 704 millia
1541 646 1752 703 diversi

52 753 230 794 sexus
275 747 329 795 et
375 740 558 795 atatis
594 739 862 794 dicantur
915 738 1274 807 interfuisse;
1331 751 1540 808 magna
1579 735 1755 805 siqui-

51 826 183 882 dem
236 827 433 883 latitia
481 836 821 882 cunctorum
862 827 1131 882 cordibus
1179 827 1384 892 inerat,
1425 825 1579 896 quod
1633 829 1754 893 post

54 921 279 971 tantam
325 916 582 986 ejusdem
631 915 917 981 Ecclesia,
967 915 1080 970 imo
1127 915 1300 970 totius
1355 911 1755 968 Laudunensis

53 1001 222 1056 urbis
249 1003 675 1070 desolationem,
713 1003 771 1057 in
805 1010 918 1057 tam
967 1002 1125 1057 brevi
1157 1001 1358 1070 spatio,
1393 1001 1447 1054 id
1497 1008 1579 1054 est
1609 999 1756 1053 infra

52 1089 203 1144 duos
249 1093 632 1157 semi-annos,
676 1091 744 1145 de
787 1097 946 1144 tanta
986 1099 1220 1159 tamque
1264 1088 1549 1158 profunda
1599 1095 1754 1142 tene-

53 1177 300 1233 brarum
354 1187 408 1234 et
458 1179 802 1234 calamitatis
853 1179 1148 1247 voragine,
1198 1185 1424 1231 tantum
1482 1175 1758 1229 claritatis

53 1277 159 1331 per
204 1265 302 1319 Dei
340 1264 642 1321 Genitricis
689 1265 1137 1320 misericordiam
1178 1264 1452 1319 videbant
1499 1263 1758 1332 resplen-

51 1350 253 1407 duisse
298 1352 602 1423 fulgorem,
659 1362 722 1408 ut
780 1353 887 1422 ipsi
939 1366 1174 1422 quoque
1227 1351 1491 1407 Ecclesia
1548 1357 1757 1406 nostra

50 1440 354 1495 videretur
407 1455 521 1496 non
581 1441 865 1496 immerito
931 1454 1092 1509 posse
1149 1439 1408 1508 coaptari
1467 1438 1564 1492 illa
1620 1451 1756 1506 pro-

53 1527 244 1596 pheta
291 1529 487 1598 Aggai
532 1529 834 1594 sententia,
877 1542 1054 1598 quam
1095 1527 1164 1582 de
1207 1527 1584 1582 restaurando
1636 1532 1760 1594 post

55 1615 389 1684 Babylonia
463 1616 847 1684 captivitatem
936 1617 992 1670 in
1069 1615 1476 1684 Hierosolymis
1549 1611 1759 1682 templo

57 1704 354 1773 quondam
403 1704 785 1773 prophetavit,
833 1703 1029 1758 dicens
1067 1718 1078 1756 :
1115 1724 1142 1750 «
1193 1703 1403 1771 Magna
1438 1701 1545 1756 erit
1577 1701 1760 1771 gloria

57 1791 268 1846 domus
314 1790 492 1860 hujus
539 1791 825 1858 secunda,
863 1791 1172 1861 plusquam
1223 1790 1428 1859 prioris
1472 1790 1646 1860 (Agg.
1694 1803 1752 1856 ιι,

66 1882 166 1946 10;.
203 1899 225 1926 ι
265 1878 322 1933 Si
352 1877 506 1934 enim
531 1878 776 1949 diligens
801 1879 972 1934 lector
995 1877 1268 1933 attentius
1290 1876 1568 1946 inspicere
1598 1875 1753 1942 velit,

60 1980 262 2021 revera
307 1965 574 2020 facillime
625 1964 828 2034 poterit
873 1965 1175 2036 conjicere,
1228 1972 1348 2032 post
1391 1963 1759 2019 desolationis

63 2054 306 2120 luctum,
363 2055 639 2124 majorem
698 2053 938 2123 gloriam
985 2061 1040 2108 et
1096 2051 1501 2108 exaltationem
1555 2053 1611 2104 in
1661 2051 1762 2105 Ec-

61 2141 232 2197 clesia
279 2142 670 2208 Laudunensi,
714 2155 888 2211 quam
938 2141 1101 2210 prius
1142 2140 1349 2206 fuerat,
1399 2139 1755 2194 successisse.

132 2229 270 2291 Quis
315 2242 567 2298 namque
599 2228 772 2299 digne
820 2227 1023 2297 poterit
1059 2225 1271 2282 referre
1301 2235 1559 2296 quantus
1602 2233 1759 2294 post-

64 2317 299 2372 modum
349 2317 406 2370 in
453 2316 783 2386 episcopatu
834 2316 1220 2382 Laudunensi,
1272 2325 1326 2370 et
1367 2317 1436 2370 de
1486 2315 1606 2384 ipso
1661 2328 1761 2383 per

64 2412 247 2460 totum
280 2419 421 2474 pene
451 2413 736 2460 terrarum
766 2404 962 2459 orbem
995 2403 1186 2474 fulgor
1216 2402 1510 2474 religionis
1542 2411 1596 2458 et
1627 2402 1759 2458 novi

66 2493 303 2549 luminis
334 2493 661 2549 refulserit?
693 2500 817 2562 post
862 2507 1076 2562 paucos
1115 2492 1400 2561 siquidem
1433 2505 1634 2558 annos,
1667 2490 1761 2546 ille

64 2582 201 2636 novi
241 2581 478 2637 luminis
519 2595 800 2650 novaque
832 2581 1240 2646 conversionis,
1287 2594 1402 2634 non
1435 2580 1621 2635 solum
1667 2579 1762 2632 in-

67 2671 311 2737 terioris,
367 2670 463 2726 sed
512 2669 682 2724 etiam
743 2669 1042 2724 exterioris
1105 2668 1375 2724 candoris
1428 2682 1616 2723 novus
1673 2667 1760 2720 in-

70 2767 271 2814 ventor
312 2766 367 2814 et
411 2758 707 2827 incaptor,
758 2759 1004 2813 domnus
1047 2757 1259 2812 scilicet
1305 2755 1642 2822 Norbertus,
1693 2756 1762 2810 de

69 2847 441 2917 Lotharingia
477 2846 774 2902 Franciam
806 2845 1136 2911 adveniens,
1167 2844 1366 2900 divina
1411 2844 1762 2913 pracedente

68 2943 122 2990 et
147 2934 456 2990 comitante
503 2933 708 3003 gratia,
745 2934 801 2987 in
850 2931 1185 3004 episcopatu
1233 2932 1601 2986 Laudunensi
1635 2931 1762 2999 pri-

71 3035 220 3076 mam
257 3021 410 3075 Illam
460 3019 684 3075 vineam
731 3019 1034 3090 plantavit,
1067 3033 1218 3089 qua,
1257 3020 1314 3073 in
1353 3018 1632 3073 cbaritate
1662 3031 1762 3072 ra-

70 3110 256 3164 dicata
298 3107 534 3180 (Ephes.
569 3123 648 3175 ιιι,
687 3109 793 3178 l7),
828 3115 881 3162 et
925 3107 1164 3163 fundata
1190 3107 1311 3176 jam
1352 3106 1610 3176 implevit
1640 3115 1759 3160 ter-

71 3211 212 3265 ram,
269 3198 700 3265 extendensque
750 3195 1011 3265 palmites
1057 3208 1194 3250 suos
1234 3209 1418 3264 usque
1467 3194 1536 3248 ad
1581 3207 1756 3259 mare,

69 3295 120 3341 et
160 3301 346 3356 usque
392 3285 464 3339 ad
509 3284 724 3339 flumen
773 3283 1117 3353 propagines
1157 3295 1294 3338 suas
1342 3280 1526 3345 (Psal.
1566 3294 1758 3346 LXXIX,

75 3376 174 3444 12),
223 3375 360 3430 vino
409 3373 762 3428 fortitudinis
812 3384 951 3437 sua,
1003 3371 1158 3440 quod
1210 3370 1456 3425 latificat
1507 3382 1606 3424 cor
1659 3369 1759 3422 bo-

71 3464 238 3518 minis
268 3461 451 3533 (Psal.
485 3475 675 3527 CXLIX,
710 3462 784 3528 1),
813 3459 935 3529 jam
967 3458 1214 3514 ubertim
1243 3457 1548 3513 inebriavit
1571 3457 1765 3526 plures

73 3551 356 3620 principes
397 3558 453 3604 et
477 3549 700 3619 judices
752 3557 937 3613 terra,
980 3547 1226 3617 juvenes
1261 3553 1316 3601 et
1362 3545 1633 3616 virgines,
1669 3558 1762 3599 se-

71 3652 165 3693 nes
193 3653 327 3694 cum
350 3637 700 3709 junioribus.
735 3635 918 3707 (Ρείιι.
947 3648 1180 3700 CXLVIII,
1214 3633 1321 3702 l2),
1356 3634 1436 3688 ita
1461 3640 1524 3688 ut
1545 3632 1763 3687 fortiter

74 3727 332 3782 inebriati
377 3725 522 3780 nihil
565 3724 722 3780 aliud
777 3731 1062 3794 quarant,
1113 3720 1224 3777 nisi
1265 3721 1505 3776 laudare
1555 3734 1763 3774 nomen

77 3815 315 3881 Domini,
365 3822 420 3869 et
467 3821 698 3868 cantare
753 3812 803 3867 ei
850 3812 1141 3867 canticum
1195 3823 1432 3877 novum,
1484 3822 1764 3878 quoniam

77 3911 319 3958 veterem
379 3901 669 3957 hominem
723 3914 856 3955 cum
908 3899 1131 3955 artibus
1183 3897 1304 3953 suis
1356 3905 1654 3964 exuentes,
1709 3905 1765 3952 et

81 4003 310 4059 novum,
361 3991 464 4060 qui
495 3989 812 4044 secundum
841 3989 1023 4043 Deum
1053 3994 1282 4042 creatus
1325 3994 1430 4052 est,
1465 3985 1766 4040 induentes

84 4076 314 4148 (Ephes.
372 4093 452 4143 ιιι,
505 4079 604 4147 IX),
659 4076 921 4132 carnales
967 4075 1262 4130 illecebras
1309 4075 1572 4130 funditus
1618 4074 1765 4144 abji-

83 4165 254 4234 ciunt,
301 4175 355 4222 et
385 4165 550 4236 quasi
581 4165 648 4220 de
676 4178 831 4234 aqua
877 4165 934 4218 in
983 4162 1202 4233 nuptiis
1230 4177 1264 4218 a
1309 4162 1546 4217 Domino
1585 4161 1644 4216 in
1675 4162 1764 4216 vi-

84 4266 219 4309 num
263 4253 524 4310 conversi
574 4254 770 4320 (Joan.
806 4267 863 4319 II,
907 4250 983 4321 9),
1017 4267 1147 4321 qua
1197 4259 1346 4306 retro
1391 4259 1527 4306 sunt
1555 4249 1766 4304 oblivi-

867 345 1240 403 HERMANNI
1281 346 1368 401 DE
1405 345 1653 402 MIRAC.
1699 347 1753 402 S.
1799 346 2040 402 MABUE
2081 346 2398 403 LAUDUN.
2430 346 2648 402 —LIB.
2696 346 2792 402 Ill.

51 491 192 544 sem,
240 475 608 534 Godefridum
656 475 1120 543 Ambianensem,
1184 476 1504 532 Hubertum
1557 474 1747 531 Silva-
1787 478 1833 530 A
1862 475 1996 532 CAP.
2027 476 2100 531 II.
2143 505 2211 516 —
2263 481 2412 530 544

3445 350 3550 403 990

2459 476 2748 546 Quomodo
2799 475 3043 531 domnus
3097 475 3551 532 Bartholomaus

2059 545 2636 618 episwpusdowrmum
2674 547 3020 601 Norbertum
3043 546 3342 601 invenerit.

1931 654 2184 708 Paschali
2251 653 2532 723 siquidem
2592 667 2741 723 papa
2803 655 2995 710 Roma
3062 654 3351 718 defuncto,
3416 665 3550 707 cum

1857 744 2104 798 Joannes
2165 742 2475 798 cardinalis
2544 741 2593 796 ei
2659 742 2970 797 succedens
3037 741 3295 798 Gelasius
3362 741 3552 796 dictus

1859 831 2077 897 fuisset,
2124 838 2179 886 et
2209 830 2266 884 in
2303 830 2604 885 Franciam
2651 831 2846 884 venire
2878 830 3076 886 volens
3107 831 3262 900 apud
3311 828 3550 885 Clunia-

1860 934 1991 974 cum
2025 919 2201 973 vitam
2244 918 2622 983 terminasset,
2673 919 3014 982 cardinales,
3047 918 3149 986 qui
3189 933 3322 973 cum
3354 932 3419 972 eo
3445 930 3546 972 ve-

1863 1012 2087 1070 nerant,
2133 1014 2187 1060 et
2221 1007 2454 1061 Romam
2502 1020 2605 1075 pro
2635 1005 2909 1061 electione
2957 1005 3218 1060 facienda
3267 1005 3453 1060 redire
3493 1018 3553 1060 se

1861 1105 1976 1146 non
2027 1105 2187 1160 posse
2225 1093 2518 1160 videbant,
2571 1093 2906 1149 necessitate
2952 1093 3254 1162 compulsi,
3288 1095 3553 1161 protinus

1863 1179 2159 1249 elegerunt
2185 1181 2256 1235 ad
2285 1181 2434 1235 sedis
2463 1181 2785 1250 apostolica
2814 1181 3188 1251 prasulatum
3228 1195 3258 1234 e
3288 1179 3554 1249 proxima

1861 1269 2090 1324 civitate
2149 1270 2426 1326 domuum
2483 1271 2799 1326 Guidonem
2851 1270 3229 1326 Viennensem
3271 1267 3553 1336 archiepi-

1863 1371 2117 1426 scopum,
2150 1358 2342 1413 virum
2371 1358 2615 1414 nobilem
2643 1366 2696 1413 et
2727 1357 3099 1423 industrium,
3127 1355 3341 1426 regina
3367 1356 3552 1410 Fran-

1862 1459 2063 1500 corum
2102 1445 2385 1515 conjugis,
2437 1445 2650 1501 scilicet
2698 1444 2972 1500 Ludovici
3025 1444 3197 1514 regis,
3257 1450 3551 1511 patruum,

1863 1547 2116 1602 eumque
2169 1533 2226 1586 in
2282 1533 2480 1588 eadem
2541 1533 2835 1602 provincia
2889 1545 3095 1601 papam
3157 1537 3556 1586 consecrantes

1865 1621 2154 1676 Calixtum
2184 1621 2640 1689 appellaverunt.
2678 1620 2779 1674 Hic
2810 1633 2947 1689 ergo
2974 1628 3285 1688 antequam
3318 1619 3555 1673 Romam

1865 1708 1994 1773 iret,
2042 1709 2096 1762 in
2150 1709 2392 1763 Francia
2441 1707 2705 1778 generale
2751 1707 3059 1763 concilium
3107 1715 3297 1761 tenere
3337 1705 3554 1774 voluit;

1870 1796 2284 1866 universosque
2333 1809 2474 1864 pene
2541 1797 2714 1850 totius
2782 1794 3101 1851 Occidentis
3153 1793 3444 1862 episcopos
3501 1798 3557 1848 et

1866 1884 2339 1952 archiepiscopos,
2385 1898 2518 1938 cum
2557 1883 2865 1938 abbatibus
2909 1891 2964 1938 et
3009 1882 3136 1937 aliis
3164 1880 3557 1936 ecclesiasticis

1867 1972 2124 2042 personis
2169 1972 2238 2025 ad
2276 1971 2477 2027 urbem
2532 1972 2839 2027 Remorum
2902 1972 3210 2025 convenire
3252 1969 3554 2038 pracepit;

1866 2058 1958 2114 cui
2004 2059 2241 2114 concilio
2270 2060 2442 2115 etiam
2490 2060 2765 2130 prafatus
2804 2072 2907 2114 rex
2957 2059 3310 2113 Francorum
3363 2057 3558 2112 Ludo-

1867 2146 2032 2200 vicus
2062 2145 2338 2202 interfuit.

1943 2234 2128 2304 Hujus
2170 2234 2365 2303 itaque
2415 2234 2637 2288 concilii
2685 2247 2862 2288 causa
2901 2232 3270 2302 supradictus
3313 2231 3560 2286 domnus

1871 2323 2319 2377 Bartholomaus
2362 2321 2664 2390 episcopus
2692 2337 2824 2376 cum
2873 2321 3094 2376 clericis
3124 2321 3244 2375 suis
3271 2328 3326 2374 et
3373 2317 3556 2373 homi‘

1871 2411 2062 2477 nibus,
2105 2411 2410 2465 Remorum
2462 2410 2662 2465 urbem
2694 2417 2986 2478 expetens,
3031 2422 3164 2463 cum
3204 2407 3324 2477 jam
3355 2419 3560 2460 mona-

1870 2498 2106 2554 sterium
2165 2497 2354 2552 Sancti
2408 2497 2740 2552 Theodorici
2799 2498 3153 2566 praeterisset,
3217 2507 3394 2564 supra
3443 2507 3562 2548 me-

1871 2593 2156 2642 moratum
2223 2587 2413 2640 virum
2470 2585 2814 2640 Norbertum
2853 2599 2983 2640 cum
3054 2583 3281 2638 duobus
3345 2580 3564 2636 clericis

1871 2689 1984 2730 non
2036 2676 2200 2744 longe
2261 2675 2333 2729 ab
2374 2675 2574 2730 itinere
2614 2674 2870 2730 sedentes
2927 2671 3244 2741 conspexit.
3287 2669 3566 2725 Audierat

1870 2763 1915 2820 si
1945 2762 2177 2832 quidem
2203 2770 2334 2817 ante
2363 2761 2661 2831 paululum
2696 2761 2840 2815 idem
2872 2759 3187 2815 Norbertus
3208 2759 3353 2812 duas
3375 2769 3563 2822 voces,

1871 2851 2019 2907 sicut
2065 2858 2257 2920 postea
2301 2850 2512 2905 referre
2560 2849 2758 2905 solitus
2805 2856 2947 2914 erat,
2991 2860 3242 2918 quarum
3300 2845 3456 2914 prior
3491 2856 3567 2899 ex

1872 2953 1992 2996 una
2033 2946 2191 3008 parte
2247 2939 2595 2994 clamaverat
2631 2953 2644 2992 :
2684 2939 2779 2992 Hic
2826 2942 2908 2992 est
2954 2937 3274 2992 Norbertus
3319 2943 3378 2989 et
3427 2931 3566 2988 socii

1798 3055 1840 3115 ε
1870 3025 2028 3096 ejus;
2084 3024 2263 3080 altera
2320 3037 2457 3078 vero
2504 3038 2577 3079 ex
2628 3023 2743 3078 alia
2791 3031 2949 3092 parte
3000 3022 3430 3091 subjunxerat:
3465 3019 3566 3073 Hic

1871 3121 1954 3168 est
1983 3113 2300 3168 Norbertus
2345 3119 2400 3166 et
2428 3111 2620 3166 socius
2664 3112 2811 3180 ejus.
2843 3110 3002 3176 Quod
3036 3110 3177 3179 quid
3226 3107 3559 3179 signaverit,

1872 3200 2155 3270 posterius
2182 3199 2423 3255 dicetur.
2459 3200 2558 3254 His
2596 3213 2733 3269 ergo
2764 3199 2994 3254 duabus
3025 3197 3263 3252 vocibus
3293 3209 3364 3251 ex
3396 3209 3563 3250 sum-

1871 3290 2068 3344 mitate
2087 3289 2235 3344 aeris
2275 3287 2504 3354 auditis,
2540 3288 2855 3342 Norbertus
2883 3285 3235 3355 stupefactus
3263 3299 3331 3340 ex
3364 3284 3564 3338 itinere

1871 3377 2198 3441 declinavit,
2233 3384 2516 3444 terraque
2547 3389 2676 3431 cum
2707 3375 2936 3430 duobus
2964 3373 3131 3428 sociis
3160 3372 3281 3428 suis
3310 3370 3564 3426 residens

1871 3466 2149 3522 attonitus
2191 3465 2408 3520 circum
2441 3464 2592 3519 circa
2624 3463 3019 3532 prospiciebat.
3052 3462 3165 3518 Nec
3198 3473 3376 3526 mora,
3410 3473 3562 3528 pra-

1871 3552 2022 3608 fatus
2063 3552 2362 3622 episcopus
2410 3552 2904 3621 appropinquans,
2955 3565 3070 3606 non
3111 3551 3259 3606 sicut
3302 3546 3566 3604 sacerdos

1871 3641 1959 3696 vel
2005 3641 2193 3708 levita,
2226 3641 2351 3695 viso
2391 3641 2483 3696 illo
2527 3655 2561 3695 a
2593 3641 2914 3696 latronibus
2959 3639 3280 3704 vulnerato,
3329 3643 3563 3706 prater-

1873 3729 2012 3796 ivit,
2089 3729 2182 3784 sed
2261 3729 2333 3784 ab
2436 3729 2633 3784 itinere
2705 3729 3032 3793 divertens,
3117 3727 3365 3796 benigne
3441 3723 3566 3778 illos

1873 3816 2174 3885 salutavit;
2223 3816 2428 3871 deinde
2473 3816 2710 3886 quinam
2763 3823 2950 3870 essent
3007 3813 3400 3885 interrogavit.
3450 3812 3566 3868 Re-

1873 3904 2102 3974 spondit
2159 3904 2476 3960 Norbertus
2521 3918 2581 3958 se
2610 3904 2678 3958 de
2726 3902 3098 3973 Lotharingia
3124 3915 3264 3968 esse,
3314 3909 3389 3967 et,
3435 3899 3569 3955 reli-

1874 3994 1980 4048 ctis
2023 3991 2359 4061 parentibus
2385 3992 2698 4062 saculique
2725 3993 2997 4054 vanitate,
3029 3989 3354 4060 religiosam
3387 3987 3565 4042 vitam

1875 4081 2037 4150 sequi
2088 4081 2465 4149 proposuisse,
2517 4079 2809 4150 bujusque
2848 4078 3139 4149 religionis
3189 4090 3391 4132 norma
3421 4075 3569 4131 sedis

1875 4168 2198 4238 apostolica
2250 4167 2484 4223 consilio
2539 4176 2594 4223 et
2644 4167 2983 4223 auctoritate
3042 4164 3383 4234 incipienda,
3445 4162 3567 4232 jam

1876 4270 1978 4326 per
2008 4265 2121 4312 tres
2149 4255 2269 4310 dies
2298 4256 2487 4310 Remis
2516 4255 2874 4317 demoratum
2910 4253 3104 4318 fuisse,
3140 4256 3234 4308 sed
3284 4251 3424 4321 quia
3452 4264 3568 4320 pra

85 4350 338 4406 scuntur,
384 4351 438 4397 et
469 4343 539 4396 ad
566 4355 633 4396 ea
664 4355 795 4410 qua
827 4349 958 4395 ante
986 4347 1123 4395 sunt
1151 4338 1548 4394 extenduntur
1579 4336 1761 4407 (Phil.
1805 4340 1847 4394 D
1876 4343 2244 4398 multitudine
2269 4343 2486 4413 jugiter
2515 4342 2932 4398 confluentium
2963 4342 3207 4396 divitum
3238 4339 3436 4394 nullus
3459 4337 3567 4393 sibi

86 4443 160 4495 ιιι,
193 4433 303 4502 ι3);
345 4431 542 4500 sicque
575 4430 698 4485 licet
729 4429 788 4484 in
820 4429 985 4484 terris
1027 4427 1400 4497 corporaliter
1431 4429 1770 4507 consistant,

88 4523 268 4573 tamen
319 4532 448 4589 qua
501 4531 734 4574 sursum
785 4523 921 4572 sunt
967 4518 1218 4586 sapiunt,
1273 4530 1389 4571 non
1423 4529 1553 4584 qua
1601 4527 1772 4583 super

90 4611 290 4663 terram
341 4607 489 4676 (Col.
525 4621 604 4674 III,
658 4605 730 4675 l),
781 4606 1034 4660 dicentes
1063 4619 1193 4660 cum
1243 4603 1513 4674 Apostolo
1549 4618 1561 4657 :
1597 4625 1617 4650 ι
1651 4602 1771 4657 No-

90 4700 202 4750 stra
249 4705 440 4752 autem
493 4695 850 4750 conversatio
900 4695 956 4748 in
1003 4694 1159 4748 calis
1205 4700 1308 4760 est,
1365 4693 1459 4748 ubi
1510 4691 1774 4747 Christus

93 4790 169 4837 est
199 4784 266 4839 ad
317 4785 610 4840 dexteram
646 4783 739 4837 Dei
785 4781 988 4836 sedens
1037 4780 1209 4851 (Phil.
1241 4795 1321 4846 ιιι,
1357 4783 1441 4847 20)
1479 4795 1490 4834 ;
1529 4801 1556 4828 ››
1601 4780 1773 4835 coele-

94 4874 382 4947 stibusque
440 4875 738 4944 Seraphim
787 4881 974 4929 mente
1025 4872 1340 4943 conjuncti,
1395 4871 1513 4926 solo
1566 4870 1774 4926 Christi

91 4959 296 5032 jugiter
342 4964 545 5020 ardent
595 4976 809 5028 amore,
843 4961 935 5017 cui
967 4975 1208 5030 corpora
1250 4961 1418 5015 etiam
1469 4973 1575 5014 sua
1604 4958 1774 5013 exhi—

99 5048 222 5106 bent
263 5051 500 5108 hostiam
570 5051 878 5113 viventem,
946 5059 1226 5116 sanctam,
1287 5049 1401 5104 Deo
1460 5048 1774 5118 placentem

101 5136 277 5201 (Rom.
325 5154 428 5206 XII,
468 5143 538 5208 l),
571 5139 878 5194 candorem
928 5139 1233 5205 virtutum,
1267 5152 1386 5207 quo
1432 5135 1778 5191 intrinsecus

101 5225 290 5293 nitent,
333 5230 506 5284 etiam
539 5228 596 5281 in
639 5228 905 5282 exteriori
951 5237 1106 5282 veste
1155 5227 1537 5296 praferentes.
1591 5225 1779 5295 Hujus

104 5319 209 5370 tam
267 5317 528 5374 sublimis
583 5324 636 5372 et
689 5316 948 5386 gloriosa
1016 5315 1404 5382 institutionis,
1471 5314 1777 5384 praefatum

106 5401 566 5462 Bartholomaum
612 5407 944 5475 episcopum
993 5405 1167 5461 fuisse
1197 5411 1516 5460 consortem
1553 5410 1609 5458 et
1641 5416 1780 5472 par-

107 5490 339 5562 ticipem,
370 5503 424 5550 et
453 5494 829 5564 sequentibus
858 5493 1021 5549 facile
1047 5493 1246 5562 poterit
1275 5492 1528 5564 agnosci.

1877 4432 1949 4486 ad
1981 4445 2186 4500 papam
2239 4431 2534 4502 ingressus
2581 4431 2831 4500 patebat,
2877 4431 3091 4486 tristem
3143 4443 3212 4485 ac
3253 4429 3570 4498 desperan-

1878 4527 1989 4574 tem
2038 4520 2181 4575 urbe
2216 4520 2559 4590 digressum,
2611 4534 2730 4589 quo
2768 4519 3076 4574 diverteret
3128 4517 3365 4571 nescire.
3408 4513 3572 4568 Tunc

1880 4608 2060 4662 nimia
2119 4608 2510 4677 compassione
2570 4614 2861 4677 permotus
2919 4607 3236 4675 episcopus,
3306 4604 3571 4658 hortatur

1878 4711 1974 4752 eos
2015 4703 2077 4751 ut
2125 4710 2318 4751 secum
2369 4696 2557 4751 Remis
2596 4696 2850 4762 redeant,
2900 4693 3234 4763 promittens
3279 4691 3431 4760 quod
3476 4702 3572 4744 eos

1879 4786 1952 4842 ad
2002 4799 2209 4854 papam
2260 4785 2666 4840 introduceret.
2730 4783 2874 4849 Quia
2930 4795 3067 4836 vero
3117 4779 3331 4849 pedites
3382 4783 3569 4842 erant,

1880 4873 2146 4944 pracepit
2173 4873 2506 4928 hominibus
2533 4872 2655 4928 suis
2682 4872 2750 4926 de
2780 4871 2947 4940 equis
2976 4868 3332 4933 descendere,
3373 4865 3574 4934 sicque

1883 4963 2094 5017 faciens
2125 4975 2220 5016 eos
2262 4961 2587 5020 ascendere.
2636 4967 2689 5014 et
2718 4973 2910 5014 secum
2939 4957 3218 5026 equitare,
3266 4955 3323 5009 in
3373 4953 3574 5008 itinere

1883 5049 2216 5120 diligentius
2243 5063 2338 5104 eos
2379 5048 2693 5114 sciscitans,
2729 5046 2888 5101 audit
2919 5044 3183 5101 eumdem
3229 5043 3575 5099 Norbertum

1885 5151 2092 5206 genere
2139 5136 2317 5192 nobili
2363 5145 2575 5203 ortum,
2611 5136 2682 5190 ‘in
2731 5135 2980 5190 Ecclesia
3023 5131 3344 5189 Coloniensi
3390 5130 3576 5186 maxi-

1887 5240 2009 5280 mas
2052 5225 2283 5281 divitias
2341 5224 2668 5293 possedisse,
2724 5223 2817 5277 sed
2875 5229 3270 5292 paupertatem
3317 5218 3580 5288 eligendo

1886 5321 2124 5371 cunctas
2153 5327 2220 5368 ex
2253 5313 2473 5383 integro
2501 5312 2820 5382 reliquisse.

1959 5401 2149 5459 Remis
2187 5401 2391 5457 deinde
2438 5400 2692 5471 pontifex
2745 5399 3084 5469 perveniens
3127 5397 3197 5452 ad
3248 5409 3457 5466 papam
3496 5395 3587 5451 in-

1890 5490 2171 5560 greditur,
2213 5489 2460 5544 modeste
2488 5488 2750 5558 suggerit
2777 5489 2826 5541 ei
2863 5502 2974 5542 non
3009 5501 3131 5542 esse
3182 5485 3397 5540 bonum
3431 5482 3590 5553 quod

1892 5577 2011 5648 ipse
2041 5577 2206 5634 Pater
2255 5577 2598 5633 universalis
2633 5575 2896 5632 Ecclesia
2943 5575 3218 5638 existens,
3267 5571 3400 5628 solis
3433 5571 3589 5628 divi-
