3946 6422
375 401 472 454 991

1327 393 1628 450 ΑΡΡΕΝῙ).
1669 391 1764 446 AD
1805 390 1936 446 LIB.
1980 387 2056 445 III
2093 388 2424 445 GUIBERTI
2461 389 2554 445 DE
2583 387 2750 445 VITA
2765 388 2942 445 'SUA.

3768 389 3882 443 992

375 528 531 586 tibus
569 525 1011 597 colloqueretur,
1045 537 1327 596 pauperes
1355 537 1491 580 vero
1524 523 1596 580 ab
1623 523 1750 593 ejus
1779 521 2064 592 colloquio
2101 521 2148 575 Α
2175 520 2445 577 bitatione
2507 519 2707 591 procul
2755 526 3011 588 remota,
3079 519 3329 590 solisque
3393 518 3548 590 lupis
3611 527 3666 576 et
3715 517 3881 590 apris

374 615 806 686 repellerentur.
852 613 1054 670 Statim
1101 618 1392 668 annuente
1434 624 1603 681 papa,
1650 610 1966 666 Norbertus
2012 615 2068 664 et

375 703 512 758 socii
555 703 682 774 ejus
726 702 800 758 ab
837 701 1099 770 episcopo
1149 699 1619 762 introducuntur,
1669 702 1726 752 et
1763 696 2067 766 apostolico

374 789 659 860 colloquio
713 795 1050 844 recreantur
1082 801 1095 841 :
1125 785 1222 841 sed
1271 785 1411 855 quia
1453 785 1626 840 nimis
1667 784 1876 840 ibidem
1919 797 2068 853 papa

373 885 704 947 occupatus,
751 889 866 931 non
895 889 968 930 ex
1001 873 1224 944 integro
1264 872 1558 928 desideriis
1585 887 1785 928 eorum
1817 871 1904 927 vel
1948 871 2066 927 col-

374 965 586 1037 loquiis
634 963 960 1020 satisfacere
1007 969 1246 1030 poterat.
1297 961 1575 1030 promittit
1613 961 1796 1016 eidem
1844 960 2066 1031 episco-

372 1065 462 1120 po,
495 1065 635 1114 sese,
671 1050 829 1105 finito
859 1047 1117 1113 concilio,
1151 1047 1416 1116 protinus
1441 1047 1789 1102 Laudunum
1824 1049 2062 1115 iturum,

371 1147 428 1195 et
459 1153 560 1208 per
605 1137 825 1206 aliquot
857 1136 977 1192 dies
1018 1135 1093 1192 ibi
1127 1135 1550 1205 requieturum,
1599 1133 2067 1205 sufficienterque

371 1225 451 1281 eis
497 1224 939 1290 collocuturum,
991 1230 1271 1293 rogatque
1313 1228 1377 1278 ut
1405 1231 1502 1277 eos
1549 1224 1878 1290 praemittat,
1917 1230 1972 1278 et
2003 1229 2065 1278 ut

375 1311 638 1368 Lauduni
692 1325 752 1366 se
799 1311 1195 1380 opperiantur,
1241 1309 1564 1365 admoneat.
1609 1308 1880 1376 Quandiu
1927 1324 2065 1380 ergo

369 1407 562 1470 postea
609 1400 798 1456 Remis
831 1398 1086 1464 fuerunt,
1126 1410 1350 1466 semper
1391 1410 1487 1452 eos
1529 1397 1832 1467 episcopus
1869 1411 2064 1454 secum

368 1486 626 1553 retinuit,
674 1486 878 1542 deinde
911 1485 1256 1541 Laudunum
1287 1483 1528 1551 rediens,
1572 1498 1876 1554 nunquam
1907 1499 2004 1541 eos
2030 1498 2065 1540 a

368 1588 475 1631 suo
523 1575 811 1630 consortio
857 1571 1114 1642 separari
1163 1571 1438 1642 permisit.
1489 1571 1824 1628 Venientem
1871 1580 2065 1642 postea

369 1661 517 1718 sicut
561 1661 901 1731 promiserat
932 1659 1230 1716 dominum
1280 1671 1484 1728 papam
1517 1659 1946 1727 officiosissime,
1998 1668 2062 1716 ut

367 1748 609 1820 dignum
640 1756 782 1817 erat,
819 1747 1087 1818 suscepit,
1122 1753 1262 1803 tunc
1288 1748 1346 1802 et
1373 1745 1604 1802 demum
1634 1746 1978 1803 Norbertum
2007 1754 2062 1803 et

367 1837 548 1894 socios
588 1836 715 1908 ejus
742 1836 1027 1906 colloquio
1061 1835 1240 1905 ipsius
1268 1833 1761 1892 abundantissime
1807 1835 2058 1892 satiavit.

366 1945 502 2000 CAP.
536 1943 629 1996 IIl.
675 1973 745 1982 —-
778 1942 862 1996 De
887 1941 1192 1996 ecclesiola
1221 1942 1422 1998 Sancti
1449 1939 1696 1995 Martini
1723 1939 2064 1995 Laudunen-

435 2011 521 2067 sis
549 2029 566 2065 :
591 2015 647 2066 et
673 2011 951 2085 quomodo
980 2012 1438 2085 Barthofomm
1464 2011 1766 2085 episcopus
1803 2011 2061 2066 Norber-

439 2086 559 2139 tum
591 2081 701 2152 pef
727 2081 986 2154 plurima
1016 2082 1144 2137 loca
1177 2081 1424 2137 duxerit.

442 2189 582 2244 Erat
603 2196 742 2245 tunc
767 2196 934 2244 extra
961 2202 1160 2244 muros
1186 2189 1349 2244 urbis
1376 2185 1776 2244 Laudunensis
1795 2186 2063 2258 quaedam

366 2275 678 2332 Ecclesiola
727 2276 785 2332 in
832 2276 1049 2332 honore
1097 2277 1278 2331 sancti
1330 2275 1558 2331 Martini
1607 2282 1953 2342 constructa,
2003 2275 2063 2330 in

369 2375 488 2432 qua
525 2363 646 2434 jam
697 2363 843 2419 idem
885 2361 1188 2431 episcopus
1235 2361 1521 2418 multoties
1562 2362 1797 2418 clericos
1842 2362 2065 2435 religio-

367 2463 478 2518 sos,
527 2449 630 2521 qui
677 2450 791 2506 Deo
823 2449 900 2506 ibi
947 2449 1250 2517 servirent,
1303 2457 1610 2520 posuerat;
1654 2451 1748 2506 sed
1781 2451 1942 2506 nullo
1983 2451 2062 2507 ibi

368 2537 648 2608 proﬁcere
699 2537 942 2604 valente,
995 2536 1194 2594 eadem
1245 2537 1498 2594 Ecclesia
1547 2539 1606 2593 in
1657 2537 1840 2608 ipsius
1884 2553 2063 2596 manu

367 2623 632 2680 redierat.
681 2623 896 2681 Videns
937 2637 1074 2695 ergo
1120 2624 1422 2694 episcopus
1469 2625 1766 2694 praefatum
1815 2625 2062 2682 Norber-

369 2715 494 2765 tum
554 2709 880 2781 religiosam
935 2717 991 2767 et
1037 2725 1346 2782 pauperem
1405 2713 1584 2768 vitam
1638 2713 1785 2769 velle
1833 2714 2058 2782 sectari,

366 2797 611 2853 suadere
660 2799 832 2868 erepit
871 2799 942 2865 ei,
997 2807 1062 2856 ut
1109 2799 1168 2855 in
1207 2799 1404 2856 eadem
1453 2799 1638 2856 Sancti
1683 2801 1912 2857 Martini
1953 2803 2057 2858 Ec-

364 2884 591 2942 clesiola
632 2895 986 2958 remaneret;
1025 2901 1232 2958 papam
1263 2887 1433 2942 etiam
1488 2888 1711 2959 rogavit
1745 2897 1808 2945 ut
1849 2889 2062 2945 exinde

363 2987 498 3028 eum
564 2973 915 3031 admoneret.
986 2975 1091 3032 Sed
1155 2975 1474 3032 Norbertus
1550 2976 1870 3048 intelligens
1932 2979 2060 3048 ejus

2174 608 2466 680 contigua.

2175 704 2310 761 CAP.
2341 704 2434 764 IV.
2483 734 2545 746 —
2573 703 2860 770 Quomodo
2895 701 3461 782 Pratmopatralemis
3502 701 3750 757 ecclesia
3776 701 3879 756 in-

2869 778 3051 844 czpla
3073 777 3168 828 sit.

2246 869 2548 926 Venientes
2580 869 2774 940 itaque
2799 867 2868 923 ad
2902 867 3204 938 praefatum
3237 866 3424 922 locum
3456 867 3882 923 Praemonstra-

2173 964 2319 1022 tum,
2345 957 2754 1030 ingrediuntur
2777 956 2978 1012 orandi
3007 956 3194 1026 gratia
3214 955 3528 1025 quamdam
3547 955 3878 1020 ecclesiam,

2175 1045 2234 1100 in
2277 1045 2490 1101 honore
2532 1045 2715 1100 sancti
2759 1043 2996 1099 Joannis
3039 1043 3300 1113 Baptistze
3348 1042 3553 1098 ibidem
3598 1050 3883 1098 constru-

2175 1141 2346 1190 ctam.
2401 1134 2534 1190 Ηωο
2573 1141 2697 1189 erat
2745 1133 2816 1187 de
2862 1132 2995 1202 jure
3047 1130 3290 1186 emnobii
3341 1129 3531 1186 Sancti
3580 1129 3882 1186 Vincentii

2173 1222 2595 1288 Laudunensis,
2641 1229 2696 1277 et
2728 1219 2940 1290 aliquis
2985 1219 3304 1275 monachus
3333 1218 3401 1274 de
3447 1217 3642 1274 eodem
3671 1231 3884 1272 emno-

2172 1306 2266 1364 bio
2296 1309 2432 1364 illuc
2478 1322 2582 1378 pro
2611 1307 2832 1378 agendo
2864 1306 3061 1362 divino
3090 1305 3274 1361 ofticio
3319 1317 3744 1374 nonnunquam
3775 1302 3882 1357 di-

2172 1395 2500 1468 rigebatur;
2531 1396 2626 1451 sed
2660 1395 2801 1465 quia
2841 1393 3004 1450 finita
3032 1393 3207 1449 missa
3236 1393 3400 1462 panis
3433 1393 3510 1447 ibi
3541 1407 3654 1446 non
3701 1392 3881 1446 inve-

2171 1484 2460 1550 niebatur,
2493 1483 2602 1539 nisi
2631 1483 2864 1539 aliunde
2890 1481 3214 1546 aiferretur,
3239 1481 3359 1549 jam
3382 1493 3514 1535 cum
3546 1480 3666 1547 ipsa
3697 1478 3879 1532 cccle-

2169 1572 2313 1628 siola
2364 1572 2522 1628 locus
2577 1571 2723 1626 idem
2788 1584 2930 1640 pene
2980 1574 3334 1624 remanserat
3385 1568 3663 1622 desertus.
3723 1567 3877 1621 Cum

2169 1675 2306 1732 ergo
2354 1645 2606 1730 pontifex
2651 1659 2907 1714 oratione
2949 1657 3108 1711 finita
3155 1655 3355 1710 exiens
3402 1657 3593 1709 virum
3624 1654 3723 1710 Dei
3774 1654 3880 1708 ad-

2170 1754 2428 1804 moneret
2485 1746 2558 1802 ab
2604 1747 2860 1802 oratione
2912 1757 3172 1815 surgere,
3222 1742 3497 1812 quoniam
3553 1742 3674 1812 jam
3727 1741 3880 1797 hora

2169 1836 2352 1891 noctis
2389 1833 2844 1904 supervenientis
2875 1832 3141 1903 urgebat,
3185 1831 3501 1900 nullusque
3531 1830 3880 1885 remanendi

2171 1921 2332 1978 locus
2362 1929 2506 1987 erat,
2551 1935 2754 1978 servus
2784 1921 2879 1976 Dei
2912 1933 3178 1990 egressus
3212 1917 3437 1987 rogavit
3467 1931 3601 1972 eum
3634 1924 3696 1972 ut
3733 1931 3880 1972 cum

2170 2009 2502 2065 hominibus
2548 2009 2670 2064 suis
2705 2008 3042 2076 discederet,
3067 2020 3242 2076 seque
3291 2004 3499 2061 ibidem
3541 2011 3656 2060 tota
3703 2011 3880 2060 nocte

2169 2097 2430 2168 sequenti
2473 2095 2716 2168 vigilare
2767 2095 3132 2166 permitteret.
3166 2093 3330 2150 Tunc
3372 2092 3579 2162 praesul
3611 2091 3880 2148 celeriter

2167 2185 2489 2242 conscensis
2545 2184 2734 2255 equis,
2804 2191 3001 2254 utpote
3063 2182 3186 2253 jam
3247 2189 3412 2237 nocte
3479 2181 3876 2246 incumbente,

2168 2273 2441 2330 velociter
2486 2272 2814 2328 Avisiacum
2862 2270 3044 2337 venit,
3077 2285 3182 2326 nec
3211 2277 3402 2325 tamen
3451 2267 3678 2324 Domini
3715 2267 3877 2324 Nor-

2169 2360 2314 2417 berti
2337 2360 2568 2426 oblitus,
2600 2374 2836 2416 rursum
2859 2358 2908 2414 ei
2942 2372 3042 2428 per
3075 2357 3349 2414 nuntium
3379 2369 3552 2413 suum
3575 2369 3788 2426 panem
3818 2361 3878 2411 et

2167 2457 2375 2506 caetera
2401 2448 2723 2504 necessaria
2746 2447 3082 2504 transmisit.

2241 2539 2413 2594 Facto
2460 2551 2629 2593 mane
2675 2537 2746 2592 ad
2779 2550 2911 2592 eum
2951 2549 3237 2601 reversus,
3285 2533 3427 2606 quid
3479 2547 3649 2606 agere
3695 2533 3875 2588 vellet

2172 2626 2432 2696 inquirit.
2497 2623 2596 2681 Ille
2645 2639 2761 2695 prae
2807 2622 2987 2680 nimio
3043 2622 3256 2694 gaudio
3319 2621 3696 2684 exhilaratus,
3741 2621 3870 2688 Hic,

2171 2713 2389 2784 inquit,
2441 2712 2669 2768 domine
2725 2713 2912 2780 Pater,
2971 2711 3300 2779 remanebo,
3349 2709 3624 2780 quoniam
3672 2709 3870 2779 ipsum

2165 2799 2357 2857 locum
2406 2799 2578 2856 istum
2627 2799 2771 2855 mihi
2802 2798 2918 2855 scio
2960 2812 2995 2854 a
3023 2799 3138 2854 Deo
3187 2812 3309 2853 esse
3355 2797 3727 2853 destinatum.
3763 2797 3874 2852 Hic

2165 2889 2397 2959 requies
2440 2896 2495 2944 et
2523 2888 2682 2944 sedes
2731 2887 2865 2943 mihi
2897 2886 3024 2954 erit,
3077 2885 3289 2957 hicque
3330 2899 3433 2956 per
3474 2885 3575 2942 Dei
3616 2885 3869 2957 gratiam

2165 2977 2552 3034 salvabuntur
2609 2975 2796 3032 multi.
2854 2975 2968 3032 Nec
3030 2983 3217 3031 tamen
3261 2975 3383 3030 hac
3438 2973 3733 3030 ecclesiola
3788 2972 3869 3028 eis

363 3068 624 3118 conatus.
653 3061 779 3118 Non
825 3063 1054 3131 idcirco,
1090 3064 1300 3134 inquit,
1337 3063 1582 3134 majores
1612 3065 1846 3122 divitias
1889 3066 2056 3122 Colo-
2095 3093 2138 3148 ο
2166 3063 2502 3134 principalis
2526 3063 2686 3118 sedes
2717 3063 2848 3130 erit,
2878 3063 2973 3118 sed
3000 3077 3072 3118 ex
3101 3061 3214 3117 alia
3246 3069 3407 3132 parte
3439 3061 3616 3132 hujus
3651 3060 3867 3116 montis

363 3149 476 3205 nim
528 3149 759 3220 reliqui,
810 3158 876 3206 ut
922 3151 1173 3207 minores
1220 3151 1388 3206 modo
1437 3164 1696 3220 quaram
1744 3152 2054 3209 Lauduni:

360 3250 476 3293 non
523 3236 582 3293 in
632 3237 878 3295 urbibus
926 3238 1054 3295 volo
1089 3253 1408 3308 remanere,
1455 3240 1552 3295 sed
1593 3240 1784 3310 potius
1815 3241 1874 3296 in
1920 3240 2058 3297 locis

358 3323 630 3392 desertis,
675 3330 828 3380 545
872 3333 927 3381 et
974 3325 1222 3382 incultis.
1273 3326 1379 3382 Cui
1426 3328 1730 3397 episcopus
1761 3342 1774 3382 :
1802 3329 2054 3386 Deserta.

358 3410 566 3482 inquit,
598 3420 653 3469 et
697 3415 916 3470 inculta
944 3413 1087 3482 loca,
1140 3413 1520 3485 religionique
1549 3429 1807 3486 congrua
1855 3416 1912 3472 in
1941 3416 2056 3486 epi-

358 3507 598 3569 scopatu
645 3501 750 3557 isto
779 3500 1136 3572 quamplura
1175 3503 1340 3558 vobis
1383 3503 1700 3572 ostendam,
1730 3511 1784 3560 et
1829 3511 2057 3560 ostensa

357 3587 666 3644 conferam.
707 3588 861 3644 Dixit
903 3596 960 3644 et
1009 3597 1132 3658 post
1173 3589 1367 3646 domni
1397 3603 1559 3660 papae
1601 3591 1910 3648 discessum
1958 3605 2056 3648 as-

356 3688 595 3731 sumens
634 3689 790 3743 eum,
841 3675 1086 3732 ostendit
1129 3675 1182 3732 ei
1213 3691 1330 3732 non
1378 3678 1573 3733 omnia
1601 3691 1781 3750 regna
1827 3679 2052 3746 mundi,

355 3769 412 3818 et
441 3761 684 3834 gloriam
713 3777 912 3820 eorum
943 3765 1096 3833 (Luc.
1131 3779 1207 3828 iv,
1239 3768 1292 3832 5,
1326 3765 1402 3834 6),
1433 3765 1529 3820 sed
1551 3765 1707 3822 illam
1741 3767 2055 3824 maximam

359 3849 617 3906 ditecesis
657 3865 780 3908 suae
807 3851 1034 3917 silvam,
1071 3867 1203 3924 quae
1229 3861 1472 3910 vocatur
1499 3855 1824 3912 Terrascea.
1875 3856 2055 3912 Duxit

355 3949 495 4008 ergo
522 3950 656 3993 eum
689 3937 762 3993 ad
793 3938 984 3994 locum
1025 3939 1128 4008 qui
1162 3938 1374 3996 dicitur
1405 3939 1769 4008 Fuisniacus,
1811 3941 2055 3998 demon-

356 4031 548 4081 strans
571 4025 622 4081 ei
667 4039 978 4097 aquarum,
1013 4034 1066 4083 et
1109 4041 1480 4096 pascuarum,
1515 4027 1814 4100 silvaeque,
1858 4037 1912 4085 et
1942 4037 2053 4086 ter-

356 4123 558 4167 rarum
618 4125 937 4183 congruam
1004 4113 1491 4183 opportunitatem
1549 4114 1832 4185 religioni.
1891 4115 2055 4172 Tunc

357 4196 452 4252 ille
477 4196 626 4253 facta
657 4199 916 4254 oratione
949 4213 962 4252 :
996 4198 1242 4268 Revera,
1276 4200 1486 4270 inquit,
1515 4200 1612 4256 hic
1640 4200 1798 4258 locus
1819 4202 2054 4258 omnino

357 4284 621 4356 religioni
661 4293 746 4340 est
773 4300 1089 4358 congruus,
1139 4287 1237 4342 sed
1285 4301 1400 4343 non
1429 4295 1514 4344 est
1563 4289 1702 4344 mihi
1746 4302 1780 4344 a
1811 4290 1922 4346 Deo
1952 4289 2050 4346 de-

2164 3151 2536 3209 mdificabunt
2583 3149 2692 3206 sibi
2755 3150 3134 3219 mansionem,
3184 3149 3244 3206 in
3305 3163 3426 3220 qua
3482 3149 3863 3219 requiescent.

2165 3239 2297 3297 Vidi
2326 3239 2477 3296 enim
2510 3238 2618 3294 hac
2659 3247 2822 3294 nocte
2858 3238 2918 3294 in
2953 3238 3083 3294 visu
3111 3239 3279 3309 quasi
3311 3236 3626 3294 maximam
3661 3236 3865 3292 multi-

2163 3327 2421 3384 tudinem
2489 3325 2816 3382 albatorum
2871 3325 3128 3382 virorum
3199 3340 3400 3382 cruces
3444 3332 3748 3396 argenteas
3811 3330 3865 3378 et

2161 3413 2510 3472 candelabra
2559 3420 2734 3484 atque
2799 3413 3099 3470 thuribula
3151 3412 3497 3479 ferentium,
3556 3413 3863 3482 ipsumque

2163 3502 2354 3559 locum
2414 3502 2702 3558 cantando
2761 3501 3275 3568 circumeuntium,
3343 3499 3605 3556 Pontifex
3665 3501 3863 3570 itaque

2163 3589 2468 3662 magnifice
2533 3589 2876 3656 laetiﬁcatus,
2931 3603 3036 3645 nec
3084 3596 3276 3646 tamen
3327 3588 3601 3659 injuriam
3664 3587 3863 3643 volens

2162 3679 2346 3735 facere
2393 3678 2650 3734 coenobio
2703 3677 2894 3734 Sancti
2941 3677 3242 3744 Vincentii,
3291 3677 3464 3748 cujus
3507 3676 3662 3747 juris
3713 3677 3858 3732 idem

2161 3767 2324 3824 locus
2352 3774 2494 3834 erat,
2527 3766 2800 3822 accersito
2831 3765 3037 3822 abbate
3079 3765 3270 3822 Sancti
3301 3764 3609 3830 Vincentii,
3659 3764 3857 3820 utilio-

2161 3865 2283 3908 rem
2314 3859 2454 3909 tunc
2501 3853 2774 3923 temporis
2819 3853 3324 3910 commutationem
3367 3851 3520 3908 dedit
3549 3852 3622 3917 ei,
3662 3853 3859 3922 sicque

2161 3939 2348 3996 locum
2399 3940 2564 3998 illum
2594 3956 2728 3998 cum
2771 3942 3006 3998 ecclesia
3047 3941 3293 3998 liberum
3323 3940 3532 3996 domno
3578 3939 3858 3997 Norberto

2163 4028 2450 4100 privilegii
2500 4029 2590 4085 sui
2638 4030 2978 4086 auctoritate
3023 4027 3407 4085 confirmavit.
3457 4027 3668 4084 Servus
3719 4042 3855 4098 ergo

2161 4117 2260 4174 Dei
2301 4117 2620 4173 Norbertus
2651 4117 2727 4174 ibi
2769 4115 3062 4174 remansit.
3101 4116 3415 4186 Episcopus
3456 4129 3593 4171 vero
3621 4115 3857 4171 Laudu-

2160 4220 2301 4262 num
2353 4205 2586 4276 quidem
2637 4205 2840 4272 rediit;
2873 4205 2969 4261 sed
3015 4204 3242 4260 assidue
3289 4214 3404 4260 tam
3454 4203 3635 4274 ipsius
3675 4216 3854 4273 quam

2154 4295 2440 4350 sociorum
2473 4295 2600 4366 ejus
2626 4307 2827 4350 curam
2861 4293 3070 4349 habere
3100 4306 3214 4348 non
3240 4291 3470 4348 destitit.

356 4371 622 4429 stinatus.
687 4373 1003 4443 Episcopus
1058 4375 1266 4432 exinde
1331 4376 1502 4432 duxit
1556 4390 1690 4433 eum
1743 4377 1816 4433 ad
1872 4377 2053 4433 alium
2092 4383 2137 4438 Ι)
2239 4382 2368 4438 Post
2427 4395 2642 4451 paucos
2693 4380 2814 4438 dies
2865 4380 2956 4436 vir
3020 4380 3141 4446 Dei,
3196 4379 3541 4435 Laudunum
3598 4379 3852 4443 veniens,

355 4459 615 4530 ejusdem
663 4459 851 4517 silvm/
874 4461 1084 4529 locum,
1129 4463 1234 4533 qui
1264 4463 1526 4520 Telonias
1569 4472 1829 4533 vocatur,
1879 4479 2052 4535 quem

357 4547 464 4604 sibi
511 4555 829 4617 ostensum,
881 4559 1006 4620 post
1055 4550 1262 4608 factam
1307 4553 1648 4620 orationem,
1699 4553 1847 4610 sicut
1892 4553 2054 4622 prius

357 4635 504 4693 dixit
547 4637 696 4693 idem
743 4638 1104 4705 Norbertus,
1163 4653 1366 4696 revera
1413 4641 1550 4696 satis
1596 4640 1857 4712 religioni
1911 4655 2052 4698 con-

358 4739 598 4796 gruum,
631 4727 726 4783 sed
757 4741 862 4784 nec
895 4729 1052 4784 hunc
1073 4741 1108 4783 a
1137 4729 1252 4786 Deo
1276 4728 1386 4785 sibi
1411 4729 1778 4786 destinatum.

425 4815 591 4872 Tunc
630 4816 934 4887 episcopus
967 4816 1318 4873 Laudunum
1366 4817 1592 4873 rediens
1619 4817 1786 4874 duxit
1816 4831 1950 4874 eum
1993 4817 2054 4874 in

357 4901 561 4959 silvam
595 4903 912 4976 Vosagum,
941 4905 1305 4975 ostenditque
1332 4905 1383 4960 ei
1409 4907 1466 4960 in
1490 4905 1612 4975 ipsa
1639 4905 1827 4962 locum
1859 4921 2057 4976 quem-

358 4991 512 5058 dam,
563 4991 666 5062 qui
714 4993 952 5049 Pratum
990 4994 1394 5060 Monstratum,
1439 4993 1528 5050 vel
1577 4994 2058 5052 Praemonstratus

359 5086 620 5136 vocatur.
674 5079 896 5136 Viderit
948 5095 1087 5152 ergo
1138 5081 1408 5152 quisquis
1457 5082 1580 5138 haec
1634 5082 1836 5154 legerit
1887 5083 2058 5154 cujus

359 5166 680 5223 devotionis
722 5167 818 5224 hic
844 5169 1147 5239 episcopus
1197 5169 1391 5237 fuerit,
1430 5170 1552 5240 qui,
1600 5171 1810 5226 relictis
1841 5171 2054 5240 episco-

361 5253 590 5321 palibus
614 5255 877 5325 negotiis,
910 5256 1201 5312 hominem
1225 5258 1484 5328 ignotum
1519 5271 1618 5328 per
1646 5265 1725 5314 tot
1749 5258 2054 5327 silvestria,

361 5350 418 5398 et
447 5343 608 5400 invia
637 5345 778 5414 loca,
808 5360 924 5402 non
951 5346 1074 5402 sine
1103 5361 1314 5418 magno
1345 5347 1538 5404 labore
1566 5348 2052 5417 circumducebat,

364 5445 514 5500 quae,
549 5431 676 5488 licet
703 5432 872 5489 etiam
907 5433 1092 5502 hodie,
1115 5435 1230 5490 cim
1254 5435 1374 5506 jam
1407 5450 1442 5492 a
1471 5436 1664 5492 multis
1702 5436 2052 5505 incoluntur,

364 5517 672 5576 videantur
714 5521 1030 5587 horribilia,
1066 5529 1206 5578 tunc
1246 5532 1436 5579 tamen
1469 5523 1642 5580 nimis
1687 5533 1852 5580 erant
1900 5539 2057 5593 aspe-

366 5605 519 5662 riora
548 5616 604 5664 et
649 5609 1019 5677 terribiliora,
1065 5619 1262 5682 utpote
1307 5611 1382 5667 ab
1410 5612 1565 5668 omni
1598 5613 1897 5669 hominum
1945 5612 2055 5668 ha-

2163 4470 2416 4526 scholam
2467 4469 2729 4541 magistri
2777 4468 3087 4538 Radulphi,
3123 4469 3225 4538 qui
3273 4481 3546 4539 germano
3576 4481 3682 4524 suo
3729 4479 3851 4521 ma-

2164 4558 2342 4630 gistro
2383 4557 2652 4613 Anselmo
2692 4557 2962 4614 defuncto
3005 4564 3376 4620 successerat,
3417 4555 3763 4626 ingreditur,
3801 4560 3851 4609 et

2161 4645 2538 4702 scholasticus
2581 4646 2708 4716 ejus
2755 4659 3076 4702 sermonem
3124 4644 3580 4700 exhortatorium
3621 4643 3846 4706 faciens,

2161 4734 2423 4805 protinus
2467 4741 2682 4804 septem
2704 4747 2777 4790 ex
2806 4733 2889 4790 eis
2917 4732 3244 4792 ditissimos.
3280 4733 3380 4802 qui
3422 4745 3606 4802 nuper
3635 4732 3704 4788 de
3743 4731 3846 4786 Lo-

2164 4822 2455 4893 tharingia
2485 4830 2782 4886 venerant,
2807 4821 3108 4888 convertit,
3139 4829 3194 4877 et
3219 4835 3350 4876 cum
3376 4833 3586 4892 magna
3612 4817 3850 4890 pecunia

2163 4912 2232 4968 ad
2265 4911 2594 4968 eccclesiam
2643 4925 2809 4968 suam
2843 4911 3031 4967 duxit.
3065 4911 3170 4968 Sed
3205 4910 3484 4980 antiquus
3520 4909 3717 4975 hostis,
3756 4903 3846 4976 qui

2163 5014 2388 5070 semper
2418 5014 2719 5056 servorum
2745 5000 2840 5055 Dei
2867 4999 3219 5070 profectibus
3251 4998 3506 5054 invidere
3535 4994 3846 5056 consuevit,

2163 5088 2334 5144 etiam
2377 5088 2535 5144 hunc
2566 5088 2624 5142 in
2669 5087 2788 5156 ipso
2819 5086 3102 5158 principio
3145 5085 3484 5158 perturbare
3514 5083 3756 5151 studuit,
3801 5087 3848 5136 et

2163 5175 2311 5232 sicut
2361 5177 2543 5232 Evam
2599 5175 2657 5230 in
2707 5175 2972 5244 paradiso
3027 5175 3278 5241 seduxit,
3329 5173 3657 5243 Judamque
3715 5172 3848 5226 inter

2162 5263 2446 5333 apostolos
2494 5262 2854 5332 depravavit,
2910 5262 2990 5318 ita
3044 5263 3215 5318 etiam
3267 5276 3449 5317 unum
3493 5275 3564 5316 ex
3630 5259 3847 5316 duobus

2162 5352 2331 5408 sociis
2359 5352 2484 5421 ejus
2513 5349 2616 5420 qui
2663 5363 2795 5405 cum
2820 5365 2886 5406 eo
2914 5359 3191 5407 venerant
3219 5349 3493 5418 corrupit.
3551 5348 3654 5404 Hic
3695 5357 3846 5403 nam-

2163 5451 2279 5508 que
2332 5436 2625 5506 praefatam
2649 5437 2973 5508 pecuniam,
3019 5451 3054 5492 a
3095 5437 3445 5494 scholasticis
3493 5435 3738 5493 delatam
3779 5430 3844 5486 si-

2166 5525 2340 5594 bique
2369 5537 2404 5578 a
2432 5525 2710 5596 magistro
2739 5525 3222 5594 commendatam,
3251 5524 3436 5580 media
3468 5532 3632 5580 nocte
3663 5521 3841 5579 furtim

2164 5626 2438 5678 sumens,
2481 5621 2536 5669 et
2581 5613 2652 5670 de
2695 5613 2934 5670 ecclesia
2966 5613 3232 5684 fugiens,
3278 5613 3521 5670 latenter
3565 5610 3838 5670 discessit.
