3946 6392
26 378 117 430 ‘93

877 375 1232 430 HERMANNI
1277 374 1367 428 DE
1407 374 1645 429 MIBAC.
1691 375 1746 428 S.
1790 372 2030 429 MARUE
2069 373 2374 429 LAUDUN.
2407 403 2474 412 —
2503 374 2633 428 LIB.
2678 374 2772 429 IIl.

3459 378 3562 432 994

33 519 52 565 t
93 512 396 580 praefatos
443 511 810 564 scholasticos
857 509 914 564 in
945 511 1126 565 multa
1169 510 1411 578 penuria
1453 518 1508 564 et
1557 524 1752 564 neces‘
1789 514 1834 564 Α
1865 509 2024 564 Unde
2063 523 2176 564 non
2229 509 2512 564 immerito
2556 510 2798 565 dixerim
2831 525 2956 566 eam
3005 511 3084 566 illi
3141 525 3174 565 a
3228 511 3340 566 Deo
3371 525 3558 567 reser-

30 599 185 653 itate
229 601 494 669 reliquit.
537 599 818 667 Tuncque
867 598 1116 666 primum
1157 599 1247 652 vir
1286 598 1385 652 Dei
1418 597 1750 652 recordatus

25 702 237 743 'ocum
298 703 450 758 quas
507 701 680 757 prope
732 687 1040 741 Remorum
1086 686 1287 741 urbem
1340 701 1471 740 eum
1521 685 1749 740 audisse

33 790 201 844 upra
234 776 522 841 diximus,
555 781 610 828 et
650 773 767 842 ipse
815 773 1114 840 intellexit,
1148 780 1202 828 et
1234 774 1442 828 domno
1483 775 1748 844 episcopo

29 879 136 917 ese
172 878 369 933 super
399 863 507 918 hoc
544 861 856 917 consolanti
887 863 1171 931 exposuit,
1203 863 1521 917 secundum
1552 876 1745 917 vocem

23 967 152 1020 [uae
228 951 592 1006 clamaverat
659 964 671 1003 :
737 949 842 1004 llic
903 959 986 1005 est
1031 949 1350 1006 Norbertus
1431 958 1485 1005 et
1559 952 1750 1005 socius

24 1040 170 1108 ejus,
242 1039 360 1094 hoc
407 1037 762 1109 signiﬁcasse
810 1037 963 1107 quod
1031 1051 1104 1092 ex
1151 1037 1379 1092 duobus
1445 1038 1606 1092 sociis
1648 1030 1748 1107 qui

23 1142 156 1181 :um
215 1142 290 1182 eo
343 1134 642 1191 venerant,
678 1139 835 1180 unus
867 1124 1224 1180 solummodo
1267 1133 1412 1180 esset
1443 1139 1750 1180 remansu-

23 1227 147 1277 ‘us,
205 1214 365 1269 alter
417 1228 550 1270 cum
591 1213 742 1268 Juda
783 1211 1069 1268 exiturus.
1119 1212 1186 1267 Et
1229 1213 1348 1282 ipse
1397 1213 1631 1282 quidem
1669 1211 1751 1266 sic

32 1301 430 1357 ntellexerat.

90 1390 377 1444 Domnus
408 1397 600 1444 autem
648 1387 894 1444 Leonius
939 1389 1118 1444 abbas
1163 1387 1354 1443 Sancti
1394 1388 1627 1453 Bertini,
1660 1388 1752 1443 vir

24 1474 530 1544 ‘eligiosissimus,
580 1483 634 1528 et
687 1483 801 1529 tam
855 1475 1157 1545 gentilium
1195 1488 1372 1544 quam
1418 1474 1749 1530 divinarum

24 1564 370 1617 litterarum
404 1561 802 1630 peritissimus,
857 1577 1044 1631 nuper
1083 1567 1234 1615 546
1282 1563 1440 1617 hunc
1492 1562 1750 1617 libellum

21 1664 232 1719 .egens
268 1648 535 1718 protinus
564 1648 728 1703 aliter
775 1649 1186 1718 interpretatus
1212 1657 1296 1705 est
1328 1649 1481 1704 illam
1531 1664 1746 1716 vocem,

21 1738 304 1807 mihique
354 1744 415 1792 ut
457 1751 528 1791 ex
575 1745 734 1805 parte
777 1750 884 1791 sua
933 1737 1271 1792 sententiam
1315 1751 1480 1793 suam
1524 1737 1616 1792 hic
1649 1751 1751 1806 po—

21 1841 232 1880 nerem
301 1824 593 1893 praecepit,
667 1823 863 1878 dicens
944 1839 1014 1878 ex
1096 1825 1220 1893 ipsa
1301 1825 1754 1880 consideratione
1791 1807 1835 1862 Β

22 1911 322 1980 temporis
369 1917 424 1964 et
478 1923 734 1979 personae
779 1911 1297 1981 appropinquantis
1344 1913 1532 1982 palam
1581 1913 1752 1967 intel-

21 1999 130 2068 ligi
184 2013 358 2068 posse
405 1999 561 2068 quod
609 1999 1092 2054 Bartholomeeum
1143 1998 1471 2068 episcopum
1514 2013 1625 2053 vox
1658 1997 1752 2052 illa

22 2095 244 2142 testata
276 2087 350 2141 sit
383 2089 600 2140 socium
632 2100 753 2141 esse
811 2086 1092 2140 Norberti.
1144 2087 1287 2142 Cum
1331 2085 1504 2151 enim,
1540 2086 1747 2155 inquit,

23 2174 227 2228 tribus
262 2174 465 2228 diebus
517 2173 706 2228 Remis
751 2173 1082 2228 demoratus
1131 2181 1185 2228 et
1236 2187 1398 2242 papae
1448 2173 1604 2242 loqui
1635 2187 1750 2227 non

23 2261 262 2328 valens,
314 2260 491 2316 tristis
530 2274 598 2314 ac
626 2261 934 2330 desperans
964 2261 1032 2316 de
1076 2260 1219 2316 urbe
1248 2262 1474 2327 exisset,
1506 2268 1560 2316 et
1607 2260 1749 2330 quid

21 2351 149 2420 jam
204 2357 404 2419 ageret
472 2348 559 2404 vel
623 2363 740 2418 quo
794 2357 1040 2404 verteret
1090 2350 1350 2416 nesciret,
1409 2349 1750 2418 nullamque

27 2438 488 2492 consolationem
533 2445 739 2506 praeter
791 2440 967 2493 Deum
1014 2437 1124 2492 sibi
1179 2437 1390 2492 habere
1435 2438 1745 2504 videretur,

29 2526 148 2581 nisi
184 2527 240 2580 in
287 2525 518 2580 duobus
563 2525 732 2579 sociis
779 2527 923 2593 suis,
976 2539 1124 2594 quos
1170 2525 1277 2580 sibi
1330 2524 1749 2580 indivisibiliter

31 2614 379 2670 adhzesuros
421 2627 776 2683 quocunque
825 2613 950 2676 iret,
987 2612 1326 2681 conﬁdebat,
1364 2626 1476 2667 vox
1506 2613 1750 2681 desuper

31 2703 82 2756 ei
132 2702 379 2756 sonuit:
436 2702 539 2754 Hic
585 2709 669 2756 est
718 2701 1052 2768 Norbertus,
1106 2709 1160 2756 et
1201 2702 1390 2756 socius
1430 2701 1576 2770 ejus,
1610 2714 1677 2754 ac
1703 2701 1748 2756 si

32 2790 298 2858 apertius
343 2789 392 2843 ei
426 2788 661 2842 dixisset
695 2803 706 2841 :
753 2787 871 2842 Noli
911 2788 1233 2857 desperare,
1283 2788 1371 2843 vel
1425 2788 1480 2842 in
1521 2788 1750 2843 duobus

35 2887 270 2933 tantum
319 2877 488 2932 sociis
537 2875 650 2932 tuis
713 2877 997 2931 conﬁdere
1059 2877 1197 2946 quia
1263 2891 1391 2932 ecce
1447 2891 1620 2946 prope
1664 2885 1748 2932 est

35 2967 363 3034 episcopus,
398 2979 570 3034 quem
605 2964 702 3019 tibi
754 2965 907 3019 Deus
946 2963 1164 3019 socium
1207 2963 1382 3030 dedit,
1433 2963 1535 3033 qui
1572 2973 1621 3018 te
1654 2976 1746 3016 se-

38 3068 174 3107 cum
209 3053 489 3108 reducens
531 3051 698 3106 faciet
730 3065 890 3120 papae
937 3050 1208 3120 colloqui,
1261 3051 1361 3121 qui
1395 3050 1452 3104 in
1499 3051 1746 3105 tribula-

42 3140 308 3196 tionibus
365 3139 482 3196 tuis
541 3139 861 3194 consolator
899 3139 1269 3194 dulcissimus
1317 3139 1416 3194 tibi
1463 3139 1590 3203 erit,
1643 3137 1745 3208 qui

44 3229 143 3284 tibi
175 3229 365 3284 sedem
397 3235 451 3283 et
480 3227 776 3283 ecclesiam
813 3227 869 3282 in
897 3241 1016 3297 qua
1043 3228 1387 3296 requiescas,
1410 3235 1464 3282 et
1489 3226 1743 3281 fructum

44 3317 244 3383 facias,
290 3315 465 3371 dabit.
521 3315 654 3370 Haec
704 3315 847 3370 mihi
889 3315 1136 3370 scribere
1181 3316 1447 3385 praecepit
1500 3315 1747 3369 domnus

47 3406 294 3460 Leonius
339 3405 519 3459 abbas
567 3403 756 3458 Sancti
808 3403 1040 3470 Bertini,
1091 3410 1144 3458 et
1189 3418 1296 3474 ego
1345 3403 1584 3459 credens
1611 3416 1744 3457 eum

47 3508 247 3549 revera
311 3493 452 3548 bene
516 3500 570 3548 et
637 3491 878 3548 fideliter
943 3491 1311 3559 intellexisse,
1387 3493 1631 3548 libenter
1695 3489 1743 3546 ei

48 3581 290 3636 obedivi.

49 3680 180 3733 CAP.
217 3677 280 3734 V.
315 3705 384 3719 —
415 3675 702 3742 Quomodo
739 3676 1026 3730 Walterus
1047 3676 1244 3742 lactus
1269 3675 1346 3729 sit
1374 3676 1548 3730 abbas
1577 3677 1746 3731 eccle-

347 3748 504 3802 siolae
526 3745 729 3802 Sancti
757 3747 1008 3801 Martini
1035 3747 1450 3801 Laudunensis.

123 3846 480 3902 Postmodum
510 3859 646 3915 ergo
697 3845 902 3901 videns
947 3846 1246 3914 episcopus
1294 3845 1352 3899 in
1399 3844 1594 3900 eodem
1625 3844 1746 3900 loco

53 3929 577 3986 Przemonstratensi
627 3929 745 4000 jam
797 3945 912 3984 non
983 3943 1230 3999 parvum
1276 3943 1584 3984 numerum
1633 3929 1746 3984 fra-

56 4027 205 4074 trum
248 4019 505 4090 religiose
553 4019 874 4074 viventium
921 4018 1274 4085 convenisse,
1318 4018 1544 4087 rogavit
1588 4018 1748 4073 dom-

58 4120 195 4160 num
224 4106 584 4173 Norbertum,
622 4115 684 4162 ut
719 4105 945 4176 aliquos
969 4120 1041 4161 ex
1075 4107 1211 4175 ipsis
1240 4107 1298 4160 in
1329 4120 1505 4174 supra
1534 4108 1748 4176 scripta

62 4194 203 4250 beati
249 4194 473 4250 Martini
523 4194 835 4262 ecclesiola,
886 4195 943 4250 in
975 4209 1094 4264 qua
1141 4195 1260 4264 ipse
1291 4203 1528 4264 rogatus
1559 4209 1745 4249 rema-

62 4296 190 4337 nere
234 4283 512 4351 noluerat,
567 4289 822 4352 poneret,
875 4282 976 4352 qui
1025 4296 1151 4337 eam
1201 4281 1273 4336 ad
1320 4281 1419 4336 Dei
1475 4282 1746 4336 honorem

1784 3099 1824 3155 C

1858 604 2072 652 vatam.

1931 685 2329 753 Paupertatem
2366 691 2555 740 tamen
2590 692 2806 740 tantam
2856 685 2912 740 in
2950 687 3147 755 primis
3178 685 3256 742 ibi
3286 686 3562 742 sustinuit

1859 782 1923 828 ut
1954 780 2161 842 praeter
2209 787 2393 827 unum
2443 773 2692 838 asinum,
2747 774 3059 829 burdinum
3115 774 3364 840 nomine,
3417 774 3562 830 nihil

1860 875 2003 931 pene
2040 860 2195 914 aliud
2252 860 2549 926 haberent,
2610 876 2782 930 quem
2858 863 2912 915 in
2968 862 3290 930 proximam
3356 862 3561 918 silvam

1857 950 2145 1017 Vosagum
2188 960 2357 1002 mane
2394 947 2688 1014 ducentes,
2727 948 3001 1018 lignaque
3042 961 3188 1002 caesa
3229 949 3396 1004 dorso
3437 949 3564 1018 ejus

1858 1034 2232 1104 imponentes,
2268 1032 2614 1088 Laudunum
2665 1033 3025 1100 reducerent,
3075 1041 3129 1088 et
3180 1047 3253 1088 ex
3310 1034 3560 1090 venditis

1858 1122 2031 1192 lignis
2070 1134 2276 1190 panem
2324 1120 2431 1175 sibi
2473 1129 2745 1186 emerent,
2784 1120 3070 1175 multoties
3094 1120 3216 1190 jam
3247 1121 3348 1176 diu
3374 1121 3564 1191 jejuni

1861 1217 2174 1276 manentes,
2223 1209 2402 1263 donec
2447 1209 2610 1277 panis
2652 1209 2742 1262 ille
2785 1216 3014 1277 emptus
3065 1216 3191 1276 post
3241 1223 3453 1263 nonam
3481 1210 3564 1265 eis

1859 1297 2197 1352 deferretur.
2251 1294 2364 1364 Ipsi
2416 1303 2605 1349 tamen
2666 1294 2994 1352 consolante
3044 1294 3252 1350 abbate
3294 1295 3563 1354 Gualtero

1861 1385 1920 1440 in
1969 1392 2128 1439 tanta
2176 1383 2417 1453 penuria
2468 1396 2582 1436 non
2631 1382 2977 1449 deﬁcientes,
3029 1383 3125 1438 sed
3177 1383 3403 1439 assidue
3448 1385 3563 1441 Deo

1859 1472 2190 1537 servientes,
2241 1477 2296 1525 et
2343 1469 2612 1524 manibus
2656 1469 2899 1538 propriis
2939 1469 3252 1524 laborando
3283 1470 3564 1540 paulatim

1861 1558 2240 1629 proﬁcientes,
2292 1558 2360 1611 ad
2419 1563 2636 1611 tantam
2680 1558 2802 1626 jam
2859 1557 2966 1611 Deo
3014 1557 3261 1612 donante
3315 1561 3562 1627 provecti

1860 1655 1997 1702 sunt
2019 1644 2436 1701 abundantiam
2463 1653 2525 1699 ut
2553 1658 2626 1699 ex
2654 1644 2836 1698 vineis
2857 1646 2980 1700 suis
3012 1645 3121 1700 tria
3142 1645 3318 1700 millia
3344 1647 3564 1702 modios

1858 1734 1979 1789 vini
2032 1733 2360 1802 frequenter
2427 1731 2696 1800 habeant,
2762 1739 2816 1786 et
2864 1739 2979 1787 tam
3036 1733 3093 1787 in
3165 1741 3451 1789 terrarum
3509 1743 3564 1791 et

1863 1821 2319 1876 molendinorum
2371 1832 2548 1889 quam
2601 1826 2657 1874 et
2712 1819 2770 1872 in
2846 1833 3113 1888 pecorum
3193 1821 3560 1890 possessione,

1861 1919 2071 1965 cuncta
2120 1923 2262 1978 pene
2294 1908 2694 1963 Laudunensis
2721 1908 3080 1976 episcopatus
3118 1909 3377 1964 cmnobia
3411 1924 3562 1978 pra:-

1861 1999 2086 2053 cellant.
2139 1996 2446 2051 Charitatis
2495 1997 2666 2052 etiam
2716 2003 2770 2050 et
2833 1996 3235 2064 hospitalitatis
3278 2005 3438 2052 tanta
3482 1997 3560 2052 ibi

1860 2085 2160 2141 afﬂuentia
2203 2085 2488 2154 reperitur
2553 2091 2617 2139 ut
2656 2094 2888 2153 propter
2934 2085 3220 2152 hospitum
3271 2085 3563 2141 assiduam

1860 2176 2298 2242 susceptionem,
2353 2180 2584 2241 propter
2614 2185 2936 2240 pauperum
2974 2172 3369 2242 quotidianam
3419 2173 3562 2228 rele-

1857 2261 2166 2327 vationem,
2199 2261 2411 2316 mirum
2437 2260 2494 2314 in
2524 2260 2756 2314 modum
2780 2260 3047 2314 videatur
3077 2259 3153 2314 ibi
3185 2261 3336 2315 Deus
3367 2261 3563 2316 omnia

1858 2349 2240 2418 multiplicare
2269 2356 2324 2403 et
2369 2355 2764 2418 augmentare,
2815 2347 2953 2401 adeo
2988 2354 3049 2402 ut
3090 2348 3211 2418 jam
3245 2347 3392 2404 inter
3421 2362 3562 2418 prae-

1857 2439 2030 2508 cipua
2080 2444 2134 2493 et
2179 2435 2516 2492 excellentia
2565 2435 2820 2490 Franciae
2875 2435 3219 2491 monasteria
3259 2443 3561 2506 compute-

1859 2533 1972 2582 tur.

1857 2624 1990 2680 CAP.
2045 2623 2138 2680 VI.
2199 2619 2482 2690 Quomodo
2529 2619 3059 2675 Praemomlratensi
3117 2619 3357 2675 abbatiae
3399 2624 3562 2676 Dom-

2316 2708 2425 2745 nus
2457 2691 2631 2762 Hugo
2666 2693 2968 2762 praefectus
2997 2691 3093 2744 sit.

1927 2789 2295 2844 Postmodum
2359 2787 2528 2842 etiam
2595 2789 2652 2841 in
2728 2787 3253 2843 Przemonstratensi
3323 2788 3560 2844 ecclesia

1856 2876 2104 2932 domnus
2145 2876 2462 2931 Norbertus
2509 2875 2688 2929 abbas
2736 2876 2970 2944 quidem
3023 2889 3143 2929 esse
3204 2876 3407 2945 noluit,
3463 2878 3559 2932 sed

1857 2964 2020 3019 illum
2049 2978 2122 3019 ex
2154 2965 2382 3019 duobus
2411 2963 2578 3018 sociis
2608 2964 2748 3029 suis,
2778 2963 2881 3032 qui
2925 2977 3057 3017 cum
3086 2977 3150 3018 eo
3182 2974 3556 3033 remanserat,

1855 3053 2087 3107 nomine
2131 3053 2452 3122 Hugonem,
2487 3051 2744 3120 ejusdem
2778 3050 2880 3104 loci
2926 3050 3189 3106 abbatem
3241 3051 3556 3109 constituit.

1853 3140 1980 3196 Non
2029 3140 2216 3196 solum
2262 3148 2456 3194 autem
2508 3139 2789 3205 virorum,
2837 3138 2935 3192 sed
2986 3137 3157 3192 etiam
3208 3138 3558 3196 feminarum

1855 3230 2116 3284 cohortes
2149 3228 2297 3284 idem
2343 3227 2660 3284 Norbertus
2701 3226 2774 3281 ad
2821 3226 3004 3281 Deum
3051 3237 3381 3282 convertere
3431 3235 3560 3284 stu-

1855 3317 1999 3383 duit,
2037 3318 2115 3372 ita
2145 3324 2208 3372 ut
2245 3315 2413 3371 hodie
2466 3315 2523 3370 in
2553 3314 2794 3369 diversis
2845 3314 3103 3384 ejusdem
3133 3315 3382 3371 ecclesiae
3425 3316 3562 3373 locis

1856 3404 2166 3475 plusquam
2213 3403 2366 3459 mille
2396 3404 2694 3459 videamus
2741 3416 3048 3458 conversas
3083 3409 3240 3458 tanto
3289 3403 3476 3474 rigore
3505 3411 3560 3460 et

1854 3493 2076 3548 silentio
2134 3494 2247 3548 Deo
2295 3493 2510 3547 servire
2568 3499 2629 3546 ut
2700 3491 2758 3545 in
2812 3491 3244 3546 districtissimis
3286 3492 3561 3548 cmnobiis

1856 3582 2272 3637 monachorum
2320 3581 2421 3635 vix
2469 3579 2712 3634 similem
2760 3579 3094 3650 religionem
3136 3581 3311 3648 possit
3349 3581 3561 3650 aliquis

1859 3669 2138 3724 invenire.
2204 3668 2318 3724 Nec
2385 3675 2690 3722 contentus
2759 3665 2868 3722 fuit
2949 3667 3100 3722 intra
3162 3667 3562 3724 Laudunensis

1857 3757 2114 3812 dicecesis
2155 3757 2428 3811 terminos
2477 3753 2724 3809 fratrum
2756 3769 2995 3809 suorum
3029 3763 3252 3811 turmas
3285 3757 3554 3826 coerceri,

1855 3846 1953 3900 sed
1986 3845 2168 3900 instar
2196 3858 2392 3913 apum,
2430 3858 2560 3913 quae
2607 3843 2675 3898 de
2706 3843 2957 3897 vasculis
2992 3844 3049 3897 in
3082 3844 3297 3913 quibus
3325 3845 3558 3902 melliﬁ—

1856 3935 2114 3989 caverint
2146 3940 2445 3999 exeuntes,
2491 3931 2562 3986 ad
2607 3931 2719 3985 alia
2751 3931 2872 3985 loca
2919 3931 3333 3989 mellilicaturw
3364 3941 3560 3990 trans-

1856 4022 2072 4088 volant,
2122 4021 2292 4077 etiam
2353 4021 2470 4090 ipse
2531 4021 2757 4074 diversa
2823 4026 2878 4074 et
2937 4019 3160 4076 deserta
3211 4020 3331 4076 loca
3391 4023 3562 4091 coepit

1857 4119 2123 4180 expetere
2152 4109 2496 4179 directisque
2537 4107 2815 4164 fratribus
2864 4121 3013 4162 nova
3047 4109 3391 4165 monasteria
3422 4110 3560 4166 aedi-

1860 4199 2046 4253 ﬁcare.

1927 4285 2232 4342 Constituit
2262 4299 2396 4341 vero
2435 4299 2505 4340 ex
2551 4283 2822 4339 omnibus
2870 4285 3250 4351 monasteriis,
3285 4301 3416 4356 qua
3469 4286 3560 4342 vel

66 4379 379 4427 construere
431 4378 486 4426 et
545 4381 922 4442 augmentare
979 4371 1290 4426 studerent.
1362 4371 1746 4440 Acquiescens
1785 4373 1916 4444 Din
1949 4373 2068 4428 vita
2096 4387 2222 4441 sua,
2264 4372 2353 4428 vel
2406 4380 2529 4443 post
2575 4371 2793 4428 obitum
2843 4387 3014 4428 suum
3068 4375 3454 4430 institutiones
3495 4388 3562 4430 ac

67 4458 153 4514 ille
191 4460 450 4529 precibus
496 4459 821 4530 pontificiis,
853 4473 1066 4530 paucos
1104 4474 1176 4516 ex
1218 4459 1491 4514 fratribus
1520 4459 1641 4514 suis
1673 4459 1747 4514 ibi

70 4547 244 4616 posuit
283 4548 665 4619 abbatemque
711 4549 839 4619 ejus
865 4547 1058 4604 virum
1109 4547 1439 4618 religiosum
1470 4547 1748 4602 domnum

69 4635 384 4691 Gualterum
428 4636 697 4706 praefecit.
745 4636 849 4691 Cui
895 4637 1063 4703 Deus,
1115 4643 1333 4704 orante,
1368 4636 1517 4690 sicut
1559 4635 1748 4690 credi-

71 4737 206 4791 mus,
237 4724 394 4779 beato
425 4724 690 4791 Martino,
741 4731 961 4779 tantam
993 4723 1286 4779 confestim
1332 4724 1576 4794 gratiam
1607 4737 1748 4778 con-

71 4811 207 4876 tulit,
239 4819 298 4867 ut
344 4812 413 4867 de
461 4813 582 4881 ipso
633 4826 867 4882 quoque
917 4811 1058 4866 illud
1089 4811 1356 4867 videatur
1405 4825 1564 4881 posse
1613 4810 1745 4878 dici,

71 4899 209 4968 quod
239 4898 304 4954 de
335 4913 498 4954 sacra
527 4899 722 4968 puella
754 4898 1016 4970 Ragueli,
1051 4900 1199 4968 patri
1229 4900 1353 4970 ejus
1383 4899 1629 4968 angelus
1659 4898 1751 4953 di—

70 4987 186 5042 xit:
220 5010 238 5036 ι
275 4987 574 5057 Propterea
607 4987 804 5043 nullus
840 4987 1026 5056 potuit
1055 4988 1266 5043 habere
1290 5002 1436 5054 eam,
1473 4987 1747 5056 quoniam

72 5073 196 5130 huic
218 5075 428 5130 timenti
458 5076 638 5130 Deum
671 5075 912 5131 debetur
934 5075 1150 5146 conjux
1180 5075 1296 5130 ﬁlia
1326 5083 1426 5131 tua
1455 5075 1614 5145 (Tob.
1645 5090 1744 5142 vn,

79 5165 175 5233 l2).
205 5185 224 5213 ›
258 5163 520 5219 Similiter
565 5178 693 5220 eam
740 5164 886 5220 beati
942 5164 1172 5220 Martini
1214 5164 1565 5220 ecclesiolam
1614 5179 1747 5219 cum

75 5251 247 5320 plures
273 5251 341 5306 ab
369 5251 632 5321 episcopo
663 5252 972 5321 regendam
1007 5253 1406 5321 suscepissent,
1434 5251 1747 5322 nullusque

77 5354 251 5396 eorum
281 5340 355 5395 ibi
401 5340 673 5409 proﬁcere
716 5340 1009 5409 potuisset,
1050 5340 1187 5396 huic
1230 5339 1420 5396 abbati
1455 5339 1744 5406 Gualtero,

79 5435 179 5484 tam
207 5429 345 5484 bona
373 5428 608 5484 fortuna
640 5443 740 5498 per
767 5429 1023 5484 divinam
1057 5429 1300 5500 gratiam
1333 5443 1520 5485 comes
1546 5429 1746 5485 adhae-

80 5516 140 5572 sit
168 5525 222 5574 ut
249 5516 390 5572 infra
414 5517 714 5574 duodecim
745 5529 926 5572 annos
958 5517 1268 5588 plusquam
1291 5517 1745 5588 quingentorum

79 5604 292 5664 fratrum
336 5606 448 5661 Deo
489 5604 865 5662 servientium
898 5605 974 5661 ibi
1019 5613 1338 5662 conventus
1385 5604 1747 5662 inveniretur

1859 4461 2072 4532 regulae
2118 4477 2238 4517 suae
2295 4474 2556 4516 normam
2617 4474 2683 4515 ac
2742 4461 3090 4530 propositum
3149 4471 3558 4533 sequerentur,

1856 4550 2109 4606 universi
2141 4550 2375 4606 abbates
2427 4548 2672 4620 singulis
2699 4548 2866 4604 annis
2913 4549 2970 4602 in
3021 4550 3158 4604 resto
3203 4550 3257 4606 S.
3296 4552 3553 4622 Dionysii

1855 4639 1926 4693 ad
1975 4638 2220 4707 primam
2287 4645 2547 4705 matrem,
2600 4637 2668 4693 de
2735 4651 2854 4707 qua
2899 4647 3309 4707 processerant,
3373 4639 3428 4695 id
3476 4648 3560 4696 est

1857 4727 2453 4782 Praemonstratensem
2534 4726 2852 4792 ecclesiam,
2938 4725 3104 4795 quasi
3196 4726 3269 4780 ad
3346 4727 3560 4784 fontem

1855 4821 1999 4870 549
2052 4815 2301 4885 potaturi
2346 4814 2736 4882 convenirent,
2770 4823 2825 4870 et
2878 4813 3049 4868 simul
3086 4815 3248 4882 positi
3291 4815 3560 4884 generale

1855 4905 2172 4974 capitulum
2207 4910 2484 4968 tenerent,
2533 4915 2599 4957 ac
2647 4903 2690 4956 si
2723 4901 2863 4971 quid
2901 4901 2989 4956 vel
3033 4901 3432 4971 communiter,
3468 4904 3559 4960 vel

1855 4993 1912 5046 in
1939 4993 2135 5062 aliquo
2183 4990 2327 5046 forte
2373 4990 2782 5060 corrigendum
2833 4997 2995 5056 esset,
3047 4990 3256 5046 ibidem
3299 4991 3558 5063 corrige-

1856 5088 2001 5136 rent.
2053 5080 2196 5136 Cum
2245 5094 2382 5149 ergo
2431 5079 2677 5135 necdum
2731 5078 2970 5149 triginta
3015 5079 3152 5134 anni
3199 5080 3553 5150 transierint,

1853 5181 1919 5222 ex
1949 5179 2064 5235 quo
2111 5165 2359 5219 domnus
2399 5163 2715 5219 Norbertus
2755 5178 2854 5232 per
2893 5166 3290 5235 supradictum
3331 5166 3558 5235 episco-

1853 5268 1992 5323 pum
2027 5253 2103 5307 ibi
2135 5252 2419 5307 adductus
2457 5260 2562 5318 est,
2597 5250 2716 5321 jam
2750 5261 2962 5319 tamen,
2991 5252 3191 5308 divina
3243 5262 3555 5324 praestante

1855 5341 2062 5412 gratia,
2109 5348 2189 5396 tot
2230 5340 2438 5396 exinde
2485 5340 2833 5396 monasteria
2894 5341 3277 5412 pullularunt,
3327 5350 3393 5398 ut
3441 5343 3557 5400 fere

1853 5438 2084 5486 centum
2117 5428 2351 5484 abbates
2405 5428 2462 5484 in
2512 5428 2782 5498 praedicto
2831 5429 2969 5485 festo
3015 5443 3088 5485 ex
3124 5429 3206 5485 eis
3237 5430 3316 5485 ibi
3345 5445 3551 5488 conve-

1855 5519 2006 5574 nisse
2054 5517 2446 5585 inveniantur,
2486 5531 2602 5573 non
2633 5516 2820 5573 solum
2849 5532 2923 5573 ex
2967 5517 3230 5586 Francia,
3263 5519 3352 5576 vel
3403 5520 3544 5576 Bur-

1855 5605 2096 5677 gundia,
2127 5606 2223 5662 sed
2254 5620 2326 5662 ex
2363 5605 2486 5677 ipsa
2517 5621 2751 5678 quoque
2781 5607 3139 5674 Alemannia,
3173 5607 3427 5665 Saxonia
3452 5623 3556 5665 seu
