3946 6400
365 409 467 463 995

1285 411 1591 469 APPEND.
1632 412 1727 467 AD
1771 413 1901 469 LIB.
1943 410 2044 469 III.
2086 411 2417 470 GUIBERTI
2460 411 2546 466 DE
2583 410 2747 469 VITA
2787 411 2938 468 SUA.

3775 412 3885 465 996

368 543 694 602 Wasconia.
732 543 803 600 Ut
847 543 1000 601 enim
1033 545 1102 600 de
1145 545 1272 602 aliis
1304 553 1538 613 taceam,
1574 561 1645 604 ex
1678 549 1797 603 sola
1830 549 2065 619 prafata
2094 564 2141 616 Α
2166 548 2361 605 dicant
2407 548 2682 603 domuum
2752 546 3108 603 Bernardum
3173 545 3437 602 abbatem
3483 547 3884 603 Clarevallen—

370 632 561 688 Sancti
606 632 834 689 Martini
891 633 1145 701 ecclesia,
1214 634 1306 689 cui
1370 635 1561 692 adhuc
1626 636 1848 706 primus
1886 637 2065 694 abbas

370 720 619 776 domnus
663 719 969 776 Gualterus
1016 729 1236 791 praest,
1277 723 1399 792 jam
1437 723 1735 779 duodecim
1785 725 1899 779 alia
1932 740 2061 794 pro-

370 815 665 863 cesserunt
710 809 1071 864 monasteria.
1112 808 1228 864 Nec
1270 823 1403 864 vero
1432 810 1618 865 solum
1672 812 1877 867 vicina
1909 820 2063 867 tanto

371 895 479 951 hoc
540 894 756 951 lumine
831 896 1258 964 perlustrantur
1338 897 1668 966 provincia,
1738 900 1832 955 sed
1890 902 2060 956 etiam

370 996 529 1038 mare
551 983 670 1053 jam
704 982 880 1053 hujus
910 984 1041 1038 novi
1067 983 1201 1040 solis
1226 985 1425 1041 radius
1452 986 1737 1053 transivit,
1777 993 1831 1042 et
1863 987 2062 1043 urbem

372 1069 726 1125 Hierusalem
798 1070 1149 1126 transmissis
1209 1072 1428 1143 aliquot
1494 1074 1826 1130 clarissimis
1888 1075 2066 1131 stellis

370 1157 699 1213 irradiando
735 1158 1173 1228 splendificavit.

439 1245 585 1312 Quid
639 1245 736 1301 alii
778 1249 1027 1304 sentiant
1095 1248 1321 1319 ignoro,
1387 1264 1493 1321 ego
1551 1250 1720 1306 corde
1770 1251 1958 1318 credo,
2009 1258 2066 1308 et

370 1333 610 1390 ﬁdenter
653 1347 749 1389 ore
798 1336 1126 1404 pronuntio,
1170 1337 1431 1393 omnium
1481 1337 1784 1403 bonorum,
1827 1353 1959 1408 qua
2006 1342 2065 1395 in

368 1429 448 1478 tot
477 1421 763 1490 pradictis
815 1424 1174 1480 monasteriis
1218 1424 1385 1493 fiunt,
1444 1425 1532 1481 vel
1564 1425 1863 1496 deinceeps
1905 1426 2062 1491 ﬁent,

368 1509 644 1566 domuum
681 1510 1159 1566 Bartholomaum
1189 1512 1516 1581 episcopum
1561 1520 1877 1568 consortem
1919 1527 2061 1581 esse,

370 1597 821 1667 participemque
861 1605 917 1652 et
970 1606 1412 1667 cooperatorem.
1453 1599 1596 1655 Cum
1644 1601 1797 1656 enim
1844 1602 2065 1657 Veritas

369 1685 428 1741 in
476 1686 791 1756 Evangelio
846 1685 998 1741 dicat
1050 1701 1063 1740 :
1115 1706 1142 1733 ‹‹
1188 1685 1295 1752 Qui
1361 1686 1563 1757 recipit
1615 1688 1953 1758 prophetam
2005 1689 2062 1744 in

368 1775 601 1830 nomine
663 1774 971 1842 propheta,
1042 1774 1354 1829 mercedem
1441 1776 1730 1845 propheta
1830 1777 2065 1846 accipiet

368 1861 602 1932 (Matth.
628 1876 686 1929 χ,
718 1862 833 1929 41),
869 1883 897 1910 ››
926 1861 1175 1931 profecto
1225 1861 1405 1932 liquet
1435 1864 1589 1932 quod
1639 1864 1893 1933 pontifex
1941 1865 2062 1932 iste,

368 1950 471 2019 qui
517 1949 822 2019 prafatum
869 1962 1104 2005 servum
1144 1949 1243 2005 Dei
1299 1964 1411 2005 non
1458 1952 1642 2006 solum
1688 1954 1918 2022 recepit,
1969 1954 2067 2009 sed

368 2038 565 2105 etiam,
613 2045 679 2093 ut
723 2050 899 2107 supra
945 2038 1223 2107 scriptum
1273 2045 1377 2104 est,
1444 2039 1784 2095 intermissis
1842 2040 2066 2109 episco-

368 2125 597 2194 palibus
643 2125 903 2195 negotiis,
954 2140 1056 2196 per
1104 2134 1183 2182 tot
1214 2126 1494 2182 silvarum
1543 2128 1707 2183 devia
1737 2136 1791 2183 et
1834 2127 2067 2184 horrida

368 2213 492 2268 loca
534 2213 986 2281 circumducere,
1032 2221 1086 2269 et
1115 2215 1187 2269 ad
1239 2214 1509 2271 ultimum
1560 2215 1618 2270 in
1650 2216 2066 2272 Pramonstra—

372 2298 516 2355 tensi
579 2300 890 2355 solitudine
970 2300 1210 2357 firmiter
1279 2302 1557 2371 plantare,
1625 2303 2066 2373 plantatumque

361 2386 582 2457 jugiter
628 2388 818 2457 rigare
868 2388 1110 2450 studuit,
1176 2388 1399 2444 fructus
1460 2389 1664 2459 utique
1713 2389 1867 2446 illius
1911 2389 2067 2445 dulci

369 2474 628 2529 mercede
676 2489 793 2529 non
827 2474 1061 2531 carebit.
1111 2476 1324 2532 Beatus
1354 2476 1640 2547 siquidem
1670 2477 1978 2549 Gregorius
2009 2479 2065 2533 in

368 2561 604 2617 homilia
633 2563 933 2633 Evangelii
958 2584 985 2612 «
1025 2578 1176 2620 anno
1205 2565 1408 2634 quinto
1428 2565 1646 2621 decimo
1667 2565 1824 2634 (Luc.
1858 2582 1938 2632 ιιι,
1963 2566 2014 2635 1)
2038 2587 2059 2614 ι

368 2647 665 2719 prafatam
732 2651 1071 2706 sententiam
1122 2651 1394 2707 subtilius
1447 2666 1741 2722 exponens
1788 2668 1800 2707 :
1847 2653 2066 2709 Notan-

368 2736 530 2800 dum,
566 2736 776 2807 inquit,
812 2738 966 2808 quod
1013 2753 1129 2794 non
1160 2741 1240 2794 ait
1277 2739 1559 2796 Dominus
1609 2756 1623 2793 :
1655 2741 1965 2796 Mercedem
1998 2742 2067 2796 de

370 2824 643 2894 propheta
706 2824 965 2894 accipiet,
1033 2826 1131 2881 sed
1195 2827 1511 2882 mercedem
1567 2827 1874 2897 propheta,
1927 2826 2069 2896 quia

368 2913 685 2968 mercedem
729 2926 906 2983 quam
952 2914 1227 2983 propheta
1259 2914 1328 2969 de
1370 2914 1520 2970 bono
1548 2929 1717 2985 opere
1747 2928 1853 2970 suo
1885 2928 1920 2968 a
1952 2914 2067 2970 Deo

367 2999 604 3069 accepit,
648 3000 905 3055 eamdem
968 3000 1138 3055 etiam
1201 3002 1337 3071 ipse,
1406 3002 1509 3071 qui
1555 3016 1689 3058 eum
1747 3002 2067 3072 recipiendo

365 3088 417 3142 ei
466 3087 697 3157 adjutor
741 3088 979 3156 exstitit,
1029 3103 1089 3145 se
1128 3097 1534 3159 percepturum
1579 3091 1800 3147 noverit
1833 3089 2063 3161 (Homil.

366 3177 454 3243 20,
489 3175 597 3230 sub
628 3174 929 3246 medium).

436 3264 525 3320 Ad
565 3264 734 3334 cujus
760 3264 843 3319 rei
873 3264 1273 3321 certitudinem
1311 3265 1634 3322 evidentius
1662 3267 2066 3322 demonstran-

367 3351 523 3416 dam,
572 3352 718 3408 idem
770 3353 969 3408 beatus
1018 3353 1328 3423 Gregorius
1373 3354 1547 3409 etiam
1590 3354 1750 3409 Isaia
1777 3355 2066 3424 propheta

369 3441 757 3497 testimonium
806 3441 1131 3511 subjungit,
1177 3442 1277 3511 qui
1337 3442 1483 3498 inter
1523 3443 1779 3510 cedrum,
1829 3442 2064 3510 olivam,

369 3528 632 3596 abietem,
710 3535 1065 3598 caterasque
1141 3530 1503 3598 pretiosiores
1574 3532 1828 3599 arbores,
1892 3530 2067 3586 etiam

369 3614 514 3673 ulmi
540 3614 673 3670 facit
714 3616 1082 3679 mentionem,
1114 3630 1245 3685 qua
1276 3616 1406 3672 licet
1444 3630 1544 3687 per
1571 3632 1630 3673 se
1658 3616 1912 3674 fructum
1950 3633 2067 3673 non

370 3703 535 3770 ferat,
586 3710 780 3758 tamen
836 3716 968 3759 cum
1017 3704 1187 3759 vitem
1242 3718 1375 3760 cum
1436 3705 1597 3762 botro
1642 3714 1847 3775 portat,
1895 3706 2067 3762 etiam

372 3791 497 3861 ipsa
525 3804 559 3845 a
590 3789 833 3845 Domino
877 3797 1249 3860 computatur
1293 3791 1444 3847 inter
1470 3793 1705 3848 arbores
1744 3793 2068 3849 fructiferas

372 3881 515 3947 (lea.
557 3893 670 3946 xm,
726 3878 831 3948 19).
880 3878 1062 3945 Quam
1108 3879 1257 3935 beati
1303 3879 1563 3951 Gregorii
1612 3882 1972 3948 sententiam,
2019 3884 2066 3936 si

371 3968 505 4040 quis
550 3967 883 4039 diligentius
931 3967 1064 4024 velit
1112 3968 1408 4038 inspicere,
1461 3977 1598 4039 puto
1632 3970 1786 4040 quod
1818 3984 1908 4026 me
1951 3984 2066 4026 non

371 4054 648 4112 deridebit
712 4054 820 4110 hoc
884 4055 1198 4125 scripsisse,
1268 4056 1366 4112 sed
1432 4057 1675 4113 fidenter
1729 4058 1900 4114 etiam
1949 4058 2067 4127 ipse

373 4143 791 4215 pronuntiabit,
853 4143 1008 4213 quod
1076 4144 1350 4213 prafatus
1406 4144 1711 4215 episcopus
1766 4146 2067 4201 Bartholo—

371 4244 552 4286 maus
596 4229 723 4285 licet
768 4229 1161 4285 ecclesiasticis
1205 4231 1406 4287 officiis
1447 4239 1777 4302 occupatus,
1828 4233 2065 4289 sacula-

372 4317 539 4374 ribus
593 4316 832 4388 negotiis
883 4316 1164 4386 implicari
1219 4317 1380 4375 visus
1434 4318 1622 4387 fuerit,
1683 4328 1873 4376 tamen
1926 4320 2066 4376 dum

2171 650 2289 693 sem
2313 636 2509 692 eodem
2560 645 2811 706 tempore
2840 650 2953 690 non
3002 634 3195 690 minus
3239 634 3632 703 fructificasse,
3679 644 3886 690 tamen

2169 724 2216 780 si
2265 724 2397 795 quis
2428 723 2761 795 diligentius
2797 723 3072 789 attendat,
3125 730 3263 793 puto
3324 724 3477 793 quod
3521 723 3888 778 Norbertum

2172 812 2495 883 pracellere
2540 826 2656 868 non
2706 811 2960 882 negabit.
3015 811 3271 866 Domnus
3312 811 3595 880 siquidem
3625 812 3889 867 Bernar-

2171 902 2281 957 dus
2329 901 2483 956 illius
2530 900 2824 970 religionis
2880 914 2994 955 non
3058 899 3167 954 fuit
3233 899 3529 969 incoeptor,
3594 900 3695 955 sed
3757 901 3890 969 jam

2169 987 2368 1043 eadem
2394 986 2595 1056 religio
2625 986 2865 1041 florebat
2885 985 2941 1040 in
2963 983 3280 1041 Cistellensi
3312 984 3458 1055 [al.,
3483 981 3888 1054 Cistertiensi]

2170 1074 2448 1140 canobio,
2497 1074 2554 1128 in
2587 1088 2703 1143 quo
2734 1073 3008 1143 prafatus
3039 1072 3371 1127 Bernardus
3416 1078 3561 1127 esset
3605 1071 3892 1135 clericus,

2171 1162 2369 1217 audita
2417 1160 2674 1232 ejusdem
2721 1160 3015 1231 religionis
3060 1160 3231 1227 fama,
3280 1160 3659 1215 monasticum
3710 1157 3893 1213 habi-

2172 1258 2296 1306 tum
2348 1249 2458 1305 sub
2503 1249 2709 1304 abbate
2757 1247 3044 1317 Stephano
3100 1249 3363 1317 sumpsit.
3412 1248 3491 1302 De
3537 1261 3652 1317 quo
3700 1246 3894 1301 etiam

2172 1337 2427 1393 coenobio
2456 1336 2876 1393 Clarevallense
2907 1336 3320 1391 monasterium
3367 1335 3656 1404 processit,
3706 1335 3895 1404 cujus

2174 1426 2321 1481 idem
2370 1423 2720 1491 Bernardus,
2767 1436 2870 1492 pro
2918 1435 3027 1479 sua
3077 1421 3381 1477 sanctitate
3425 1422 3650 1492 primus
3697 1421 3895 1477 abbas

2170 1520 2251 1567 est
2286 1511 2598 1567 institutus.

2243 1600 2369 1668 Ipse
2416 1613 2575 1667 ergo,
2624 1597 2894 1668 quamvis
2950 1610 3057 1653 sua
3123 1596 3525 1667 pradicatione
3593 1595 3895 1665 plurimos

2172 1687 2517 1742 converterit
2578 1686 2877 1754 multaque
2936 1684 3280 1740 monasteria
3343 1685 3411 1739 de
3468 1684 3892 1739 Clarevallensi

2173 1773 2358 1844 gratia
2391 1771 2487 1828 Dei
2527 1772 2809 1842 genuerit,
2863 1778 3053 1827 tamen
3102 1771 3278 1838 ipsius
3323 1769 3616 1840 religionis
3657 1771 3896 1840 rigator

2107 1850 2407 1931 Bquidem
2471 1874 2742 1930 magnus,
2804 1868 2857 1914 et
2908 1864 3273 1928 propagator,
3333 1857 3431 1912 sed
3473 1871 3588 1912 non
3651 1858 3897 1926 primus

2174 1948 2285 2004 fuit
2335 1948 2638 2018 plantator‘.
2704 1946 3021 2003 Norbertus
3084 1952 3277 2000 autem
3334 1958 3454 2000 sua
3501 1945 3896 2001 institutionis

2173 2039 2396 2108 primus
2439 2038 2545 2093 fuit
2576 2036 2862 2106 plantator
2899 2034 3239 2103 primusque
3268 2033 3365 2088 Dei
3398 2033 3543 2088 dono
3576 2030 3890 2102 inemptor,

2175 2126 2472 2196 quoniam,
2502 2125 2627 2180 licet
2660 2124 2788 2194 ejus
2828 2136 3102 2192 sequaces
3132 2121 3279 2176 beati
3324 2120 3634 2191 Augustini
3682 2120 3895 2176 dicant

2175 2227 2234 2269 se
2286 2221 2476 2268 tenere
2522 2210 2805 2282 regulam,
2871 2218 3081 2275 tamen,
3128 2216 3193 2264 ut
3256 2207 3512 2277 ejusdem
3557 2208 3711 2263 beati
3754 2208 3890 2263 Au-

2175 2301 2387 2372 gustini
2435 2314 2574 2370 pace
2620 2298 2900 2363 dicamus,
2954 2297 3137 2353 multo
3170 2295 3521 2367 rigidiorem,
3576 2296 3913 2365 multoque‘

2174 2389 2515 2445 severiorem
2566 2387 2828 2443 videmus
2856 2400 2977 2442 esse
3016 2384 3282 2441 Norberti
3330 2397 3509 2455 quam
3556 2384 3885 2455 Augustini

2174 2477 2611 2532 institutionem.

2244 2566 2525 2620 Praterea
2574 2563 2632 2618 in
2680 2561 2991 2619 Cistellensi
3056 2560 3313 2617 coenobio
3377 2557 3479 2615 soli
3524 2558 3632 2615 viri
3698 2560 3887 2615 susci-

2175 2652 2439 2722 piuntur,
2489 2650 2737 2706 domnus
2783 2663 2919 2705 vero
2967 2648 3281 2705 Norbertus
3330 2661 3463 2703 cum
3514 2661 3660 2702 sexu
3721 2646 3884 2702 virili

2173 2740 2345 2795 etiam
2388 2739 2695 2794 femineum
2746 2738 2818 2793 ad
2849 2737 3275 2793 conversionem
3307 2735 3518 2804 suscipi
3556 2735 3882 2803 constituit,

2176 2827 2255 2882 ita
2293 2835 2357 2882 ut
2400 2827 2571 2882 etiam
2616 2826 2916 2882 arctiorem
2948 2833 3003 2881 et
3052 2824 3453 2880 districtiorem
3496 2823 3554 2877 in
3592 2823 3721 2893 ejus
3749 2837 3881 2878 mo-

2174 2916 2440 2972 nasteriis
2489 2914 2785 2970 videamus
2829 2929 2949 2970 esse
2996 2912 3486 2969 conversationem
3528 2911 3879 2967 feminarum

2175 3015 2353 3071 quam
2400 3001 2679 3057 virorum.
2728 3001 2815 3056 Illi
2863 3008 3056 3056 autem
3090 3007 3202 3055 tam
3245 3014 3347 3068 pro
3377 2997 3713 3054 necessariis
3738 3011 3878 3067 ope—

2176 3089 2337 3146 ribus
2367 3103 2543 3160 quam
2584 3103 2684 3155 pro
2722 3088 2851 3144 aliis
2892 3089 3138 3159 negotiis
3174 3095 3297 3156 post
3344 3086 3773 3142 conversionem
3808 3085 3877 3139 ad

2178 3178 2474 3246 publicum
2542 3177 2988 3248 progredientes,
3054 3175 3450 3230 ecclesiasticis
3522 3173 3873 3243 frequenter,

2175 3273 2276 3321 aut
2312 3266 2486 3320 etiam
2531 3264 2909 3320 sacularibus
2968 3262 3271 3332 responsis,
3341 3261 3430 3317 vel
3489 3261 3877 3332 legationibus

2176 3353 2546 3423 implicantur
2586 3362 2642 3408 et
2688 3352 2978 3408 multoties
3028 3366 3175 3421 quos
3218 3350 3273 3404 in
3326 3349 3501 3419 priori
3544 3350 3663 3404 vita
3705 3349 3875 3403 novi-

2175 3455 2345 3507 mus,
2394 3449 2494 3497 aut
2542 3447 2691 3496 548
2749 3440 2993 3497 rusticos
3050 3439 3244 3506 fuisse,
3308 3446 3407 3493 aut
3457 3450 3756 3506 pauperes,
3818 3436 3873 3489 in

2175 3527 2469 3599 religionis
2513 3529 2717 3584 habitu
2761 3528 2927 3598 quasi
2971 3527 3222 3582 fastuose
3269 3526 3560 3581 cernimus
3599 3525 3873 3594 equitan-

2174 3622 2286 3685 tes;
2339 3615 2564 3671 feminis
2605 3622 2797 3670 autem
2844 3628 2978 3669 mox
3026 3621 3089 3670 ut
3137 3627 3428 3669 conversa
3483 3611 3697 3668 fuerint
3745 3626 3872 3682 per-

2176 3711 2349 3773 petua
2412 3703 2679 3773 deinceps
2744 3703 2837 3758 lex
2903 3708 3115 3768 manet,
3184 3714 3408 3770 semper
3470 3700 3624 3756 intra
3670 3700 3873 3756 domus

2176 3791 2456 3847 ambitum
2502 3791 2730 3846 clausas
2776 3789 3030 3855 retineri,
3100 3803 3394 3859 nusquam
3456 3789 3699 3845 ulterius
3749 3802 3871 3858 pro-

2176 3879 2355 3948 gredi,
2398 3878 2544 3934 nulli
2582 3878 2730 3941 viro.
2780 3893 2895 3934 non
2926 3877 3093 3933 modo
3138 3885 3432 3943 extraneo,
3466 3876 3563 3933 sed
3606 3890 3710 3932 nec
3738 3890 3871 3946 ger-

2175 3979 2365 4034 mano,
2426 3974 2528 4022 aut
2581 3967 2904 4036 propinquo
2965 3965 3147 4036 loqui,
3191 3966 3303 4021 nisi
3345 3964 3417 4020 ad
3463 3965 3763 4021 fenestram
3812 3965 3870 4017 in

2174 4053 2430 4121 ecclesia,
2463 4053 2691 4109 duobus
2740 4053 2882 4108 viris
2909 4051 3198 4108 conversis
3244 4066 3376 4108 cum
3426 4051 3550 4107 viro
3597 4047 3868 4114 exterius,

2173 4149 2230 4197 et
2258 4142 2491 4198 duabus
2520 4141 2745 4197 feminis
2775 4155 2907 4197 cum
2954 4141 3051 4196 illa
3102 4142 3343 4197 interius
3387 4138 3786 4206 residentibus,
3819 4145 3871 4193 et

2176 4229 2463 4300 quidquid
2488 4230 2700 4285 dicitur
2722 4228 3110 4285 audientibus.

2249 4318 2312 4372 fu
2363 4317 2483 4387 ipso
2526 4318 2700 4373 etiam
2764 4316 3152 4373 conversionis
3209 4315 3367 4372 initio
3412 4329 3547 4371 mox
3593 4322 3656 4371 ut
3700 4315 3871 4370 susci-

374 4417 570 4461 servos
619 4402 718 4458 Dei
767 4403 1123 4459 mundanam
1180 4404 1356 4460 vitam
1425 4405 1711 4477 fugientes
1774 4414 2069 4477 tantopere
2106 4417 2150 4472 ι)
2182 4404 2442 4475 piuntur,
2492 4405 2565 4460 ad
2612 4405 2981 4460 resecandam
3015 4418 3241 4460 omnem
3284 4403 3614 4473 superbiam
3656 4410 3710 4457 et
3737 4415 3868 4457 car-

374 4506 599 4563 semper
639 4490 917 4562 adjuvare
963 4492 1205 4559 studuit,
1253 4493 1425 4550 etiam
1468 4494 1574 4564 pia
1621 4495 2072 4551 conversationis

373 4595 575 4638 eorum
636 4580 792 4636 dulci
859 4580 1138 4637 desiderio
1200 4596 1303 4652 per
1355 4582 1599 4654 gratiam
1646 4582 1745 4638 Dei
1791 4583 2073 4654 particeps

373 4670 609 4738 exstitit,
656 4670 810 4726 unde
857 4676 912 4726 et
957 4669 1017 4725 in
1065 4670 1261 4726 futuro
1315 4671 1572 4727 mercede
1610 4685 1810 4727 eorum
1841 4686 1955 4727 non
1986 4687 2075 4728 ca-

371 4759 538 4815 rebit.
586 4758 749 4826 Quod
797 4772 931 4814 cum
977 4758 1056 4814 ita
1101 4760 1194 4823 sit,
1236 4758 1415 4814 fateor
1461 4760 1661 4816 merito
1702 4759 1928 4816 laudari
1974 4760 2073 4817 de-

372 4845 505 4902 bere
534 4844 691 4900 illam
738 4845 934 4901 domni
965 4844 1157 4901 Leonii
1189 4845 1412 4901 abbatis
1440 4847 1494 4902 S.
1546 4846 1762 4903 Bertini
1806 4847 2075 4917 superius

373 4941 744 4990 memoratam
811 4933 1174 4999 sententiam,
1243 4934 1383 5003 quia
1429 4934 1692 4990 eumdem
1739 4934 2074 5005 episcopum

374 5020 571 5076 domui
600 5020 859 5077 Norberti
894 5022 1113 5078 socium
1170 5021 1381 5077 caelesti
1429 5036 1565 5079 voce
1594 5022 1873 5080 intellexit
1901 5023 2075 5081 fuisse

374 5107 802 5164 denuntiatum.

374 5193 508 5251 CAP.
558 5193 687 5253 VII.
737 5224 807 5235 —
851 5195 1166 5268 Multiplea:
1219 5197 1635 5255 commendatio
1672 5197 1872 5255 damni
1910 5199 2076 5255 Nor-

1147 5285 1310 5340 berh'.

446 5367 554 5424 Sed
598 5376 663 5426 ut
700 5370 824 5440 jam
868 5370 937 5427 de
973 5373 1171 5429 eodem
1218 5374 1498 5432 Norberto
1545 5374 1798 5432 breviter
1840 5375 2073 5432 conclu-

375 5454 530 5524 dam,
562 5456 783 5514 nullius
828 5466 953 5528 post
990 5461 1272 5530 apostolos
1317 5462 1810 5519 conversationem
1841 5461 2076 5531 plurimi

376 5549 662 5602 testantur
704 5544 764 5602 in
797 5554 996 5603 sancta
1032 5547 1286 5604 Ecclesia
1317 5556 1542 5606 tantum
1572 5550 1826 5607 fructum
1855 5550 1916 5606 in
1957 5560 2075 5607 tam

378 5627 539 5686 brevi
583 5630 771 5703 spatio
830 5632 1102 5703 temporis
1166 5633 1385 5691 fecisse.
1453 5635 1608 5693 Licet
1672 5635 1828 5692 enim
1891 5637 2076 5708 aliqui

2179 4493 2370 4549 nalem
2417 4493 2793 4563 voluptatem,
2859 4493 3032 4549 etiam
3094 4492 3285 4562 capilli
3326 4505 3529 4548 earum
3571 4504 3751 4561 usque
3796 4489 3864 4545 ad

2180 4595 2352 4637 aures
2381 4581 2729 4649 tunduntur,
2763 4589 2947 4651 utque
2974 4581 3160 4651 magis
3188 4578 3410 4635 Christo
3432 4578 3640 4635 caelesti
3669 4591 3862 4647 sponso

2181 4668 2463 4739 placeant,
2514 4682 2616 4739 pro
2657 4669 2784 4740 ejus
2826 4683 3022 4724 amore
3078 4669 3139 4724 in
3209 4667 3399 4738 fragili
3445 4675 3500 4723 et
3549 4666 3864 4722 illecebrosa

2180 4771 2352 4813 carne
2406 4757 2638 4813 omnino
2698 4756 3099 4827 deturpentur.
3157 4755 3313 4812 Nulli
3363 4755 3630 4825 deinceps
3673 4756 3863 4824 pretio-

2180 4858 2302 4900 sam
2353 4853 2565 4900 vestem
2608 4845 2717 4901 nisi
2764 4859 2835 4900 ex
2885 4844 3021 4901 lana
3066 4844 3154 4900 vel
3204 4844 3392 4901 ovinis
3440 4843 3682 4913 pellibus
3742 4842 3861 4897 licet

2182 4933 2411 5001 habere,
2482 4933 2627 4989 nulli
2692 4932 2888 4990 velum
2947 4933 3193 4989 sericum
3270 4946 3427 4989 more
3489 4930 3863 5001 quarumdam

2181 5022 2725 5089 sanctimonialium,
2774 5022 2873 5078 sed
2932 5021 3276 5078 vilissimum
3341 5020 3713 5091 panniculum
3772 5018 3859 5073 ni-

2182 5124 2354 5181 grum
2399 5125 2573 5181 super
2609 5118 2784 5180 caput
2815 5117 3060 5180 portare.
3095 5111 3166 5167 Et
3212 5124 3347 5166 cum
3396 5110 3454 5164 in
3486 5115 3643 5165 tanta
3679 5106 3861 5162 distri-

2181 5198 2368 5255 ctione
2395 5207 2451 5255 et
2494 5198 2710 5255 vilitate
2748 5214 2882 5255 cum
2924 5199 3147 5255 silentio
3177 5199 3434 5255 sciantur
3471 5211 3592 5254 esse
3619 5195 3858 5263 reclusa,

2183 5287 2329 5342 miro
2380 5295 2569 5342 tamen
2617 5287 2805 5356 modo,
2857 5287 3066 5343 Christi
3126 5295 3398 5358 operante
3445 5287 3679 5351 virtute,
3734 5299 3862 5354 quo-

2183 5373 2319 5430 tidie
2347 5374 2610 5431 videmus
2641 5374 2882 5431 feminas
2929 5390 3045 5431 non
3083 5375 3253 5432 modo
3299 5374 3564 5441 rusticas,
3614 5372 3701 5428 vel
3724 5385 3861 5441 pau-

2185 5475 2369 5532 peres,
2418 5463 2518 5518 sed
2578 5464 2768 5534 potius
2832 5463 3218 5521 nobilissimas
3280 5472 3336 5521 et
3390 5462 3715 5529 ditissimas,
3752 5467 3859 5517 tam

2183 5549 2391 5607 viduas
2433 5551 2779 5623 juvenculas
2829 5566 3007 5623 quam
3048 5552 3219 5608 etiam
3266 5550 3572 5622 puellulas,
3616 5550 3695 5605 ita
3729 5563 3859 5604 con-

2184 5638 2467 5697 versionis
2491 5639 2679 5711 gratia
2711 5642 2916 5711 spretis
2942 5640 3147 5699 mundi
3176 5638 3592 5710 voluptatibus,
3623 5636 3696 5694 ad
3722 5637 3857 5695 illius
