3946 6408
139 414 243 467 997

962 411 1330 468 HERMANNI
1374 411 1462 468 DE
1501 412 1739 469 MIRAC.
1776 412 1832 467 S.
1876 412 2118 468 MARIE
2157 411 2462 466 LAUDUN.
2497 412 2721 468 —LIB.
2767 412 2868 468 Ill.

3548 416 3652 469 998

140 545 517 601 institutionis
584 544 932 600 monasteria
997 545 1350 612 festinantes,
1413 553 1468 601 et
1529 545 1697 616 quasi
1772 545 1843 599 ad
1882 545 2093 614 Aejus,
2129 552 2184 600 et
2229 545 2492 614 protinus
2529 543 2790 600 Norberti
2822 544 3120 600 dilectione
3149 559 3478 613 succensus,
3509 561 3649 617 quo.

142 634 602 689 mortificandam
643 643 898 688 teneram
939 647 1173 688 carnem
1214 642 1530 700 currentes,
1566 643 1630 689 ut
1682 633 1848 702 plus-

141 734 320 790 quam
369 721 564 776 decem
598 719 780 776 millia
811 719 1159 775 feminarum
1205 720 1264 774 in
1308 720 1392 774 eis
1422 719 1589 775 hodie
1642 719 1847 774 creda-

139 824 276 866 mus
294 809 596 865 contineri.

215 897 271 953 Si
325 911 462 967 ergo
506 897 649 952 nihil
714 896 871 952 aliud
923 896 1170 952 domnus
1229 895 1551 952 Norbertus
1605 895 1846 962 fecisset,

139 985 262 1050 sed,
313 984 526 1040 omissa
579 985 945 1040 conversione
993 983 1272 1046 virorum,
1311 991 1391 1038 tot
1435 983 1677 1038 feminas
1723 996 1848 1038 ser-

139 1071 284 1126 vitio
333 1070 530 1126 divino
597 1083 704 1126 sua
761 1069 1163 1125 exhortatione
1221 1069 1568 1136 attraxisset,
1658 1082 1850 1124 nonne

141 1157 403 1212 maxima
433 1157 603 1213 laude
623 1158 836 1226 dignus
865 1156 1103 1212 fuisset?
1122 1155 1289 1211 Nunc
1310 1171 1444 1212 vero
1473 1171 1605 1212 cum
1630 1156 1847 1212 utrius-

137 1259 260 1314 que
307 1257 482 1300 sexus
525 1245 652 1314 ejus
689 1244 951 1299 doctrina
1004 1251 1084 1299 tot
1140 1243 1321 1298 millia
1373 1243 1598 1300 Christo
1653 1243 1848 1300 famu-

136 1334 361 1401 lentur,
419 1347 551 1388 cum
602 1332 978 1388 institutionis
1035 1332 1160 1401 ejus
1218 1339 1295 1386 tot
1353 1330 1698 1386 monasteria
1748 1345 1849 1400 per

134 1419 338 1476 orbem
384 1419 724 1489 refulgeant,
781 1420 970 1474 nescio
1042 1418 1182 1488 quid
1243 1418 1340 1473 alii
1385 1419 1651 1485 sentiant,
1704 1419 1847 1475 mihi

134 1507 373 1562 videtur
425 1520 626 1562 verum
675 1521 815 1573 esse,
849 1506 1003 1575 quod
1036 1504 1266 1574 plurimi
1302 1513 1588 1572 asserunt,
1632 1519 1666 1560 a
1706 1513 1844 1561 tem-

135 1609 278 1665 pore
307 1595 693 1664 apostolorum
725 1593 952 1648 nullum
983 1593 1154 1648 fuisse
1191 1593 1292 1662 qui
1322 1601 1434 1646 tam
1484 1592 1639 1648 brevi
1698 1601 1846 1648 tem—

134 1683 297 1753 poris
325 1684 507 1752 spatio
563 1695 670 1736 sua
719 1681 1074 1736 institutione
1122 1687 1202 1734 tot
1244 1679 1504 1747 perfecta:
1551 1680 1681 1734 vitae
1713 1680 1846 1734 imi-

129 1777 352 1824 tatores
401 1767 628 1823 Christo
685 1765 1039 1836 acquisierit.
1092 1766 1163 1821 Et
1219 1766 1264 1820 si
1320 1767 1553 1834 quidem
1587 1767 1644 1821 in
1689 1768 1847 1822 Prae-

132 1853 546 1910 monstratensi
594 1853 851 1908 coenobio
939 1852 1162 1906 diutius
1216 1852 1535 1918 mansisset,
1609 1853 1846 1907 forsitan

135 1940 328 1996 multa
366 1940 480 1996 alia
511 1940 765 2009 fecisset;
799 1940 894 1994 sed
935 1940 1147 1994 divinae
1203 1941 1686 2008 przedestinationi
1725 1940 1850 2010 pla-

143 2029 267 2084 cuit
319 2037 383 2084 ut
435 2030 707 2084 honorem
763 2043 936 2098 quem
977 2028 1036 2082 in
1085 2028 1206 2083 vita
1253 2029 1516 2084 saeculari
1575 2027 1850 2099 fugiendo

139 2117 471 2184 declinavit,
527 2125 931 2187 assequeretur
976 2117 1034 2171 in
1089 2116 1290 2172 habitu
1321 2117 1630 2188 religionis,
1663 2125 1716 2172 et
1747 2119 1850 2188 qui

140 2213 282 2261 ante
319 2205 749 2262 conversionem
796 2205 979 2261 noluit
1023 2220 1144 2260 esse
1175 2205 1498 2274 episcopus,
1555 2213 1679 2274 post
1708 2220 1850 2261 con-

137 2293 467 2348 versionem
503 2293 659 2349 fieret
697 2293 1182 2362 archiepiscopus.

218 2389 352 2444 CAP.
395 2389 547 2446 VIII.
606 2420 677 2430 —
734 2389 1333 2514 ραοῗεηεέεἱῖῖῗραίαηι
1373 2391 1848 2443 Camer-accusem

219 2554 477 2608 Domnus
525 2553 811 2624 siquidem
863 2555 1030 2625 Hugo
1069 2553 1627 2610 Praemonstratensis
1669 2551 1850 2607 abbas

137 2643 288 2700 mihi
334 2658 519 2713 nuper
549 2645 813 2700 narravit
842 2645 996 2713 quod
1042 2643 1100 2698 in
1149 2643 1432 2713 principio
1461 2640 1850 2698 conversionis

137 2746 269 2787 suae
320 2746 452 2787 cum
512 2733 808 2787 ecclesiam
871 2732 1263 2788 Coloniensem
1310 2741 1364 2788 et
1410 2739 1676 2802 parentes
1713 2744 1848 2785 suos

138 2819 298 2874 idem
353 2818 668 2874 Norbertus
733 2819 1078 2889 reliquisset,
1132 2819 1509 2875 Valencenias
1577 2819 1745 2888 pedes
1793 2826 1848 2872 et

137 2907 527 2962 discalceatus
589 2907 768 2973 venit,
838 2908 1034 2976 ibique
1098 2907 1375 2962 domnum
1445 2905 1846 2961 Burchardum

135 2997 614 3050 Cameracensem
662 2997 989 3065 episcopum
1036 2995 1273 3050 invenit.
1323 2994 1467 3050 Cum
1513 3007 1649 3062 ergo
1680 3005 1848 3047 mane

139 3081 451 3152 praefatum
507 3081 833 3151 episcopum
882 3082 1116 3137 missam
1161 3081 1588 3137 celebraturum
1645 3079 1846 3134 audis-

137 3179 253 3235 set,
285 3169 524 3224 veniens
569 3169 642 3224 ad
691 3169 1008 3236 ecclesiam,
1067 3168 1293 3239 rogavit
1337 3167 1599 3224 eumdem
1654 3167 1845 3236 Hugo-

137 3271 301 3324 nem,
355 3257 459 3326 qui
520 3263 660 3311 tunc
704 3255 886 3325 ipsius
929 3255 1264 3324 capellanus
1316 3254 1564 3323 episcopi
1608 3261 1749 3320 erat,
1786 3260 1850 3308 ut

135 3361 208 3401 se
269 3345 477 3400 faceret
539 3343 804 3413 episcopo
840 3342 1108 3412 colloqui.
1171 3343 1340 3413 Hugo
1394 3342 1650 3397 nesciens
1717 3341 1850 3411 quis

137 3441 312 3501 esset,
384 3434 680 3503 ingressus
727 3433 1017 3488 nuntiavit
1052 3432 1324 3501 episcopo
1374 3431 1684 3501 quemdam
1737 3430 1848 3484 cle-

140 3523 336 3579 ricum
422 3521 790 3591 peregrinum
850 3534 954 3589 pro
1009 3519 1230 3575 foribus
1301 3534 1441 3580 esse,
1480 3527 1536 3574 et
1599 3519 1650 3574 ei
1693 3517 1850 3588 loqui

140 3609 315 3666 velle.
349 3611 525 3664 Jussu
583 3608 788 3664 deinde
815 3608 1064 3677 episcopi
1106 3607 1496 3663 introductum
1549 3620 1678 3662 cum
1718 3620 1852 3661 eum

141 3700 451 3769 episcopus
496 3695 938 3766 recognovisset,
1009 3703 1202 3765 utpote
1262 3710 1434 3765 quem
1488 3695 1544 3750 in
1602 3695 1854 3764 impera-

145 3786 293 3844 toris
351 3785 516 3840 curia
595 3783 883 3840 multoties
973 3783 1329 3839 familiariter
1418 3790 1854 3839 conversantem

147 3873 500 3943 magnisque
532 3871 747 3926 divitiis
798 3871 1102 3941 pollentem
1144 3870 1386 3936 viderat,
1434 3873 1695 3940 protinus
1748 3869 1857 3924 ad-

151 3958 421 4014 mirando
471 3957 828 4026 stupefactus
887 3957 1314 4026 uberrimisque
1381 3956 1648 4026 lacrymis
1723 3969 1857 4025 per-

152 4048 324 4104 fusus
376 4063 389 4100 :
443 4045 508 4112 0,
559 4045 770 4115 inquit,
842 4046 1049 4101 domne
1101 4044 1395 4112 Norberte,
1447 4045 1582 4114 quis
1627 4043 1858 4099 credere

153 4133 438 4204 potuisset
470 4141 520 4188 te
568 4140 758 4188 tantas
799 4131 1032 4186 divitias
1071 4131 1419 4200 relinquere,
1452 4138 1507 4186 et
1537 4131 1608 4185 ad
1642 4137 1856 4186 tantam

156 4228 563 4294 paupertatem
615 4229 814 4290 sponte
845 4218 1079 4276 venire?
1109 4220 1346 4274 Domine
1395 4219 1567 4280 Deus.
1610 4218 1748 4288 quid
1778 4223 1862 4272 est

154 4309 315 4381 quod
344 4308 508 4364 video
540 4308 608 4363 de
631 4307 842 4363 domno
870 4307 1167 4375 Norberto,
1199 4321 1373 4378 quem
1399 4307 1534 4363 olim
1587 4313 1701 4362 tam
1757 4321 1863 4360 su-

153 4397 332 4468 perbe
381 4396 672 4464 indutum,
733 4403 967 4466 tamque
1015 4396 1338 4466 pompatico
1395 4395 1548 4451 fastu
1597 4393 1860 4448 videbam

153 4490 418 4547 incedere
449 4490 723 4546 solitum?

227 4578 490 4649 Cumque
546 4579 712 4649 Hugo
767 4577 1114 4648 capellanus
1174 4576 1423 4647 episcopi
1479 4576 1682 4632 videns
1724 4589 1857 4631 eum

152 4677 277 4725 tam
341 4666 684 4723 mirabiliter
751 4665 1002 4733 ﬂentem,
1065 4673 1120 4722 et
1163 4680 1282 4736 pra;
1331 4665 1510 4721 nimio
1572 4665 1712 4721 ﬂetu
1755 4663 1858 4718 vix

149 4755 317 4826 loqui
390 4755 698 4821 valentem,
755 4754 1131 4824 interrogavit
1187 4767 1322 4809 eum
1395 4753 1665 4823 quisnam
1715 4759 1861 4808 esset

154 4843 309 4898 idem
368 4841 700 4908 Norbertus,
753 4855 856 4911 pro
905 4857 1022 4912 quo
1064 4849 1353 4910 tantopere
1410 4839 1857 4910 lacrymabatur,

154 4930 460 5000 episcopus
489 4929 836 4998 respondens
868 4941 880 4982 :
914 4929 970 4984 Si
1017 4930 1210 4996 scires,
1261 4928 1469 4998 inquit,
1504 4928 1636 4997 quis
1664 4927 1857 4993 fuerit,

155 5017 456 5073 mirareris
484 5017 638 5087 quod
683 5031 842 5072 nunc
870 5017 1000 5072 talis
1030 5017 1120 5074 sit.
1186 5016 1432 5081 Quando
1475 5017 1628 5071 enim
1674 5017 1857 5085 impe-

155 5113 318 5162 rator
347 5105 502 5161 dedit
550 5105 690 5160 mihi
731 5106 1124 5175 episcopatum
1181 5106 1668 5170 Cameracensem,
1727 5105 1862 5159 huic

155 5193 440 5250 Norberto
473 5192 635 5262 prius
661 5207 797 5248 eum
839 5194 1064 5260 obtulit,
1106 5194 1203 5249 sed
1235 5193 1350 5262 ipse
1378 5207 1510 5249 eum
1570 5191 1860 5261 suscipere

156 5281 251 5338 vel
304 5282 514 5337 habere
561 5280 765 5336 noluit.
819 5281 925 5336 Hic
971 5282 1125 5337 enim
1161 5281 1310 5336 inter
1350 5280 1656 5336 canonicos
1693 5279 1862 5335 Colo-

160 5371 390 5427 nienses
457 5368 814 5425 honorabilis
855 5377 912 5424 et
972 5369 1287 5425 ditissimus
1340 5376 1482 5436 erat,
1531 5368 1627 5423 sed
1681 5381 1857 5435 nunc,

160 5458 312 5514 sicut
354 5456 565 5525 cernis,
612 5456 808 5512 omnia
857 5469 963 5526 pro
994 5456 1107 5512 Deo
1155 5457 1407 5527 reliquit,
1447 5463 1504 5512 et
1541 5455 1714 5512 nudis
1763 5469 1860 5525 pe-

161 5546 337 5603 dibus
355 5545 537 5602 Deum
569 5558 829 5614 quaerere
857 5543 1086 5615 satagit.

239 5635 374 5690 Haec
417 5647 490 5688 ex
538 5632 785 5703 episcopi
832 5645 929 5689 ore
1001 5631 1242 5688 audiens
1288 5631 1454 5704 Hugo
1527 5630 1862 5701 capellanus

1960 636 2115 689 niam
2171 634 2292 704 jam
2336 641 2391 688 et
2442 633 2561 703 ipse
2617 632 2834 687 mundo
2898 634 3230 688 renuntiare
3281 634 3650 704 cogitaverat,

1957 723 2070 778 Deo
2101 721 2316 792 gratias
2349 735 2520 791 agere
2545 721 2602 776 in
2633 720 2804 775 corde
2834 735 2937 775 suo
2968 721 3157 790 erepit,
3189 721 3292 791 qui
3341 722 3448 777 sibi
3483 723 3652 779 talem

1956 810 2172 864 socium
2211 808 2615 864 destinaverat.
2669 806 2826 863 Sicut
2865 822 3000 877 ergo
3058 809 3353 878 quondam
3395 813 3656 867 Andreas

1956 910 1992 951 a
2037 897 2310 966 magistro
2356 910 2460 950 suo
2502 896 2720 950 Joanne
2765 895 3012 964 Baptista
3075 895 3376 950 Dominum
3412 897 3655 953 audiens

1957 985 2201 1052 laudari,
2255 985 2446 1039 relicto
2474 983 2671 1038 eodem
2726 983 2941 1038 Joanne
2971 991 3201 1038 secutus
3228 992 3312 1039 est
3345 985 3654 1041 Dominum

1955 1071 2154 1141 (Joan.
2199 1087 2236 1139 ι,
2286 1072 2498 1137 [ιο-42),
2543 1071 2624 1125 sic
2668 1071 2839 1126 etiam
2891 1071 3056 1139 Hugo
3110 1069 3354 1125 audiens
3400 1071 3654 1128 Norber-

1955 1167 2079 1214 tum
2145 1166 2442 1228 tantopere
2507 1158 2731 1212 laudari
2776 1172 2808 1212 a
2855 1157 3086 1212 domino
3151 1171 3255 1212 suo
3323 1159 3655 1215 Burchardo

1954 1244 2236 1315 episcopo,
2292 1245 2463 1314 cujus
2503 1243 2603 1298 diu
2652 1243 2984 1314 capellanus
3033 1243 3240 1309 fuerat,
3308 1244 3515 1319 jrelicto
3561 1261 3655 1302 eo-

1955 1331 2083 1386 dem
2131 1333 2396 1402 episcopo
2460 1332 2700 1388 adhaesit
2747 1332 3046 1398 Norberto,
3111 1331 3354 1402 ejusque
3410 1335 3655 1390 consilio

1955 1418 2229 1488 disposita
2283 1420 2606 1475 substantia
2654 1433 2779 1487 sua,
2838 1420 3026 1474 socius
3068 1419 3117 1474 ei
3181 1420 3656 1490 peregrinationis

1953 1513 2009 1561 et
2044 1507 2466 1575 praedicationis
2508 1506 2906 1576 inseparabilis
2973 1505 3156 1561 factus
3187 1514 3291 1571 est,
3339 1515 3393 1562 et
3423 1521 3556 1562 cum
3589 1524 3654 1564 eo

1953 1595 2128 1650 nudis
2180 1595 2420 1664 pedibus
2475 1595 2693 1664 ubique
2733 1594 3218 1663 proficiscebatur,
3259 1595 3436 1650 donec
3468 1595 3657 1652 Remis

1955 1682 2188 1736 veniens
2220 1681 2289 1735 ad
2325 1682 2630 1736 concilium
2682 1695 2842 1750 papae
2896 1681 3119 1749 Calixti,
3147 1683 3354 1737 domno
3413 1685 3651 1740 Bartho-

1955 1768 2157 1824 lomwo
2225 1769 2596 1824 Laudunensi
2667 1769 2948 1838 episcopo,
3017 1769 3165 1824 sicut
3221 1784 3400 1840 supra
3449 1771 3656 1827 retuli-

1957 1871 2108 1923 mus,
2142 1856 2468 1912 notilicatus
2496 1865 2598 1912 est.

1956 1952 2094 2007 CAP.
2131 1953 2214 2007 ιχ.
2251 1957 2482 2006 —549
2509 1951 2796 2026 Quomodo
2827 1951 3337 2026 Magdeburgemis
3364 1953 3657 2026 archiepi-

2522 2022 2944 2094 scopusfactus?
2969 2022 3066 2078 sit.

2028 2117 2173 2180 Quia
2219 2131 2356 2188 ergo
2405 2118 2650 2172 relatum
2692 2127 2774 2173 est
2817 2118 2970 2187 quod
3018 2119 3318 2188 episcopus
3387 2119 3654 2176 Camera-

1957 2206 2141 2260 censis
2167 2220 2286 2260 esse
2325 2206 2598 2275 potuerit,
2647 2206 2743 2260 sed
2775 2206 3042 2273 noluerit,
3078 2222 3235 2262 nunc
3263 2208 3658 2278 subjungatur

1957 2293 2244 2361 quomodo
2311 2293 2772 2362 archiepiscopus
2842 2294 3024 2348 factus
3090 2294 3280 2349 fuerit.
3340 2295 3482 2350 Cum
3520 2295 3655 2364 ijam

1957 2381 2152 2449 plures
2196 2379 2501 2450 utriusque
2549 2395 2741 2447 sexus,
2799 2382 2996 2436 relicta
3033 2381 3228 2436 saculi
3267 2384 3542 2447 vanitate,
3583 2383 3656 2438 ad

1957 2469 2058 2524 Dei
2125 2469 2423 2524 servitium
2492 2470 2881 2534 convertisset,
2933 2469 3245 2539 multisque
3293 2470 3657 2525 monasteriis

1954 2557 2123 2627 longe
2155 2556 2383 2626 lateque
2433 2557 2794 2624 constructis,
2831 2557 2981 2612 fama
3011 2556 3138 2626 ejus
3170 2557 3386 2626 ubique
3418 2565 3656 2626 proten-

1955 2645 2204 2710 deretur,
2239 2644 2611 2699 transmissus
2654 2651 2737 2698 est
2767 2644 2840 2698 ab
2889 2643 2982 2698 illo
3014 2644 3212 2714 magni
3268 2643 3516 2699 nominis
3561 2657 3655 2698 co-

1957 2733 2092 2786 mite
2117 2731 2443 2800 Campanize
2475 2732 2821 2797 Theobaldo,
2872 2731 3101 2786 Henrici
3131 2731 3282 2801 regis
3334 2730 3655 2800 Anglorum

1955 2831 2231 2888 germano
2262 2817 2392 2880 filio,
2432 2818 2503 2872 ad
2533 2818 3076 2873 excellentissimum
3106 2818 3415 2887 quemdam
3449 2817 3656 2871 Lotha-

1955 2905 2158 2974 ringiae
2205 2905 2539 2973 principem,
2593 2907 2762 2974 cujus
2808 2907 2982 2960 liliam
3015 2906 3164 2960 idem
3201 2919 3390 2960 comes
3448 2904 3657 2974 conju-

1956 3007 2083 3062 gem
2113 2992 2302 3047 duxit.
2333 2992 2561 3047 Accedit
2593 2993 2806 3048 interea
2837 3001 2920 3060 ut,
2961 2994 3381 3062 archiepiscopo
3419 2993 3659 3063 Magde—

1883 3111 1922 3167 ρ
1958 3079 2264 3150 burgensis
2293 3080 2583 3146 defuncto,
2616 3081 2803 3135 clerici
2834 3081 3093 3150 ejusdem
3126 3080 3286 3135 urbis
3325 3081 3396 3134 ad
3439 3080 3658 3135 facien-

1957 3169 2089 3224 dam
2142 3167 2474 3223 electionem
2518 3167 2753 3223 alterius
2808 3168 3200 3223 convenirent.
3261 3167 3472 3223 Eodem
3521 3181 3658 3222 vero

1957 3269 2109 3310 anno
2142 3255 2389 3310 domnus
2406 3254 2732 3322 [Norbertus
2757 3264 2969 3310 secreto
3011 3255 3342 3324 colloquens
3389 3253 3656 3309 familiari

1956 3357 2062 3398 suo
2130 3343 2338 3398 domno
2371 3342 2658 3411 ‘Gaufrido
2728 3343 3094 3398 Carnotensis
3149 3343 3314 3399 urbis
3368 3343 3656 3412 episcopo,

1959 3430 2223 3500 przedixit
2264 3430 2315 3485 ei
2387 3445 2446 3484 se
2493 3445 2594 3499 per
2660 3433 2848 3486 visum
2921 3432 3255 3502 cognovisse
3326 3430 3481 3500 quod
3539 3429 3660 3499 ipso

1961 3533 2114 3574 anno
2160 3518 2396 3574 futurus
2436 3527 2582 3574 esset
2641 3520 2957 3590 episcopus,
3009 3520 3103 3575 sed
3166 3519 3456 3575 nesciebat
3489 3517 3662 3588 cujus

1961 3606 2122 3662 urbis
2151 3606 2239 3661 vel
2268 3607 2576 3675 provinciae

2031 3696 2175 3751 Cum
2204 3707 2341 3764 ergo
2387 3694 2579 3751 clerici
2610 3697 3134 3767 Magdeburgenses
3186 3696 3382 3766 plures
3425 3693 3660 3766 quidem

1960 3783 2283 3853 elegissent,
2315 3783 2410 3837 sed
2457 3783 2515 3838 in
2561 3784 2781 3840 nullius
2815 3784 3085 3840 electione
3134 3784 3486 3839 unanimiter
3534 3796 3664 3838 con-

1963 3871 2258 3937 sentirent,
2310 3870 2616 3926 nuntiatur
2656 3873 2738 3927 eis
2775 3873 2920 3928 duos
2966 3873 3290 3942 apostolica:
3321 3871 3470 3927 sedis
3499 3870 3664 3940 lega-

1966 3967 2070 4025 tos,
2110 3958 2266 4014 viros
2311 3958 2623 4028 religiosos,
2694 3960 2766 4015 ab
2814 3963 2955 4016 urbe
3005 3961 3183 4016 Roma
3231 3959 3663 4030 Maguntiacum

1966 4048 2210 4110 venisse,
2287 4060 2538 4115 quorum
2615 4063 2768 4104 unus
2834 4050 3053 4115 Petrus,
3118 4048 3263 4103 alter
3347 4047 3666 4103 vocabatur

1966 4135 2275 4201 Gerardus,
2300 4135 2402 4204 qui
2432 4142 2624 4204 postea
2651 4151 2798 4206 papa
2825 4138 3008 4192 factus
3031 4136 3331 4193 leestino
3368 4135 3660 4201 successit,

1968 4233 2024 4281 et
2083 4223 2408 4293 Eugenium
2471 4227 2776 4293 przecessit.
2847 4225 3133 4280 Timentes
3184 4225 3377 4293 itaque
3445 4220 3667 4292 praefati

1971 4314 2160 4371 clerici
2189 4329 2260 4370 ne
2315 4330 2417 4385 pro
2469 4315 2756 4370 discordia
2802 4313 3090 4369 electionis
3162 4311 3476 4381 perniciosa
3524 4311 3666 4366 forte

1901 4403 2120 4460 Dinter
2160 4421 2257 4462 eos
2304 4406 2555 4461 oriretur
2611 4402 2830 4466 seditio,
2887 4401 3024 4456 inito
3073 4399 3316 4456 concilio
3366 4397 3668 4469 praedictos

1967 4493 2116 4549 sedis
2147 4494 2470 4564 apostolicze
2506 4492 2718 4562 legatos
2758 4490 2992 4554 adeunt,
3019 4497 3073 4545 et
3122 4489 3454 4544 electionem
3501 4499 3666 4542 suam

1968 4581 2026 4634 in
2057 4595 2154 4638 ore
2199 4596 2402 4638 eorum
2453 4587 2692 4650 ponunt,
2738 4585 2792 4634 et
2839 4591 3251 4648 quemcunque
3279 4575 3580 4646 elegissent
3611 4587 3670 4628 se

1969 4684 2340 4726 concessuros
2409 4667 2772 4738 promittunt.
2861 4665 3053 4734 Legati
3114 4663 3372 4718 videntes
3446 4668 3666 4717 tantam

1967 4771 2167 4812 eorum
2207 4758 2587 4822 devotionem,
2653 4757 3076 4824 proposuerunt
3125 4748 3346 4804 nullam
3413 4747 3669 4814 accipere

1969 4845 2294 4914 pecuniam.
2346 4859 2478 4916 quae
2543 4843 2678 4913 ipsis
2723 4856 2758 4897 a
2813 4837 3108 4895 nonnullis
3149 4850 3246 4907 per
3287 4833 3670 4890 internuntios

1968 4931 2334 4998 offerebatur,
2386 4947 2457 4988 ne
2517 4930 2660 4986 forte
2723 4928 2882 4984 sedes
2929 4924 3257 4996 apostolica,
3305 4931 3360 4978 et
3419 4919 3670 4975 maxime

1972 5017 2096 5086 ipsi,
2131 5030 2305 5086 super
2334 5016 2440 5070 hoc
2479 5014 2918 5069 infamarentur.
2969 5010 3112 5066 Cum
3161 5021 3300 5076 ergo
3351 5018 3452 5074 pro
3513 5012 3670 5060 tanto

1969 5103 2198 5174 negotio
2270 5104 2554 5167 decenter,
2631 5114 2697 5155 ac
2757 5097 3145 5162 laudabiliter,
3219 5108 3286 5150 ac
3333 5093 3455 5148 sine
3511 5091 3671 5146 omni

1970 5190 2236 5247 Simonize
2301 5197 2439 5245 nota
2501 5187 2864 5243 terminando
2927 5184 3154 5240 Domini
3223 5179 3672 5237 misericordiam

1971 5284 2245 5347 peterent,
2295 5284 2350 5332 et
2403 5290 2536 5331 cum
2579 5274 2936 5344 sapientibus
2983 5273 3126 5328 viris
3164 5272 3223 5327 in
3269 5268 3522 5326 Ecclesia
3564 5282 3673 5338 po-

1971 5364 2061 5420 siti
2099 5363 2307 5419 exinde
2362 5362 2666 5432 diligenter
2695 5367 3025 5426 tractarent,
3065 5374 3195 5415 ecce
3257 5359 3583 5428 insperatus
3618 5362 3674 5411 et

1971 5453 2316 5520 improvisus
2344 5451 2414 5507 de
2445 5449 2688 5506 Francia
2734 5448 2990 5513 veniens,
3034 5447 3236 5503 orandi
3269 5446 3475 5517 gratia,
3524 5457 3675 5499 eam-

1970 5540 2100 5596 dem
2131 5538 2437 5595 Ecclesiam
2484 5537 2798 5594 Norbertus
2821 5534 3164 5606 ingreditur,
3195 5533 3454 5606 ejusdem
3493 5543 3675 5602 nego-

1972 5628 2038 5686 tii
2067 5627 2303 5685 omnino
2337 5626 2600 5698 ignarus.
