3946 6406
313 378 415 431 999

1234 371 1531 428 APPEND.
1573 373 1667 427 AD
1708 371 1841 427 LIB.
1886 372 1961 426 Ill
1999 372 2331 428 GUIBERTI
2374 373 2465 428 DE
2500 373 2664 430 VITA
2695 373 2850 430 SUA.

3680 379 3702 429 ί
3716 378 3841 430 000

381 506 506 574 Quo
566 505 694 561 viso
773 502 943 574 legati
1000 502 1297 572 stupefacti
1359 510 1415 557 et
1462 501 1831 568 admirantes,
1886 516 2011 571 pre-
2048 504 2261 572 Aquia
2290 503 2348 559 in
2389 502 2702 570 ditissimis,
2738 511 2795 559 et
2827 503 3244 574 antiquissimis
3287 505 3565 561 cmnobiis
3618 506 3842 561 Galliae

313 609 523 665 cesque
552 606 688 649 suas
719 606 754 647 a
802 591 916 647 Deo
954 591 1257 646 exauditus
1293 603 1415 645 esse
1467 589 1802 661 gaudentes,
1836 589 2010 645 cleri-

312 697 408 739 cos
455 680 979 752 Magdeburgenses
1026 684 1360 743 convocant,
1392 683 1447 732 et
1478 683 1678 732 utrum
1727 677 1918 732 adhuc
1950 678 2008 732 in

312 784 419 827 sua
447 769 729 825 sententia
778 772 1197 836 permanentes,
1230 778 1263 818 a
1293 778 1353 819 se
1394 763 1637 819 electum
1683 765 2007 834 suscepturi

312 859 498 915 forent
528 856 903 926 interrogant.
937 852 1055 908 Illis
1082 851 1431 908 unanimiter
1481 850 1717 907 insimul
1766 866 2003 922 respou-

312 945 584 1001 dentibus
621 958 680 999 se
708 943 928 1012 absque
974 940 1092 996 ulla
1141 939 1594 996 contradictione
1643 948 2010 1010 suscepturos

314 1045 722 1104 quemcunque
772 1029 1183 1098 nominassent,
1235 1030 1496 1098 protinus
1554 1027 1723 1098 legati
1754 1028 2008 1099 subjun-

312 1128 563 1190 gentes:
620 1119 691 1174 Et
753 1132 856 1173 nos
926 1115 1222 1186 inquiunt,
1285 1116 1343 1171 in
1391 1114 1620 1171 nomine
1683 1115 1886 1181 Patris,
1954 1122 2010 1171 et

312 1207 459 1274 Filii,
500 1214 557 1263 et
606 1205 851 1276 Spiritus
900 1203 1085 1260 sancti
1134 1203 1299 1260 vobis
1351 1202 1720 1260 nominamus
1761 1210 1816 1259 et
1852 1203 2011 1274 eligi-

310 1310 442 1353 mus
469 1296 744 1351 domnum
793 1292 1139 1349 Norbertum
1189 1291 1383 1347 virum
1414 1291 1749 1361 religiosum
1792 1298 1848 1346 et
1878 1304 2006 1360 pro-

310 1385 510 1441 batum
539 1381 821 1451 nobisque
851 1394 918 1436 ac
953 1379 1118 1435 vobis
1145 1394 1248 1450 pro
1275 1379 1559 1448 explendo
1599 1379 1860 1449 praesenti
1902 1392 2009 1434 ne-

310 1472 477 1544 gotio,
507 1471 657 1525 sicut
684 1469 992 1535 credimus,
1043 1481 1078 1522 a
1116 1468 1353 1523 Domino
1408 1467 1524 1522 Deo
1583 1466 2006 1523 transmissum.

307 1558 596 1616 Attonitus
638 1570 813 1627 super
852 1564 966 1611 tam
1019 1554 1340 1611 incredibili
1392 1562 1448 1611 et
1491 1554 1658 1610 celeri
1694 1554 1843 1610 facto
1881 1561 2007 1609 stu-

310 1656 423 1719 pet,
475 1654 529 1703 et
595 1645 917 1701 admiratur
962 1643 1301 1711 Norbertus,
1349 1649 1403 1698 et
1452 1650 1652 1697 utrum
1702 1641 1899 1711 vigilet
1933 1654 2008 1696 an

310 1734 558 1791 dormiat
604 1733 890 1804 ignarus;
923 1730 1025 1787 ubi
1072 1732 1164 1799 sit,
1219 1729 1306 1785 vel
1353 1729 1507 1786 unde
1537 1730 1778 1796 venerit,
1813 1743 2009 1785 secum

2115 590 2217 645 vix
2249 591 2495 646 inveniri
2532 596 2711 661 potest
2747 605 2895 661 opus
2924 592 3127 659 simile,
3157 592 3236 648 ita
3290 602 3353 649 ut
3380 608 3579 649 omnes
3636 596 3835 650 adve-

2116 678 2336 735 nientes
2381 687 2437 734 et
2495 679 2857 748 inspicientes
2914 681 3178 750 protinus
3237 682 3478 738 dicant:
3538 684 3843 753 quoniam

2114 765 2175 821 in
2206 768 2444 823 veritate
2474 781 2593 823 non
2624 768 2697 823 ab
2740 768 2989 835 homine,
3035 784 3225 839 neque
3255 784 3356 840 per
3400 770 3695 827 hominem
3746 770 3839 825 fa-

2116 862 2273 909 ctum
2319 863 2404 911 est
2451 855 2623 924 istud,
2668 864 2723 912 et
2776 865 2861 914 est
2907 857 3169 913 mirabile
3236 858 3294 913 in
3344 858 3526 915 oculis
3588 862 3840 914 nostris.

2113 943 2249 997 Jesu
2298 942 2469 998 bone!
2538 952 2756 1013 quanto
2803 946 3016 1015 gaudio
3062 946 3314 1015 repletur
3372 946 3846 1003 Bartholomaeus

2114 1030 2413 1099 episcopus
2465 1033 2689 1101 quoties
2734 1032 2873 1088 illuc
2926 1033 3269 1090 visitationis
3335 1036 3521 1105 gratia
3562 1036 3841 1102 veniens,

2115 1115 2390 1185 conspicit
2417 1124 2529 1171 tam
2566 1117 2931 1187 splendidum
2976 1122 3410 1188 monasterium,
3444 1122 3563 1177 suis
3588 1121 3836 1187 diebus,

2115 1216 2337 1272 suoque
2367 1204 2602 1260 consilio
2633 1212 2688 1261 et
2720 1206 3003 1277 principio
3033 1221 3067 1263 a
3098 1208 3342 1265 Domino
3398 1217 3835 1265 constructum.

2115 1290 2357 1347 Videtur
2386 1292 2524 1346 mihi
2553 1293 2709 1362 quod
2733 1301 2789 1349 et
2837 1294 2956 1364 ipse
2981 1309 3115 1352 cum
3171 1297 3424 1366 apostolo
3492 1297 3669 1354 Paulo
3731 1297 3840 1353 di-

2114 1393 2241 1435 cere
2271 1378 2485 1448 possit:
2540 1379 2950 1438 Abundantius
3006 1385 3463 1441 antecessoribus
3521 1384 3662 1441 meis
3697 1384 3841 1454 epi-

2116 1466 2299 1536 scopis
2344 1467 2828 1525 Laudunensibus
2871 1470 2996 1536 feci,
3031 1494 3052 1521 ι
3103 1472 3229 1527 Non
3284 1481 3477 1529 autem
3533 1487 3657 1544 ego,
3726 1472 3837 1529 sed

2116 1553 2303 1623 gratia
2333 1553 2430 1608 Dei
2461 1568 2683 1609 mecum
2715 1556 2770 1625 (Ι
2794 1558 2925 1611 Cor.
2951 1571 3049 1625 xv,
3083 1558 3189 1627 IO).
3229 1581 3252 1608 υ

2223 1646 2354 1701 CAP.
2389 1647 2490 1702 Xl.
2523 1678 2592 1687 —
2615 1651 2693 1702 De
2716 1650 3143 1776 constructione
3177 1651 3607 1709 Fuisuiacensis

2836 1737 2988 1776 cano
3048 1738 3089 1776 ι.

2836 1737 3089 1776 σωηοοέη.

310 1779 890 1894 {pseupercutnctande
935 1779 1198 1874 miratur.
1256 1817 1558 1873 Confestim
1606 1779 1784 1888 igitur
1819 1829 1854 1871 a
1899 1816 2010 1872 cle-
2053 1779 2090 1833 Β
2189 1814 2311 1869 Non
2343 1815 2530 1871 solum
2578 1831 2716 1874 vero
2758 1818 2967 1875 domno
3013 1821 3313 1887 Norberto,
3360 1828 3415 1877 et
3470 1821 3838 1891 sequacibus

310 1911 445 1967 ricis
496 1908 742 1979 capitur,
797 1906 1069 1972 trahitur,
1114 1905 1183 1963 ad
1228 1905 1407 1961 altare
1436 1919 1552 1960 non
1611 1905 1865 1972 ducitur,
1913 1904 2009 1959 sed

307 1998 587 2054 violenter
643 2002 929 2066 portatur,
992 1992 1227 2049 sublimi
1271 2007 1408 2048 voce
1463 1993 1539 2047 Te
1576 1996 1752 2049 Deum
1805 1991 2009 2047 lauda-

307 2103 437 2142 mus
490 2091 787 2153 cantatur;
838 2082 1044 2138 deinde
1102 2082 1436 2137 obedientiae
1497 2080 1729 2137 vinculo
1779 2088 2013 2137 coactus

308 2172 607 2243 episcopus
636 2179 1021 2227 consecratur.
1071 2169 1160 2225 Sic
1198 2183 1335 2240 ergo
1389 2169 1529 2224 dum
1560 2168 1709 2240 fugit
1737 2168 2011 2227 Camera-

310 2274 535 2316 censem
606 2259 1020 2328 episcopatum,
1101 2257 1345 2326 adeptus
1410 2265 1514 2325 est,
1591 2258 1706 2313 Deo
1764 2257 2008 2323 volente,

309 2348 867 2419 Magdeburgensem
931 2345 1513 2415 archiepiscopatum,
1580 2344 1640 2401 in
1704 2359 1822 2415 quo
1886 2343 2013 2399 reli-

312 2437 465 2507 giose
493 2436 697 2492 vivens
729 2449 828 2504 per
880 2433 1100 2504 aliquot
1145 2446 1329 2489 annos
1366 2433 1598 2489 tandem
1633 2447 1668 2489 a
1719 2432 2015 2489 laboribus

312 2525 435 2581 suis
466 2523 631 2580 beato
660 2523 774 2579 fine
801 2521 1041 2592 quievit.

418 2621 553 2677 CAP.
586 2621 658 2677 X.
686 2650 756 2660 —
783 2616 1122 2674 Immutatio
1150 2615 1391 2672 ecclesiae
1420 2614 2010 2685 Przmonstratensis,

953 2691 1009 2742 et
1024 2686 1369 2742 melioratio.

384 2787 665 2844 Praefatus
708 2793 901 2843 autem
946 2785 1133 2841 socius
1159 2787 1286 2856 ejus
1334 2784 1580 2841 domnus
1620 2784 1806 2855 Hugo,
1860 2783 2012 2839 PI‘EB-

315 2874 750 2933 monstratensis
778 2874 1108 2930 monasterii
1153 2874 1226 2929 ab
1272 2873 1469 2929 eodem
1498 2872 1775 2929 Norberto
1833 2871 2014 2927 abbas

312 2965 545 3033 electus,
599 2971 654 3019 et
700 2977 735 3017 a
784 2963 993 3018 domno
1042 2961 1455 3018 Bartholommo
1503 2960 1766 3030 episcopo
1800 2959 2011 3015 confir-

2117 1900 2259 1970 ejus,
2309 1903 2413 1971 qui
2460 1903 2569 1959 sub
2608 1905 2807 1961 ordine
2859 1906 3109 1963 clericali
3158 1909 3274 1963 Deo
3332 1908 3614 1976 serviunt,
3672 1909 3835 1965 idem

2116 1988 2415 2058 episcopus
2470 2004 2591 2047 sese
2653 1993 2974 2063 adjutorem
3043 1996 3313 2065 praebuit,
3372 1996 3470 2051 sed
3535 1997 3704 2052 etiam
3759 1998 3836 2052 de

2118 2076 2641 2135 Clarevallensibus
2689 2082 2984 2137 monachis
3039 2083 3387 2139 monasteria
3433 2085 3489 2138 in
3520 2098 3627 2139 sua
3682 2085 3831 2139 dim—

2117 2164 2229 2220 cesi
2260 2166 2496 2221 studens
2527 2167 2757 2235 habere,
2789 2169 2975 2225 locum
3004 2171 3106 2240 qui
3140 2171 3509 2227 Fuisuiascus
3558 2178 3828 2239 vocatur,

2119 2253 2177 2308 in
2233 2254 2510 2310 Terascea
2565 2256 2709 2311 silva
2754 2257 2835 2313 eis
2878 2258 3051 2326 dedit,
3102 2274 3297 2329 quem,
3336 2268 3403 2316 ut
3453 2273 3631 2329 supra
3671 2260 3832 2315 scri—

2117 2348 2281 2410 ptum
2305 2349 2407 2409 est,
2442 2343 2515 2399 ab
2546 2344 2744 2401 eodem
2785 2347 3046 2416 episcopo
3077 2347 3185 2403 sibi
3235 2357 3525 2404 ostensum
3572 2348 3832 2404 domnus

2116 2429 2429 2484 Norbertus
2457 2430 2700 2500 dixerat,
2762 2433 3023 2504 religioni
3071 2435 3305 2505 quidem
3345 2450 3691 2506 congruum,
3723 2435 3828 2491 sed

2116 2531 2231 2572 non
2259 2517 2363 2573 sibi
2389 2531 2422 2572 a
2452 2519 2566 2574 Deo
2602 2519 2971 2577 destinatum.
3005 2523 3283 2580 Dominus
3310 2537 3448 2594 ergo
3485 2524 3586 2594 qui
3623 2537 3826 2579 servos

2116 2620 2253 2661 suos
2282 2605 2550 2675 disponit,
2592 2615 2648 2663 et
2695 2608 2923 2664 ordinat
2955 2610 3057 2667 ubi
3090 2611 3234 2678 vult,
3265 2619 3321 2667 et
3353 2611 3638 2680 quomodo
3695 2611 3829 2667 vult

2116 2692 2398 2749 Norberto
2431 2694 2667 2763 quidem
2706 2694 3238 2763 Praemonstratum,
3286 2697 3831 2755 Claraevallensibus

2119 2789 2313 2836 autem
2362 2780 2668 2837 destinavit
2736 2784 3129 2840 Fuisuiacum.
3179 2786 3285 2841 Ubi
3322 2787 3640 2856 episcopus,
3687 2802 3826 2842 cum

2119 2869 2417 2924 monachis
2475 2868 2792 2939 aliquando
2854 2887 2953 2942 per
3028 2874 3444 2930 hebdomadam
3514 2875 3825 2943 integram,

2118 2956 2433 3027 aliquando
2508 2972 2644 3013 vero
2721 2959 3052 3029 quindecim
3118 2962 3320 3017 diebus
3391 2963 3824 3029 commorando,

313 3060 527 3119 matus,
600 3051 827 3108 assidue
892 3049 1113 3107 studuit
1180 3051 1407 3105 vineam
1491 3063 1670 3119 quam
1763 3048 2012 3104 domnus
2048 3059 2435 3122 Ceorumque
2504 3044 2755 3102 laborem
2818 3056 2874 3103 et
2948 3057 3345 3119 paupertatem
3409 3050 3823 3121 benignissime

311 3142 628 3199 Norbertus
658 3154 851 3196 secum
885 3139 1261 3209 plantaverat,
1291 3137 1650 3194 exhortando
1678 3144 1733 3193 et
1752 3135 2014 3202 .collabo—

311 3228 494 3286 rando
540 3227 749 3299 rigare,
809 3228 919 3282 Deo
961 3240 1062 3296 per
1108 3226 1302 3282 omnia
1348 3224 1791 3285 misericorditer
1820 3224 2013 3280 incre—

310 3325 568 3374 mentum
623 3314 674 3371 ei
721 3314 910 3370 dante.
968 3313 1182 3370 Videris
1233 3320 1427 3370 autem
1470 3312 1823 3369 ecclesiolam
1855 3310 2011 3367 illam

312 3419 551 3476 parvam
581 3402 702 3474 jam
748 3417 863 3459 non
919 3416 1081 3471 posse
1122 3401 1386 3457 sufficere
1435 3408 1607 3456 tantae
1654 3399 2015 3456 multitudini

311 3494 557 3551 fratrum
617 3505 750 3562 quae
796 3496 1162 3555 convenerat,
1193 3497 1249 3544 et
1294 3489 1552 3558 quotidie
1599 3502 1697 3558 per
1738 3488 1840 3544 Dei
1879 3502 2017 3558 gra—

311 3582 451 3638 tiam
476 3576 984 3650 augmentabatur,
1013 3575 1198 3631 sciens
1238 3576 1410 3632 etiam
1458 3576 1735 3632 domnum
1767 3575 2011 3633 Norber-

312 3677 457 3737 tum,
495 3675 561 3724 ut
603 3665 868 3735 superius
905 3665 1121 3720 dictum
1149 3671 1253 3732 est,
1305 3664 1363 3719 in
1423 3663 1630 3734 spiritu
1683 3664 2014 3733 praevidisse

313 3756 469 3828 quod
517 3768 589 3809 ex
639 3752 819 3808 altera
864 3751 1077 3807 montis
1120 3760 1281 3821 parte
1345 3751 1528 3822 major
1575 3751 1813 3807 ecclesia
1875 3752 2015 3807 foret

311 3841 669 3909 aedificanda,
705 3839 843 3895 inito
883 3854 1015 3895 cum
1064 3839 1340 3895 fratribus
1368 3842 1489 3894 suis
1533 3839 1790 3905 consilio,
1847 3839 2013 3895 dom-

311 3945 456 3989 num
484 3928 964 3986 Bartholomaaum
1008 3926 1361 3996 episcopum,
1406 3933 1472 3982 ut
1519 3934 1647 3997 pote
1677 3926 2012 3982 Iocifunda-

309 4028 513 4087 torem,
545 4025 599 4074 et
642 4024 882 4087 patrem,
931 4015 1203 4071 advenire
1258 4013 1502 4086 rogavit,
1563 4022 1852 4084 quatenus
1897 4014 2013 4070 dis-

310 4108 511 4179 positis
556 4104 826 4162 omnibus
873 4102 1135 4170 officinis,
1196 4102 1315 4173 ipse
1365 4103 1618 4172 primum
1678 4102 1923 4174 lapidem
1955 4102 2014 4158 in

312 4195 565 4252 ecclesia;
591 4193 966 4250 fundamento
998 4200 1254 4262 poneret.

386 4280 652 4341 Venienti
710 4294 847 4351 ergo
900 4279 1165 4350 episcopo
1220 4285 1374 4336 totus
1424 4278 1518 4335 ille
1577 4278 1673 4335 Dei
1726 4278 2015 4335 exercitus

2118 3132 2475 3201 sustinendo,
2542 3141 2599 3190 et
2675 3134 2919 3191 dulciter
2982 3151 3077 3192 eos
3152 3138 3380 3194 assidue
3450 3138 3819 3206 consolando,

2119 3220 2398 3291 templum
2481 3229 2536 3277 et
2621 3223 2972 3279 necessarias
3049 3223 3328 3292 officinas,
3405 3240 3538 3281 cum
3602 3224 3824 3281 molen-

2120 3310 2292 3375 dinis,
2363 3316 2419 3366 et
2475 3308 2848 3381 agriculturis
2899 3319 3231 3369 construere
3278 3319 3335 3369 et
3380 3314 3650 3383 perﬁcere
3686 3321 3822 3370 stu-

2120 3397 2312 3453 debat.

2231 3484 2371 3540 Cxp.
2404 3485 2529 3545 XII.
2570 3516 2639 3525 ——
2668 3489 2742 3541 De
2766 3487 3185 3542 constructione
3221 3487 3599 3558 Spinetensis.

2189 3572 2304 3628 Nec
2342 3573 2505 3642 prius
2560 3573 2799 3641 abstitit,
2841 3574 3021 3630 donec
3058 3575 3267 3630 domno
3315 3574 3560 3632 Gosvino
3617 3575 3825 3631 abbate

2122 3659 2647 3728 ibidemordinato,
2684 3674 3013 3733 magnaque
3065 3662 3311 3719 fratrum
3358 3663 3531 3719 turba
3586 3678 3824 3734 congre-

2122 3754 2275 3818 gata,
2307 3749 2482 3803 etiam
2528 3747 2688 3805 aliud
2745 3750 3069 3806 ccenobium
3129 3764 3201 3806 ex
3226 3764 3292 3807 eo
3332 3751 3635 3821 procedere
3666 3752 3827 3807 vide-

2125 3844 2246 3891 ret:
2280 3835 2339 3891 in
2371 3836 2597 3892 dimcesi
2648 3850 2756 3893 sua
2804 3851 2978 3907 prope
3028 3837 3284 3895 Guisiam
3317 3840 3470 3909 quod
3523 3840 3822 3909 Spinetum

2120 3932 2380 3980 vocatur.
2405 3925 2469 3979 In
2499 3938 2617 3994 quo
2654 3925 2922 3981 abbatem
2950 3926 3241 3982 ordinavit
3269 3928 3501 3983 nomine
3545 3927 3819 3984 Odonem.

2121 4011 2228 4079 Qui
2268 4013 2342 4068 ab
2391 4012 2773 4069 adolescentia
2821 4027 2895 4069 ex
2953 4014 3099 4071 urbe
3145 4016 3515 4072 Laudunensi
3571 4015 3817 4086 fugiens,

2122 4099 2185 4156 in
2227 4100 2572 4157 monasterio
2624 4101 3014 4158 Fuisuiacensi
3053 4103 3372 4159 monachus
3400 4104 3583 4160 factus
3610 4104 3813 4161 fuerat.

2228 4189 2362 4244 CAP.
2403 4189 2558 4245 XIII.
2586 4219 2655 4229 —
2682 4190 2768 4244 De
2793 4188 3208 4245 constructione
3243 4190 3646 4246 Vatclarensis.

2194 4277 2448 4333 Tertium
2500 4291 2734 4348 quoque
2757 4277 2827 4334 de
2853 4278 3049 4334 eodem
3081 4279 3281 4335 ordine
3309 4279 3815 4337 Clarevallensium

312 4384 448 4427 cum
516 4381 731 4439 magna
795 4368 1151 4437 processione
1199 4367 1365 4424 laetus
1436 4367 1708 4438 occurrit,
1763 4366 2013 4423 laudans
2050 4359 2094 4414 D
2123 4365 2540 4421 monachorum
2582 4365 2854 4436 praefatus
2898 4367 3200 4437 episcopus
3242 4368 3565 4424 construxit
3619 4382 3813 4423 emno-

311 4459 497 4515 Deum
549 4457 610 4512 in
661 4469 797 4511 voce
839 4454 1233 4511 exsultatiouis
1277 4462 1331 4512 et
1382 4454 1765 4511 confessionis.
1810 4454 2011 4510 Statim

310 4559 451 4604 vero
474 4544 775 4614 episcopus
803 4542 1133 4599 recordatus
1174 4542 1434 4609 visionis,
1466 4554 1646 4612 quam
1694 4540 2013 4597 Norbertus

311 4633 500 4707 prima
549 4639 712 4688 nocte
752 4632 1036 4687 adventus
1064 4630 1153 4687 sui
1187 4630 1246 4686 in
1277 4630 1472 4687 eodem
1516 4630 1639 4685 loco
1696 4643 1757 4685 se
1802 4628 2013 4685 vidisse

315 4728 469 4777 550
524 4720 836 4788 retulerat,
897 4718 1332 4776 multitudinem
1413 4717 1629 4773 scilicet
1684 4716 2011 4772 albatorum

311 4810 598 4876 virorum,
623 4822 825 4865 cruces
851 4812 1153 4878 argenteas
1211 4819 1345 4861 cum
1397 4803 1759 4861 candelabris
1787 4811 1841 4859 et
1872 4804 2012 4860 thu-

313 4895 518 4952 ribulis
566 4894 873 4952 ferentium
947 4896 1254 4964 ipsumque
1316 4892 1505 4948 locum
1566 4890 1852 4947 cantando
1902 4889 2014 4946 cir-

314 4984 738 5051 cumeuntium,
806 4981 1052 5038 multum
1100 4979 1434 5049 exsultavit,
1504 4980 1734 5050 Deoque
1798 4979 2016 5050 gratias

314 5071 450 5142 egit,
481 5072 623 5141 quia
662 5070 818 5140 quod
847 5070 1164 5126 Norbertus
1194 5069 1254 5124 iu
1281 5069 1412 5125 visu
1442 5068 1685 5135 viderat,
1728 5068 1835 5124 hoc
1864 5067 2014 5124 idem

315 5158 619 5228 episcopus
699 5171 901 5214 revera
981 5156 1356 5228 corporaliter
1436 5170 1596 5213 nunc
1685 5155 1805 5212 fieri
1886 5168 2017 5212 cer-

319 5246 510 5302 nebat.

390 5332 726 5403 Cujusmodi
780 5346 917 5403 ergo
965 5333 1225 5403 ecclesia,
1280 5333 1702 5402 dormitorium,
1755 5330 2017 5400 {refecto-

320 5421 477 5477 rium
522 5427 855 5491 caeteraeque
895 5420 974 5476 ibi
1009 5421 1272 5490 ofﬁcinae,
1322 5422 1628 5492 qualisque
1665 5434 1872 5477 murus
1918 5433 2019 5490 per

321 5507 628 5564 circuitum
662 5507 994 5566 monasterii
1023 5522 1124 5578 per
1152 5509 1456 5579 praefatum
1495 5512 1794 5581 Hugonem
1833 5507 2020 5565 factus

322 5593 516 5664 fuerit,
570 5596 761 5667 palam
819 5593 1099 5664 inspicere
1153 5596 1284 5653 licet
1348 5597 1506 5653 omni
1570 5594 2016 5668 supervenienti,

2119 4453 2300 4597 hlium,
2330 4453 2389 4509 in
2429 4453 2551 4509 loco
2584 4453 2689 4525 qui
2718 4454 2956 4512 abusive
2983 4454 3057 4510 ab
3078 4454 3279 4511 incolis
3322 4456 3645 4527 appellatur
3670 4455 3810 4515 Val-

2119 4555 2152 4597 c
2174 4554 2331 4597 arus.

2119 4554 2331 4598 clarus.

2225 4639 2360 4695 CAP.
2392 4638 2530 4697 XIV.
2562 4669 2630 4679 —
2661 4642 2738 4696 De
2757 4638 3176 4696 constructione
3229 4640 3582 4698 Teloniensis

2831 4710 3106 4767 ecclesias.

2195 4806 2369 4863 Porro
2419 4805 2609 4863 locum
2659 4807 2762 4879 qui
2807 4807 3076 4864 Telonias
3126 4815 3385 4876 vocatur,
3435 4824 3606 4880 quem
3664 4808 3812 4867 dom-

2123 4908 2256 4954 mus
2298 4893 2617 4950 Norbertus
2671 4895 2899 4951 dixerat
2945 4895 3162 4966 regioni
3211 4897 3447 4967 quidem
3492 4911 3808 4969 congruum

2122 4983 2220 5040 sed
2252 4997 2367 5039 non
2397 4981 2506 5038 sibi
2539 4996 2574 5037 a
2600 4983 2716 5039 Deo
2761 4982 3132 5051 destinatum,
3173 4984 3373 5042 nolens
3409 4985 3702 5056 episcopus
3725 4986 3810 5042 di-

2124 5071 2348 5127 mittere
2378 5084 2653 5138 vacuum,
2697 5072 2889 5140 posuit
2917 5071 2996 5127 ibi
3026 5071 3253 5142 aliquos
3277 5087 3351 5129 ex
3399 5074 3618 5130 clericis
3670 5089 3808 5144 prae-

2124 5158 2256 5215 fatae
2284 5157 2534 5214 ecclesiae
2578 5157 2768 5214 Sancti
2799 5159 3031 5217 Martini
3066 5161 3482 5229 Laudunensis,
3519 5162 3810 5219 abbatem-

2126 5260 2241 5317 que
2264 5245 2348 5301 eis
2390 5245 2678 5303 ordinavit
2712 5246 2990 5304 domuum
3034 5248 3403 5317 Walfridum,
3453 5251 3645 5307 virum
3681 5253 3809 5309 reli-

2126 5332 2371 5404 giosum.
2400 5332 2530 5402 Ipse
2558 5347 2793 5404 quoque
2819 5335 3140 5406 episcopus,
3179 5337 3329 5393 sicut
3360 5338 3517 5408 apud
3550 5339 3810 5397 Fuisuia-

2126 5434 2259 5477 cum
2303 5420 2529 5489 fecerat,
2573 5435 2674 5491 per
2726 5430 2853 5479 octo
2896 5423 2987 5480 vel
3031 5424 3365 5495 quindecim
3401 5427 3521 5483 dies
3570 5442 3697 5484 cum
3732 5430 3809 5486 eis

2124 5507 2338 5565 ibidem
2397 5509 2761 5578 remorando,
2819 5511 3218 5584 templumque
3266 5513 3561 5586 lapideum
3588 5524 3645 5573 et
3682 5518 3816 5576 alias

2129 5595 2391 5653 ofﬁcinas
2417 5596 2701 5655 aedificare
2728 5600 2917 5669 coepit.
