3946 6410
176 378 310 430 1001

302 531 437 586 CAP.
470 530 594 587 XV.
623 559 692 572 —
717 533 796 585 De
818 530 1234 585 constructione
1263 531 1753 600 Ctamfontenais.

250 617 422 674 Aliud
473 632 543 673 ex
606 618 840 688 praefato
888 618 1089 675 ordine
1152 621 1681 676 Praemonstratensi
1734 636 1878 677 con-

170 705 395 761 struxit
454 704 870 760 monasterium
934 704 991 759 in
1062 704 1181 760 loco
1241 706 1341 775 qui
1392 716 1635 762 vocatur
1689 708 1879 764 Clara-

172 792 436 857 fontana,
472 792 736 847 abbatem
764 792 972 848 ibidem
1004 793 1294 850 ordinavit
1325 796 1515 851 virum
1545 796 1877 867 religiosum

173 880 459 935 domuum
490 879 830 934 Gerardum.
1248 878 1253 879 '

307 967 440 1023 CAP.
477 967 628 1022 XVI.
652 997 720 1005 —
747 970 827 1021 De
856 968 1277 1023 constructione
1302 969 1743 1028 Cuiadacensis.

249 1056 353 1111 Sed
403 1064 457 1111 et
502 1054 659 1111 aliud
709 1057 1035 1112 construxit
1082 1058 1493 1114 monasterium
1539 1060 1878 1116 clericorum

172 1144 237 1200 in
268 1144 391 1200 loco
421 1144 524 1214 qui
555 1153 799 1200 vocatur
828 1145 1173 1212 Cuissiacus,
1210 1147 1593 1218 abbatemque
1624 1148 1701 1205 ibi
1732 1150 1881 1205 ordi-

171 1232 340 1288 navit
387 1232 662 1287 domuum
700 1232 929 1293 Lucam.
969 1232 1162 1288 virum
1204 1234 1557 1305 religiosum.
1609 1236 1751 1291 Cum
1781 1250 1880 1292 au-

171 1328 288 1376 tem
323 1320 559 1376 vidisset
605 1322 916 1376 monachos
947 1321 1361 1389 Valclarenses,
1397 1324 1497 1393 qui
1542 1338 1716 1394 prope
1750 1340 1878 1380 ma-

170 1408 413 1474 nebant,
467 1408 811 1463 contendere
863 1416 1065 1463 contra
1123 1409 1341 1464 vicinos
1390 1423 1525 1465 suos
1573 1411 1877 1468 canonicos

168 1497 616 1558 Cuissiaceuses,
666 1510 768 1566 pro
813 1497 1066 1566 quadam
1101 1497 1374 1567 contigua
1421 1498 1587 1565 silva,
1636 1500 1874 1555 dicenti-

170 1586 288 1641 bus
340 1586 633 1641 alterutris
677 1586 780 1642 sibi
816 1601 941 1642 eam
993 1601 1026 1641 a
1057 1587 1236 1654 laicis,
1290 1587 1392 1657 qui
1439 1602 1563 1643 eam
1609 1590 1876 1657 possede-

169 1682 329 1739 rant,
374 1680 525 1728 55!
581 1674 743 1744 prius
792 1675 985 1729 datam
1019 1674 1214 1741 fuisse,
1245 1676 1461 1745 jusque
1490 1688 1660 1729 suum
1710 1674 1877 1729 alter-

166 1770 374 1818 utrum
416 1763 873 1829 defendentibus,
929 1764 1007 1818 ita
1048 1770 1110 1819 ut
1152 1765 1322 1818 etiam
1356 1763 1607 1818 domnus
1655 1762 1873 1818 Sansou

165 1849 485 1904 Remorum
577 1849 1082 1919 archiepiscopus,
1161 1850 1530 1919 domnusque
1612 1849 1877 1905 Joslenus

166 1942 515 1998 Suessorum
547 1943 869 2012 episcopus,
912 1956 1043 1997 cum
1079 1942 1313 2011 przefato
1360 1942 1627 2012 episcopo
1662 1942 1874 1997 domno

170 2030 610 2097 Bartholomaao,
659 2029 981 2101 vicinisque
1025 2030 1331 2086 abbatibus
1380 2031 1711 2101 frequenter
1738 2045 1874 2086 con-

163 2118 467 2175 venientes
515 2133 630 2173 non
682 2128 912 2189 possent
958 2119 1108 2174 hanc
1149 2120 1302 2175 litem
1351 2119 1502 2175 inter
1529 2133 1628 2175 eos
1674 2120 1876 2174 termi-

165 2220 315 2262 nare
359 2221 371 2261 :
415 2206 615 2262 dolens
661 2215 715 2262 et
781 2206 1036 2277 graviter
1093 2207 1282 2263 ferens
1336 2207 1482 2262 idem
1549 2209 1871 2277 episcopus,

166 2294 324 2350 inter
370 2294 662 2365 religiosos
706 2295 965 2350 dimcesis
1016 2309 1137 2350 suae
1176 2294 1331 2349 viros
1382 2302 1603 2350 tantam
1652 2295 1875 2350 discor-

164 2382 325 2437 diam
355 2384 594 2449 versari,
646 2383 983 2453 malumque
1012 2382 1344 2453 exemplum
1376 2382 1585 2439 exinde
1632 2382 1876 2452 raptori-

164 2471 302 2537 bus,
335 2478 388 2526 et
428 2471 556 2527 aliis
587 2472 968 2528 saecularibus
998 2472 1139 2527 viris
1174 2472 1459 2542 generari,
1512 2471 1784 2542 cogitavit
1816 2472 1874 2526 in

166 2559 420 2629 pecunia
472 2574 579 2615 sua
636 2560 968 2630 hujusmodi
1019 2560 1208 2616 rixam
1262 2567 1624 2629 temperaret,
1674 2559 1873 2629 sicque

163 2647 318 2701 dans
350 2647 680 2718 quindecim
718 2648 895 2704 libras
924 2662 1298 2704 nummorum
1332 2647 1684 2717 quibusdam
1721 2648 1871 2703 mili-

163 2734 346 2801 tibus,
380 2734 549 2789 aliam
595 2736 667 2791 ab
693 2736 775 2791 eis
803 2736 1008 2791 silvam
1056 2736 1212 2803 emit,
1245 2749 1421 2806 quam
1462 2735 1684 2791 clericis
1715 2736 1873 2791 Cuis-

162 2822 531 2878 siaccnsibus
593 2838 696 2893 pro
755 2838 823 2879 ea
879 2838 1056 2894 quam
1114 2824 1483 2894 repetebant,
1535 2823 1869 2890 conferens,

162 2910 458 2967 diutinam
507 2912 835 2967 seditionem
869 2912 976 2967 hac
1005 2912 1311 2967 donatione
1357 2912 1583 2967 tandem
1611 2912 1869 2981 sedavit;

162 3007 224 3055 et
259 2999 407 3055 sicut
455 2999 744 3055 credimus
774 3000 833 3055 in
876 3014 1074 3056 eorum
1109 3014 1352 3056 numero
1386 3000 1596 3056 meruit
1639 3000 1867 3067 ascribi,

1002 376 1362 434 HERMANNI
1404 378 1495 433 DE
1533 379 1770 436 MIBAC.
1814 381 1871 437 S.
1915 381 2154 438 ΜᾹΒΙᾹΣ
2184 384 2480 441 LAUDUN.
2506 417 2573 426 —
2599 386 2731 443 LIB.
2773 388 2867 443 III.

3546 395 3686 450 1002

1914 519 1963 572 Α
1991 517 2298 575 femineum
2345 535 2492 591 opus
2522 536 2640 579 esse
2687 531 2927 591 constat,
2979 525 3075 580 sed
3108 526 3280 582 etiam
3312 526 3371 583 in
3399 529 3555 599 agris
3598 531 3685 585 fo-

1990 606 2214 674 diendo,
2246 616 2300 664 et
2329 624 2461 665 cum
2503 612 2689 666 securi
2723 620 2777 667 et
2803 612 2991 683 ligone
3023 614 3227 670 silvam
3262 621 3686 674 succisamex-

1988 694 2306 762 stirpaudo,
2336 696 2529 763 spinas
2562 705 2617 752 et
2650 712 2852 767 vepres
2881 702 3197 768 evellendo,
3248 704 3520 761 manibus
3550 720 3689 774 pro-

1990 782 2130 850 priis
2174 783 2399 838 assidue
2448 784 2793 853 laborantes,
2848 803 2982 844 cum
3032 790 3258 847 silentio
3308 793 3525 849 victum
3578 794 3684 850 sibi

1989 879 2289 938 quierunt;
2344 871 2639 942 vitamque
2701 875 3207 934 Clarevalleusium
3272 882 3687 939 monachorum

1988 973 2089 1027 per
2119 961 2313 1014 omnia
2359 961 2644 1017 imitantes
2693 962 2750 1018 iu
2778 966 3098 1035 semetipsis
3140 970 3452 1025 ostendunt
3481 986 3685 1028 verum

1987 1063 2107 1104 esse
2142 1050 2299 1105 illum
2324 1051 2554 1107 Domini
2580 1066 2899 1109 sermonem
2934 1069 2947 1109 :
2978 1057 3117 1125 quia
3146 1059 3341 1114 omnia
3396 1061 3689 1129 possibilia

1986 1144 2124 1192 sunt
2153 1138 2423 1194 credenti.

2057 1226 2172 1281 Hoc
2225 1228 2419 1298 itaque
2483 1244 2701 1285 nonum
2769 1231 3183 1289 monasterium
3241 1235 3588 1294 feminarum
3653 1252 3689 1294 a

1987 1315 2222 1384 praefato
2261 1316 2526 1386 episcopo
2558 1325 2977 1388 constructum,
3028 1335 3145 1376 non
3192 1321 3476 1379 immerito
3509 1340 3687 1395 supe-

1986 1404 2109 1458 rius
2154 1404 2399 1461 dixerim
2429 1405 2500 1460 ad
2543 1405 2980 1462 similitudinem
3029 1410 3162 1464 noui
3195 1411 3413 1467 ordinis
3456 1414 3688 1484 angelo-

1986 1506 2117 1547 rum
2146 1491 2380 1558 factum,
2414 1493 2517 1563 qui
2560 1493 2855 1564 Seraphim
2891 1505 3192 1563 vocantur,
3229 1498 3283 1553 id
3314 1507 3397 1555 est
3422 1502 3687 1558 ardentes

1984 1580 2073 1634 vel
2118 1580 2486 1637 incendentes
2517 1597 2528 1635 :
2559 1583 2834 1651 quoniam
2885 1598 3086 1640 revera
3131 1585 3250 1641 istae
3295 1586 3539 1651 feminze,
3573 1589 3683 1644 nisi

1986 1668 2233 1723 mirabili
2292 1669 2471 1724 divini
2517 1672 2731 1725 amoris
2788 1671 2921 1741 igne
2986 1673 3255 1741 calerent,
3310 1690 3683 1747 nequaquam

1986 1757 2234 1826 profecto
2285 1764 2364 1813 tot
2401 1765 2704 1828 tantosque
2756 1759 2981 1815 labores
3029 1770 3197 1817 antea
3246 1762 3473 1819 feminis
3504 1764 3687 1821 inten-

1986 1852 2150 1909 tatos,
2199 1852 2254 1900 et
2285 1845 2614 1914 inexpertos
2642 1846 2924 1902 sustinere
2955 1848 3228 1904 valerent.
3265 1851 3372 1906 Sed
3403 1852 3540 1908 dum
3592 1854 3685 1909 in-

1985 1940 2079 1987 tus
2108 1932 2327 1989 fortiter
2360 1934 2583 2000 ardent,
2611 1943 2666 1989 et
2710 1935 2847 2005 ipsae
2879 1938 3027 1991 mira
3061 1937 3297 2005 faciunt,
3329 1950 3383 1994 et
3412 1940 3551 1997 alios
3579 1956 3685 1998 suo

1950 2021 2243 2091 ~exemplo
2296 2022 2367 2077 ad
2427 2023 2712 2078 mundum
2771 2025 3255 2081 contemnendum
3314 2029 3680 2085 accendunt:

1982 2109 2195 2165 similes
2239 2110 2589 2166 carbonibus
2620 2113 2788 2173 vivis,
2838 2114 2939 2183 qui
2992 2114 3231 2170 mortuis
3282 2116 3509 2172 admisti
3550 2132 3681 2187 pro-

1985 2198 2141 2254 tinus
2168 2213 2264 2254 eos
2310 2200 2655 2266 accendunt,
2708 2201 3089 2271 ardentesque
3131 2203 3399 2260 reddunt.
3440 2206 3510 2260 Et
3560 2206 3682 2262 haec

1984 2287 2216 2355 quidem
2283 2301 2489 2342 novem
2548 2288 2810 2343 cmnobia
2872 2289 3184 2358 praedictus
3228 2292 3528 2363 episcopus
3575 2308 3681 2350 suo

1983 2381 2231 2444 tempore
2263 2376 2607 2442 construxit,
2640 2390 2741 2431 nec
2792 2385 2981 2432 tamen
3011 2379 3360 2449 antiquiora,
3402 2397 3534 2452 qua:
3556 2384 3678 2453 jam

1982 2470 2312 2517 constructa
2335 2462 2573 2529 invenit,
2607 2464 2897 2535 corrigere
2925 2466 3154 2522 destitit.

1982 2564 2116 2622 CAP.
2160 2565 2357 2622 XVIII.
2412 2597 2479 2605 —~
2543 2568 2631 2622 De
2678 2569 2886 2624 domno
2934 2569 3167 2626 Simone
3226 2572 3428 2628 abbate
3484 2574 3683 2630 Sancti

2709 2640 2950 2696 Nicolai.

2052 2726 2115 2779 In
2161 2725 2417 2781 cmnobio
2451 2741 2704 2797 namque
2748 2731 2940 2785 Sancti
2971 2730 3207 2798 Nicolai,
3243 2732 3397 2802 quod
3448 2734 3503 2788 in
3535 2734 3682 2789 silva

1982 2813 2208 2882 Vosago
2247 2814 2419 2869 situm
2462 2815 2693 2871 videbat
2722 2816 3150 2887 aliquantulum
3186 2820 3243 2874 in
3291 2821 3563 2890 religione
3596 2830 3681 2878 te-

1983 2901 2171 2971 puisse
2206 2917 2217 2954 :
2252 2903 2561 2970 quemdam
2590 2906 3054 2962 strenuissimum
3101 2908 3449 2963 monachum
3490 2909 3677 2966 Sancti

1980 2988 2189 3045 Nicasii
2231 2989 2545 3055 Remeusis,
2580 2992 2811 3049 nomine
2850 2993 3152 3057 Simonem,
3189 2996 3318 3051 fecit
3362 2997 3632 3054 abbatem
3670 3015 3683 3053 :

162 3090 241 3145 de
275 3088 490 3158 quibus
529 3089 808 3145 Dominus
835 3089 972 3145 dicit
1010 3104 1022 3143 :
1054 3107 1081 3139 ‹‹
1116 3088 1271 3144 Beati
1316 3088 1556 3159 pacifici,
1592 3089 1867 3159 quoniam
1907 3084 1950 3141 C
1983 3092 2082 3147 βθῐ·
2123 3092 2320 3147 quem.
2352 3080 2466 3133 Πθο
2496 3079 2764 3147 donante.
2806 3081 2960 3137 intra
2990 3084 3161 3139 breve
3192 3092 3417 3155 tempus
3446 3087 3528 3143 sic
3557 3103 3681 3144 me-

166 3177 275 3233 filii
310 3176 410 3233 Dei
439 3177 808 3233 vocabuntur
833 3178 1070 3239 (Matth.
1102 3193 1154 3245 v,
1186 3177 1259 3247 9).
1301 3198 1322 3224 ι

162 3272 307 3329 CAP.
338 3273 518 3329 XVII.
551 3302 621 3312 —
660 3276 739 3327 De
765 3272 1183 3327 constructione
1228 3271 1469 3327 εαξηοὸἰί
1479 3273 1869 3342 feminarum,

575 3344 724 3415 quod
751 3344 964 3398 dicitur
996 3343 1462 3399 Monsteriotum.

241 3433 375 3488 Hinc
402 3432 595 3503 itaque
624 3442 749 3488 octo
799 3434 1165 3499 monasteria,
1215 3433 1326 3487 tria
1356 3432 1593 3501 quidem
1640 3446 1712 3487 ex
1742 3432 1872 3489 Cla-

162 3517 579 3573 revalleusium
625 3517 828 3573 ordine
859 3517 1298 3581 monachorum,
1331 3516 1596 3587 quinque
1635 3530 1770 3571 vero
1798 3530 1871 3572 ex

163 3606 806 3663 Prmmonstratensium
852 3606 1213 3671 clericorum,
1250 3605 1430 3660 instar
1460 3612 1587 3660 octo
1616 3605 1871 3661 beatitu-

162 3696 375 3752 dinum
419 3695 889 3765 evangelicarum
934 3694 993 3749 in
1022 3694 1250 3749 ditecesi
1299 3706 1404 3749 sua
1434 3693 1681 3749 domnus
1726 3693 1872 3748 Bar-

166 3782 512 3839 tholomzeus
536 3791 898 3849 construens,
928 3790 983 3838 et
1001 3781 1247 3852 singulis
1278 3780 1574 3850 proprium
1607 3780 1870 3836 abbatem

164 3872 469 3940 ordinans,
502 3872 573 3928 ad
623 3873 892 3929 ultimum
935 3880 997 3928 ut
1029 3871 1415 3941 compleretur
1455 3884 1739 3926 numerus
1766 3884 1873 3924 uo-

166 3974 302 4016 vem
333 3961 602 4016 ordinum
648 3961 1042 4031 angelicarum
1073 3960 1381 4025 virtutum,
1430 3957 1602 4013 etiam
1651 3972 1871 4013 nouum

166 4049 586 4103 monasterium
637 4062 814 4103 sexus
856 4047 1079 4103 feminei
1112 4046 1172 4102 in
1222 4046 1345 4102 loco
1396 4046 1499 4116 qui
1534 4046 1873 4101 Monsterio-

168 4134 296 4190 ium
341 4135 576 4201 dicitur,
608 4149 783 4205 prope
813 4134 1278 4191 Clarafontanam
1319 4133 1737 4203 superaddidit,
1769 4133 1872 4188 ab-

170 4224 566 4294 batissamque
625 4223 701 4279 ibi
760 4222 1247 4294 religiosissimam
1306 4220 1596 4291 puellam,
1641 4222 1873 4277 nomine

170 4312 552 4383 Guiburgem,
611 4312 931 4381 ordinavit;
994 4325 1112 4382 quo
1175 4325 1292 4367 uno
1350 4308 1695 4365 monasterio
1756 4323 1870 4364 non

172 4401 459 4457 immerito
508 4400 752 4456 dixerim
786 4401 1224 4457 Lauduneusem
1257 4398 1557 4455 ecclesiam
1600 4397 1874 4453 omnibus

169 4489 301 4543 aliis
329 4489 531 4545 debere
577 4489 851 4559 praeferri.
885 4490 949 4543 In
980 4488 1141 4544 nulla
1183 4487 1337 4544 enim
1369 4487 1528 4543 orbis
1558 4494 1717 4554 parte
1763 4500 1868 4541 an-

170 4585 265 4633 tea
298 4578 383 4634 vel
416 4578 625 4634 lectum
659 4577 718 4632 in
761 4576 1075 4645 codicibus,
1126 4576 1215 4632 vel
1247 4576 1513 4631 auditum
1563 4574 1672 4631 fuit
1707 4574 1872 4631 auri-

170 4665 301 4727 bus,
367 4665 766 4736 hujuscemodi
822 4663 1121 4735 religionis
1176 4662 1468 4719 abbatiam
1521 4661 1870 4717 feminarum

169 4753 473 4809 exstitisse.
518 4754 617 4808 Hie
660 4752 947 4823 siquidem
987 4752 1157 4823 quasi
1209 4751 1365 4808 illius
1406 4750 1687 4807 Dominici
1737 4750 1875 4806 dicti

169 4842 557 4898 exsecutrices
605 4856 616 4896 :
663 4862 691 4892 ιι
735 4842 997 4912 Regnum
1051 4841 1325 4897 ctelorum
1371 4840 1487 4895 vim
1529 4840 1769 4909 patitur,
1821 4842 1877 4895 et

170 4930 408 4987 violenti
458 4931 696 5001 rapiunt
742 4930 883 4986 illud
935 4929 1168 5000 (Matth.
1223 4944 1301 4995 χι,
1361 4930 1491 4998 t2):
1536 4949 1557 4976 ι
1603 4928 1675 4983 ad
1724 4927 1873 4983 idem

171 5033 419 5091 regnum
486 5027 600 5075 toto
666 5028 878 5074 conatu
948 5018 1255 5074 ascendere
1317 5017 1580 5083 nitentes,
1650 5024 1877 5071 terrena

173 5107 440 5165 funditus
500 5107 864 5178 despiciunt;
909 5115 963 5164 et
1010 5122 1127 5164 non
1176 5106 1363 5163 solum
1426 5104 1723 5171 saeculum,
1777 5103 1876 5160 sed

173 5196 362 5265 ipsum
416 5210 654 5267 quoque
698 5211 905 5252 sexum
950 5196 1182 5251 vincere
1230 5194 1555 5265 gestientes.
1612 5192 1876 5248 ordinem

175 5284 585 5351 Cistellensem,
634 5299 808 5355 quem
867 5283 1032 5340 multi
1083 5284 1346 5339 virorum
1390 5289 1447 5338 et
1502 5280 1876 5337 robustorum

171 5372 458 5443 juvenum
492 5374 729 5445 aggredi
784 5380 1073 5435 metuunt,
1123 5370 1422 5437 violenter,
1468 5370 1582 5425 imo
1613 5369 1873 5436 libenter,

178 5470 488 5531 spontanee
571 5468 1051 5532 assumpserunt;
1141 5458 1528 5529 depositisque
1607 5457 1879 5514 omnibus

176 5547 344 5606 lineis
375 5549 748 5617 indumentis,
782 5557 958 5619 atque
1000 5546 1261 5618 pelliciis,
1295 5546 1431 5603 solis
1463 5545 1672 5601 tunicis
1700 5544 1880 5601 laneis

178 5644 449 5705 utuntur,
501 5644 558 5693 et
599 5651 715 5693 non
758 5637 947 5693 solum
993 5634 1205 5703 uendo,
1252 5632 1341 5690 vel
1387 5633 1671 5700 texendo,
1722 5632 1875 5704 quod

535 5736 811 5801 PATROL.
866 5734 1070 5801 CLVI.

1985 3166 2189 3221 liorata
2215 3172 2298 3220 est
2318 3165 2514 3221 eadem
2547 3166 2815 3234 Ecclesia,
2849 3176 2911 3223 ut
2943 3177 2997 3224 et
3030 3169 3273 3225 interius
3296 3172 3353 3226 in
3384 3172 3676 3243 religione,

1982 3260 2035 3308 et
2065 3252 2321 3307 exterius
2366 3252 2423 3306 in
2457 3252 2799 3309 multimoda
2828 3254 3055 3310 ﬂoreret
3097 3257 3466 3325 possessione.
3521 3260 3681 3317 Unde

1982 3354 2169 3396 comes
2217 3339 2544 3409 Campaniae
2596 3341 2958 3398 Theobaldus
3003 3343 3240 3399 consilio
3282 3345 3478 3401 domui
3534 3347 3678 3403 Nor-

1984 3428 2145 3494 berti,
2180 3428 2489 3497 quemdam
2515 3429 2771 3498 ejusdem
2801 3430 3044 3486 cmnobii
3071 3432 3421 3488 monachum
3448 3434 3680 3490 nomine

1983 3517 2357 3589 Radulphum
2408 3531 2441 3572 a
2483 3518 2717 3586 prmfato
2760 3518 2965 3574 abbate
3013 3528 3368 3589 susceptum,
3419 3521 3674 3578 Latinia-

1981 3605 2134 3660 censi
2182 3604 2459 3660 ditissimo
2509 3606 2850 3662 monasterio
2881 3607 3131 3675 praefecit
3175 3608 3458 3665 abbatem.
3503 3612 3677 3666 Dom-

1980 3707 2092 3748 nus
2156 3708 2389 3763 quoque
2456 3693 2651 3749 Simon
2733 3694 3128 3750 Noviomeusis
3192 3699 3516 3767 episcopus,
3591 3698 3682 3755 vir

1981 3782 2374 3837 nobilissimus
2427 3782 2716 3852 Radulphi
2778 3782 3222 3839 Vermandensis
3270 3787 3493 3841 comitis
3540 3802 3676 3858 ger-

1983 3883 2208 3933 manus,
2255 3884 2288 3925 a
2320 3870 2555 3939 praefato
2596 3870 2862 3939 pontifice
2894 3871 3307 3929 Bartholomzeo
3349 3875 3506 3943 petiit
3536 3876 3681 3931 duos

1981 3958 2091 4014 sibi
2120 3972 2191 4013 ex
2246 3958 2442 4013 eodem
2494 3959 2755 4015 coenobio
2794 3958 2988 4015 Sancti
3033 3959 3246 4015 Nicolai
3300 3962 3427 4017 dari
3474 3976 3681 4018 mona-

1981 4048 2117 4103 chos
2161 4067 2177 4101 :
2223 4061 2473 4118 quorum
2542 4062 2726 4103 unum
2787 4048 3018 4103 nomine
3071 4049 3485 4106 Theodoricum
3549 4050 3682 4109 fecit

1982 4135 2247 4191 abbatem
2278 4135 2517 4191 cmnobii
2551 4134 2740 4191 Sancti
2774 4136 2944 4206 Eligii
2972 4136 3401 4205 Noviomeusis;
3433 4138 3677 4197 alterum

1982 4238 2138 4288 vero,
2200 4224 2302 4293 qui
2354 4223 2677 4279 vocabatur
2722 4224 2971 4281 Absalon
3023 4225 3276 4294 praefecit
3336 4229 3681 4285 monasterio

1988 4311 2176 4368 Sancti
2208 4312 2456 4368 Amandi
2490 4312 2883 4380 Helnouensis,
2916 4313 2974 4368 in
3002 4314 3339 4383 episcopatu
3368 4316 3684 4372 Tornacen-

1986 4401 2052 4458 si.
2105 4399 2211 4467 Qui
2245 4414 2361 4469 quo
2411 4400 2577 4456 modo
2609 4400 2716 4456 sibi
2746 4402 3081 4457 commissas
3110 4402 3392 4458 Ecclesias
3430 4410 3545 4459 tam
3589 4405 3679 4460 in-

1981 4488 2192 4555 terius,
2259 4501 2435 4558 quam
2504 4488 2762 4544 exterius
2841 4490 3227 4558 correxerint,
3296 4499 3352 4547 et
3416 4492 3685 4548 nobilita-

1980 4577 2206 4643 verint,
2272 4574 2404 4631 visu
2465 4576 2655 4645 potius
2717 4591 2898 4646 quam
2966 4578 3212 4646 auditu,
3268 4587 3451 4649 potest
3516 4580 3684 4637 hodie

1981 4666 2361 4734 comprobari.

1981 4769 2296 4825 CAP.'XIX.
2322 4799 2389 4807 —
2412 4773 2559 4823 εει
2581 4772 2662 4823 De
2672 4768 2893 4893 $071720
2903 4767 3237 4893 [Gisleberto
3255 4770 3462 4825 abbate
3476 4770 3682 4826 Sancti

2740 4855 2790 4893 ie
2830 4856 2900 4893 ae
2927 4856 2998 4893 is.

2740 4855 2998 4893 icnaem'.

2053 4928 2343 4984 Domuum
2399 4942 2636 4998 quoque
2687 4927 3071 4985 Gislebertum
3128 4929 3382 4999 ejusdem
3442 4929 3685 4986 cmuobii

1984 5017 2173 5072 Sancti
2225 5016 2440 5072 Nicolai
2487 5016 2734 5086 priorem
2784 5017 3074 5085 (quiante
3121 5017 3547 5073 conversionem
3584 5033 3686 5088 pro

1983 5106 2197 5162 artium
2249 5106 2504 5169 scientia,
2538 5119 2655 5175 qua
2688 5104 2955 5175 pollebat,
2986 5106 3143 5161 Plato
3174 5107 3509 5175 vocabatur)
3538 5120 3685 5177 prte-

1985 5195 2140 5250 fatus
2188 5194 2490 5263 episcopus
2521 5194 2971 5249 Bartholomzeus
3018 5195 3280 5251 abbatem
3323 5194 3454 5251 fecit
3482 5195 3542 5251 in
3574 5210 3689 5251 mo-

1986 5282 2237 5340 nasterio
2295 5281 2488 5337 Sancti
2550 5281 2843 5337 Michaelis
2904 5282 3307 5347 Terraciensis,
3372 5284 3527 5353 quod
3593 5284 3688 5341 ille

1987 5369 2149 5427 brevi
2198 5377 2470 5437 tempore,
2524 5368 2639 5423 Deo
2688 5367 2956 5433 donante,
3015 5369 3159 5425 etin
3210 5370 3486 5441 religione
3533 5378 3586 5427 et
3629 5371 3688 5426 in

1985 5457 2281 5529 opulentia
2312 5456 2492 5512 multo
2537 5456 2786 5526 amplius
2816 5470 2993 5527 quam
3040 5458 3203 5527 prius
3233 5458 3441 5527 fuerat,
3482 5466 3538 5515 et
3570 5460 3690 5530 ipse
3740 5466 3745 5473 '

1990 5544 2305 5608 invenerat,
2351 5542 2619 5600 ﬂoridum
2670 5544 2933 5600 reddidit.
2969 5544 3075 5601 Sed
3125 5560 3260 5602 cum
3295 5556 3418 5618 post
3468 5548 3687 5617 aliquot

1991 5645 2173 5687 annos
2219 5630 2529 5700 praedictus
2574 5630 2753 5688 abbas
2798 5631 2991 5687 Sancti
3037 5632 3253 5690 Nicolai
3304 5634 3498 5691 Simon
3537 5636 3688 5690 obis-

3250 5741 3330 5797 32
