3946 6390
299 348 434 405 1003

1239 345 1535 403 ΑΡΡΕΝΙ).
1578 346 1670 401 ΑΙ)
1709 345 1839 402 LIB.
1881 344 1956 400 III
1997 344 2323 401 GUIBERTI
2363 346 2453 400 DE
2493 347 2650 402 VITA
2689 346 2846 402 SUA.

3662 344 3817 398 1004

294 509 394 567 set,
426 501 674 556 domnus
703 497 1154 555 Bartholomaus
1188 498 1509 567 episcopus,
1542 496 1779 552 consilio
1808 495 1983 551 abba-
2025 481 2071 533 Α
2103 479 2193 551 leg

2167 482 2333 551 gitur,
2388 481 2731 549 construxit,
2784 489 2838 537 et
2889 479 3352 537 sanctimoniales
3402 480 3478 537 ibi
3536 496 3813 551 ponens,

295 597 419 645 tum
449 596 501 645 et
551 588 948 659 religiosorum
981 586 1261 652 virorum,
1293 585 1559 640 eumdem
1605 584 1987 639 Gislebertum

293 689 396 745 pro
437 673 593 730 fama
645 674 942 744 probitatis
976 687 1118 741 sua,
1163 673 1233 728 de
1290 672 1481 728 Sancti
1529 672 1820 727 Michaelis
1870 686 1989 726 ca—

274 762 467 817 nobio
522 760 835 826 transtulit,
892 767 948 815 et
1003 759 1252 815 ecclesia
1308 759 1497 815 Sancti
1555 760 1774 816 Nicolai
1820 759 1992 829 cujus

295 850 614 906 monachus
668 852 724 904 et
779 848 931 918 prior
1000 848 1187 904 fuerat
1239 847 1505 903 abbatem
1557 848 1831 918 prafecit,
1889 847 1987 903 ubi

296 952 482 1008 usque
513 937 677 993 hodie
723 936 934 991 multos
976 935 1200 990 labores
1232 935 1486 1004 pertulit,
1532 950 1668 990 nam
1704 936 1991 991 multoties

296 1027 534 1083 Romam
558 1038 658 1094 pro
691 1023 868 1093 ipsius
894 1022 1160 1078 Ecclesia
1188 1022 1431 1078 utilitate
1455 1023 1632 1092 petiit.

296 1128 437 1184 CAP.
496 1126 624 1182 XX.
665 1156 735 1165 —
792 1127 870 1180 De
913 1124 1119 1179 domno
1182 1122 1461 1177 Anselmo
1485 1166 1499 1187 ,
1550 1121 1757 1177 abbate
1794 1121 1996 1178 Sancti

994 1194 1306 1250 Vincenlii.

368 1295 433 1348 lu
494 1292 749 1348 coenobio
800 1304 1034 1361 quoque
1088 1288 1281 1346 Sancti
1342 1288 1645 1356 Vincentii,
1705 1289 1858 1359 quod
1908 1295 1992 1344 est

296 1382 470 1437 situm
524 1387 691 1436 extra
747 1392 946 1435 muros
994 1377 1156 1434 urbis
1214 1376 1636 1443 Laudunensis,
1686 1384 1741 1432 et
1779 1376 1994 1431 dicitur

296 1484 418 1525 esse
447 1467 700 1524 secunda
732 1468 891 1523 sedes
936 1465 1291 1536 episcopalis,
1340 1466 1617 1521 domuum
1655 1464 1990 1520 Anselmum

295 1558 365 1613 de
411 1556 668 1613 canobio
715 1556 904 1611 Sancti
947 1555 1201 1611 Medardi
1259 1553 1681 1610 Suessionensis
1723 1553 1989 1619 ascitum,

294 1647 560 1702 abbatem
607 1645 901 1700 ordinavit
948 1642 1223 1713 prafatus
1270 1642 1726 1698 Bartholomaus
1768 1640 1991 1710 episco-

2097 585 2300 626 earum
2335 571 2458 641 ipsa
2490 570 2676 641 prima
2725 571 2832 627 fuit
2856 570 3162 625 abbatissa.
3216 569 3397 626 Tanta
3430 584 3563 626 vero
3606 578 3818 625 aucto-

2098 659 2267 715 ritate
2317 660 2541 716 studuit
2569 674 2695 714 eam
2754 659 3091 723 sublimare,
3141 659 3289 714 sicut
3320 657 3490 715 refert
3547 658 3820 729 antiqui-

2098 754 2204 813 tas,
2240 754 2303 803 ut
2333 747 2819 818 quemadmodum
2846 747 2901 801 in
2933 746 3272 816 Apocalypsi
3293 747 3529 802 Joannis
3549 747 3813 818 legitur:

2102 855 2128 885 ι
2157 834 2351 891 Scribe
2376 843 2591 905 septem
2637 835 2921 902 Ecclesiis,
2974 850 3105 905 qua
3135 839 3272 891 sunt
3317 835 3376 890 in
3404 837 3539 891 Asia
3586 836 3813 907 (Apoc.

2098 939 2136 991 ι,
2174 925 2301 992 ll);
2335 945 2356 973 ι
2393 924 2470 979 ita
2500 926 2672 981 etiam
2714 925 2864 980 hanc
2892 924 3182 980 abbatiam
3215 924 3453 993 cupiens
3489 939 3609 981 esse
3640 925 3816 980 velut

2098 1014 2335 1070 alteram
2384 1014 2595 1081 Asiam,
2626 1021 2840 1084 septem
2887 1014 3153 1069 ecclesias
3200 1014 3259 1069 iu
3288 1028 3355 1069 ea
3400 1014 3810 1070 adiﬁcaverit.

2099 1102 2315 1157 Harum
2366 1103 2634 1171 primam,
2678 1116 2810 1172 qua
2843 1102 3213 1171 principalior
3257 1116 3377 1158 esse
3426 1104 3812 1167 noscebatur,

2100 1190 2160 1244 in
2217 1190 2488 1245 honorem
2536 1196 2746 1245 sancta
2797 1188 3101 1245 Genitricis
3146 1188 3458 1256 conditam,
3521 1188 3811 1259 appellari

2099 1277 2283 1333 voluit
2335 1276 2554 1332 Sancta
2614 1276 2808 1332 Maria
2860 1276 3203 1341 Profunda,
3260 1275 3332 1331 ad
3411 1274 3812 1333 differentiam

2101 1366 2339 1421 forsitan
2373 1364 2610 1435 majoris
2637 1364 2889 1420 ecclesia
2926 1363 3146 1420 Sancta
3179 1365 3389 1430 Maria,
3438 1364 3497 1420 iu
3527 1379 3646 1435 qua
3674 1366 3812 1436 epi-

2100 1453 2344 1523 scopalis
2372 1453 2532 1509 sedes
2576 1452 2870 1519 consistit;
2904 1453 3217 1509 secundam
3249 1452 3440 1509 Sancti
3478 1454 3810 1520 Michaelis,

2098 1548 2154 1597 et
2182 1540 2453 1597 Omnium
2483 1542 2839 1612 Angelorum
2864 1555 2880 1611 ;
2906 1541 3126 1596 tertiam
3157 1540 3211 1596 8.
3243 1541 3477 1596 Joannis
3506 1541 3807 1611 Baptista,

2098 1638 2155 1685 et
2182 1630 2451 1687 Omnium
2479 1635 2629 1685 553
2656 1630 3120 1686 Patriarcharum
3144 1637 3318 1699 atque
3341 1630 3807 1699 Prophetarum;

298 1750 425 1806 pus.
458 1730 639 1804 Cujus
667 1732 923 1789 Auselmi
968 1732 1220 1802 probitas
1250 1731 1309 1786 in
1359 1732 1465 1786 hoc
1498 1745 1615 1786 uno
1644 1737 1821 1799 potest
1868 1729 1987 1784 evi-
2031 1770 2073 1824 Β
2104 1728 2371 1789 quartam
2426 1720 2577 1824 BeLaIi
2610 1719 2755 1775 Petri
2790 1719 3049 1824 apostoli,
3090 1718 3479 1824 Omniumque
3509 1720 3814 1817 Apostolo-

294 1825 497 1879 denter
538 1822 782 1887 adverti,
833 1822 989 1892 quod
1041 1820 1098 1876 in
1140 1819 1382 1875 diversis
1438 1819 1704 1875 Ecclesiis
1747 1834 1821 1874 ex
1867 1819 1994 1888 ejus

295 1911 597 1968 monachis
657 1910 902 1975 electos,
957 1923 1162 1965 novem
1222 1908 1387 1964 hodie
1446 1908 1710 1963 videmus
1760 1906 1997 1963 abbates

295 2001 499 2056 ﬂorere
572 2000 727 2054 viros
782 1997 1231 2068 probatissimos.
1296 1997 1361 2051 In
1425 1995 1682 2051 canobio
1743 2009 1997 2064 namque

293 2085 625 2142 Orbaciensi
700 2085 948 2139 domnus
1009 2082 1368 2151 Balduinus;
1446 2081 1504 2136 in
1564 2079 1995 2136 Morimoutensi

294 2174 671 2238 Guillelmus;
709 2172 764 2227 in
798 2171 986 2228 Sancti
1036 2170 1294 2240 Sepulcri
1334 2169 1761 2227 Cameracensis
1792 2170 1995 2225 Parvi-

295 2276 445 2331 nus;
510 2260 703 2317 Sancti
750 2258 992 2313 Andrea
1049 2258 1117 2313 de
1172 2272 1321 2313 novo
1372 2257 1600 2312 castello
1654 2257 1876 2322 Adam;
1935 2257 1994 2311 in

297 2347 646 2404 Hanoniensi
696 2347 905 2415 Fulco;
939 2346 997 2399 iu
1050 2344 1366 2400 Fidemeusi
1415 2344 1732 2413 Girardus;
1767 2345 1823 2399 in
1867 2343 1998 2399 Vir-

296 2434 508 2489 tutensi
551 2433 873 2502 Robertus;
905 2430 965 2486 iu
998 2430 1189 2486 Sancti
1220 2430 1440 2486 Nicolai
1476 2444 1649 2500 prope
1678 2431 1995 2487 Ribemon-

299 2528 410 2575 tem
440 2518 809 2586 Guillelmus;
835 2517 893 2571 in
924 2518 979 2571 S.
1004 2516 1295 2571 Michaelis
1318 2517 1705 2573 Terraciensis
1725 2517 1990 2585 Joannes,

295 2606 654 2662 venerabiles
726 2604 893 2660 hodie
947 2604 1273 2659 consistunt
1327 2604 1580 2672 abbates,
1636 2605 1738 2675 qui
1798 2620 1994 2661 omnes

295 2695 738 2750 Laudunensem
797 2692 1111 2749 Ecclesiam
1165 2705 1331 2747 suam
1383 2700 1644 2759 matrem,
1706 2693 1992 2749 Bartholo-

295 2795 506 2837 maum
535 2794 671 2837 vero
699 2780 1025 2850 episcopum
1050 2778 1341 2849 appellant
1362 2780 1585 2836 Patrem
1612 2794 1786 2837 suum
1815 2790 1990 2852 atque

294 2876 600 2937 pastorem.

290 2973 426 3029 CAP.
458 2971 613 3027 XXI.
659 3001 728 3012 —
777 2969 1069 3037 Quomodo
1120 2968 1274 3025 idem
1320 2970 1628 3027 Amelmm
1686 2975 1873 3029 Romae
1926 2976 1988 3030 in

571 3040 899 3113 episcopum
925 3041 1343 3097 Tomacemem
1362 3043 1576 3097 electu:
1599 3044 1697 3097 sit.

366 3140 518 3196 Idem
567 3153 702 3196 vero
752 3139 1062 3196 Anselmus
1111 3154 1245 3196 cum
1296 3141 1554 3197 coenobio
1607 3141 1798 3198 Sancti
1850 3145 1989 3200 Vin-

289 3228 459 3285 centii
519 3227 634 3283 fere
687 3228 1088 3297 septemdecim
1153 3228 1320 3283 annis
1378 3229 1715 3297 prafuisset,
1772 3239 1827 3285 et
1887 3246 1990 3300 pro

292 3315 541 3371 utilitate
590 3313 849 3385 ejusdem
881 3314 1124 3370 canobii
1156 3329 1288 3371 cum
1321 3314 1606 3371 Germano
1647 3329 1753 3371 suo
1779 3316 1991 3371 domno

287 3401 579 3467 Gualtero,
636 3401 817 3470 ipsius
868 3400 971 3455 loci
1035 3402 1339 3469 monacho,
1402 3402 1638 3459 Romam
1701 3403 1989 3473 profectus

285 3487 506 3555 fuisset,
555 3502 587 3542 a
632 3488 852 3543 clericis
902 3487 1386 3557 Tornaceusibus,
1435 3492 1533 3560 qui
1561 3490 1679 3560 jam
1716 3492 1991 3560 quadrin-

286 3578 474 3648 gentis
511 3576 681 3631 annis
728 3575 958 3645 proprio
986 3575 1252 3645 episcopo
1302 3586 1613 3634 caruerant
1643 3580 1775 3648 (58),
1825 3580 1992 3636 mira.

284 3665 384 3721 bili
417 3671 650 3730 eventu,
696 3663 810 3718 Deo
841 3663 1167 3731 ordinante,
1219 3663 1296 3719 ibi
1328 3672 1608 3733 repertus.
1657 3666 1714 3721 in
1763 3666 1987 3736 episco-

286 3766 427 3821 pum
473 3750 727 3821 eligitur,
772 3757 888 3805 eta
921 3750 1132 3806 domno
1183 3764 1333 3821 papa
1380 3752 1638 3822 Eugenio
1686 3753 1904 3809 invitus
1931 3762 1986 3810 et

285 3838 596 3905 reluctans,
650 3837 988 3893 obedientia
1032 3838 1267 3894 vinculo
1313 3840 1680 3907 constrictus,
1728 3842 1981 3910 pontifex

285 3933 692 3993 consecratur;
745 3926 942 3996 sicque
991 3940 1094 3996 per
1133 3940 1266 3982 eum
1312 3926 1659 3983 Toruacensi
1716 3929 1982 3985 Ecclesia

282 4015 526 4084 antiqua
573 4013 823 4083 dignitas
875 4013 1224 4079 restituitur,
1272 4028 1424 4069 anno
1465 4014 1536 4070 ab
1584 4015 1984 4072 Incarnatione

283 4100 511 4156 Domini
562 4102 715 4168 1145,
752 4100 1052 4156 Dominica
1092 4101 1312 4155 Lalare
1351 4102 1702 4157 Jerusalem.
1740 4103 1982 4159 Rediens

281 4201 418 4257 ergo
461 4201 496 4243 a
536 4188 717 4244 Roma
771 4197 826 4244 et
869 4202 1002 4243 cum
1041 4202 1255 4260 magna
1312 4190 1668 4259 processione
1717 4192 1980 4247 Lauduni

282 4282 622 4344 susceptus,
691 4274 893 4330 nolens
954 4275 1171 4344 priores
1232 4276 1377 4333 filios
1431 4278 1621 4333 Sancti
1690 4278 1976 4333 Vincentii

280 4362 594 4418 monachos
638 4360 966 4431 relinquere
1014 4363 1321 4432 orphanos,
1357 4378 1541 4420 unum
1582 4378 1654 4420 ex
1704 4367 1787 4421 eis
1825 4364 1979 4421 dom-

280 4466 425 4508 uum
471 4452 820 4507 Balduinum
865 4460 1032 4509 atate
1067 4453 1363 4524 juvenem,
1416 4455 1514 4511 sed
1552 4456 1813 4513 moribus
1841 4470 1976 4527 gra-

279 4555 431 4609 vem,
496 4541 617 4597 loco
647 4555 751 4597 suo
804 4541 1072 4598 abbatem
1103 4543 1185 4599 eis
1231 4545 1549 4611 constituit,
1599 4554 1654 4602 et
1683 4560 1717 4602 a
1765 4546 1974 4603 domno

275 4630 691 4687 Bartholomao
745 4631 1008 4702 episcopo
1055 4630 1190 4689 fecit
1247 4633 1527 4703 ordinari,
1589 4634 1788 4705 sicque
1842 4635 1974 4691 Tor-

274 4730 489 4774 nacum
549 4718 623 4774 ad
694 4718 1012 4790 regendum
1070 4720 1220 4776 ovile
1284 4720 1396 4777 sibi
1458 4723 1831 4779 commissum
1899 4730 1974 4779 te-

274 4804 474 4861 tendit.

272 4906 407 4965 CAP.
430 4907 617 4963 XXII.
640 4938 708 4949 -
725 4911 808 4963 De
824 4908 1180 4964 correctione
1197 4909 1439 4965 abbalia
1459 4911 1665 4968 Sancti
1684 4911 1969 4977 Joannis;

606 4982 663 5034 et
686 4979 966 5051 Drogonis
995 4979 1223 5035 abbati:
1247 4979 1629 5037 institutione.

339 5074 467 5130 Post
513 5072 636 5129 hac
662 5076 831 5130 etiam
864 5075 1053 5132 Sancti
1098 5076 1339 5132 Joannis
1382 5078 1648 5148 Baptista
1680 5080 1966 5148 corrigere

266 5159 490 5216 studuit
540 5159 812 5227 prafatus
857 5161 1161 5231 episcopus
1210 5163 1523 5232 abbatiam,
1575 5182 1707 5236 qua
1744 5169 1968 5226 cunctis

2105 1821 2235 1864 rum
2269 1822 2281 1861 :
2316 1815 2439 1877 post
2486 1808 2590 1863 has
2619 1817 2872 1878 quatuor
2920 1807 2990 1862 ad
3029 1806 3325 1862 introitum
3371 1807 3613 1862 abbatia
3650 1822 3811 1863 con-

2101 1899 2316 1953 struxit
2374 1897 2638 1967 quintam
2704 1897 2759 1951 in
2816 1897 3031 1953 honore
3098 1895 3151 1951 8.
3208 1895 3442 1963 Crucis,
3504 1904 3810 1966 quatenus

2102 1985 2313 2041 scilicet
2360 2000 2463 2055 per
2492 1986 2764 2040 virtutem
2792 1984 3049 2054 ejusdem
3093 1984 3299 2049 crucis,
3326 1983 3512 2038 omnis
3543 1984 3809 2039 incursio

2102 2072 2398 2129 diabolica
2432 2072 2651 2129 fraudis
2693 2072 2769 2127 ab
2802 2072 2918 2141 ipso
2951 2072 3189 2125 introitu
3221 2070 3622 2139 repelleretur;
3656 2085 3807 2126 sex-

2103 2162 2312 2217 tamin
2371 2162 2585 2217 honore
2627 2159 2807 2216 sancti
2863 2159 2981 2215 Afri
3040 2162 3349 2229 martyris;
3401 2160 3701 2229 septimam
3738 2160 3807 2215 in

2104 2250 2319 2305 honore
2377 2257 2589 2305 sancta
2661 2248 2852 2303 Maria
2923 2246 3294 2316 Magdalena.
3376 2248 3592 2301 Harum
3657 2261 3807 2317 ergo

2101 2344 2314 2405 septem
2372 2335 2740 2391 ecclesiarum
2799 2333 2992 2389 adhuc
3044 2340 3258 2388 restant
3314 2334 3575 2403 quinque
3616 2348 3628 2387 :
3665 2333 3807 2388 dua

2102 2437 2258 2487 vero,
2293 2423 2347 2478 id
2393 2431 2476 2477 est
2507 2422 2726 2477 Sancta
2756 2420 2956 2478 Crucis
2994 2421 3323 2490 Sanctique,
3356 2420 3475 2477 Afri
3524 2421 3806 2490 martyris

2102 2527 2219 2583 pra
2252 2512 2429 2568 nimia
2461 2520 2740 2568 vetustate
2769 2510 3117 2566 defecerunt.

2170 2602 2365 2657 Tanta
2418 2614 2551 2657 vero
2613 2600 2910 2670 dignitatis
2960 2608 3082 2655 erat
3136 2599 3335 2655 eadem
3404 2598 3669 2665 abbatia,
3734 2607 3803 2654 ut

2099 2688 2570 2758 quandocuuque
2602 2701 2704 2743 rex
2737 2688 3089 2743 Francorum
3123 2687 3181 2742 in
3215 2686 3418 2742 diebus
3442 2686 3803 2743 solemnibus

2098 2774 2365 2831 Lauduni
2394 2775 2759 2831 coronandus
2788 2783 2952 2842 esset,
2987 2775 3045 2830 in
3064 2776 3183 2844 ipsa
3213 2775 3495 2845 pracipue
3522 2788 3799 2831 coronam

2097 2885 2337 2928 auream
2383 2878 2652 2941 portaret.
2697 2869 2935 2926 Nullum
2984 2871 3156 2926 etiam
3205 2870 3540 2940 quadrupes
3578 2868 3800 2925 animal

2097 2961 2251 3017 intra
2305 2974 2541 3017 murum
2593 2974 2652 3015 se
2706 2968 2925 3029 portam
2986 2960 3230 3016 abbatia
3280 2959 3496 3014 intrare
3549 2965 3797 3028 poterat.

2025 3060 2067 3116 ο
2099 3049 2255 3121 quod
2288 3064 2402 3104 non
2450 3049 2641 3105 statim
2684 3049 2743 3103 in
2771 3048 2988 3105 rabiem
3039 3049 3178 3104 etin
3214 3048 3498 3103 insaniam
3548 3054 3803 3103 vertere-

2106 3146 2217 3194 tur.
2253 3138 2415 3194 Unde
2461 3137 2633 3192 etiam
2674 3136 2721 3191 si
2752 3137 2987 3207 quando
3042 3149 3165 3202 rex,
3196 3135 3288 3190 vel
3339 3135 3658 3205 episcopus,
3690 3143 3801 3191 aut

2101 3227 2199 3282 alii
2244 3226 2532 3297 principes
2557 3226 2627 3281 ad
2674 3225 2853 3295 ipsam
2887 3224 3179 3280 abbatiam
3231 3223 3557 3291 veniebant,
3593 3238 3799 3281 omnes

2098 3330 2279 3385 equos
2313 3328 2509 3371 eorum
2541 3321 2707 3369 extra
2749 3322 2969 3384 portam
2998 3312 3294 3383 oportebat
3326 3312 3555 3378 dimitti,
3600 3321 3655 3369 et
3684 3313 3796 3383 ipsi

2102 3405 2316 3474 pedites
2358 3404 2428 3459 ad
2459 3403 2753 3458 ecclesiam
2787 3401 3185 3471 procedebant.
3230 3401 3414 3456 Beata
3448 3400 3795 3473 Sallaberga

2099 3492 2362 3547 morienti
2410 3490 2682 3546 successit
2727 3490 3018 3546 abbatissa
3050 3488 3167 3543 lilia
3208 3488 3355 3558 ejus,
3395 3496 3592 3544 sancta
3625 3488 3793 3544 vide-

2098 3580 2228 3635 licet
2275 3579 2621 3649 Austrudis;
2654 3587 2707 3635 et
2740 3580 2819 3634 ita
2864 3592 2963 3647 per
2996 3584 3274 3639 trecentos
3315 3577 3429 3633 fere
3461 3585 3512 3634 et
3557 3592 3621 3633 eo
3662 3591 3789 3634 am-

2095 3668 2248 3737 plius
2276 3682 2459 3723 annos
2507 3666 2967 3723 sanctimoniales
2997 3665 3076 3721 ibi
3106 3665 3359 3732 fuerunt,
3395 3664 3790 3735 plurimasque

2096 3755 2476 3823 possessiones
2505 3755 2575 3809 de
2621 3752 2873 3809 donariis
2912 3767 3111 3824 regum
3146 3760 3203 3809 et
3243 3752 3571 3823 principum
3618 3752 3787 3824 longo

2094 3851 2203 3899 tem
2214 3858 2347 3912 pore
2378 3843 2770 3913 possederunt.

2164 3933 2225 3986 lu
2283 3932 2488 3987 diebus
2545 3945 2680 3986 vero
2734 3929 2954 4000 prafati
2985 3930 3177 3986 domui
3227 3929 3625 3986 Bartholomai
3668 3931 3784 4000 epi-

2091 4020 2267 4089 scopi,
2320 4020 2562 4090 antiqua
2601 4018 2800 4090 religio
2848 4033 2961 4074 non
2994 4032 3199 4088 parum
3249 4019 3307 4073 iu
3351 4019 3546 4074 eodem
3579 4033 3781 4074 mona-

2090 4111 2261 4165 sterio
2321 4108 2688 4179 refriguerat,
2749 4108 3060 4163 exteriores
3112 4121 3346 4177 quoque
3402 4107 3779 4177 possessiones

2093 4196 2371 4267 paulatim
2421 4196 2720 4251 diminuta
2749 4202 2952 4262 erant;
2985 4195 3082 4251 sed
3125 4202 3182 4250 et
3209 4194 3493 4250 nonnulla
3534 4195 3776 4251 sinistra

2091 4284 2257 4342 fama
2287 4284 2356 4341 de
2401 4284 2614 4340 eisdem
2649 4283 2977 4354 virginibus
3023 4281 3382 4338 dicebantur.
3416 4281 3576 4338 Unde
3622 4282 3774 4337 mul-

2088 4382 2213 4431 tum
2264 4373 2635 4430 contristatus
2686 4374 2832 4429 idem
2880 4370 3159 4442 pontifex,
3209 4370 3440 4427 videbat
3489 4370 3640 4425 enim
3679 4386 3776 4427 eas

2084 4463 2416 4533 frequenter
2445 4476 2480 4517 a
2510 4476 2570 4517 se
2616 4462 2992 4517 commouitas
3038 4460 3497 4516 emendationem
3543 4460 3771 4530 quidem

2082 4552 2260 4608 verbo
2307 4551 2657 4622 promittere,
2708 4550 2805 4606 sed
2858 4549 3006 4605 facto
3054 4562 3170 4604 uou
3223 4548 3508 4618 implere:
3544 4548 3770 4605 consilio

2080 4647 2136 4695 et
2191 4639 2530 4694 auctoritate
2579 4637 2796 4693 domini
2847 4650 3009 4706 papa
3056 4636 3393 4703 Innocentii,
3444 4634 3769 4705 dominique

2080 4725 2346 4781 Rainaldi
2394 4726 2700 4781 Remorum
2750 4723 3184 4793 archiepiscopi,
3231 4720 3501 4778 Ludovici
3544 4735 3768 4791 quoque

2078 4814 2233 4885 regis
2281 4816 2654 4881 Francorum,
2688 4813 2761 4869 ad
2791 4826 2963 4883 quem
3004 4811 3200 4867 eadem
3247 4810 3500 4866 Ecclesia
3552 4809 3767 4879 proprie

2077 4912 2361 4982 pertinere
2411 4911 2732 4977 dicebatur,
2779 4922 2977 4965 omnes
3024 4908 3238 4978 pariter
3292 4907 3421 4962 illas
3475 4904 3766 4962 sanctimo-

2076 4999 2256 5055 niales
2301 5013 2373 5054 ex
2407 4998 2506 5053 illa
2551 4998 2735 5068 ejecit.
2767 4998 3081 5052 Assumens
3135 5008 3370 5065 quoque
3398 4992 3584 5049 virum
3642 4992 3763 5048 reli-

2076 5086 2299 5157 giosum
2332 5086 2610 5142 domuum
2657 5085 3001 5151 Drogonem,
3050 5082 3292 5138 cauobii
3328 5080 3517 5137 Sancti
3561 5080 3763 5136 Nicasii

2075 5175 2368 5231 Remensis
2430 5175 2697 5245 priorem,
2746 5187 2878 5229 eum
2932 5172 3139 5227 ibidem
3192 5171 3445 5239 primum
3506 5169 3759 5225 abbatem

267 5248 396 5302 aliis
426 5260 602 5315 supra
645 5249 976 5304 memoratis
1023 5250 1428 5308 Lauduneusis
1478 5254 1735 5311 diacesis
1778 5271 1965 5312 cano-
2072 5256 2382 5322 ordinavit,
2415 5264 2472 5311 et
2513 5254 2829 5311 monachos
2879 5252 2995 5307 illic
3034 5252 3385 5307 sufﬁcienter
3428 5264 3501 5307 ex
3531 5249 3760 5305 diversis

266 5334 376 5390 biis
406 5334 587 5390 fertur
627 5334 941 5404 antiquior,
970 5344 1024 5391 et
1051 5336 1244 5407 ditior,
1275 5346 1452 5410 atque
1498 5343 1745 5399 nobilior
1769 5344 1959 5401 fuisse.

2073 5343 2440 5400 monasteriis
2475 5340 2685 5412 posuit.
2723 5341 2829 5397 Sed
2860 5354 2993 5396 cum
3025 5338 3146 5409 jam
3183 5338 3322 5408 illic,
3353 5338 3467 5392 Deo
3498 5336 3757 5402 donante,

225 5424 239 5438 '
266 5421 427 5477 Hanc
466 5420 750 5491 siquidem
795 5421 963 5477 beata
992 5423 1349 5496 Sallaberga,
1401 5428 1551 5485 sicut
1588 5430 1647 5485 in
1675 5430 1801 5501 ejus
1831 5431 1965 5489 Vita
2070 5445 2188 5487 non
2220 5445 2429 5501 parum
2477 5430 2796 5500 proﬁceret,
2829 5429 2981 5486 bono
3024 5428 3198 5485 odore
3237 5425 3528 5497 sapientia
3553 5432 3607 5481 et
3635 5437 3761 5494 pro-

262 5622 375 5692 (85)
404 5621 550 5686 Quia
587 5637 621 5680 a
652 5624 706 5682 S.
751 5623 1008 5682 Medardi
1051 5633 1300 5695 tempore
1337 5629 1638 5699 episcopus
1664 5630 2125 5689 Novioduueusis
2149 5632 2568 5689 Tornacensem
2597 5631 2831 5703 regebat
2861 5630 3199 5689 Ecclesiam.

1222 6369 1349 6390 ..ἓ
1388 6373 1519 6386 --.ρ-
1560 6372 1853 6390 9a-!—
1924 6368 2198 6390 ’,λ-⁸...

2167 6375 2755 6390 ἈΔ-’μ-ζ-ᾃᾷκ.
2800 6377 2873 6386 -
2908 6378 2983 6386 ,ο
3028 6377 3087 6384 Δ
3136 6376 3199 6387 ἠ
3244 6377 3311 6387 ᾳ
3351 6378 3502 6390 -—
