3946 6422
204 381 360 435 1005

1047 382 1422 440 HERMANNI
1464 384 1557 441 DE
1599 384 1839 440 MIRAC.
1884 386 1939 441 S.
1981 386 2220 441 MARI/E
2261 389 2563 448 LAUDUN.
2591 422 2658 430 —
2690 392 2821 448 LIB.
2865 392 2958 447 III.

3593 398 3727 452 I006

201 528 413 583 bitatis
458 529 585 599 ejus
637 528 804 599 longe
864 527 1093 600 lateque
1158 530 1387 598 diffuso,
1456 532 1726 602 prafatus
1768 548 1917 604 papa
1955 519 2000 569 Α
2030 537 2165 607 (41),
2194 558 2220 584 ››
2276 538 2586 609 statimque
2636 541 2824 610 ipsum
2850 542 3299 614 subjungentem
3351 545 3662 603 audierunt
3712 564 3724 601 :

198 616 588 672 Innocentius
635 617 970 673 obedientia
1046 618 1277 675 vinculo
1329 621 1723 684 constrictum,
1782 635 1914 676 eum

199 705 458 762 Romam
520 708 601 761 ire
654 707 860 777 coegit,
920 716 974 762 et
1028 708 1190 765 urbis
1254 709 1528 767 Ostiensis
1587 712 1915 781 episcopum

198 794 594 850 consecravit.

282 882 421 938 CAP.
456 882 662 937 XXIII.
692 883 776 936 De
804 882 1094 939 Balduino
1120 884 1326 940 abbate
1354 885 1467 941 loci
1488 886 1762 956 ejusdem.

284 971 554 1026 Monachi
577 978 771 1025 autem
804 971 995 1027 Sancti
1033 973 1274 1029 Joannis
1305 974 1506 1044 pupilli
1531 975 1660 1030 facti
1697 976 1916 1046 absque

196 1064 395 1127 patre,
428 1058 706 1114 domuum
740 1058 1088 1115 Balduinum
1117 1063 1327 1117 sororis
1359 1064 1486 1132 ejus
1516 1063 1718 1131 tilium,
1750 1071 1806 1119 et
1842 1064 1915 1119 ab

198 1159 281 1200 eo
310 1145 521 1201 ibidem
565 1145 912 1202 monachum
958 1146 1194 1214 factum,
1247 1149 1365 1205 loco
1403 1151 1531 1221 ejus
1564 1151 1918 1207 unanimiter

200 1233 324 1289 sibi
357 1234 619 1289 abbatem
649 1234 966 1305 elegerunt,
1022 1244 1077 1292 et
1106 1237 1342 1307 prafato
1400 1238 1661 1309 episcopo
1716 1240 1918 1295 conﬁr-

201 1322 497 1377 mandum
546 1330 1063 1391 prasentaverunt,
1115 1333 1280 1381 atate
1324 1327 1555 1395 quidem
1617 1327 1912 1397 juvenem,

202 1410 311 1465 sed
376 1410 654 1477 moribus,
703 1419 758 1466 et
812 1412 1084 1482 religione
1131 1414 1338 1469 seniles
1381 1428 1566 1470 annos
1610 1416 1914 1484 praferen-

202 1505 348 1553 tem.
380 1499 465 1553 Ad
498 1514 669 1569 quem
699 1514 831 1555 cum
893 1499 1059 1556 multi
1098 1502 1480 1557 monasticum
1528 1502 1791 1558 habitum
1821 1519 1917 1559 ex-

203 1594 471 1657 petentes
531 1602 604 1642 ex
668 1588 910 1643 diversis
961 1589 1330 1644 convenirent
1388 1590 1714 1659 provinciis,
1771 1591 1916 1647 inter

202 1674 357 1731 alios
420 1675 577 1731 venit
645 1676 881 1745 quidam
949 1676 1018 1731 de
1062 1678 1317 1733 Tullensi
1376 1678 1624 1749 regione,
1685 1678 1915 1735 nomine

203 1764 418 1834 Hugo:
451 1778 627 1834 quam
665 1764 939 1833 prafatus
968 1765 1149 1822 abbas
1193 1766 1515 1822 Balduinus
1560 1767 1756 1822 videns
1787 1768 1914 1838 pol-

203 1850 421 1907 lentem
454 1859 566 1907 tam
597 1851 889 1921 religionis
932 1852 1170 1921 fervore,
1197 1868 1372 1924 quam
1426 1854 1746 1910 litterarum
1798 1869 1913 1911 non

202 1937 481 1993 mediocri
527 1939 783 2005 scientia,
843 1942 1086 2009 priorem
1149 1942 1394 1997 canobii
1442 1942 1533 1997 sui
1580 1956 1714 1998 eum
1762 1942 1910 2010 fecit,

206 2026 495 2096 gaudens,
524 2034 579 2082 et
608 2028 722 2083 Deo
751 2029 966 2098 gratias
994 2043 1191 2100 agens,
1225 2031 1323 2100 qui
1357 2031 1463 2086 sibi
1493 2032 1658 2087 talem
1683 2032 1914 2087 dederat

204 2115 557 2185 adjutorem.
607 2115 711 2171 Sed
759 2131 893 2171 cum
953 2119 1321 2188 supradictus
1353 2132 1499 2189 papa
1525 2119 1913 2189 Innocentius,

205 2203 450 2258 consilio
507 2204 790 2275 Drogonis
837 2206 1112 2262 Ostiensis
1156 2207 1427 2277 episcopi,
1477 2208 1751 2263 domuum
1790 2210 1914 2263 Hu-

206 2306 419 2362 gonem
452 2293 947 2349 Humblariensem
979 2294 1243 2350 abbatem
1272 2296 1508 2350 Romam
1548 2295 1909 2363 accersitum,

206 2387 265 2435 et
317 2380 654 2436 obedientia
710 2381 944 2437 vinculo
1006 2391 1289 2449 coactum,
1347 2383 1689 2440 Albanensis
1749 2383 1913 2440 urbis

207 2477 599 2524 consecrasset
647 2470 1002 2540 episcopum,
1048 2486 1114 2526 eo
1146 2485 1244 2541 per
1277 2471 1493 2528 litteras
1546 2480 1908 2542 suggerente,

208 2557 477 2612 monachi
513 2558 979 2614 Humblarienses
1023 2560 1359 2629 pradictum
1403 2560 1724 2630 Hugonem,
1762 2559 1911 2615 San-

208 2645 283 2699 cti
313 2646 550 2701 Joannis
591 2646 856 2716 priorem,
898 2646 1005 2702 sibi
1051 2647 1314 2703 abbatem
1365 2648 1679 2718 elegerunt,
1713 2648 1911 2719 sicque

208 2748 343 2789 eum
372 2735 587 2789 domno
615 2734 893 2791 Balduino
921 2736 1304 2792 abstulerunt.

283 2823 426 2877 Ecce
484 2836 620 2893 ergo
670 2823 739 2878 de
776 2837 929 2878 nova
980 2824 1393 2879 monachorum
1436 2822 1627 2878 Sancti
1675 2821 1912 2877 Joannis

207 2909 466 2977 ecclesia,
549 2912 669 2991 jam
740 2910 978 2966 alterius
1052 2911 1293 2967 canobii
1349 2911 1528 2966 abbas
1595 2909 1909 2981 processit;

209 2999 369 3069 quod
401 2999 649 3069 profecto
678 2998 749 3054 ad
781 2998 1051 3054 honorem
1084 3007 1297 3069 spectat
1341 2998 1741 3055 Bartholomai
1789 2998 1911 3067 epi-

2028 625 2227 692 «Quia
2274 627 2568 684 auferetur
2620 643 2654 683 a
2699 631 2859 686 vobis
2917 645 3162 702 regnum
3217 633 3335 701 Dei,
3389 642 3443 690 et
3495 635 3730 692 dabitur

2025 714 2181 785 genti
2220 714 2449 771 facienti
2494 716 2716 772 fructus
2764 718 2892 788 ejus
2930 718 3101 789 (Ibid.
3136 721 3246 791 43).
3288 744 3309 771 ι
3372 722 3496 778 Alio
3554 723 3723 779 etiam

2024 804 2144 859 loco
2178 805 2455 860 Dominus
2508 806 2838 875 parabolam
2880 808 3143 879 proponit
3173 810 3241 865 de
3274 810 3481 867 arbore
3511 812 3620 877 fici,
3654 812 3723 867 ad

2023 906 2200 962 quam
2250 893 2430 949 tribus
2468 895 2636 949 annis
2690 895 2996 962 continuis,
3051 898 3307 965 veniens,
3357 906 3412 954 et
3468 898 3727 956 fructum

2022 994 2138 1036 non
2179 980 2480 1037 inveniens
2503 982 2677 1052 jussit
2706 997 2829 1038 eam
2888 984 3134 1054 succidi;
3165 986 3285 1052 sed,
3344 987 3725 1045 intercedente

2022 1068 2240 1124 cultore
2288 1070 2489 1135 vinea,
2540 1071 2734 1140 quarti
2779 1071 2949 1127 etiam
3017 1072 3152 1127 anni
3185 1073 3515 1131 dilationem
3584 1090 3726 1130 con-

2023 1158 2206 1225 cessit,
2240 1157 2411 1212 simili
2446 1158 2612 1213 modo
2641 1158 2891 1214 domnus
2918 1159 3372 1217 Bartholomaus
3400 1162 3721 1233 episcopus,

2022 1244 2485 1301 sanctimoniales
2534 1245 2661 1301 illas
2692 1254 2746 1302 et
2775 1260 2876 1316 per
2923 1247 3311 1316 semetipsum,
3356 1258 3411 1306 et
3440 1264 3541 1319 per
3592 1251 3724 1307 reli-

2024 1336 2212 1405 giosos
2261 1333 2412 1389 viros
2458 1334 2661 1404 primo,
2718 1342 2773 1390 et
2821 1335 3092 1403 secundo,
3160 1336 3325 1392 tertio
3370 1352 3622 1409 quoque,
3671 1347 3726 1395 et

2023 1430 2251 1492 quarto,
2284 1434 2387 1476 nec
2419 1435 2534 1476 non
2567 1421 2789 1491 quinto,
2821 1430 2876 1477 et
2906 1431 3066 1478 sexto
3095 1425 3346 1490 annofde
3375 1427 3725 1483 correctione

2023 1511 2354 1577 admonens,
2387 1517 2441 1565 et
2495 1509 2639 1565 nihil
2684 1524 2744 1565 se
2794 1511 3066 1580 proﬁcere
3122 1511 3343 1579 videns,
3404 1515 3721 1570 secundant

2026 1606 2367 1668 praeceptum
2412 1597 2773 1654 Dominicum
2806 1600 3006 1669 utique
3051 1600 3249 1656 debuit
3306 1601 3721 1657 infructuosam

2022 1686 2284 1742 arborem
2315 1686 2626 1754 succidere,
2654 1686 2723 1755 {et
2756 1686 2979 1743 vineam
3021 1688 3373 1744 Dominicam
3414 1689 3541 1745 aliis
3570 1690 3723 1761 agri-

2021 1774 2159 1829 colis
2210 1774 2561 1829 committere
2612 1798 2631 1822 ι
2703 1774 2810 1841 Qui
2882 1776 3122 1831 reddant
3169 1776 3219 1832 ei
3279 1777 3532 1833 fructum
3582 1787 3722 1834 tem—

2027 1862 2262 1931 poribus
2310 1863 2433 1917 suis
2463 1861 2637 1930 (Ibid.
2695 1862 2805 1934 41).
2850 1886 2877 1911 ››
2935 1864 3095 1930 Quod
3146 1864 3332 1934 ipsum
3398 1866 3539 1921 dum
3607 1882 3721 1922 non

2023 1950 2140 2005 solo
2170 1965 2341 2006 sensu
2371 1964 2495 2018 suo,
2528 1951 2622 2006 sed
2653 1958 2709 2007 et
2743 1952 2979 2007 consilio
3011 1966 3171 2021 papa
3203 1952 3722 2025 religiosi-iramque

2022 2038 2280 2094 virorum
2310 2038 2473 2109 jfecit,
2509 2039 2711 2108 utique
2740 2055 2852 2094 non
2894 2040 3352 2110 reprehensione,
3404 2042 3498 2097 sed
3552 2042 3723 2098 laude

2022 2126 2261 2197 dignum
2335 2125 2460 2181 fuit.
2503 2126 2617 2182 Nec
2665 2128 2981 2183 timendum
3037 2136 3121 2183 est
3166 2114 3297 2183 eum
3342 2138 3569 2200 propter
3616 2130 3722 2186 hoc

2022 2222 2352 2270 sanctarum
2395 2214 2738 2270 feminarum
2772 2215 3113 2286 Sallaberga
3145 2224 3200 2272 et
3228 2218 3556 2286 Austrudis,
3591 2234 3722 2288 qua

2020 2303 2277 2357 eamdem
2348 2302 2642 2357 ecclesiam
2729 2311 3123 2359 construentes
3198 2305 3720 2362 sanctimonialium

2020 2389 2206 2445 ordini
2247 2389 2619 2458 deputarunt,
2656 2391 2797 2444 iram
2835 2390 3147 2447 incurrisse
3178 2406 3191 2445 :
3231 2392 3343 2448 imo
3372 2394 3559 2462 potius
3596 2408 3719 2449 cre-

2021 2477 2274 2533 dendum
2335 2485 2417 2532 est
2464 2492 2666 2533 earum
2727 2478 2991 2548 precibus
3034 2479 3201 2534 talem
3272 2480 3625 2536 voluntatem
3668 2481 3719 2536 ei

2020 2565 2303 2621 divinitus
2358 2566 2677 2629 advenisse,
2756 2565 3013 2636 talesque
3075 2567 3309 2622 abbates
3359 2581 3391 2621 ει
3443 2568 3555 2623 Deo
3602 2568 3719 2623 fore

2020 2655 2351 2719 destinatos,
2403 2654 2506 2724 qui
2561 2662 2615 2710 et
2669 2655 2796 2722 ejus
2842 2655 3096 2721 servitio,
3155 2663 3210 2711 et
3260 2657 3439 2725 ipsius
3469 2643 3759 2713 ecclesia‘

2020 2742 2351 2798 relevationi
2380 2742 2598 2813 jugiter
2631 2743 2884 2798 insistere
2911 2743 3195 2799 studeant.

2092 2831 2155 2884 In
2207 2830 2366 2885 nullo
2448 2830 2731 2900 siquidem
2801 2830 2962 2901 regni
3010 2831 3363 2887 Francorum
3438 2833 3714 2900 coenobio,

2019 2917 2174 2987 quod
2220 2917 2345 2987 ejus
2381 2918 2667 2973 duntaxat
2701 2920 2772 2973 sit
2808 2918 3200 2986 institutionis,
3252 2921 3525 2990 majorem
3578 2920 3717 2975 reli-

2020 3006 2268 3071 gionem,
2328 3005 2417 3059 vel
2474 3004 2876 3059 charitativam
2923 3004 3388 3074 hospitalitatem,
3438 3020 3615 3076 quam
3658 3008 3715 3062 in

209 3088 363 3156 scopi
403 3088 531 3157 ejus
577 3087 907 3143 conditoris.
965 3087 1069 3143 Sed
1104 3088 1245 3158 quia
1275 3088 1556 3158 quosdam
1588 3088 1784 3143 minus
1814 3101 1907 3156 pe-
1945 3102 1986 3157 (ς
2019 3092 2140 3161 ipso
2172 3092 2435 3148 videmus
2483 3091 2669 3157 hodie,
2712 3091 2963 3158 fervere;
3015 3092 3125 3148 nisi
3156 3093 3308 3163 quod
3365 3094 3481 3163 ipse
3538 3095 3717 3151 abbas

209 3175 349 3232 rites
400 3175 452 3231 ei
498 3189 673 3245 super
722 3175 830 3231 hoc
891 3176 1255 3232 detrahentes
1298 3176 1519 3243 audivi,
1559 3182 1614 3231 et
1655 3175 1906 3231 dicentes

209 3277 326 3319 non
367 3264 631 3320 debuisse
655 3270 874 3319 tantam
925 3263 1299 3321 mutationem
1349 3264 1491 3331 ﬁeri,
1538 3278 1645 3319 nec
1675 3275 1907 3333 propter

212 3360 438 3423 peccata
470 3352 857 3423 quarumdam
889 3353 1413 3409 sanctimonialium
1443 3353 1612 3408 etiam
1645 3352 1904 3421 inculpa-

212 3440 352 3496 biles
402 3438 642 3510 expelli;
705 3446 1001 3509 totamque
1057 3438 1352 3495 ecclesiam
1402 3439 1697 3495 monachis
1732 3438 1900 3506 tradi,

212 3529 463 3585 maxime
508 3542 640 3584 cum
689 3527 962 3597 pradicta
1007 3529 1215 3584 nobilis
1249 3535 1512 3584 matrona
1548 3535 1746 3583 sancta
1776 3526 1903 3583 Sal-

212 3618 444 3689 laberga
490 3631 623 3673 cum
686 3616 802 3671 tilia
848 3630 954 3672 sua
1009 3623 1208 3673 sancta
1257 3616 1566 3683 Austrude,
1620 3615 1688 3671 de
1722 3614 1904 3685 patri-

211 3706 389 3763 monii
422 3705 513 3762 sui
560 3703 1012 3774 possessionibus
1038 3717 1161 3759 eam
1196 3705 1644 3771 construxerint,
1673 3711 1727 3759 et
1772 3716 1902 3758 san-

212 3793 562 3851 ctimoniales
590 3792 647 3848 in
668 3806 737 3849 ea
760 3794 1054 3863 posuerint
1073 3793 1577 3863 plurimorumque
1606 3795 1901 3863 signorum

211 3881 630 3941 ostensionibus
674 3895 799 3937 eam
849 3881 1353 3951 splendicaverint.
1400 3881 1487 3936 Ad
1537 3894 1904 3950 compescen-

211 3972 341 4029 dam
388 3980 443 4028 et
513 3970 934 4041 reprimendam
1007 3970 1415 4040 insipientiam,
1470 3968 1558 4025 vel
1627 3967 1904 4038 simplici-

213 4068 379 4118 tatem
408 4074 606 4117 eorum
641 4058 777 4115 libet
806 4072 991 4128 pauca
1024 4058 1235 4115 divina
1267 4058 1492 4130 pagina
1516 4071 1689 4127 super
1711 4055 1904 4126 simili,

209 4150 299 4207 vel
323 4149 491 4205 etiam
521 4147 725 4218 majori
762 4146 1077 4203 mutatione
1105 4147 1367 4216 exempla
1404 4145 1671 4202 recolere.

279 4241 473 4295 Nonne
510 4236 791 4308 plantatio
827 4235 928 4291 Dei
986 4234 1174 4306 major
1200 4243 1285 4291 est
1341 4233 1692 4305 plantatione
1723 4223 1949 4289 homi-°

213 4326 344 4383 nis?
375 4327 442 4381 Et
486 4332 638 4381 certe
693 4324 762 4381 de
807 4324 1020 4380 Judais
1063 4338 1166 4394 per
1192 4323 1396 4393 [David
1427 4336 1618 4395 regem
1676 4328 1732 4378 et
1764 4334 1900 4391 pro-

2017 3180 2334 3236 Balduinus
2390 3180 2449 3234 in
2502 3179 2867 3251 requirendis
2915 3187 2969 3235 et
3029 3180 3391 3236 retrahendis
3455 3183 3715 3238 Ecclesia

2012 3267 2482 3339 possessionibus,
2519 3281 2665 3337 quas
2714 3267 3179 3323 sanctimoniates
3223 3268 3578 3339 negligenter
3607 3271 3706 3326 de-

2012 3353 2163 3409 trahi
2211 3353 2607 3422 permiseram,
2642 3354 2806 3409 valde
2861 3361 3194 3424 occupatus,
3248 3355 3586 3425 quotidiano
3616 3355 3708 3411 la-

2012 3441 2149 3499 bore
2185 3439 2480 3511 fatigatus,
2514 3441 2636 3497 nihi
2665 3442 2852 3513 magis
2878 3443 3255 3513 conqueritur
3276 3456 3453 3512 quam
3501 3457 3562 3499 se
3591 3457 3707 3500 non

2010 3545 2173 3602 posse
2189 3532 2407 3602 jugiter
2435 3531 2744 3587 convcntui
2797 3531 3043 3587 fratrum
3094 3532 3382 3599 interesse,
3430 3531 3519 3587 vel
3571 3532 3708 3602 ipsis

2011 3619 2336 3689 hospitibus
2387 3619 2764 3675 humanitatis
2793 3618 3046 3676 ofﬁcium
3078 3628 3250 3691 prout
3284 3620 3447 3677 vellet
3480 3620 3707 3691 impen-

2011 3708 2163 3763 dere.
2214 3707 2365 3762 Dum
2414 3721 2550 3778 ergo
2603 3708 2737 3777 ipsa
2796 3715 3026 3775 sancta,
3073 3723 3325 3780 quarum
3373 3723 3617 3780 corpora
3646 3710 3706 3764 in

2010 3797 2208 3852 eadem
2231 3803 2539 3852 servantur
2566 3797 2823 3863 ecclesia,
2854 3797 3071 3868 jugiter
3102 3798 3191 3853 die
3225 3812 3292 3854 ac
3318 3806 3483 3854 nocte
3512 3798 3707 3855 vident

2014 3884 2088 3940 ibi
2118 3891 2233 3939 tam
2264 3883 2464 3938 devote
2504 3882 2764 3940 divinum
2811 3883 3062 3939 ofﬁcium
3112 3883 3271 3954 fieri;
3305 3884 3618 3951 silentium,
3653 3893 3707 3941 et

2014 3972 2348 4042 religionem
2399 3971 2686 4027 ferventer
2712 3971 2963 4041 servari;
2994 3971 3339 4029 sacrificium
3374 3972 3629 4042 corporis
3651 3980 3706 4029 et

2013 4059 2315 4131 sanguinis
2362 4059 2666 4126 Dominici,
2716 4074 2832 4115 non
2892 4059 3040 4116 sicut
3063 4061 3245 4130 prius,
3292 4060 3391 4116 sed
3435 4061 3705 4131 centuplo

2015 4146 2279 4202 devotius
2326 4152 2381 4201 et
2420 4145 2780 4215 frequentius
2832 4145 3141 4217 celebrari;
3175 4146 3468 4218 religiosos
3514 4146 3701 4217 hospi-

2013 4241 2097 4290 tes
2151 4233 2407 4304 quotidie
2454 4234 2920 4303 supervenientes
2972 4248 3102 4290 cum
3154 4234 3451 4291 charitatis
3505 4235 3706 4292 dulce-

2014 4320 2147 4377 dine
2175 4320 2437 4390 suscipi,
2479 4335 2668 4376 nonne
2711 4321 3061 4377 credendum
3103 4330 3203 4385 est_
3238 4336 3335 4378 eas
3385 4326 3502 4378 tam
3552 4322 3707 4378 dulci

213 4416 436 4485 phetam
479 4414 726 4470 dicitur:
770 4434 790 4462 ι
825 4383 1082 4470 Vineam.
1123 4383 1208 4468 de.
1236 4383 1895 4483 Egyptovtranstulisti,
1940 4383 1986 4437 θ
2011 4412 2110 4468 Dei
2154 4383 2384 4467 servitio
2420 4383 2729 4476 delectari;
2764 4418 2819 4467 et
2857 4411 2996 4467 dum
3055 4383 3336 4468 monacho
3372 4425 3565 4467 coram
3617 4411 3708 4467 al-

216 4503 422 4576 ejecisti
454 4510 650 4574 gentes
682 4509 736 4557 et
784 4501 1051 4571 plantasti
1095 4514 1243 4557 eam.
1294 4500 1426 4555 Dux
1481 4498 1701 4555 itineris
1744 4496 1902 4553 fuisti

216 4592 274 4648 in
301 4597 609 4660 conspectu
645 4589 791 4660 ejus,
824 4595 880 4644 et
918 4587 1188 4658 plantasti
1233 4587 1453 4643 radices
1502 4585 1647 4657 ejus,
1697 4591 1751 4640 et
1790 4584 1903 4640 im-

218 4679 386 4749 plevit
411 4685 622 4734 terram
646 4684 651 4688 ‘
673 4676 851 4744 (Psal.
876 4690 1067 4745 LXXIX,
1095 4676 1205 4747 95),
1236 4695 1264 4725 »
1297 4681 1351 4732 et
1392 4681 1599 4730 catera
1653 4687 1784 4744 qua
1836 4672 1905 4727 de

217 4769 333 4838 ejus
372 4765 804 4823 confirmatione
863 4764 1325 4836 subjunguntur.
1369 4767 1520 4817 554
1570 4761 1712 4819 Cum
1767 4774 1905 4832 ergo

217 4855 306 4911 lex
351 4868 452 4925 per
495 4855 741 4923 Moysem
797 4854 881 4909 eis
929 4854 1063 4908 data
1106 4852 1196 4921 sit,
1257 4860 1465 4909 terram
1515 4849 1908 4921 promissionis

219 4940 554 5012 acceperint,
584 4954 747 5012 reges
773 4947 829 4997 et
857 4940 1165 5010 prophetas
1210 4938 1533 5011 genuerint,
1574 4936 1678 5009 qui
1724 4936 1907 4992 multa

220 5030 492 5087 miracula
560 5029 815 5097 fecerint,
888 5036 1342 5099 perpetuamque
1388 5026 1471 5083 eis
1550 5024 1903 5081 mansionem

220 5118 467 5191 ejusdem
495 5125 661 5174 terra
690 5117 948 5173 Dominis
995 5115 1355 5187 promiserit:
1389 5122 1582 5171 tamen
1632 5113 1773 5184 quia
1805 5126 1908 5167 ve-

222 5210 461 5265 nientem
494 5205 924 5277 patrisfamilias
946 5205 1130 5262 filium
1151 5213 1318 5262 extra
1336 5204 1565 5259 vineam
1596 5202 1906 5273 ejecerunt,

222 5304 274 5354 et
320 5295 672 5362 occiderunt,
736 5294 1024 5350 dicentes:
1076 5315 1105 5341 «
1153 5293 1259 5348 Hic
1311 5300 1395 5349 est
1455 5293 1657 5359 hares,
1719 5289 1910 5345 venite

223 5384 542 5442 occidamus
600 5397 769 5453 eum;
826 5390 880 5438 et
928 5390 1123 5439 nostra
1169 5383 1277 5438 erit
1325 5380 1628 5437 hareditas
1673 5376 1907 5447 (Matth.

224 5487 336 5540 xxx,
366 5472 473 5543 38).
511 5492 533 5521 ι
569 5470 724 5527 Illico
781 5470 1021 5527 Domino
1072 5468 1413 5540 proponenti
1458 5474 1658 5524 contra
1701 5465 1912 5536 seipsos

222 5561 499 5635 judicium
538 5559 923 5631 protulerunt,
965 5559 1121 5630 quod
1149 5558 1387 5614 veniens
1418 5572 1430 5612 :
1463 5575 1489 5608 α
1536 5555 1713 5613 Malos
1766 5553 1914 5609 male

226 5650 434 5723 perdet,
467 5655 522 5706 et
550 5648 780 5705 vineam
830 5659 995 5705 suam
1027 5645 1237 5703 locabit
1268 5643 1396 5701 aliis
1437 5642 1704 5715 agricolis
1735 5639 1910 5713 (Ibid.

2008 4499 2119 4556 tari
2180 4505 2563 4565 transeuntes,
2612 4505 2667 4554 et
2714 4497 2935 4555 feretris
2997 4500 3119 4555 suis
3165 4499 3448 4556 submisso
3524 4500 3709 4570 capite

2009 4586 2344 4657 suppliciter
2401 4591 2647 4641 cernunt
2715 4585 3071 4654 inclinantes,
3125 4586 3459 4656 frequenter
3499 4586 3581 4643 eis
3630 4585 3710 4641 di-

2009 4688 2172 4731 cere:
2211 4694 2231 4722 ι
2267 4671 2586 4729 Benedictio
2616 4672 2843 4728 Domini
2879 4666 3054 4742 super
3085 4688 3183 4728 vos
3237 4673 3424 4742 (Psal.
3478 4687 3707 4741 cxxvm,

2008 4763 2096 4834 8);
2130 4784 2151 4811 ι
2176 4769 2230 4818 et
2265 4776 2277 4815 :
2315 4783 2337 4810 ι
2397 4760 2684 4817 Benedicti
2710 4775 2813 4816 vos
2853 4774 2888 4815 a
2924 4759 3168 4816 Domino
3199 4761 3299 4832 qui
3330 4761 3461 4817 fecit
3501 4762 3710 4819 calum

2011 4858 2066 4907 et
2096 4850 2353 4906 terram?
2382 4871 2410 4898 ››
2446 4849 2632 4919 (Psal.
2667 4863 2825 4915 cxm,
2853 4848 2968 4916 24.)

2085 4938 2234 5003 Quid
2280 4937 2377 4993 alii
2442 4936 2690 4993 sentiant
2751 4936 2984 5008 ignoro;
3050 4952 3155 5008 ego
3212 4937 3380 4994 corde
3418 4938 3606 5007 credo,
3658 4947 3714 4996 et

2013 5027 2250 5084 credens
2277 5040 2375 5082 ore
2398 5026 2637 5082 fidenter
2666 5025 2999 5096 pronuntio,
3021 5032 3249 5081 sanctas
3275 5026 3505 5083 easdem
3529 5027 3714 5099 magis

2015 5115 2218 5173 talium
2270 5114 2703 5181 monachorum,
2762 5127 2938 5184 quam
2980 5113 3529 5183 sanctimonialium,
3582 5130 3713 5187 qua

2016 5204 2095 5260 ibi
2123 5210 2236 5260 toto
2261 5210 2512 5273 tempore
2558 5201 2755 5258 domui
2788 5201 3189 5259 Bartholomai
3240 5201 3574 5270 manebant,
3623 5203 3716 5258 di-

2015 5290 2168 5347 vinis
2194 5289 2396 5345 ofﬁciis
2455 5288 2742 5356 delectari,
2775 5296 2831 5345 et
2861 5297 2976 5345 tam
3011 5304 3112 5360 pro
3142 5290 3370 5346 illorum
3405 5305 3579 5361 quam
3615 5304 3716 5360 pro

2017 5377 2270 5448 ejusdem
2333 5376 2577 5446 episcopi
2632 5375 2817 5431 salute
2859 5376 3086 5430 Domini
3134 5377 3583 5433 misericordiam
3614 5378 3717 5433 de-

2018 5465 2258 5535 precari.
2319 5465 2390 5520 Et
2416 5464 2562 5520 sicut
2593 5463 2777 5519 David
2808 5478 2911 5520 rex
2956 5455 3209 5521 Psalmos
3243 5479 3608 5534 componens,
3639 5466 3720 5521 di-

2020 5553 2184 5610 cebat
2218 5568 2229 5607 :
2265 5575 2294 5602 «
2338 5552 2676 5609 Scribantur
2734 5552 2857 5608 hac
2903 5552 2960 5608 in
3005 5554 3370 5624 generatione
3418 5553 3613 5620 altera,
3665 5562 3721 5610 et

2022 5640 2273 5713 populus
2302 5640 2403 5712 qui
2433 5640 2724 5697 creabitur
2753 5639 3013 5697 laudabit
3043 5640 3349 5699 Dominum
3401 5642 3594 5713 (Psal.
3642 5657 3717 5705 Cl,
