3946 6428
280 352 414 405 1009

1092 353 1455 408 ΗΕΒΜΑΝΝΙ
1494 354 1587 409 DE
1631 353 1873 408 MIRAC.
1917 353 1973 408 S.

2139 354 2269 408 ΒΙΑΣ
2306 354 2609 410 LAUDUN.
2636 383 2698 394 —
2743 355 2873 409 LIB.
2915 355 3007 409 ΙΙΙ.

3652 356 3788 410 1010

270 485 484 554 locum,
520 488 921 545 determinavit
975 490 1123 545 diem
1172 498 1227 545 et
1274 490 1495 557 horam,
1546 504 1661 560 quo
1709 487 1972 545 videlicet
2010 492 2055 544 Α
2081 489 2205 546 rius
2252 490 2312 549 in
2351 491 2621 547 unctione
2651 490 2834 547 sancti
2876 490 3123 561 Spiritus
3170 490 3471 548 irroratus.
3516 490 3622 547 Hic
3650 506 3788 563 ergo

271 575 343 632 de
389 576 597 633 abditis
653 576 893 633 latenter
950 587 1347 648 exsurgentes,
1399 578 1719 634 innocentis
1784 577 1975 633 subito

272 672 479 735 guttur
508 666 844 721 invaderent
868 674 923 722 et
976 665 1343 722 suffocarent.
1395 667 1499 723 Sed
1537 668 1657 738 jam
1713 668 1976 724 funestus

274 753 369 808 ille
392 753 725 809 imminebat
764 753 904 818 dies,
945 768 1076 809 cum
1125 768 1293 810 mane
1329 755 1469 810 hora
1500 754 1610 810 diei
1646 757 1851 825 prima,
1886 753 1977 809 vir

271 842 419 913 ejus,
453 843 600 899 sicut
625 842 879 912 quotidie
907 850 1304 904 consueverat,
1338 843 1397 897 in
1420 856 1585 898 suam
1617 843 1974 912 procuratio-

272 942 406 984 nem
452 930 654 996 exivit,
721 929 938 985 familia
982 930 1096 985 huc
1129 930 1380 1001 illucque
1423 931 1681 1001 dispersa
1705 940 1809 997 est,
1861 930 1978 985 filia

273 1032 510 1088 quoque
580 1018 732 1073 foras
821 1018 1136 1088 egreditur.
1209 1019 1631 1075 Remanserunt
1676 1025 1826 1074 556
1874 1017 1978 1074 soli

271 1107 455 1161 Adam
488 1115 542 1161 et
573 1107 715 1172 Eva,
756 1120 944 1177 agnus
976 1107 1247 1162 innocens
1275 1116 1330 1162 et
1367 1122 1521 1163 sava
1552 1108 1748 1164 leana.
1790 1108 1975 1162 Intra-

274 1201 485 1250 verunt
514 1195 685 1251 etiam
712 1195 972 1262 latenter,
1016 1195 1114 1250 illa
1144 1203 1332 1250 tamen
1366 1204 1733 1265 procurante,
1786 1209 1975 1265 prom-

274 1282 489 1351 ptuarii
518 1291 737 1339 secreta
780 1283 896 1338 duo
942 1283 1197 1353 pradicti
1232 1298 1531 1353 pauperes.
1565 1284 1816 1339 Tandem
1848 1297 1975 1338 mu-

276 1369 381 1425 lier
434 1372 865 1426 convenientem
934 1371 1202 1428 destinati
1260 1370 1487 1427 sceleris
1530 1381 1698 1427 nacta
1753 1372 1974 1437 horam,

276 1457 502 1514 blandis
561 1460 811 1529 primum
845 1458 1173 1515 intermistis
1222 1459 1540 1529 colloquiis,
1573 1459 1804 1515 demum
1839 1472 1979 1528 pra-

272 1545 406 1615 cipit
438 1555 500 1601 ut
539 1547 611 1602 ad
643 1546 913 1602 interiora
957 1548 1335 1617 promptuarii
1383 1548 1734 1604 descendens
1772 1547 1975 1603 vinum

272 1634 534 1691 deferret.
568 1636 667 1691 Ille
698 1635 836 1691 nihil
869 1636 1003 1691 mali
1056 1637 1401 1705 suspicatus,
1436 1636 1765 1705 simpliciter
1806 1634 1973 1704 quasi

274 1724 444 1778 matri
503 1724 920 1793 obtemperans,
964 1733 1193 1794 accepto
1247 1738 1381 1780 vase
1430 1724 1669 1779 festinus
1717 1724 1789 1779 ad
1823 1723 1973 1778 inte-

275 1811 428 1867 riora
457 1812 767 1868 descendit.
817 1811 1080 1882 Cumque
1129 1813 1331 1867 vinum
1382 1814 1439 1867 in
1474 1827 1606 1868 vase
1635 1812 1969 1881 susciperet,

278 1900 355 1956 illi
390 1901 580 1957 subito
609 1901 677 1956 de
726 1901 935 1957 abditis
964 1910 1361 1972 exsurgentes,
1414 1909 1617 1971 guttur
1657 1901 1979 1956 innocentis

278 1990 580 2057 invadunt,
623 1998 676 2045 et
706 1990 980 2045 continuo
1027 1988 1328 2057 suﬂ‘oeant,
1369 1998 1838 2059 susceptumque,
1877 1989 1977 2044 do-

276 2078 435 2133 mina
486 2078 746 2149 jubente,
816 2077 965 2132 inter
1023 2091 1231 2133 manus
1288 2078 1358 2132 ad
1427 2077 1636 2133 lectum
1690 2077 1973 2144 deferunt,

274 2175 724 2236 coopertumque
756 2166 1002 2237 propriis
1021 2165 1374 2221 vestimentis
1405 2168 1570 2236 quasi
1600 2166 1977 2222 dormientem

272 2262 643 2325 componunt.

344 2344 564 2399 Interea
620 2343 711 2398 vir
774 2342 1006 2399 domum
1070 2342 1416 2413 regreditur,
1469 2342 1603 2405 filia,
1646 2342 1979 2412 familiaque

271 2431 343 2485 ad
373 2430 569 2486 horam
617 2430 841 2500 prandii
890 2438 1285 2486 revertuntur.
1323 2428 1664 2499 Praparatis
1702 2429 1976 2496 onnibus,

274 2503 457 2575 mater
496 2519 626 2575 ﬁlia
672 2519 936 2590 pracepit
972 2527 1036 2575 ut
1082 2519 1271 2575 virum
1326 2534 1497 2575 suum
1555 2519 1784 2574 excitet.
1836 2518 1978 2584 Qua

275 2608 480 2665 festina
521 2608 593 2662 ad
643 2607 852 2662 lectum
893 2607 1139 2677 jacentis
1178 2607 1471 2672 accedens,
1529 2614 1584 2662 et
1628 2606 1977 2661 exstinctum

276 2695 575 2751 inveniens
623 2695 928 2750 exclamat.
992 2695 1270 2754 Commoti
1338 2695 1410 2750 ad
1471 2709 1665 2751 vocem
1713 2693 1980 2750 clamoris

272 2797 469 2838 omnes
548 2782 760 2851 pariter
816 2781 1069 2847 irruunt,
1128 2780 1554 2850 postpositoque
1613 2778 1853 2849 prandio
1904 2779 1978 2833 ad

274 2871 495 2927 funeris
570 2870 880 2940 exsequias
955 2876 1393 2924 convertuntur.
1454 2869 1631 2923 Fama
1718 2868 1981 2937 protinus

276 2959 711 3028 totam‘complet
737 2957 1027 3029 regionem
1049 2957 1382 3022 Albuinum,
1404 2957 1572 3025 paulo
1595 2963 1725 3010 ante
1747 2969 1980 3021 sanum,

2084 578 2219 634 data
2248 578 2531 634 sententia
2562 577 2693 649 igne
2728 578 3095 634 cremandam
3142 579 3518 650 adjudicavit.
3542 579 3665 647 Quo
3699 580 3791 636 ille

2079 665 2296 736 judicio
2329 666 2546 732 audito,
2598 666 3010 737 instigantibus
3056 668 3225 722 etiam
3282 668 3534 723 defuncti
3565 668 3785 729 amicis,

2086 754 2321 823 implere
2350 754 2539 809 statim
2575 754 2728 824 quod
2755 754 3081 824 iudicatum
3123 755 3329 819 fuerat,
3359 758 3693 812 maturavit.

2157 843 2420 912 Cumque
2450 842 2657 897 misera
2683 843 2990 898 duceretur
3019 842 3091 897 ad
3118 844 3488 913 supplicium,
3527 846 3792 914 impetrat

2084 939 2150 988 ut
2180 931 2251 986 ad
2285 932 2464 986 Beata
2489 932 2587 986 Dei
2626 930 2929 986 Genitricis
2957 932 3306 997 eecolesiam,
3343 932 3517 1003 juxta
3554 933 3790 988 domum

2085 1019 2485 1090 episcopalem,
2556 1032 2716 1074 mora
2769 1019 2878 1074 sibi
2930 1020 3338 1075 concederetur
3384 1020 3608 1077 orandi.
3670 1021 3792 1087 Quo

2087 1109 2425 1178 perveniens
2476 1108 2529 1162 in
2579 1116 2884 1176 conspectu
2933 1107 3069 1162 cleri
3125 1116 3179 1164 et
3231 1108 3446 1177 populi,
3496 1109 3792 1165 humiliter

2088 1211 2352 1267 puraque
2393 1196 2743 1251 confessione
2806 1195 2979 1251 totius
3042 1204 3280 1266 patrata
3341 1196 3666 1266 iniquitatis
3710 1212 3792 1253 se-

2087 1287 2227 1341 riem
2274 1286 2579 1354 peroravit,
2640 1285 2953 1354 pluresque
2982 1284 3050 1339 ad
3107 1283 3560 1353 compassionem
3613 1284 3793 1354 lacry-

2086 1387 2431 1443 marumque
2460 1371 2799 1428 effusionem
2854 1371 3088 1427 inﬂexit.
3117 1372 3255 1427 Inde
3292 1373 3621 1442 pavimento
3658 1387 3788 1443 pro-

2085 1471 2285 1531 strata,
2339 1475 2471 1518 cum
2536 1461 2717 1516 multo
2766 1460 2904 1516 ﬂetu
2968 1474 3176 1528 corpus
3215 1470 3269 1515 et
3319 1460 3573 1515 animam
3624 1475 3791 1517 suam

2084 1556 2296 1605 sancta
2344 1548 2538 1605 Maria
2585 1549 3045 1617 commendavit;
3100 1555 3340 1618 postque
3394 1561 3662 1617 surgens,
3703 1547 3788 1603 fa-

2083 1637 2346 1706 ciemque
2376 1644 2432 1691 et
2458 1644 2640 1692 totum
2671 1650 2882 1706 corpus
2919 1636 3083 1707 signo
3110 1636 3299 1691 crucis
3330 1634 3597 1691 muniens
3624 1650 3785 1707 egre-

2084 1725 2243 1781 ditur
2286 1733 2340 1781 et
2382 1725 2455 1780 ad
2507 1724 2698 1781 locum
2745 1724 3014 1794 supplicii
3080 1724 3335 1781 ducitur.
3384 1724 3471 1781 Ibi
3514 1724 3788 1780 omnibus

2084 1814 2437 1869 vestimentis
2470 1816 2675 1884 prater
2716 1812 2946 1880 lineam,
2976 1826 3095 1884 qua
3124 1812 3243 1868 sola
3270 1813 3523 1881 corporis
3553 1812 3789 1868 nuditas

2085 1902 2405 1974 tegebatur,
2444 1903 2715 1971 exuitur;
2758 1901 3016 1969 domum,
3068 1901 3124 1956 in
3157 1914 3278 1971 qua
3324 1900 3569 1958 cremari
3618 1900 3786 1957 debe-

2085 1989 2278 2057 batur,
2334 1990 2741 2047 introducitur.
2795 1990 2960 2046 Tunc
3006 2004 3107 2060 per
3134 2003 3303 2046 suras
3348 1989 3595 2045 nexibus
3623 1989 3785 2046 invo-

2085 2079 2239 2146 lutis,
2290 2080 2616 2150 strictisque
2656 2079 2927 2135 manibus
2967 2085 3091 2150 post
3122 2087 3367 2148 tergum,
3404 2077 3475 2132 ad
3515 2076 3786 2147 stipitem,

2085 2168 2188 2238 qui
2233 2168 2292 2223 in
2354 2167 2537 2223 medio
2568 2168 2786 2237 positus
2813 2175 2955 2235 erat,
2997 2175 3051 2223 et
3097 2166 3191 2223 cui
3233 2173 3349 2222 tota
3396 2166 3603 2221 domus
3632 2164 3790 2220 illius

2087 2255 2307 2312 fabrica
2348 2255 2725 2323 innitebatur,
2786 2255 2950 2311 duris
2995 2254 3209 2310 fortiter
3239 2252 3487 2310 vinculis
3516 2252 3786 2319 nectitur,

2085 2344 2628 2414 circumpositisque
2674 2343 2846 2414 lignis
2890 2350 2944 2398 et
2975 2341 3208 2412 stipula,
3245 2348 3364 2397 tota
3402 2341 3610 2397 domus
3641 2341 3788 2396 inte-

2086 2433 2210 2488 rius
2237 2432 2507 2502 repletur.
2547 2431 2815 2487 Posthac
2842 2431 3037 2486 clauso
3059 2431 3202 2487 ostio
3234 2429 3385 2500 ignis
3416 2430 3784 2498 supponitur,

2085 2536 2191 2577 nec
2231 2534 2390 2576 mora
2440 2520 2808 2575 ﬂammarum
2865 2519 3018 2590 globi
3076 2519 3147 2574 ad
3206 2517 3504 2587 superiora
3568 2518 3788 2586 produ-

2086 2618 2323 2666 cuntur.

2157 2700 2381 2754 Interea
2410 2697 2645 2752 ﬂamma
2685 2696 2993 2752 crudeliter
3031 2695 3226 2752 omnia
3265 2695 3617 2762 devastante,
3673 2702 3790 2750 tota

2086 2787 2303 2843 fabrica
2336 2786 2393 2841 in
2417 2785 2669 2841 favillam
2702 2785 3005 2856 redigitur,
3040 2785 3137 2840 illa
3169 2792 3359 2841 tamen
3398 2784 3544 2840 inter
3564 2798 3784 2853 prunas

2087 2886 2229 2927 sana
2274 2878 2329 2926 et
2376 2871 2687 2927 immobilis
2741 2875 2892 2927 stare
2944 2871 3191 2928 videtur.
3257 2874 3531 2928 Furentes
3591 2879 3786 2927 autem

2090 2958 2303 3015 inimici
2333 2959 2407 3014 ad
2432 2973 2592 3029 sepes
2642 2959 2899 3028 undique
2939 2967 2995 3015 et
3033 2961 3491 3030 circumquaque
3542 2973 3789 3015 curren-

272 3048 333 3104 in
365 3047 503 3104 lecto
531 3062 635 3119 suo
683 3055 974 3102 mortuum
1015 3060 1137 3101 esse
1185 3045 1506 3100 inventum.
1555 3045 1695 3099 Erat
1734 3058 1800 3099 eo
1832 3052 1979 3098 tem-
2017 3061 2057 3115 ι]
2089 3054 2188 3114 tes,
2221 3054 2275 3103 et
2313 3046 2600 3116 quidquid
2627 3046 2698 3101 ad
2732 3061 2939 3103 manus
2967 3047 3180 3103 habere
3217 3054 3479 3117 poterant
3529 3047 3787 3104 deferen-

276 3152 410 3208 pore
444 3135 701 3192 Lauduni
728 3136 964 3206 quidam
998 3133 1412 3201 vicedominus,
1442 3133 1687 3188 llbertus
1718 3131 1964 3194 nomine.

271 3225 363 3281 vir
392 3225 640 3295 sapiens,
690 3231 745 3279 et
776 3222 1049 3292 profundi
1078 3222 1315 3292 ingenii,
1357 3222 1453 3277 sed
1486 3221 1619 3291 plus
1643 3220 1799 3292 justo
1837 3235 1968 3275 cru-

270 3312 428 3370 delis.
483 3312 587 3367 Hic
647 3311 746 3367 ubi
806 3310 1136 3380 hujusmodi
1215 3309 1425 3365 famam
1473 3308 1714 3374 audivit,
1771 3307 1970 3364 mirari

272 3400 476 3471 primo,
508 3399 714 3454 deinde
761 3397 1086 3467 suspicione
1117 3397 1370 3467 quadam
1419 3398 1589 3467 capit
1616 3397 1808 3453 animo
1836 3410 1955 3466 per-

270 3487 506 3544 moveri.
542 3488 611 3543 Et
660 3486 756 3543 illo
791 3486 1025 3557 quidem
1076 3486 1167 3541 die
1220 3484 1520 3552 sustinuit,
1568 3499 1737 3542 mane
1776 3492 1970 3541 autem

266 3576 416 3633 facto
446 3575 851 3646 subsequentis
880 3575 1014 3637 diei,
1049 3574 1288 3631 festinus
1320 3581 1635 3644 antequam
1663 3573 1973 3629 defunctus

269 3666 341 3722 ad
365 3665 654 3721 tumulum
703 3664 1046 3727 deferretur,
1095 3677 1229 3718 cum
1283 3661 1406 3718 suis
1446 3662 1517 3717 ad
1563 3662 1754 3719 locum
1790 3660 1967 3727 venit,

268 3762 323 3809 et
373 3752 539 3822 quasi
580 3752 808 3807 nescius
850 3764 922 3806 ex
976 3749 1264 3804 industria
1306 3749 1594 3819 quomodo
1624 3747 1969 3819 contigisset,

269 3828 572 3914 diligenter
627 3841 973 3910 investigare
1022 3839 1211 3909 capit.
1259 3839 1523 3909 Cumque
1561 3839 1783 3895 nullius
1823 3838 1970 3893 rela-

273 3932 424 3987 tione
452 3930 646 3986 animo
689 3943 793 3985 suo
841 3928 1162 3993 satisfieret,
1216 3927 1370 3983 ultra
1414 3926 1806 3998 inquisitionis
1857 3928 1964 3982 im-

272 4018 512 4090 patiens,
555 4018 627 4073 ad
676 4018 948 4073 feretrum
989 4015 1243 4082 accessit,
1273 4016 1640 4086 diruptisque
1670 4015 1969 4083 violenter,

272 4107 490 4178 quibus
544 4120 754 4175 corpus
783 4112 1105 4159 contectum
1157 4104 1363 4172 fuerat,
1414 4104 1641 4172 pannis,
1668 4118 1770 4160 nec
1814 4117 1976 4159 mora

276 4194 669 4252 suﬂocationis
699 4201 855 4249 certa
894 4192 1105 4248 indicia
1137 4193 1362 4262 reperit.

347 4284 546 4340 Statim
591 4289 658 4338 ut
715 4281 1131 4337 fremebundus
1187 4279 1272 4336 leo
1321 4279 1378 4335 in
1423 4279 1699 4336 ultionem
1751 4279 1979 4336 sceleris

2081 3143 2179 3201 tes,
2213 3134 2351 3190 satis
2380 3134 2569 3203 priore
2601 3134 2876 3205 majorem
2903 3134 3193 3205 lignorum
3237 3142 3293 3191 et
3318 3134 3547 3205 stipula
3575 3150 3789 3192 cumu-

2080 3223 2201 3280 lum
2232 3236 2407 3292 super
2423 3236 2549 3278 eam
2581 3232 2920 3291 congerunt.
2954 3224 3209 3279 Rursum
3238 3223 3519 3293 copiosior
3548 3223 3782 3280 ﬂamma

2079 3309 2471 3376 succenditur,
2542 3310 3011 3379 consumptisque
3070 3308 3331 3365 celeriter
3373 3309 3545 3380 lignis
3590 3318 3646 3366 et
3692 3312 3786 3367 sti-

2082 3398 2237 3467 pula,
2269 3395 2648 3452 nihilominus
2690 3396 2789 3475 illa
2817 3410 2959 3452 sana
2987 3404 3043 3453 et
3077 3396 3383 3453 incolumis
3414 3397 3783 3468 conspicitur.

2078 3486 2357 3555 Quodque
2395 3483 2743 3540 miraculum
2777 3484 2960 3556 magis
3006 3485 3439 3556 augmentabat,
3494 3483 3642 3555 ignis
3679 3484 3782 3555 qui

2079 3583 2280 3631 contra
2308 3587 2432 3628 eam
2466 3572 2685 3629 nullam
2708 3572 2826 3629 vim
2857 3573 3080 3641 habuit,
3128 3573 3385 3641 vincula,
3422 3574 3641 3644 quibus
3672 3573 3785 3628 col'

2080 3662 2257 3733 ligata
2287 3661 2495 3726 fuerat,
2534 3661 2909 3731 consumpsit.
2953 3665 3215 3732 Cumque
3244 3670 3299 3717 et
3332 3662 3495 3718 tertio
3526 3662 3786 3718 furentes

2082 3750 2292 3807 iterum
2339 3749 2601 3804 ﬂammas
2666 3757 3017 3807 conarentur
3086 3764 3395 3821 apponere,
3446 3749 3783 3820 lapidesque

2076 3846 2277 3895 contra
2304 3851 2432 3894 eam
2481 3835 2846 3893 vehementer
2885 3837 3163 3906 jacerent,
3208 3845 3346 3893 tunc
3392 3838 3487 3894 illa
3535 3838 3779 3893 misera-

2083 3927 2269 3983 biliter
2344 3926 2715 3982 exclamans:
2774 3925 3014 3991 Parcite,
3081 3940 3299 3996 quaso,
3368 3926 3579 3996 inquit,
3622 3924 3782 3980 mihi

2082 4016 2297 4085 parcite
2347 4030 2360 4069 :
2415 4014 2617 4071 Nonne
2678 4012 2884 4070 videtis
2929 4014 3086 4084 quod
3130 4014 3388 4084 piissima
3426 4021 3625 4069 sancta
3681 4014 3781 4068 Dei

2082 4104 2362 4169 Genitrix,
2395 4103 2487 4159 cui
2521 4116 2730 4171 corpus
2757 4116 2945 4158 meum
2980 4102 3147 4157 hodie
3177 4100 3596 4165 commendavi,
3624 4102 3785 4155 mise-

2084 4191 2382 4247 ricorditer
2412 4205 2501 4245 me
2548 4189 2803 4261 adjuvat.
2855 4190 2954 4244 His
2997 4189 3210 4245 auditis
3254 4189 3335 4244 illi
3383 4186 3783 4244 mesericordia

2084 4278 2351 4335 commoti
2379 4278 2533 4333 illam
2564 4276 2819 4348 afﬂigere
2847 4278 3129 4334 desistunt
3161 4293 3174 4332 :
3208 4278 3326 4346 ipse
3364 4290 3599 4347 quoque
3626 4276 3782 4351 vice-

272 4373 536 4438 saviens,
567 4371 761 4427 virum
798 4384 930 4426 cum
963 4382 1145 4425 uxore
1173 4376 1228 4424 et
1259 4367 1377 4423 ﬁlia
1398 4368 1538 4423 diris
1570 4368 1811 4423 innexos
1840 4368 1971 4423 vin-
2014 4354 2057 4408 ι)
2086 4365 2353 4423 dominus
2396 4380 2522 4421 eam
2564 4364 2755 4421 statim
2803 4365 3175 4430 commonuit,
3216 4373 3281 4421 ut
3326 4365 3396 4420 de
3438 4363 3569 4434 igno
3611 4377 3782 4434 egre-

271 4460 418 4516 culis
475 4458 825 4515 Laudunum
892 4456 966 4512 ad
1034 4454 1321 4526 supplicia
1371 4454 1653 4510 trahebat.
1711 4454 1974 4524 Cumque

271 4545 493 4602 crudeli
521 4544 826 4600 vexatione
856 4542 1246 4608 traherentur,
1280 4549 1420 4597 tunc
1451 4542 1543 4596 illa
1577 4556 1588 4595 :
1615 4542 1970 4607 Innocentes,

273 4634 482 4704 inquit,
530 4632 1134 4704 injuste'opprimere,
1187 4631 1447 4700 tantique
1489 4629 1716 4687 sceleris
1757 4629 1976 4685 nescios

273 4722 456 4795 panis
481 4736 549 4777 ac
575 4720 873 4792 suppliciis
902 4719 1078 4775 nolite
1122 4732 1355 4774 vexare.
1397 4719 1518 4789 Ego
1567 4717 1746 4788 hujus
1772 4718 1974 4773 crimi-

272 4813 362 4869 nis
406 4810 652 4877 conscia,
685 4824 790 4880 ego
819 4808 931 4863 viri
982 4807 1356 4875 interfectrix,
1411 4814 1466 4862 et
1490 4807 1611 4863 sola
1640 4820 1754 4863 rea.
1789 4807 1855 4862 In
1885 4820 1975 4862 me

270 4898 529 4957 omnium
592 4898 845 4968 pondera
905 4904 1342 4961 tormentorum,
1400 4895 1457 4950 in
1489 4909 1578 4951 me
1632 4894 1805 4950 totius
1834 4893 1974 4950 ultio

272 4987 574 5061 sanguinis
619 4992 1020 5054 convertatur;
1051 4984 1141 5040 isti
1182 4983 1339 5040 velut
1394 4983 1771 5053 inculpabiles
1820 4982 1974 5038 rela-

276 5083 506 5132 xentur.
557 5076 679 5139 Quo
731 5073 823 5128 ille
868 5072 1084 5135 audito.
1130 5070 1379 5128 dimissis
1430 5071 1562 5137 illis,
1614 5070 1868 5138 noxiam,
1919 5078 1975 5126 et

274 5178 369 5221 ore
404 5163 633 5234 proprio
662 5161 1000 5229 confessam,
1034 5160 1144 5216 sub
1170 5167 1330 5215 arcta
1387 5159 1647 5216 custodia
1676 5158 1975 5228 mancipa-

275 5260 392 5309 tam
434 5251 697 5322 episcopo
726 5249 1115 5321 prasentavit.
1156 5248 1439 5319 Cumque,
1487 5247 1636 5305 clero
1678 5254 1733 5302 et
1762 5247 1975 5317 populo

277 5348 575 5412 prasente,
654 5338 866 5394 diversi
926 5338 1182 5394 diversas
1242 5343 1567 5406 promerent
1646 5337 1972 5403 sententias,

278 5443 433 5485 unus
462 5429 609 5483 inter
656 5426 892 5482 clericos
936 5424 1155 5481 exstitit
1194 5424 1296 5493 qui
1338 5424 1655 5480 vocabatur
1703 5424 1977 5495 magister

275 5516 602 5585 Quintinus,
669 5516 811 5570 bene
860 5514 1091 5583 quidem
1140 5512 1344 5567 litteris
1398 5512 1662 5568 eruditus
1705 5512 1800 5567 sed
1860 5527 1975 5568 non

277 5606 420 5662 bene
450 5602 521 5659 de
550 5603 672 5673 lege
702 5602 900 5658 divina
933 5600 1267 5657 medullitus
1310 5598 1646 5667 instructus,
1692 5614 1797 5655 nec
1826 5599 1978 5656 inte-

2082 4455 2331 4511 deretur.
2381 4456 2682 4523 Egressam
2733 4468 2931 4510 omnes
2980 4453 3365 4520 circumdant,
3403 4456 3462 4508 et
3504 4458 3617 4506 tam
3650 4465 3780 4506 cor-

2082 4558 2218 4613 pore
2244 4556 2420 4613 quam
2475 4541 2699 4611 capillis
2738 4557 2806 4598 ac
2846 4551 3002 4599 veste
3045 4556 3280 4612 prorsus
3316 4541 3551 4596 illasam
3591 4539 3780 4594 admi-

2081 4639 2311 4697 rantur,
2360 4630 2557 4700 sicque
2602 4644 2735 4686 cum
2787 4629 2998 4700 gaudio
3040 4628 3261 4684 Sancta
3289 4627 3484 4683 Maria
3514 4633 3782 4695 repetunt

2081 4717 2400 4786 ecclesiam,
2455 4730 2701 4787 eamque
2746 4718 2873 4782 Deo,
2923 4724 2979 4772 et
3028 4715 3136 4785 pia
3179 4715 3346 4771 Matri
3400 4715 3527 4784 ejus
3565 4711 3782 4783 gratias

2083 4804 2388 4862 referentes
2415 4820 2599 4876 usque
2625 4806 2697 4860 ad
2730 4805 2920 4875 majus
2957 4804 3138 4860 altare
3167 4803 3482 4858 deducunt.
3524 4803 3671 4865 Quot
3704 4800 3781 4855 ibi

2080 4894 2349 4963 lacryma
2389 4907 2506 4963 pra
2554 4893 2733 4948 nimia
2763 4898 2910 4947 567
2975 4890 3358 4948 exsultatione
3389 4889 3460 4944 ab
3492 4887 3783 4944 universis

2081 4981 2277 5038 effusa
2321 4981 2553 5049 fuerint,
2609 4988 2866 5052 quotque
2904 4980 3103 5036 laudes
3151 4979 3256 5049 pia
3316 4978 3568 5033 Domina
3612 4976 3782 5030 matri

2082 5070 2396 5126 decantata
2419 5067 2614 5125 nullus
2646 5068 2810 5124 facile
2840 5068 2992 5125 valet
3021 5068 3252 5125 referre.

2156 5157 2431 5214 Posthac
2464 5157 2861 5213 vicedominus
2893 5156 3190 5213 mulierem
3218 5154 3287 5210 ad
3344 5154 3579 5210 domum
3614 5166 3781 5208 suam

2083 5246 2259 5313 ducit,
2300 5246 2545 5316 ciboque
2574 5259 2641 5301 ac
2689 5254 2828 5315 potu
2856 5245 3082 5315 copiose
3108 5243 3319 5309 refecit,
3351 5256 3522 5298 orans
3561 5247 3624 5296 ut
3676 5240 3783 5294 sibi

2084 5335 2399 5405 indulgeat,
2474 5335 2627 5405 quod
2676 5334 2737 5390 in
2797 5348 2924 5390 eam
2964 5333 3270 5389 crudeliter
3309 5329 3591 5388 savierat.
3648 5328 3786 5384 Inde

2084 5423 2293 5479 mulier
2321 5422 2617 5479 Civiacum
2648 5423 2717 5477 ad
2748 5422 3039 5492 propriam
3070 5422 3304 5478 domum
3366 5431 3617 5480 reversa,
3660 5423 3785 5486 post

2082 5511 2363 5577 triduum,
2396 5511 2542 5566 sicut
2572 5510 2879 5575 credimus,
2925 5509 3125 5565 divina
3155 5506 3545 5565 misericordia
3582 5512 3787 5560 vocata

2083 5600 2349 5671 spiritum
2387 5599 2654 5667 reddidit,
2680 5606 2735 5656 et
2779 5600 2849 5655 de
2876 5599 3070 5656 labore
3091 5598 3165 5655 ad
3209 5598 3468 5669 requiem
3511 5594 3786 5651 transmi-
