3946 6400
219 368 346 422 1011

1167 367 1462 423 ΑΡΡΕΝΟ.
1502 366 1598 421 ΑΒ
1638 365 1768 421 LIB.
1810 365 1885 421 Ill
1921 365 2255 422 GUIBERTI
2292 367 2387 424 DE
2427 367 2590 424 VlTA
2629 367 2792 426 SUA.

3591 373 3745 428 1012

214 501 424 574 gravit,
476 502 716 560 forsitan
769 525 791 553 ι
843 502 926 559 Ne
972 501 1191 558 malitia
1241 509 1494 559 mutaret
1554 501 1906 558 intellectum
1943 501 2168 558 Aditus
2221 509 2327 569 est,
2379 516 2512 559 cum
2559 503 2687 560 aliis
2745 503 3098 573 custodibus,
3140 506 3418 576 quoniam
3479 507 3743 578 antiqua

215 589 390 658 illius,
440 598 542 648 aut
592 605 664 648 ne
723 591 870 648 fictio
920 591 1202 662 deciperet
1259 591 1520 647 animum
1570 591 1698 660 ejus
1745 591 1906 662 (Sap.

215 693 293 745 1v,
324 679 496 749 11).»
553 679 658 736 Cui
699 687 915 736 tantam
971 679 1420 736 misericordiam
1475 678 1741 748 precibus
1789 691 1910 734 sua

214 767 412 823 Matris
439 767 779 837 prastiterat
809 767 1170 837 omnipotens
1189 767 1358 834 Deus,
1393 775 1683 838 quatenus
1713 781 1911 824 omnes

214 852 320 924 qui
351 852 458 908 hoc
487 853 774 921 audirent,
798 853 1052 910 dicerent
1090 862 1214 923 post
1250 867 1446 910 veram
1494 852 1909 909 confessionem

216 941 275 995 in
324 940 546 996 auxilio
604 949 816 997 sancta
862 941 1057 998 Maria
1094 956 1248 1012 spem
1319 956 1485 998 suam
1561 943 1911 998 confidenter

217 1042 458 1098 ponere;
481 1036 536 1085 et
561 1029 630 1084 de
660 1029 1046 1084 misericordia
1074 1031 1200 1100 ejus
1225 1045 1529 1101 nunquam
1561 1030 1907 1100 desperaret.

217 1115 335 1171 Hoc
377 1116 724 1172 miraculum
779 1125 1029 1188 tempore
1075 1118 1270 1174 domni
1307 1119 1613 1174 Helinandi
1660 1119 1910 1189 episcopi

217 1213 440 1274 gestum
472 1203 741 1260 Lauduni
785 1219 901 1260 non
951 1220 1125 1273 unus,
1180 1215 1282 1263 aut
1323 1208 1458 1270 duo,
1493 1207 1580 1262 vel
1613 1214 1726 1263 tres
1753 1207 1912 1263 vide-

216 1301 374 1360 runt,
416 1293 512 1348 sed
547 1285 674 1348 tota
712 1307 856 1363 pene
896 1293 1300 1350 Laudunensis
1357 1295 1560 1351 civitas
1588 1296 1906 1366 conspexit.

288 1380 604 1437 Helinando
640 1380 906 1452 episcopo
951 1383 1223 1440 successit
1266 1383 1670 1454 Ingelrannus,
1723 1383 1908 1455 Ingel-

213 1482 398 1524 ranno
451 1468 810 1531 Gualdricus.
869 1470 971 1540 qui
1039 1471 1349 1527 creduliter
1399 1471 1506 1528 fuit
1559 1471 1909 1540 interfectus,

212 1555 514 1612 Gualdrico
565 1559 750 1626 Hugo,
804 1557 1034 1628 Hugoni
1090 1559 1566 1626 Bartbolomaus,
1631 1560 1688 1614 in
1743 1561 1914 1630 cujus

213 1645 417 1701 diebus
445 1645 746 1713 miracula,
779 1661 910 1716 qua
928 1647 1200 1718 superius
1227 1649 1508 1718 descripta
1535 1657 1690 1716 sunt,
1717 1656 1915 1704 sancta

219 1731 394 1787 Maria
442 1747 542 1802 per
593 1733 895 1788 Franciam
937 1741 992 1790 et
1036 1735 1303 1806 Angliam
1345 1743 1580 1805 operata
1625 1743 1728 1790 est.
1769 1735 1915 1802 Quia

2014 590 2370 646 consuetudo
2401 599 2485 646 est
2526 590 2787 662 ejusdem
2829 591 3084 649 ecclesia
3143 600 3206 649 ut
3271 602 3485 664 septem
3538 603 3743 651 custo-

2012 678 2184 734 dibus
2215 679 2332 748 ipse
2367 679 2674 736 thesaurus
2717 681 3132 747 committatur,
3185 696 3437 752 quorum
3467 691 3739 753 quatuor

2013 766 2226 833 clerici,
2261 775 2374 822 tres
2413 782 2547 824 vero
2580 777 2716 822 szmt
2752 767 2901 824 laici.
2938 768 3151 824 Videns
3184 769 3379 840 itaque
3417 771 3737 828 Anselmus

2017 854 2264 909 multum
2307 855 2415 910 sibi
2447 856 2518 910 ab
2549 856 2742 910 Olll.ll.t
2773 871 2816 910 ις
2862 855 3016 911 credi
3047 871 3118 912 ex
3161 871 3304 914 auro
3343 865 3398 914 et
3433 858 3735 929 lapidibus

2017 942 2300 1012 pretiosis,
2359 943 2574 1012 quibus
2611 957 2809 999 cruces
2849 943 3004 998 festis
3051 944 3254 1000 diebus
3301 960 3476 1016 super
3541 947 3735 1004 altare

2019 1031 2293 1100 ponenda
2314 1031 2791 1100 fuerantoperta,
2827 1046 2940 1087 non
2970 1033 3243 1103 exiguam
3277 1042 3492 1103 partem
3519 1032 3730 1088 furtim

2016 1119 2343 1189 discerpens
2381 1119 2607 1176 aurifici
2647 1120 2878 1176 cuidam
2931 1120 3210 1176 vendendi
3245 1135 3422 1177 causa
3468 1121 3728 1188 tradidit,

2017 1209 2179 1277 prius
2225 1207 2298 1264 ab
2355 1222 2420 1263 eo
2473 1216 2706 1278 accepta
2761 1208 2889 1264 fidei
2946 1211 3252 1278 sponsione
3300 1209 3454 1279 quod
3487 1209 3628 1265 nulli
3664 1223 3733 1264 se

2019 1296 2196 1366 hujus
2229 1297 2310 1351 rei
2345 1297 2518 1352 fuisse
2547 1304 2838 1353 auctorem
2887 1297 3233 1367 propalaret.
3267 1297 3373 1353 Sed
3405 1312 3534 1353 cum
3571 1297 3731 1353 idem

2017 1382 2243 1438 aurifex
2277 1396 2491 1439 aurum
2525 1383 2667 1439 illud
2691 1383 2812 1440 sive
2840 1384 3056 1454 lapides
3079 1384 3400 1440 Suessionis
3429 1385 3726 1452 venderet,

2021 1480 2168 1526 nutu
2199 1471 2294 1525 Dei
2347 1470 2611 1526 canonici
2644 1471 3053 1528 Laudunenses
3081 1475 3551 1542 supervenientes
3591 1473 3729 1529 auri

2018 1557 2344 1628 sculpturas
2422 1569 2900 1630 recognoverunt,
2965 1569 3020 1616 et
3085 1564 3276 1617 statim
3361 1561 3729 1632 querimonia

2020 1647 2169 1703 facta
2211 1647 2508 1717 praefatum
2555 1648 2851 1704 aurificem
2889 1663 2923 1704 a
2951 1649 3144 1720 judice
3203 1649 3606 1720 comprehendi
3639 1651 3732 1706 fe-

2020 1732 2244 1782 cerunt.
2294 1725 2395 1781 Ille
2459 1726 2929 1796 comprehensus,
2995 1738 3169 1798 atque
3227 1728 3582 1798 perterritus,
3646 1729 3726 1784 ab

212 1834 353 1876 vero
401 1821 646 1876 relatum
695 1828 782 1877 est
826 1803 1172 1878 miraculum
1217 1803 1674 1892 quod‘tempore
1712 1823 1912 1878 domui
1950 1803 1992 1857 Β
2023 1813 2288 1869 Anselmo
2317 1813 2424 1870 sibi
2463 1827 2528 1870 ea
2579 1813 2789 1870 tradita
2840 1815 3016 1872 fuisse
3065 1816 3358 1872 confessus
3413 1823 3512 1872 est.
3563 1817 3726 1874 Unde

215 1908 518 1964 Helinandi
563 1917 763 1965 sancta
807 1910 987 1965 Maria
1034 1909 1641 1981 misericorditerlfecit
1689 1910 1748 1965 in
1776 1925 1913 1967 mu-

210 1995 369 2064 liere,
416 2012 548 2067 qua
595 1998 934 2068 suppliciter
991 2012 1118 2054 eam
1157 1999 1466 2067 invocavit,
1537 2013 1694 2054 nunc
1739 1999 1911 2054 etiam

213 2084 500 2140 referatur
552 2085 836 2141 mirabilis
886 2086 1160 2152 vindicta,
1209 2099 1388 2156 quam
1434 2088 1694 2142 exercuit
1739 2100 1914 2156 super

211 2173 522 2242 quemdam
563 2174 771 2236 furem.
837 2173 939 2244 qui
990 2187 1231 2230 manum
1286 2175 1357 2230 ad
1395 2175 1522 2246 ejus
1574 2175 1912 2230 thesaurum

207 2259 513 2316 extendere
546 2261 930 2331 praesumpsit.

493 2349 626 2405 CAP.
652 2349 914 2406 XXVIII.
949 2378 1018 2390 —
1043 2350 1127 2404 De
1135 2349 1310 2418 furto
1339 2349 1624 2404 Anselmi.

284 2433 565 2491 Prafatus
624 2435 872 2491 domnus
919 2435 1373 2492 Bartholomaus
1432 2423 1752 2506 episcopus,
1796 2450 1911 2490 non

216 2522 398 2578 multo
471 2530 595 2592 post
657 2523 1145 2579 consecrationem
1191 2537 1355 2579 suam
1414 2523 1558 2578 vidit
1597 2525 1653 2578 in
1702 2525 1916 2579 somnis

213 2609 370 2678 quod
399 2616 576 2665 staret
603 2623 775 2679 super
800 2609 1088 2680 pulpitum
1111 2610 1168 2665 in
1192 2611 1396 2680 majori
1424 2612 1661 2666 ecclesia
1691 2611 1910 2667 Sancta

213 2697 410 2754 Maria
440 2712 571 2753 cum
605 2697 957 2768 quibusdam
1009 2699 1230 2754 clericis
1273 2697 1410 2766 suis,
1457 2714 1732 2770 versaque
1772 2699 1912 2755 facie

213 2786 287 2841 ad
333 2786 547 2856 januas
599 2787 909 2856 aspiciebat
969 2787 1028 2842 in
1089 2787 1272 2843 medio
1316 2788 1584 2856 ecclesia,
1633 2788 1800 2857 quasi
1838 2801 1912 2843 ex

215 2874 470 2944 quodam
500 2881 666 2930 terra
690 2875 854 2931 hiatu
901 2874 1097 2931 lumen
1133 2874 1660 2945 splendidissimum
1709 2890 1910 2946 proce—

215 2963 369 3029 dere,
421 2970 714 3034 totamque
765 2964 1082 3029 ecclesiam,
1151 2964 1289 3034 quia
1329 2977 1443 3019 nox
1492 2971 1634 3032 erat,
1681 2963 1911 3020 mirabi-

215 3049 661 3106 literirradiare.
712 3051 840 3106 Post
879 3052 1073 3107 lumen
1118 3053 1289 3108 etiam
1350 3053 1812 3122 subsequebatur
1838 3067 1910 3108 ex

214 3137 413 3194 eodem
441 3147 606 3194 terra
636 3138 818 3206 hiatu,
867 3139 1027 3196 velut
1051 3139 1192 3196 odor
1221 3139 1462 3195 balsami
1511 3140 1911 3207 suavissimus,

218 3241 334 3296 quo
367 3235 482 3282 tam
515 3226 652 3297 ipse,
686 3241 863 3298 quam
907 3229 1348 3285 circumstantes
1402 3229 1812 3286 incredibiliter
1863 3234 1919 3286 et

218 3313 558 3371 mirabiliter
588 3315 1018 3372 recreabantur.
1043 3319 1185 3372 Cum
1219 3329 1354 3372 vero
1379 3317 1683 3386 episcopus
1721 3330 1917 3372 secum

223 3402 430 3480 positos
469 3403 817 3469 hortaretur,
849 3405 920 3460 ad
955 3405 1223 3460 eumdem
1265 3414 1430 3460 terra
1487 3405 1712 3460 hiatum
1758 3418 1917 3460 acce-

221 3491 376 3558 dere,
435 3491 677 3562 etquid
723 3499 871 3548 esset
936 3492 1236 3561 inspicere,
1298 3493 1394 3548 sed
1457 3492 1656 3548 nullus
1718 3507 1920 3548 eorum

221 3591 396 3646 super
425 3577 532 3632 hoc
558 3579 609 3633 ei
640 3577 810 3634 vellet
837 3579 1254 3648 obtemperare,
1279 3579 1395 3650 ipse
1425 3579 1582 3636 solus
1617 3581 1725 3636 sibi
1767 3581 1920 3636 vide-

224 3663 398 3720 batur
448 3665 519 3720 de
581 3665 800 3734 pulpito
847 3666 1206 3732 descendere,
1257 3675 1434 3738 atque
1483 3667 1621 3723 illuc
1669 3668 1917 3724 tendere.

225 3751 332 3807 Sed
391 3765 526 3808 cum
567 3753 690 3824 jam
737 3767 911 3823 prope
949 3762 1111 3821 esset,
1154 3755 1301 3810 sicut
1328 3755 1504 3824 Moysi
1534 3756 1826 3825 quondam
1850 3756 1922 3812 ad

227 3839 444 3895 rubum
474 3839 888 3910 inspiciendum
940 3842 1267 3911 properanti
1301 3843 1525 3898 dixerat
1556 3844 1745 3899 Deus:
1783 3863 1812 3895 α
1843 3845 1923 3900 Ne

227 3927 656 3998 appropinques
730 3927 864 3996 huc,
923 3929 1085 3984 locus
1131 3929 1286 3985 enim
1336 3931 1392 3985 in
1453 3945 1572 4001 quo
1611 3939 1726 3987 stas
1775 3940 1925 3988 terra

231 4020 553 4086 sanctajest
579 4016 788 4085 (Exod.
840 4032 929 4084 ιιι,
957 4018 1034 4086 5).
1073 4038 1093 4065 ι
1127 4018 1213 4074 Ita
1252 4027 1306 4074 et
1335 4020 1638 4089 episcopus
1663 4020 1735 4076 de
1786 4025 1925 4078 inte-

229 4104 477 4160 rioribus
509 4105 781 4161 audiebat
810 4119 1006 4160 vocem
1055 4106 1162 4161 sibi
1194 4105 1510 4162 dicentem:
1548 4108 1669 4163 Non
1727 4107 1926 4180 ingre-

227 4192 407 4248 diaris
435 4193 570 4260 huc,
612 4193 890 4263 quoniam
937 4194 1090 4250 Deus
1134 4195 1498 4264 omnipotens
1529 4195 1725 4266 inipsa
1752 4212 1926 4254 carne

229 4294 338 4336 sua
363 4287 418 4335 et
445 4279 674 4336 ossibus
723 4279 816 4336 hic
847 4294 1099 4350 prasens
1126 4286 1232 4348 est,
1271 4291 1326 4338 et
1357 4283 1574 4351 nullus,
1609 4285 1711 4355 qui
1742 4287 1924 4343 Deum

2019 1901 2370 1957 Laudunum
2420 1901 2712 1969 reductus,
2759 1910 2814 1958 et
2853 1913 3052 1958 contra
3101 1903 3440 1960 Anselmum
3484 1903 3603 1960 hac
3633 1918 3708 1960 ne

2020 1997 2272 2060 gantem,
2302 1989 2477 2046 duelli
2507 1992 2820 2046 certamine
2857 2006 3218 2062 congressus,
3250 1991 3513 2062 protinus
3541 2006 3724 2061 supe-

2021 2085 2182 2133 ratus
2210 2085 2264 2133 et
2305 2078 2492 2134 victus
2535 2085 2634 2145 est,
2671 2079 2906 2135 forsitan
2940 2088 3002 2136 ut
3053 2079 3216 2136 multi
3263 2087 3560 2149 putarunt,
3617 2091 3725 2150 pro

2022 2164 2152 2221 fidei
2201 2166 2426 2223 violata
2466 2175 2629 2223 reatu
2657 2169 2789 2236 (60),
2840 2181 2960 2236 qua
3006 2168 3343 2237 promiserat
3387 2167 3570 2222 eidem
3596 2166 3720 2222 An-

2018 2254 2196 2310 selmo
2226 2256 2382 2325 quod
2410 2270 2543 2312 eum
2573 2271 2686 2312 non
2717 2256 3020 2323 detegeret.

2091 2341 2199 2397 Pro
2230 2341 2336 2398 hac
2361 2357 2498 2413 ergo
2529 2343 2766 2398 victoria
2814 2342 3120 2398 Anselmus
3149 2342 3318 2398 nimis
3338 2343 3540 2409 elatus,
3580 2342 3726 2412 quia

2020 2429 2130 2486 sibi
2160 2431 2427 2486 conscius
2473 2437 2616 2497 erat,
2679 2437 2734 2486 et
2785 2445 2845 2487 se
2890 2431 3110 2487 furtum
3165 2430 3378 2498 fecisse,
3425 2440 3481 2486 et
3527 2439 3722 2487 tamen

2020 2517 2421 2574 adversarium
2465 2532 2786 2596 superasse,
2821 2519 3183 2589 multamque
3231 2519 3460 2575 laudem
3503 2519 3577 2575 ab
3609 2519 3723 2574 ho-

2021 2605 2292 2673 minibus,
2327 2608 2428 2676 qui
2459 2621 2517 2662 se
2567 2606 2924 2663 innocentem
2969 2621 3092 2662 esse
3135 2607 3481 2674 clamabant,
3523 2608 3722 2677 acqui-

2019 2694 2174 2760 sisse,
2205 2695 2276 2750 ad
2304 2695 2522 2764 majora
2554 2697 2816 2751 securius
2871 2695 3152 2766 patranda
3200 2705 3561 2765 provocatur,
3600 2695 3723 2766 plu-

2019 2781 2297 2852 rimisque
2356 2783 2521 2838 terris
2576 2796 2644 2838 ac
2699 2783 2883 2838 vineis
2933 2783 3169 2839 ditatur.
3220 2785 3480 2839 Domnus
3528 2792 3723 2840 tamen

2019 2868 2224 2937 Guido,
2266 2871 2365 2940 qui
2409 2871 2808 2927 Laudunensis
2831 2871 3083 2927 ecclesia
3116 2872 3512 2928 thesaurarius
3545 2872 3720 2928 simul

2018 2965 2072 3012 et
2133 2958 2579 3015 archidiaconus
2630 2967 2774 3024 erat,
2815 2960 3143 3029 suspicione
3198 2959 3450 3030 quadam
3520 2968 3724 3016 contra

2017 3060 2152 3102 eum
2205 3047 2486 3116 pulsatus,
2553 3047 2669 3103 imo
2719 3047 3005 3104 furtorum
3053 3049 3180 3120 ejus
3222 3057 3430 3116 certus,
3479 3048 3726 3104 removit

2024 3147 2156 3189 eum
2184 3134 2257 3190 ab
2286 3133 2471 3190 officio
2501 3149 2625 3202 suo,
2659 3135 2715 3191 id
2747 3143 2830 3191 est
2859 3149 2894 3190 a
2922 3137 3181 3192 custodia
3212 3137 3484 3192 thesauri.
3513 3136 3723 3204 Quam-

2025 3222 2220 3278 obrem
2297 3223 2604 3279 Anselmus
2680 3223 2860 3279 nimia
2920 3233 3240 3280 commotus
3308 3226 3413 3288 ira,
3460 3233 3515 3280 et
3575 3239 3722 3294 pene

2028 3309 2339 3379 insaniens,
2383 3311 2570 3368 locum
2598 3319 2653 3368 et
2674 3319 2900 3383 tempus
2938 3327 2998 3368 se
3025 3313 3094 3368 de
3118 3327 3183 3368 eo
3213 3312 3543 3368 vindicandi
3571 3327 3723 3383 qua-

2029 3397 2208 3454 rebat.

2098 3489 2241 3540 556
2292 3486 2512 3542 Accidit
2572 3488 2792 3544 interea
2857 3495 2921 3544 ut
2997 3487 3172 3544 Sibila
3214 3487 3520 3555 comitissa,
3569 3501 3724 3543 uxor

2029 3575 2358 3644 Ingelranni
2401 3575 2742 3632 nobilissimi
2791 3575 3063 3646 principis
3107 3577 3178 3632 de
3225 3577 3366 3633 Fera
3397 3575 3612 3647 (vulgo,
3656 3575 3722 3630 la

2029 3660 2218 3731 Fere),
2278 3663 2447 3732 plura
2499 3678 2639 3720 vasa
2697 3679 2874 3721 aurea
2924 3672 2979 3721 et
3035 3673 3304 3736 argentea
3345 3665 3404 3720 in
3459 3665 3726 3721 thesauro

2032 3750 2253 3807 Sancta
2322 3750 2515 3808 Maria
2585 3759 2902 3822 reponeret,
2961 3761 3189 3822 propter
3247 3752 3349 3807 loci
3401 3751 3725 3808 firmitatem

2032 3839 2294 3896 securius
2336 3839 2637 3895 servanda.
2691 3841 2825 3896 Inde
2883 3855 3020 3911 ergo
3080 3841 3386 3896 Anselmus
3431 3839 3726 3896 occasione

2033 3936 2283 4000 sumpta,
2315 3929 2584 4000 cogitavit
2609 3929 2806 3984 eadem
2845 3943 2987 3986 vasa
3033 3929 3236 3997 furari,
3283 3938 3574 4000 quatenus
3629 3927 3728 3984 sci-

2034 4016 2162 4072 licet
2208 4015 2494 4072 comitissa
2537 4016 2840 4086 prafatum
2877 4015 3218 4083 Guidonem,
3267 4017 3374 4073 sub
3420 4018 3591 4087 cujus
3635 4031 3728 4072 cu-

2034 4105 2216 4161 stodia
2236 4104 2546 4161 thesaurus
2575 4105 2936 4173 servabatur,
2976 4105 3046 4161 de
3082 4105 3176 4160 tali
3219 4105 3372 4162 furto
3404 4105 3721 4172 infamaret,

2034 4206 2289 4263 vasaque
2319 4206 2426 4248 sua
2468 4193 2542 4248 ah
2582 4206 2648 4248 eo
2689 4201 2986 4263 repeteret.
3017 4193 3190 4250 Nocte
3245 4194 3422 4266 igitur
3473 4193 3723 4264 quadam

2033 4281 2185 4336 circa
2221 4280 2599 4350 Epiphaniam
2636 4282 2860 4338 Domini
2890 4289 3049 4338 tanta
3076 4283 3163 4338 vis
3185 4282 3485 4352 grandinis
3518 4290 3573 4338 et
3604 4282 3724 4351 plu-

229 4367 422 4424 videat
451 4368 838 4437 corporaliter,
890 4370 992 4426 diu
1030 4373 1221 4428 vivere
1267 4382 1467 4442 potest.
1518 4376 1643 4444 Ipsa
1693 4389 1928 4445 quoque
1969 4367 2143 4425 Dvia
2172 4377 2348 4439 atque
2376 4378 2682 4426 ventorum
2726 4369 3016 4426 inhorruit
3060 4378 3125 4426 ut
3170 4371 3240 4426 de
3279 4372 3446 4426 domo
3489 4383 3596 4426 sua
3625 4371 3724 4424 vix

231 4463 430 4511 sancta
463 4457 638 4512 Maria
685 4465 867 4514 mater
913 4458 1040 4529 ejus
1086 4459 1180 4516 hic
1227 4475 1478 4530 prasens
1517 4471 1601 4518 est
1625 4478 1756 4519 cum
1790 4465 1925 4532 Deo,

229 4552 283 4600 et
316 4543 552 4600 mandat
581 4545 680 4602 tibi
709 4547 864 4616 quod
893 4547 1038 4603 latro
1065 4563 1209 4606 suus
1234 4550 1521 4620 capiatur,
1557 4552 1927 4623 pracipitque

231 4631 335 4686 tibi
384 4639 448 4688 ut
501 4647 614 4688 non
659 4648 792 4691 eum
835 4635 994 4692 abire
1051 4637 1367 4706 permittas,
1399 4639 1496 4694 sed
1533 4639 1819 4709 justitiam
1856 4641 1926 4696 de

229 4735 294 4776 eo
345 4720 539 4777 facias.
598 4722 904 4779 Confestim
960 4724 1262 4795 episcopus
1303 4726 1619 4797 evigilavit,
1674 4735 1728 4782 et
1784 4728 1925 4798 quid

228 4809 336 4865 sibi
403 4809 738 4883 hujusmodi
809 4811 954 4867 visio
1029 4811 1314 4882 innueret,
1381 4814 1669 4870 multoties
1730 4830 1924 4872 secum

229 4898 567 4954 admirando
597 4899 805 4956 tacitus
832 4899 1178 4956 revolvebat.

300 4984 440 5040 Erat
483 4993 624 5042 tunc
660 4987 934 5056 temporis
979 4987 1038 5042 in
1068 4987 1216 5044 urbe
1265 4988 1634 5046 Laudunensi
1685 4991 1924 5060 quidam

228 5073 556 5141 Anselmus,
602 5082 978 5145 cognomento
1034 5075 1292 5143 Beessus,
1361 5077 1462 5148 qui
1507 5092 1566 5134 se
1599 5078 1926 5134 simulando

228 5159 562 5231 religiosum
614 5167 728 5217 non
785 5175 992 5231 parum
1050 5164 1123 5220 ab
1169 5165 1440 5222 omnibus
1493 5165 1843 5222 laudabatur
1869 5175 1926 5222 et

229 5247 642 5313 honorabatur,
685 5249 801 5316 sed,
836 5257 898 5304 ut
921 5264 994 5304 ex
1026 5252 1138 5308 fine
1180 5253 1388 5322 patuit,
1419 5252 1587 5324 longe
1615 5253 1772 5309 aliud
1801 5262 1925 5310 erat

229 5336 287 5390 in
311 5335 480 5390 corde
508 5349 686 5406 quam
713 5335 974 5392 homines
995 5339 1252 5396 viderent
1281 5341 1338 5395 in
1386 5341 1545 5396 facie.
1596 5342 1742 5397 Huic
1785 5355 1924 5412 ergo

227 5437 327 5492 pro
357 5423 630 5494 religione
667 5437 775 5481 sua
805 5425 1114 5482 thesaurus
1155 5429 1404 5484 ecclesia
1459 5429 1783 5485 servandus
1812 5438 1925 5486 tra-

2038 4457 2248 4528 aliquis
2276 4465 2462 4528 posset
2509 4458 2724 4528 egredi.
2783 4459 2945 4514 Illam
2988 4468 3210 4514 noctem
3240 4467 3402 4515 ratus
3423 4459 3724 4514 Anselmus

2031 4555 2413 4616 opportunam
2470 4547 2588 4602 fore
2632 4546 2929 4617 explenda
2959 4548 3233 4617 nequitia
3262 4547 3363 4603 diu
3421 4547 3718 4613 meditata,

2034 4635 2257 4691 cunctis
2320 4635 2531 4692 scilicet
2580 4637 2731 4691 intra
2773 4636 2972 4692 domos
3021 4636 3254 4703 clausis,
3325 4650 3428 4692 nec
3474 4635 3719 4706 aliquem

2033 4726 2284 4780 sonitum
2309 4723 2416 4780 nisi
2447 4724 2626 4780 solius
2647 4725 2797 4780 venti
2825 4724 3027 4780 audire
3051 4723 3393 4791 valentibus,
3421 4723 3725 4792 assumptis

2032 4812 2290 4870 celeriter
2317 4812 2485 4868 scalis
2513 4822 2568 4869 et
2599 4813 2899 4880 machinis,
2941 4813 3062 4883 jam
3115 4813 3284 4884 longe
3313 4812 3475 4882 prius
3508 4825 3721 4882 prapa-

2032 4903 2192 4970 ratis,
2217 4909 2432 4957 turrem
2464 4901 2524 4956 in
2554 4915 2673 4972 qua
2695 4901 3004 4958 thesaurus
3054 4901 3267 4970 positus
3297 4909 3420 4958 erat
3450 4901 3723 4960 ivelociter

2031 4987 2379 5056 conscendit,
2417 4995 2472 5044 et
2519 4996 2641 5044 arte
2682 4989 2890 5044 callida
2942 4988 3296 5058 perforatum
3356 4989 3565 5045 ostium
3636 4987 3718 5044 in-

2033 5077 2310 5149 greditur,
2351 5077 2548 5133 omnia
2599 5076 2837 5146 prafata
2913 5090 3052 5132 vasa
3108 5078 3410 5134 comitissa
3457 5091 3634 5133 aurea
3668 5085 3723 5132 et

2033 5173 2306 5236 argentea
2361 5165 2606 5221 furatur.
2655 5165 2907 5220 Cernens
2945 5172 3136 5220 autem
3168 5179 3400 5220 saccum
3447 5179 3617 5220 suum
3664 5165 3720 5220 in

2032 5267 2149 5324 quo
2194 5267 2263 5309 ea
2309 5259 2594 5322 posuerat,
2637 5253 2883 5309 necdum
2931 5253 3051 5310 fore
3106 5254 3364 5322 plenum,
3415 5253 3724 5323 nolensque

2035 5341 2197 5396 illum
2245 5355 2318 5396 ex
2377 5341 2576 5410 aliqua
2639 5350 2799 5410 parte
2868 5353 3164 5398 remanere
3235 5355 3506 5408 vacuum,
3557 5343 3722 5399 mittit

2032 5442 2272 5484 manum
2329 5431 2400 5484 ad
2461 5429 2714 5486 ecclesia
2767 5430 3124 5487 thesaurum.
3174 5431 3387 5487 Textus
3452 5431 3728 5500 pretiosos

297 5581 411 5648 (60)
467 5580 730 5638 Violatur
786 5579 1028 5638 minime
1067 5583 1207 5639 fides
1253 5583 1393 5640 dum
1440 5584 1700 5640 criminis
1739 5585 1929 5642 socius
1966 5583 2276 5641 revelatur.
