3946 6400
129 381 268 433 1013

912 377 1278 433 HERMANNI
1319 378 1410 433 DE
1450 376 1689 432 MIRAC.
1731 377 1788 433 S.
1831 376 2073 431 MARl/E
2111 373 2420 430 LAUDUN.
2464 404 2532 413 —
2579 373 2708 428 LIB.
2758 374 2857 427 ΙΙΙ.

3511 369 3643 424 1014

122 521 278 562 auro
303 514 358 562 et
395 508 637 578 gemmis
667 515 895 577 opertos
940 507 1272 578 confringit,
1315 514 1369 562 et
1394 506 1569 562 libros
1596 506 1829 576 quidem
1867 509 1915 561 A
1939 504 2149 560 mutari
2177 503 2499 573 episcopus,
2531 516 2838 573 nunquam
2869 500 3020 558 enim
3053 501 3143 557 vel
3174 507 3363 568 antea,
3397 499 3486 556 vel
3517 508 3638 569 post

121 596 394 666 reliquit;
445 609 657 651 aurum
714 609 846 651 vero
876 610 1006 651 cum
1052 596 1293 664 geu‘imis
1339 609 1501 650 sacco
1553 594 1828 650 recondit.

121 684 499 740 Postmodum
563 698 764 738 cruces
811 696 1017 738 aureas
1069 691 1124 737 et
1173 683 1523 752 phylacteria
1577 682 1829 739 confrin-

122 785 286 840 gens,
324 771 471 826 inter
500 778 706 826 caetera
731 777 785 825 et
814 770 985 824 etiam
1014 783 1186 825 unam
1219 771 1544 826 columbam
1591 783 1829 825 auream

121 859 433 930 confregit,
468 874 600 928 qua
632 872 736 927 pro
773 858 916 913 lacte
944 867 998 913 et
1031 858 1252 927 capillis
1280 867 1491 914 sancta
1521 858 1736 922 Maria,
1767 865 1830 913 ut

123 945 444 1014 ferebatur,
499 947 787 1002 introrsus
834 946 1140 1002 reconditis
1171 947 1420 1002 multum
1463 955 1586 1002 erat
1614 947 1829 1001 famosa

121 1041 178 1088 et
238 1033 608 1101 honorabilis,
660 1033 815 1088 unde
859 1042 914 1089 et
965 1034 1021 1088 in
1082 1035 1397 1104 majoribus
1444 1033 1597 1088 festis
1653 1047 1830 1102 super

122 1122 257 1190 ejus
309 1122 488 1177 altare
542 1121 758 1176 solebat
817 1121 1084 1190 appendi.
1138 1121 1318 1175 Tanto
1377 1119 1556 1190 igitur
1612 1118 1830 1188 talique

122 1211 400 1265 thesauro
421 1223 654 1264 saccum
682 1208 957 1278 repletum
988 1207 1249 1263 deferens
1267 1206 1582 1273 descendit,
1613 1206 1830 1274 ipsum-

124 1313 245 1367 que
279 1312 510 1352 saccum
564 1311 679 1352 non
715 1297 774 1351 in
805 1297 972 1351 domo
1017 1308 1146 1355 sua.
1196 1294 1292 1349 sed
1325 1301 1490 1349 extra
1535 1293 1737 1349 urbem
1769 1291 1825 1346 in

124 1384 252 1440 loco
284 1393 418 1441 ante
447 1385 674 1454 proviso
703 1392 757 1439 et
791 1390 1115 1453 praparato
1141 1381 1454 1437 abscondit.

197 1472 376 1528 Nocte
417 1472 718 1528 tenebrosa
752 1471 1112 1540 pluvialique
1141 1477 1311 1524 vento
1346 1468 1662 1532 recedente,
1693 1479 1826 1521 cum

119 1559 347 1615 effracti
404 1560 528 1615 ostii
579 1567 633 1614 et
690 1557 1208 1627 direpti'thesauri
1269 1557 1436 1627 signa
1490 1554 1823 1624 patuissent,

119 1649 316 1703 subito
365 1655 480 1703 tarn
537 1647 682 1702 tristi
721 1654 927 1701 nuntio
973 1653 1088 1700 tota
1141 1644 1343 1699 civitas
1377 1642 1667 1702 turbatur,
1724 1653 1828 1693 nec

121 1737 322 1792 minus
372 1737 499 1791 laici
532 1749 710 1806 quam
755 1735 942 1790 clerici
988 1735 1440 1801 contristantur;
1473 1740 1527 1788 et
1577 1730 1827 1786 amarior

1942 593 2086 648 idem
2121 592 2375 662 pontifex
2407 591 2676 646 inventus
2705 598 2789 646 est
2823 592 3086 661 pertinax
3121 591 3178 644 in
3211 588 3409 658 aliquo
3438 586 3634 655 fuisse,

1939 683 2034 737 sed
2083 695 2306 750 semper
2357 680 2622 749 precibus
2651 687 2752 734 aut
2804 679 2969 734 dictis
3008 679 3254 733 aliorum
3286 691 3320 731 a
3348 691 3455 732 sua
3501 690 3637 731 sen-

1939 769 2115 825 tentia
2147 769 2308 823 facile
2352 767 2499 822 ﬂecti
2531 767 2845 822 consuevit.
2885 768 2949 820 ln
2982 767 3089 821 hac
3123 779 3260 820 vero
3301 764 3420 819 sola
3462 777 3638 819 causa

1938 865 2110 913 tanta
2165 857 2271 912 fuit
2329 856 2663 911 constantia
2726 859 2809 916 ut.
2859 869 2992 910 cum
3047 853 3245 908 nullus
3301 852 3633 908 Anselmum

1936 954 2258 1014 accusaret,
2326 947 2437 1000 imo
2490 959 2630 1015 pene
2686 945 2878 1000 cuncti
2932 951 3133 999 contra
3199 943 3530 1012 episcopum
3583 941 3636 996 ei

1937 1033 2215 1097 faverent,
2267 1034 2364 1088 Dei
2417 1039 2605 1087 tamen
2640 1039 2789 1087 nutu
2838 1031 2998 1086 nullo
3047 1031 3210 1085 modo
3261 1029 3334 1084 ad
3379 1043 3510 1084 eum
3543 1028 3636 1083 di-

1938 1122 2276 1176 mittendum
2312 1121 2458 1174 flecti
2495 1119 2760 1188 potuerit.

2005 1211 2148 1264 Cum
2187 1223 2323 1279 ergo
2353 1208 2561 1277 prasul
2606 1221 2738 1262 eum
2784 1205 3060 1260 custodiri
3110 1217 3294 1273 usque
3325 1203 3396 1259 ad
3443 1204 3635 1272 prati-

1934 1295 2110 1351 nitam
2163 1297 2312 1351 diem
2365 1295 2650 1351 examinis
2709 1293 2992 1364 jussisset,
3058 1293 3297 1362 quidam
3358 1292 3521 1347 miles
3577 1291 3631 1347 ei

1937 1385 2299 1440 vehementer
2351 1385 2587 1451 favens,
2663 1382 2892 1437 nomine
2947 1380 3331 1447 Guillermus,
3410 1379 3636 1450 rogavit

1933 1472 2268 1542 episcopum
2325 1480 2390 1528 ut
2439 1486 2573 1528 eum
2631 1470 2735 1525 sibi
2799 1469 3149 1526 servandum
3216 1468 3630 1534 committeret,

1934 1560 2134 1630 sicque
2163 1561 2234 1616 ad
2269 1561 2505 1616 domum
2554 1573 2720 1616 suam
2751 1572 2816 1612 eo
2854 1558 3201 1612 concedente
3228 1555 3393 1610 illum
3441 1554 3629 1609 duxit.

1937 1649 2041 1704 Ubi
2078 1649 2218 1704 dum
2259 1657 2606 1714 servaretur,
2659 1646 2912 1717 quadam
2955 1653 3118 1700 nocte
3169 1658 3269 1699 vas
3308 1643 3631 1698 maximum

1935 1751 2091 1806 aqua
2121 1736 2366 1807 impleri,
2399 1751 2576 1807 seque
2607 1737 2665 1791 in
2694 1749 2759 1791 eo
2798 1734 3042 1806 ligatum
3074 1732 3204 1788 fecit
3242 1731 3469 1802 deponi,
3503 1738 3633 1786 ten-

120 1838 240 1878 nox
270 1825 355 1879 eis
386 1824 756 1892 supervenire
786 1822 1032 1876 videtur.
1068 1823 1153 1876 Ad
1184 1822 1510 1891 episcopum
1546 1819 1820 1884 curritur,
1863 1797 1907 1852 Β
1937 1832 2056 1880 tare
2098 1797 2312 1880 scilicet
2347 1797 2539 1880 volens
2571 1831 2767 1880 utrum
2797 1797 2872 1878 inv
2888 1836 3044 1893 aqua
3077 1828 3227 1877 totus
3275 1797 3634 1891 mergeretur

121 1910 376 1981 lugubre
430 1911 642 1965 factum
704 1909 967 1965 refertur.
1035 1911 1352 1979 Episcopus
1404 1923 1575 1978 super
1627 1920 1824 1962 omnes

124 2001 303 2054 nimio
336 2013 574 2054 marore
603 2000 952 2063 concutitur,
991 1999 1264 2068 quoniam
1299 1999 1626 2064 thesaurus,
1651 2010 1823 2066 quem

122 2089 280 2144 Deus
304 2089 362 2143 in
393 2089 568 2144 totius
600 2088 776 2154 urbis,
807 2095 861 2142 et
904 2087 1083 2156 ipsius
1113 2087 1364 2142 ecclesia
1398 2085 1657 2142 incendio
1689 2092 1824 2140 ante

123 2191 342 2248 paucos
380 2191 561 2232 annos
609 2185 958 2243 servaverat,
1008 2191 1164 2231 nunc
1207 2176 1448 2232 latenter
1478 2183 1532 2231 et
1582 2174 1823 2228 misera-

125 2266 316 2320 biliter
363 2265 620 2335 perditus
652 2265 855 2320 fuerat.
893 2265 1163 2320 Protinus
1188 2279 1324 2333 ergo
1374 2262 1656 2335 generalis
1689 2276 1826 2316 con-

122 2363 335 2410 ventus
386 2353 796 2411 canonicorum
862 2361 917 2408 et
974 2353 1184 2407 civium
1239 2359 1609 2408 convocatur.
1674 2349 1822 2414 Quid

124 2458 274 2512 opus
304 2443 376 2499 sit
425 2443 571 2498 facto
622 2441 949 2508 discutitur,
981 2448 1036 2496 et
1070 2455 1184 2510 pra
1231 2441 1503 2495 omnibus
1555 2439 1826 2508 magister

121 2531 449 2595 Anselmus,
490 2539 630 2584 tunc
665 2529 937 2598 temporis
981 2531 1154 2584 totius
1188 2528 1347 2584 urbis
1397 2529 1644 2588 lucerna.
1681 2541 1822 2581 con-

123 2618 358 2674 sulitur.
408 2618 505 2673 Ille
557 2625 618 2673 ut
673 2618 885 2673 divina
919 2617 1060 2688 legis
1108 2617 1505 2686 peritissimus,
1547 2615 1822 2670 continuo

120 2706 294 2760 .losue
326 2705 558 2774 replicat
591 2704 905 2770 historiam,
950 2704 1236 2773 quomodo
1266 2704 1476 2758 scilicet
1508 2702 1726 2758 furtum
1761 2701 1819 2755 in

118 2796 363 2862 Jcricho,
414 2795 574 2850 nullo
620 2796 830 2851 sciente
877 2795 1109 2859 factum,
1165 2797 1443 2850 Dominus
1489 2794 1658 2864 jussit
1705 2791 1821 2847 fore

120 2883 405 2953 perquiri,
459 2883 644 2953 primo
679 2897 779 2952 per
827 2883 1030 2945 tribus,
1073 2882 1277 2938 deinde
1329 2895 1426 2951 per
1479 2879 1725 2935 familias
1755 2891 1820 2933 ac

117 2973 334 3032 domos,
359 2972 429 3026 ad
453 2972 723 3027 ultimum
747 2971 1078 3038 singillatim
1105 2985 1205 3040 per
1233 2971 1382 3024 viros
1400 2971 1552 3039 (Jos.
1584 2983 1681 3034 vn,
1707 2967 1814 3036 14).

1935 1927 2009 1968 an
2065 1921 2482 1984 supernataret.
2533 1915 2676 1970 Cum
2735 1926 2868 1968 vero
2908 1926 2966 1967 se
3017 1913 3140 1967 sine
3193 1910 3313 1967 ulla
3361 1909 3634 1965 dilatione

1932 2001 2165 2057 vidisset
2196 2003 2267 2058 ab
2295 2015 2452 2071 aqua
2478 2009 2766 2070 receptum
2797 2000 2988 2067 fuisse,
3023 2008 3078 2054 et
3107 1999 3178 2054 ad
3201 1998 3354 2054 vasis
3385 1997 3629 2053 fundum

1929 2091 2275 2159 pervenisse,
2318 2090 2676 2146 exhilaratus
2724 2089 2870 2144 dixit
2915 2103 2974 2143 se
3025 2087 3169 2143 nihil
3201 2086 3354 2142 ultra
3405 2086 3623 2150 timere,

1932 2178 2028 2233 sed
2057 2186 2257 2248 sponte
2291 2179 2347 2233 in
2397 2192 2612 2248 aquam
2659 2178 3058 2248 ingressurum
3096 2175 3232 2231 fore.
3280 2174 3427 2241 Quid
3473 2177 3625 2227 559

1933 2267 2162 2337 longius
2220 2266 2460 2322 moror?
2509 2266 2670 2321 Venit
2723 2266 2842 2321 dies
2888 2265 3216 2331 constituta,
3275 2261 3513 2318 conﬂuit
3557 2262 3630 2316 ad

1930 2355 2227 2411 ecclesiam
2279 2355 2586 2410 innumera
2624 2353 2934 2408 multitudo
2962 2352 3326 2416 clericorum,
3359 2349 3628 2416 militum,

1930 2451 1986 2499 et
2037 2443 2385 2498 rusticorum
2436 2442 2647 2497 diversi
2706 2456 2880 2497 sexus
2925 2450 2978 2497 et
3027 2441 3211 2496 atatis
3263 2441 3524 2509 juvenes,
3575 2445 3632 2492 et

1931 2531 2222 2601 virgines,
2293 2545 2452 2586 senes
2508 2544 2639 2586 cum
2698 2529 3031 2600 junioribus
3095 2529 3366 2584 invocant
3421 2539 3628 2581 nomen

1932 2620 2156 2675 Domini
2213 2620 2458 2688 ejusque
2507 2618 2928 2687 gloriosissima
2975 2616 3294 2673 Genitricis.
3351 2614 3459 2681 Qui
3489 2627 3628 2683 ergo

1931 2707 2156 2777 primus
2189 2708 2246 2762 in
2285 2721 2439 2777 aqua
2466 2707 2684 2776 positus
2711 2714 2816 2773 est,
2859 2706 3056 2761 salvus
3086 2712 3140 2760 et
3171 2703 3432 2775 gaudens
3462 2702 3624 2765 exiit,

1931 2795 2222 2849 secundus
2253 2802 2444 2849 autem
2493 2793 2731 2860 corruit,
2769 2793 2973 2849 tertius
3005 2794 3217 2861 salvus
3256 2799 3503 2863 quartus
3547 2791 3630 2844 in-

1926 2890 2136 2938 ventus
2189 2890 2274 2938 est
2326 2896 2496 2947 reus,
2551 2883 2794 2951 quintus
2853 2882 3170 2947 liberatur,
3220 2889 3419 2937 sextus
3475 2879 3622 2934 idem

1929 2971 2230 3026 Anselmus
2257 2970 2560 3038 culpabilis
2607 2969 2921 3037 invenitur,
2955 2972 3154 3040 sicque
3184 2968 3446 3039 probavit
3477 2966 3622 3022 nihil

116 3060 314 3115 Instar
361 3060 538 3128 hujus
583 3066 698 3113 tam
755 3059 983 3114 subtilis
1032 3058 1460 3128 perquisitionis
1498 3055 1820 3111 consulitur
1858 3070 1898 3125 ο
1931 3059 2039 3114 sibi
2068 3058 2345 3128 profuisse
2375 3058 2526 3127 quod
2564 3059 2724 3127 prius
2769 3059 2951 3114 Deum
2985 3066 3325 3124 tentaverat,
3359 3055 3455 3112 sed
3488 3055 3624 3124 plu-—

115 3148 396 3217 magister
425 3149 748 3213 Anselmus,
787 3156 848 3202 ut
895 3148 1035 3202 tanti
1067 3147 1337 3202 facinoris
1372 3153 1572 3201 auctor
1599 3144 1817 3214 judicio

118 3249 292 3308 aqua
353 3237 742 3306 perquiratur,
795 3249 862 3290 ac
906 3235 975 3289 de
1029 3234 1275 3304 singulis
1320 3234 1483 3288 urbis
1536 3231 1818 3302 parochiis

126 3339 279 3381 unus
335 3325 524 3380 infans
572 3323 849 3379 innocens
895 3323 952 3377 in
1004 3337 1137 3378 vase
1184 3336 1340 3392 aqua
1394 3322 1692 3376 benedicta
1722 3334 1817 3375 re-

124 3413 271 3483 pleto
305 3421 650 3482 poneretur;
678 3419 732 3467 et
762 3426 1129 3481 quacunque
1157 3411 1429 3480 parocbia
1455 3410 1596 3465 forte
1625 3408 1819 3477 culpa-

125 3501 248 3557 bilis
300 3500 678 3566 inveniretur,
733 3499 802 3554 de
833 3499 1079 3569 singulis
1121 3498 1388 3553 domibus
1418 3497 1675 3566 ejusdem
1709 3510 1816 3565 pa-

121 3589 327 3645 rochia
353 3603 506 3644 unus
531 3587 721 3643 infans
744 3588 800 3642 in
823 3601 978 3657 aqua
1008 3594 1352 3655 poneretur;
1375 3593 1427 3642 et
1450 3599 1817 3656 quacunque

121 3678 322 3732 domus
368 3675 723 3744 deprehensa
774 3674 988 3740 fuisset,
1039 3688 1234 3729 omnes
1297 3674 1405 3728 viri
1452 3673 1542 3727 vel
1593 3672 1816 3727 femina

123 3767 190 3820 ad
218 3779 346 3821 eam
377 3765 724 3834 pertinentes
739 3763 958 3833 judicio
989 3777 1157 3832 aqua
1188 3777 1246 3818 se
1277 3775 1528 3832 purgare
1549 3775 1818 3830 cogeren-

122 3859 214 3908 tur
264 3869 276 3906 :
338 3853 444 3908 hoc
500 3852 736 3908 consilio
799 3851 1058 3921 magistri
1110 3850 1385 3917 Anselmi,
1436 3849 1816 3920 germanique

123 3942 243 4011 ejus
279 3941 536 4011 magistri
579 3939 824 3995 Radulhi
863 3947 1149 4008 comperto
1185 3939 1472 4009 perterriti
1503 3940 1658 3993 cives
1688 3936 1814 3992 licet

125 4029 459 4085 innocentia
500 4043 620 4085 sua
651 4028 884 4095 conscii,
927 4029 998 4083 ad
1027 4028 1354 4096 episcopum
1399 4027 1722 4092 conﬂuunt,
1759 4032 1815 4080 et

126 4131 234 4172 non
268 4118 435 4188 longe
480 4125 744 4184 remotos,
796 4117 890 4171 sed
921 4116 1109 4185 potius
1155 4116 1405 4170 ecclesia
1445 4115 1725 4181 custodes,
1758 4121 1814 4168 et

128 4217 294 4273 prope
325 4205 598 4274 templum
629 4212 944 4270 manentes,
978 4204 1049 4258 ad
1075 4203 1359 4273 judicium
1394 4203 1577 4273 primo
1610 4203 1814 4257 debere

128 4293 312 4348 vocari
341 4294 725 4348 conclamant.

196 4380 412 4436 Annuit
452 4381 771 4450 episcopus,
816 4387 871 4435 et
909 4394 1009 4435 sex
1049 4379 1221 4446 viros,
1257 4380 1325 4434 de
1368 4379 1582 4448 quibus
1627 4378 1811 4447 major

129 4475 242 4523 erat
296 4469 565 4538 suspicio,
619 4469 688 4522 ad
748 4468 1073 4523 faciendum
1123 4481 1371 4523 examen
1425 4476 1604 4534 vocat,
1665 4467 1813 4522 inter

132 4569 267 4622 quos
309 4557 481 4612 etiam
514 4557 634 4627 ipse
682 4556 838 4613 solus
882 4557 1183 4625 praefatum
1238 4557 1574 4611 Anselmum
1629 4556 1808 4611 nomi-

133 4643 299 4700 natim
349 4646 670 4714 compellat,
717 4645 911 4700 dicens
958 4659 1014 4700 se
1043 4652 1245 4700 contra
1273 4659 1404 4699 eum
1436 4645 1638 4700 exinde
1682 4659 1810 4700 m0-

134 4732 242 4786 vcri
289 4733 630 4802 suspicione.
707 4733 1026 4802 Respondet
1084 4733 1390 4788 Anselmus
1447 4749 1505 4788 se
1561 4733 1808 4789 multum

131 4817 316 4875 mirari
360 4822 648 4890 quomodo
695 4822 998 4890 episcopus
1042 4820 1111 4875 de
1156 4828 1311 4875 tanto
1357 4821 1564 4876 scelere
1609 4829 1810 4877 contra

130 4919 183 4959 se
226 4911 602 4978 suspicionem
647 4911 856 4965 habere
902 4913 1168 4979 potuerit,
1215 4911 1527 4977 prasertim
1575 4925 1709 4966 cum
1755 4919 1809 4966 et

129 5007 183 5048 se
230 4997 320 5054 Dei
380 5012 613 5054 servum
663 5012 783 5054 esse
839 4998 1026 5065 sciret,
1077 5006 1131 5053 et
1174 5004 1306 5053 ante
1361 4997 1581 5067 aliquot
1627 5013 1809 5055 annos

130 5081 455 5154 priusquam
498 5085 612 5154 ipse
657 5085 1054 5155 pontificatum
1103 5085 1440 5154 suscepisset
1485 5086 1806 5152 aurificem,

131 5171 221 5236 qui
264 5172 365 5228 sibi
408 5173 696 5229 maculam
743 5173 949 5227 similis
978 5171 1238 5228 criminis
1289 5173 1634 5241 imponebat,
1685 5187 1720 5227 a
1751 5189 1808 5228 se

131 5253 185 5310 in
212 5257 390 5316 duello
443 5261 616 5316 fuisse
658 5267 992 5329 superatum
1047 5274 1161 5314 non
1193 5260 1496 5330 ignoraret.
1556 5261 1806 5330 Respon-

132 5342 398 5416 sioniejus
426 5347 734 5402 universus
757 5347 1006 5415 populus
1037 5347 1315 5401 acclamat
1342 5361 1595 5417 eumque
1619 5347 1804 5402 virum

131 5441 392 5496 sanctum,
447 5443 501 5490 et
550 5433 648 5488 Dei
695 5434 970 5488 cultorem
1003 5447 1122 5487 esse
1170 5441 1560 5501 protestantes,
1610 5449 1807 5489 omnes

135 5519 328 5584 pariter
357 5538 475 5578 una
496 5537 632 5576 voce
660 5537 770 5576 non
802 5521 1007 5576 debere
1026 5537 1157 5577 eum
1191 5523 1258 5575 ad
1278 5522 1562 5590 judicium
1589 5522 1803 5588 vocari,

135 5609 501 5682 subjungunt.
534 5612 696 5667 Tunc
728 5611 802 5666 ab
831 5611 1074 5679 antiquo
1105 5618 1330 5666 natura
1356 5618 1509 5666 statu
1542 5610 1698 5667 visus
1723 5617 1807 5665 est

1927 3148 2139 3202 rimum
2173 3147 2324 3201 hanc
2350 3160 2564 3215 aquam
2596 3146 2806 3201 distare
2839 3147 2911 3201 ab
2943 3160 3010 3200 ea
3035 3147 3090 3199 in
3121 3160 3240 3215 qua
3271 3146 3452 3214 prius,
3483 3147 3622 3201 dum

1926 3235 1985 3290 in
2015 3235 2272 3290 custodia
2303 3243 2470 3300 esset,
2500 3248 2559 3288 se
2587 3234 2790 3303 deponi
2823 3235 3050 3289 fecerat.

1996 3324 2128 3380 Mox
2161 3337 2298 3393 ergo
2329 3322 2576 3378 vinculis
2603 3323 2898 3392 religatus,
2936 3336 3122 3392 usque
3161 3321 3257 3393 [f.,
3294 3322 3616 3394 usquequo]

1925 3413 2262 3468 thesaurum
2296 3412 2552 3466 furatum
2597 3411 2857 3466 redderet
2884 3412 2955 3466 ab
3001 3411 3263 3480 episcopo
3302 3411 3622 3465 commoni-

1925 3510 2019 3557 tus
2057 3501 2250 3556 statim
2303 3500 2529 3569 publico
2574 3501 2923 3569 imprecatus
2962 3507 3064 3566 est,
3114 3507 3179 3554 ut
3233 3499 3313 3553 sic
3345 3499 3619 3568 suspendi

1923 3597 2240 3645 mereretur
2280 3588 2427 3642 sicut
2453 3588 2632 3643 Iudas
2674 3589 2775 3657 qui
2808 3589 2991 3643 Deum
3037 3587 3290 3652 tradidit,
3323 3586 3371 3641 si
3397 3587 3620 3656 aliquid

1923 3691 1994 3732 ex
2026 3693 2091 3733 eo
2141 3678 2393 3741 haberet,
2447 3678 2532 3733 vel
2568 3678 2796 3733 furatus
2843 3678 3060 3733 fuisset.
3093 3677 3305 3732 Videns
3363 3675 3619 3745 pontifex

1923 3765 2076 3834 quod
2144 3765 2285 3820 nihil
2348 3765 2707 3820 exhortando
2777 3773 2959 3834 posset
3029 3765 3326 3834 prolicere,
3388 3763 3619 3819 Nicolao

1921 3853 2230 3909 castellano
2259 3868 2392 3909 eum
2442 3854 2696 3921 tradidit,
2733 3853 3066 3923 praecipiens
3099 3853 3148 3908 ei
3198 3860 3260 3908 ut
3293 3853 3619 3922 torquendo

1925 3943 2259 3998 thesaurum
2318 3942 2476 3996 reddi
2539 3950 2784 4013 cogeret.
2846 3942 2947 3996 Ille
3005 3941 3290 3996 nudatum
3349 3948 3515 3995 terra
3564 3947 3621 3994 et

1923 4039 2269 4100 prostratum
2301 4037 2476 4098 atque
2507 4029 2745 4099 ligatum
2771 4029 2928 4084 lardo
2955 4028 3138 4084 calido
3166 4027 3293 4083 fecit
3325 4027 3615 4096 profundi,

1919 4119 2018 4174 sed
2051 4119 2126 4174 nil
2157 4127 2500 4188 extorquere
2530 4118 2730 4187 potuit.
2767 4117 2902 4172 [nde
2926 4117 3166 4186 jubente
3203 4115 3450 4185 prasule
3483 4115 3614 4170 fecit

1919 4221 2050 4262 eum
2101 4207 2394 4275 suspendi,
2455 4221 2570 4261 non
2604 4213 2666 4261 ut
2721 4205 3156 4270 interficeretur,
3209 4204 3308 4259 sed
3351 4210 3614 4258 tantum-

1922 4295 2086 4350 modo
2118 4303 2180 4350 ut
2212 4301 2598 4364 torqueretur.
2631 4299 2676 4348 A
2721 4308 2888 4348 mane
2913 4307 3048 4363 ergo
3095 4307 3281 4363 usque
3311 4293 3382 4347 ad
3415 4306 3614 4360 vespe-

1848 4365 1892 4418 D
1925 4396 2056 4438 rum
2090 4391 2292 4449 tortus,
2343 4382 2644 4452 deciesque
2691 4397 3026 4451 suspensus,
3073 4381 3261 4436 decies
3299 4380 3608 4450 depositus,

1921 4485 2054 4526 cum
2095 4471 2213 4540 jam
2267 4486 2326 4526 se
2355 4470 2594 4526 deficere
2637 4470 2871 4535 videret,
2917 4470 3100 4539 judex
3153 4470 3325 4524 etiam
3365 4469 3610 4538 juraret,

1921 4559 2076 4629 quod
2116 4559 2159 4614 si
2194 4574 2252 4614 se
2281 4558 2523 4613 ulterius
2570 4558 2841 4626 suspendi
2881 4558 3252 4626 permitteret,
3280 4557 3398 4626 jam
3445 4557 3608 4611 dein-

1920 4659 2050 4715 ceps
2073 4645 2276 4700 vivens
2310 4659 2423 4699 non
2451 4644 2848 4712 deponeretur.

1990 4732 2239 4788 Tandem
2276 4732 2647 4802 interrogavit
2686 4731 2827 4801 quid
2861 4731 2966 4786 sibi
2998 4731 3253 4797 daretur,
3290 4729 3336 4785 si
3374 4730 3612 4785 thesau—

1918 4835 2048 4876 rum
2084 4821 2362 4876 redderet.
2421 4822 2536 4875 Hac
2567 4833 2679 4874 vox
2731 4819 2947 4886 audita,
2995 4818 3268 4873 continuo
3308 4832 3462 4887 spem
3516 4831 3612 4872 re—

1917 4909 2230 4979 cuperandi
2283 4908 2535 4963 thesauri
2573 4907 2796 4962 cunctis
2843 4906 3014 4962 dedit.
3067 4905 3328 4974 Poposcit
3377 4912 3605 4959 centum

1917 4999 2095 5054 libras
2124 4996 2230 5052 sibi
2265 4996 2424 5063 dari;
2467 4996 2562 5051 sed
2597 4995 2874 5064 paulatim
2907 4993 3217 5049 minuendo
3259 5000 3496 5048 ventum
3526 5000 3611 5047 est

1916 5085 1987 5140 ad
2016 5083 2405 5154 quadraginta
2436 5082 2630 5137 libras.
2658 5081 2812 5147 Quas
2836 5096 2894 5137 se
2926 5089 3296 5149 accepturum
3328 5080 3494 5146 dixit,
3542 5095 3610 5136 ea

1917 5172 2240 5228 conditione
2272 5178 2334 5226 ut
2361 5170 2721 5240 fidejussores
2762 5170 2932 5226 simul
2965 5171 3071 5226 sibi
3105 5170 3402 5236 darentur,
3453 5171 3607 5240 quod

1917 5261 2108 5316 decem
2136 5259 2481 5314 milliaribus
2525 5257 2724 5328 procul
2751 5272 2785 5312 a
2815 5259 3098 5314 Lauduno
3130 5272 3202 5314 ex
3253 5272 3608 5328 quacunque

1917 5357 2076 5418 parte
2104 5348 2270 5404 vellet
2297 5361 2494 5403 secure
2523 5361 2653 5401 cum
2687 5347 2882 5401 eadem
2931 5346 3178 5414 pecunia
3204 5347 3604 5402 deduceretur.

1917 5437 2188 5492 Protinus
2232 5438 2300 5491 ad
2330 5436 2655 5506 episcopum
2702 5434 2980 5501 curritur,
3029 5435 3219 5504 petitio
3265 5436 3390 5504 ejus
3442 5434 3610 5490 refer-

1917 5533 2032 5590 tur,
2062 5524 2268 5580 annuit
2299 5524 2528 5594 prasul,
2561 5531 2616 5578 et
2646 5521 2930 5592 quidquid
2957 5523 3186 5590 petisset
3211 5523 3440 5578 concedi
3472 5536 3610 5590 pra-

1915 5611 2081 5680 cepit,
2111 5627 2178 5667 eo
2221 5619 2411 5667 tamen
2445 5619 2608 5680 pacto
2639 5617 2702 5666 ut
2732 5609 3010 5666 continuo
3041 5609 3378 5666 thesaurum
3409 5609 3605 5665 redde-
