3946 6400
329 349 465 404 1015

1247 345 1546 402 APPEND.
1588 345 1681 399 AD
1721 342 1852 399 LIB.
1895 344 1968 397 Ill
2005 341 2339 397 GUIBERTI
2381 341 2472 397 DE
2511 342 2674 397 VlTA
2713 341 2868 397 SUA.

3711 345 3873 398 1016

325 485 431 546 ret,
461 477 740 550 quoniam
768 477 1006 535 timebat
1029 491 1103 534 ne
1130 477 1178 534 si
1199 477 1394 534 dilatio
1427 477 1514 533 vel
1539 477 1728 533 brevis
1757 476 2014 542 daretur,
2057 477 2104 528 Α
2126 473 2303 542 enim,
2351 473 2558 545 inquit,
2607 481 2994 544 compunctus
3040 488 3174 530 eum
3225 473 3542 540 reddidisti,
3595 474 3868 546 ideoque

328 566 439 622 illae
467 567 796 622 damonum
821 565 1098 622 instinctu
1127 565 1268 636 fuga
1296 564 1606 620 laberetur.
1628 565 1754 619 tam
1787 563 1891 619 lux
1915 562 2025 618 diei

327 656 654 721 transierat,
716 667 954 724 noxque
1011 653 1308 710 tenebrosa
1359 659 1728 708 successerat.
1781 653 2026 708 lubente

326 749 519 799 tamen
559 742 826 812 episcopo
877 755 977 811 per
1031 749 1202 797 totam
1255 741 1456 796 urbem
1507 741 1656 796 faces
1707 748 1764 796 et
1816 739 2024 810 lychni,

327 838 648 900 caateraque
668 829 977 886 luminaria
1003 828 1419 896 accenduntur,
1442 835 1506 884 ut
1539 827 1680 884 illud
1713 827 2026 884 Psalmistae

327 918 592 975 Lauduni
637 931 705 974 ea
759 917 902 974 hora
952 915 1370 986 compleretur;
1417 938 1436 966 ι
1475 917 1542 972 Ει
1584 929 1700 972 nox
1729 917 1880 972 sicut
1907 916 2028 972 dies

328 1005 756 1063 illuminabitur
803 1005 990 1076 (Paul.
1041 1019 1316 1072 cxxxvm,
1377 1005 1482 1073 lO).
1537 1026 1564 1052 »
1618 1003 1829 1062 Nullus
1869 1003 2024 1060 domi

329 1101 602 1160 remanet,
627 1107 824 1148 omnes
846 1092 1013 1162 quasi
1036 1093 1107 1148 ad
1133 1091 1526 1162 spectaculum
1551 1091 2022 1162 progrediuntur.

397 1180 698 1236 Anselmus
728 1179 911 1236 instar
951 1180 1070 1236 ursi
1103 1181 1173 1235 de
1203 1195 1380 1235 cavea
1430 1179 1690 1250 producti
1719 1179 2026 1235 deducitur

327 1268 664 1326 custodibus
714 1275 770 1324 et
797 1267 1004 1337 populo
1054 1275 1222 1323 caute
1271 1283 1342 1323 ne
1383 1267 1566 1338 fugiat
1606 1266 2020 1322 circumdatur.

327 1357 468 1415 Petit
496 1355 790 1413 ecclesiam
821 1356 878 1412 8.
907 1355 1133 1412 Martini
1155 1365 1321 1411 extra
1345 1370 1542 1412 muros
1567 1355 1728 1411 urbis
1762 1355 2021 1425 positam,

327 1446 662 1516 pervenitur
689 1445 762 1500 ad
793 1445 1103 1515 quemdam
1137 1445 1322 1500 locum
1361 1458 1533 1514 prope
1571 1444 1785 1513 vineas,
1817 1443 1877 1498 in
1907 1458 2024 1514 quo

326 1533 701 1603 paxillorum,
735 1533 952 1602 quibus
984 1533 1128 1588 vites
1156 1539 1576 1599 sustentantur,
1610 1533 1812 1604 ingens
1859 1545 2026 1588 acer—

323 1637 434 1678 vus
479 1629 604 1676 erat
654 1629 980 1692 congestus,
1039 1621 1150 1678 sub
1199 1621 1283 1677 eis
1332 1621 1386 1676 in
1441 1621 1649 1676 montis
1713 1620 2024 1690 praecipitio

327 1709 492 1780 quasi
525 1709 584 1764 in
618 1715 902 1764 tartarum
935 1706 1245 1774 descendit,
1296 1721 1656 1778 manumque
1686 1708 1758 1763 ad
1789 1721 2022 1764 sacrum

325 1798 578 1864 mittens,
625 1796 879 1867 primum
926 1809 1164 1852 auream
1207 1795 1473 1852 tabellam
1519 1796 1588 1851 de
1643 1803 1806 1853 textu
1839 1797 2023 1852 Evan-

326 1887 610 1958 geliorum
641 1884 982 1954 discerptam
1017 1883 1274 1954 protulit,
1317 1883 1739 1954 subridensque
1770 1884 2024 1940 circum-

325 1973 632 2037 stantibus,
667 1972 906 2040 bonum,
940 1971 1148 2042 inquit,
1178 1979 1494 2026 mercatum
1527 1970 1650 2038 feci,
1673 1971 1772 2041 qui
1796 1979 2022 2028 tantum

327 2062 661 2118 thesaurum
695 2073 796 2128 pro
835 2057 1224 2130 quadraginta
1255 2058 1415 2114 libris
1460 2057 1700 2127 reddidi,
1730 2058 1871 2128 quia
1900 2059 2024 2115 haec

326 2148 448 2204 sola
509 2146 709 2202 tabula
765 2146 945 2202 multo
1003 2145 1130 2216 plus
1181 2145 1352 2201 valet.
1385 2145 1478 2200 Sic
1525 2159 1663 2216 ergo
1716 2145 2026 2202 thesaurus

330 2235 590 2291 redditus
635 2233 706 2289 ad
753 2233 1052 2290 ecclesiam
1095 2233 1150 2288 8.
1202 2233 1395 2290 Mariae
1443 2233 1704 2302 protinus
1753 2233 2020 2302 refertur,

331 2329 566 2392 totaque
625 2321 857 2378 civitate
921 2321 1150 2378 laetante
1207 2321 1577 2389 clamoribus,
1643 2329 1698 2377 et
1775 2322 1830 2377 in
1889 2336 2027 2378 voce

329 2410 732 2467 exsultationis
772 2417 828 2466 et
865 2410 1234 2466 confessionis
1263 2410 1466 2480 plateae
1520 2418 1810 2478 resonant,
1861 2409 2028 2481 signa

327 2499 498 2555 etiam
533 2513 650 2568 prae
677 2499 888 2570 gaudio
917 2513 1020 2568 per
1039 2513 1236 2554 omnes
1263 2499 1528 2554 ecclesias
1557 2498 1882 2568 pulsantur.

403 2585 527 2642 Non
567 2593 650 2642 est
698 2585 1054 2642 reticendum
1107 2599 1382 2656 magnum
1435 2587 1726 2656 quoddam
1772 2586 2029 2642 miracu-

331 2673 473 2730 lum.
521 2673 763 2740 Quidam
805 2673 959 2729 enim
1010 2675 1331 2730 monachus
1379 2675 1629 2740 aurifex,
1685 2675 1913 2731 nomine
1952 2675 2031 2731 Si-

332 2777 522 2834 gerus,
559 2764 617 2818 in
665 2761 922 2819 ccenobio
964 2761 1018 2818 8.
1056 2763 1340 2820 Vincentii
1393 2777 1650 2829 manens,
1700 2763 1840 2819 dum
1871 2765 2026 2834 operi

331 2864 440 2906 suo
485 2850 658 2905 etiam
720 2857 883 2906 nocte
949 2850 1236 2919 insistens,
1298 2849 1546 2920 aperiret
1600 2851 1855 2908 aediculae
1909 2866 2028 2908 suae

333 2938 660 3004 fenestram,
710 2950 830 3007 qua
880 2936 936 2992 S.
977 2936 1204 2994 Martini
1263 2938 1718 3008 prospiciebatur
1769 2939 2025 3005 ecclesia,

331 3026 559 3082 videbat
589 3025 756 3096 quasi
788 3025 1014 3082 radium
1046 3025 1576 3096 splendidissimum
1616 3027 1762 3084 lucis
1791 3029 1860 3084 de
1890 3027 2030 3083 cmlo

332 3112 752 3184 procedentem,
783 3120 838 3169 et
867 3128 1053 3185 usque
1095 3114 1167 3170 ad
1197 3115 1359 3172 illum
1393 3117 1602 3184 locum,
1639 3132 1756 3188 quo
1798 3119 2030 3174 thesau-

334 3216 433 3258 rus
463 3201 836 3257 absconditus
879 3210 1022 3271 erat,
1054 3203 1471 3272 procedentem.
1523 3205 1685 3262 Unde
1729 3205 1901 3262 nimis
1929 3205 2032 3260 ad-

332 3289 578 3345 miratus
643 3289 939 3346 nonnullis
1008 3291 1423 3348 monachorum
1491 3291 1679 3347 Sancti
1749 3292 2030 3348 Vincentii

331 3377 598 3432 eumdem
650 3377 793 3433 lucis
856 3377 1089 3434 radium
1145 3379 1409 3446 ostendit,
1465 3380 1562 3434 sed
1626 3379 1702 3434 illi
1762 3381 2032 3450 quamvis

335 3465 586 3536 quotidie
634 3465 974 3522 thesaurum
1033 3465 1416 3536 reliquiarum
1466 3467 1519 3522 S.
1571 3467 1766 3524 Mariae
1812 3468 2031 3538 requiri

335 3552 622 3620 audirent,
692 3551 893 3608 nullus
959 3559 1150 3608 tamen
1211 3567 1343 3609 eum
1413 3555 1486 3609 ibi
1553 3569 1674 3610 esse
1721 3556 2026 3626 cogitabat.

335 3641 561 3697 Tandiu
589 3655 728 3712 ergo
761 3641 1025 3697 monachi
1069 3641 1295 3697 radium
1329 3641 1474 3698 lucis
1518 3651 1682 3698 nocte
1729 3658 2032 3700 coruscare

335 3728 628 3795 viderunt,
678 3729 942 3798 quandiu
975 3743 1178 3785 saccus
1205 3729 1280 3785 ibi
1327 3744 1458 3786 cum
1511 3731 1782 3786 thesauro
1823 3733 2026 3802 jacuit.

407 3815 579 3872 Aliud
611 3831 847 3886 quoque
896 3817 1245 3874 miraculum
1293 3831 1408 3874 non
1453 3817 1738 3874 silendum
1770 3819 2027 3888 contigit,

335 3917 408 3958 ex
443 3918 558 3974 quo
605 3904 758 3958 enim
807 3905 1112 3960 Anselmus
1166 3904 1256 3960 ille
1303 3919 1435 3960 cum
1487 3906 1714 3974 reliquo
1761 3906 2030 3962 thesauro

335 3991 506 4048 etiam
555 3992 880 4049 columbam
913 4007 1150 4050 auream
1193 3993 1494 4063 confregit,
1537 3994 1606 4050 de
1649 4009 1769 4064 qua
1817 4008 2030 4064 supra-

336 4080 610 4149 diximus,
665 4081 726 4136 in
763 4094 883 4152 qua
925 4081 995 4137 de
1039 4081 1181 4138 lacte
1211 4081 1266 4136 8.
1299 4081 1493 4138 Maria”:
1540 4091 1595 4138 et
1643 4082 1860 4152 capillis
1904 4084 2032 4152 ejus

337 4169 613 4226 contineri
644 4170 957 4236 ferebatur,
983 4169 1178 4226 divino
1197 4170 1416 4241 judicio
1449 4184 1753 4241 nunquam
1782 4169 2032 4226 dormire

338 4255 543 4325 potuit,
573 4257 723 4312 sicut
752 4256 871 4326 ipse
899 4257 1262 4326 postmodum
1291 4257 1556 4327 episcopo
1601 4257 1894 4313 confessus
1924 4264 2026 4312 est.

338 4343 443 4399 Sed
474 4343 942 4414 quandocunque
973 4345 1168 4402 oculos
1199 4360 1300 4416 pro
1327 4360 1526 4402 somno
1551 4345 1874 4412 claudebat,
1909 4359 2035 4416 pro-

341 4431 496 4488 tinus
519 4431 778 4488 eamdem
829 4433 1158 4490 columbam
1197 4442 1450 4490 rostrum
1505 4434 1688 4490 oculis
1731 4433 1853 4490 suis
1900 4433 2031 4488 infi-

338 4525 588 4589 gentem,
637 4525 693 4574 et
719 4533 815 4575 eos
855 4521 1204 4590 aperientem
1255 4521 1506 4577 videbat.
1560 4521 1796 4577 Diabolo
1837 4529 2031 4577 tamen

337 4621 436 4662 cor
464 4621 638 4663 suum
685 4608 1006 4666 obdurante
1057 4609 1220 4666 nulla
1267 4617 1500 4680 propter
1545 4609 1650 4666 hoc
1699 4609 2032 4679 poenitentia

335 4695 852 4766 compungebatur.
903 4695 1218 4766 Postquam
1265 4709 1401 4752 vero
1429 4695 1708 4752 columbae
1748 4695 2032 4752 fracturas

334 4797 468 4840 cum
528 4783 640 4840 alio
685 4784 954 4842 thesauro
1004 4784 1274 4853 reddidit,
1321 4784 1652 4840 facultatem
1708 4783 2032 4841 dormiendi

336 4871 566 4942 recepit.

406 4960 471 5014 In
497 4960 742 5020 crastino
783 4975 921 5032 ergo
950 4961 1260 5018 Anselmus
1291 4961 1364 5017 ad
1390 4961 1722 5032 episcopum
1773 4961 2026 5030 veniens,

337 5053 401 5102 ut
456 5059 514 5102 se
571 5047 645 5102 ab
704 5049 1304 5106 excommunicatione
1358 5063 1460 5119 pro
1521 5049 1709 5104 furate
1757 5048 2030 5104 thesauro

335 5133 485 5190 facta
534 5135 869 5204 absolveret,
919 5151 1267 5210 crucemque
1311 5139 1420 5196 sibi
1464 5140 1645 5206 daret,
1697 5145 1754 5194 et
1800 5138 2028 5194 Jerusa-

335 5219 445 5276 lem
487 5221 559 5276 ad
607 5222 938 5292 sepulcrum
982 5225 1396 5285 Dominiabire
1427 5227 1798 5298 permitteret,
1845 5225 2024 5296 petiit.

336 5308 644 5378 Respondit
673 5309 973 5380 episcopus
1003 5327 1062 5368 se
1109 5313 1248 5370 nihil
1276 5315 1483 5372 horum
1517 5315 1828 5379 facturum,
1880 5327 2026 5384 quo-

335 5395 492 5450 niam
535 5411 639 5454 nec
685 5397 986 5463 absolutio,
1035 5415 1141 5456 nec
1191 5403 1295 5458 iter
1343 5403 1925 5474 Hierosolymitanum
1974 5402 2025 5458 ei

335 5481 551 5552 aliquid
585 5485 891 5554 prodesset,
925 5487 1190 5554 quandiu
1221 5491 1614 5560 quadraginta
1651 5490 1845 5557 libras,
1879 5502 2028 5558 quas

335 5583 438 5639 pro
496 5571 814 5630 redditione
877 5571 1136 5630 thesauri
1202 5585 1518 5648 acceperat,
1593 5584 1830 5636 teneret.
1899 5575 2027 5632 Non

2059 1755 2104 1811 B

2137 576 2253 618 non
2303 569 2462 632 potes
2511 561 2752 630 absolvi,
2809 561 2904 618 sed
2973 563 3165 618 adhuc
3228 561 3868 618 excommunicationis

2137 664 2270 706 reus
2320 650 2565 718 teneris;
2613 651 2710 706 sed
2759 650 2807 706 si
2837 652 3142 720 pecuniam
3177 651 3340 706 istam
3391 651 3636 706 reddens
3670 665 3865 706 vera—

2135 754 2259 794 cem
2304 739 2714 794 confessionem
2767 738 2834 793 de
2867 738 3040 803 furto,
3077 738 3187 792 imo
3219 737 3288 792 de
3335 737 3640 807 sacrilegio
3687 737 3863 793 face-

2134 841 2247 893 res,
2283 833 2338 882 et
2386 826 2776 896 pmnitentiau.
2830 825 3038 881 minde
3089 826 3428 894 susciperes,
3463 832 3602 880 tunc
3633 834 3695 881 et
3746 827 3862 880 ah-

2133 914 2304 982 solvi,
2349 925 2404 970 et
2459 913 2814 969 Hierusalem
2867 913 3144 983 p.'olicisci
3195 927 3404 982 posses.
3452 913 3862 984 Acquiescens

2134 1003 2225 1058 ille
2275 1003 2462 1058 verbis
2509 1001 2794 1072 pontificis
2823 1001 3118 1072 praefatam
3162 1001 3460 1070 pecuniam
3503 1007 3658 1056 660
3721 1017 3847 1072 pu-

2131 1090 2276 1146 blice
2303 1105 2477 1160 super
2511 1090 2692 1146 altare
2723 1089 2932 1160 posuit,
2983 1089 3364 1159 lidejussores,
3399 1088 3502 1159 qui
3547 1103 3606 1143 se
3637 1090 3857 1146 decem

2132 1179 2482 1234 milliaribus
2535 1177 2736 1248 procul
2780 1192 2814 1232 a
2853 1178 3134 1238 Lauduno
3179 1191 3379 1232 secure
3431 1177 3852 1233 deducendum

2132 1267 2582 1336 spoponderant,
2636 1266 2845 1322 liberos
2891 1280 2925 1321 a
2971 1264 3336 1336 lidejussione
3373 1280 3479 1320 sua
3526 1279 3648 1320 esse
3693 1281 3854 1320 cou-

2133 1355 2320 1418 cessit,
2358 1355 2558 1425 sicque
2603 1354 2676 1410 ab
2702 1353 2968 1424 episcopo
3016 1353 3336 1420 absolutus,
3385 1361 3441 1407 et
3468 1367 3704 1408 crucem
3741 1367 3852 1408 su-

2133 1443 2400 1512 scipiens.
2430 1456 2784 1512 quocunque
2818 1442 3044 1508 volebat
3079 1441 3254 1497 libere
3295 1449 3379 1496 est
3404 1441 3560 1497 abire
3584 1441 3852 1510 permis-

2133 1544 2251 1598 sus,
2280 1537 2334 1586 et
2361 1544 2491 1585 cum
2516 1529 2638 1600 ipso
2659 1530 2924 1600 episcopo
2959 1544 3057 1600 per
3077 1529 3300 1600 aliquot
3329 1529 3448 1585 dies
3477 1530 3850 1587 familiariter

2134 1626 2218 1674 BS!
2247 1627 2643 1675 conversatus.

2206 1706 2564 1762 Conscientia
2613 1714 2804 1763 tamen
2851 1720 2909 1762 se
2937 1706 3180 1762 interius
3223 1705 3479 1775 graviter
3525 1712 3845 1775 torquente

2136 1796 2496 1866 perterritus,
2529 1793 2700 1864 ccepit
2742 1794 2940 1866 fugam
2971 1793 3256 1861 meditari,
3291 1793 3638 1864 tandemque
3669 1793 3847 1850 clan-

2133 1883 2263 1939 culo
2292 1897 2368 1939 ex
2399 1883 2544 1939 urbe
2592 1882 2792 1954 fugere
2836 1882 3038 1938 voluit.
3084 1883 3190 1938 Sed
3234 1896 3367 1938 cum
3399 1883 3468 1937 de
3513 1890 3710 1938 monte
3740 1882 3842 1938 de-

2132 1970 2403 2027 scendere
2430 1970 2712 2040 coepisset,
2747 1972 2958 2027 mirum
2984 1970 3178 2026 dictu!
3217 1969 3358 2025 vidit
3387 1971 3553 2040 quasi
3581 1969 3843 2026 ﬂuvium

2131 2072 2413 2130 magnum
2449 2059 2628 2114 instar
2651 2058 2826 2114 maris
2854 2065 3056 2114 contra
3084 2073 3142 2113 se
3180 2057 3618 2126 redundantem,
3651 2072 3844 2129 seque

2119 2147 2191 2202 vin
2221 2155 2472 2202 montem
2522 2145 2708 2202 redire
2739 2154 3054 2217 cogentem.
3103 2146 3264 2202 Unde
3292 2144 3650 2215 stupefactus
3695 2159 3836 2202 rur-

2134 2253 2236 2294 sus
2282 2251 2380 2307 per
2408 2235 2582 2292 aliam
2633 2243 2857 2306 portam
2909 2234 3268 2300 descendere,
3315 2241 3371 2289 et
3401 2233 3600 2304 fugere
3646 2241 3838 2290 tenta-

2133 2325 2235 2392 vit,
2267 2326 2362 2382 sed
2393 2323 2656 2395 protinus
2678 2323 2921 2379 ﬂuvium
2953 2321 3100 2378 sicut
3123 2323 3286 2392 prius
3317 2329 3517 2378 contra
3543 2336 3601 2378 se
3623 2322 3837 2378 redun-

2133 2413 2324 2470 dando
2355 2413 2678 2469 venientem
2723 2411 2886 2468 vidit.
2919 2411 3182 2481 Cumque
3213 2411 3320 2466 hoc
3358 2410 3405 2465 ei
3439 2410 3652 2479 saepius
3691 2425 3838 2466 con-

2137 2503 2404 2573 tingeret,
2456 2516 2561 2557 nec
2593 2501 2663 2557 de
2711 2507 2902 2556 monte
2961 2499 3302 2555 descendere
3340 2497 3573 2566 valeret,
3620 2507 3842 2555 secrete

2136 2591 2244 2646 hoc
2288 2590 2557 2659 episcopo
2605 2588 2899 2644 confessus
2945 2594 3046 2642 est.
3097 2587 3478 2653 Quamobrem
3510 2586 3835 2656 episcopus,

2135 2679 2429 2734 occasione
2462 2685 2712 2746 sumpta,
2745 2675 2988 2732 suadere
3025 2675 3076 2730 ei
3107 2677 3295 2744 coepit,
3333 2681 3394 2730 ut
3436 2676 3683 2744 priorem
3716 2675 3844 2731 the-

2137 2779 2401 2833 saurum,
2429 2765 2598 2836 cujus
2628 2772 2868 2834 partem,
2907 2763 3058 2819 sicut
3087 2761 3482 2832 supradictum
3518 2770 3620 2826 est,
3655 2761 3841 2818 Sues-

2138 2853 2314 2909 sionis
2340 2853 2788 2909 venundandam
2821 2851 3046 2908 aurifici
3087 2851 3416 2916 tradiderat,
3449 2853 3504 2906 S.
3540 2850 3734 2906 Mariae
3764 2865 3842 2907 ex

2139 2942 2366 3012 integro
2428 2941 2709 3008 redderet,
2778 2941 2976 3010 sicque
3028 2953 3270 2995 securus
3333 2939 3686 2994 Hierusalem
3755 2939 3844 2995 ire

2069 3032 2108 3086 Ο
2139 3037 2340 3100 posset.
2395 3029 2496 3086 Ille
2555 3037 2888 3085 consuetam
2945 3028 3312 3099 negationem
3380 3035 3657 3096 repetens,
3729 3028 3837 3094 sic,

2140 3118 2350 3188 inquit,
2399 3116 2672 3187 suspendi
2705 3129 2929 3172 merear
2956 3115 3108 3172 sicut
3143 3115 3340 3181 Iudas,
3374 3116 3477 3186 qui
3513 3115 3689 3170 Deum
3718 3123 3839 3170 tra-

2139 3206 2302 3273 didit,
2353 3207 2398 3262 si
2452 3204 2674 3276 aliquid
2712 3204 2922 3260 exinde
2967 3204 3166 3260 habui.
3217 3202 3380 3270 Quod
3436 3204 3481 3258 si
3529 3203 3667 3259 mihi
3718 3218 3838 3260 non

2139 3293 2368 3350 creditis
2408 3293 2614 3350 iterum
2649 3299 2884 3362 paratus
2917 3307 3048 3348 sum
3081 3291 3366 3362 judicium
3397 3305 3565 3362 aquae
3599 3292 3836 3358 subire;

2138 3391 2193 3439 et
2225 3383 2273 3438 si
2319 3381 2625 3452 culpabilis
2665 3379 2938 3436 inventus
2987 3379 3167 3445 fuero,
3200 3379 3290 3435 vel
3335 3380 3381 3434 si
3416 3379 3700 3450 judicium
3749 3380 3840 3435 fa-

2139 3485 2266 3527 cere
2317 3470 2574 3537 noluero,
2629 3469 2796 3525 facite
2855 3481 2946 3524 me
2975 3467 3266 3538 suspendi.
3329 3468 3492 3524 Tunc
3535 3467 3839 3538 episcopus

2141 3559 2382 3630 rogabat
2413 3565 2478 3614 ut
2511 3557 2714 3613 saltem
2743 3556 2964 3627 lapides
3007 3557 3306 3626 pretiosos,
3334 3555 3436 3626 qui
3469 3556 3526 3611 in
3571 3557 3840 3614 crucibus

2140 3647 2335 3704 aureis
2361 3646 2558 3703 inserti
2587 3645 2837 3712 fuerant,
2867 3644 3147 3712 redderet,
3189 3645 3529 3713 promittens
3557 3645 3708 3714 quod
3735 3660 3840 3714 pro

2139 3749 2284 3792 auro
2305 3735 2526 3790 nullam
2545 3733 2596 3790 ei
2619 3733 2934 3789 molestiam
2959 3733 3185 3788 faceret.
3209 3731 3309 3786 Ille
3331 3746 3464 3788 vero
3485 3733 3626 3787 nihil
3651 3735 3836 3802 ponti-

2141 3823 2232 3880 fici
2261 3822 2496 3880 reddere
2518 3821 2729 3890 voluit;
2752 3821 2848 3876 sed
2878 3834 2977 3876 eos
3004 3834 3064 3875 se
3083 3820 3294 3876 habere
3323 3821 3556 3875 omnino
3582 3823 3830 3892 negavit.

2211 3913 2410 3968 Postea
2463 3917 2653 3966 tamen
2710 3909 2940 3966 Nicolao
2996 3909 3308 3964 castellano
3357 3909 3526 3978 jussu
3587 3911 3832 3982 episcopi

2141 3999 2336 4070 priora
2389 3999 2439 4055 ei
2484 4005 2767 4054 tormenta
2811 3996 3198 4052 comminante
3253 3995 3426 4050 nimis
3477 3994 3825 4064 perterritus,

2140 4088 2308 4144 duxit
2333 4086 2596 4143 eumdem
2630 4085 2926 4142 Nicolaum
2975 4084 3050 4140 ad
3079 4084 3279 4140 vineas
3307 4083 3417 4139 sub
3461 4089 3649 4138 monte
3677 4081 3829 4151 posi-

2142 4184 2246 4240 tas,
2283 4187 2618 4246 ponensque
2669 4186 2910 4228 manum
2975 4171 3032 4226 in
3080 4179 3246 4228 terra:
3286 4185 3536 4227 caverna
3579 4169 3826 4225 extraxit

2143 4265 2212 4320 de
2263 4263 2494 4320 sacculo
2548 4261 2670 4333 jam
2735 4259 3051 4331 putrefacto
3105 4259 3325 4328 lapides
3380 4257 3821 4328 pretiosissimos,

2071 4311 2490 4420 Dtradiditque
2537 4311 2635 4405 eos
2683 4311 2790 4419 ipsi
2844 4311 3192 4404 castellano.r
3246 4311 3564 4410 Quorfacto
3627 4311 3822 4401 iterum

2139 4435 2489 4493 conscientia
2551 4435 2910 4491 remordente
2967 4433 3354 4502 tremefactus,
3410 4433 3680 4504 quoniam
3731 4447 3822 4488 eos

2139 4525 2424 4581 celaverat
2465 4523 2752 4598 episcopo,
2783 4530 2836 4578 et
2872 4523 3196 4578 reddiderat
3226 4523 3553 4589 castellauo,
3597 4535 3819 4576 rursum

2139 4609 2340 4681 fugere
2386 4609 2642 4667 tentavit.
2695 4609 3013 4678 Episcopus
3053 4615 3247 4664 autem
3278 4607 3519 4678 receptis
3565 4621 3600 4663 a
3625 4606 3818 4662 castel-

2139 4697 2270 4754 lano
2299 4697 2590 4768 lapidibus
2634 4696 2969 4752 recordatus
2998 4696 3203 4751 somnii
3248 4695 3584 4765 supradicti,
3627 4695 3680 4750 in
3709 4709 3818 4764 quo

2139 4785 2192 4842 S.
2227 4785 2409 4843 Maria
2435 4786 2486 4841 ei
2528 4791 2896 4855 praeceperat,
2931 4797 3003 4840 ne
3045 4783 3321 4840 latronem
3365 4797 3537 4840 suum
3579 4783 3818 4852 impuni-

2138 4881 2261 4930 tum
2309 4873 2468 4930 abire
2513 4871 2882 4943 permitteret,
2927 4871 3025 4926 sed
3067 4869 3354 4941 justitiam
3396 4870 3464 4925 de
3492 4883 3557 4924 eo
3603 4868 3813 4937 faceret,

2139 4965 2404 5031 protinus
2448 4959 2776 5016 convocatis
2805 4959 3086 5016 ministris
3123 4959 3263 5026 suis,
3308 4957 3575 5028 praecepit
3619 4964 3678 5013 ut
3703 4957 3814 5012 An-

2138 5049 2382 5106 selmum
2417 5047 2766 5120 quantocius
2795 5053 3140 5116 quaererent,
3173 5051 3227 5100 et
3259 5043 3366 5100 sibi
3399 5049 3811 5113 praesentarcnt.

2137 5137 2382 5194 Ministri
2413 5150 2516 5207 per
2559 5135 2789 5191 diversa
2820 5135 2942 5190 loca
2987 5133 3392 5197 discurrentes,
3441 5131 3665 5188 tandem
3690 5145 3814 5188 eum

2137 5227 2432 5296 reperiunt
2463 5223 2522 5278 in
2563 5223 2713 5278 valle
2741 5221 2852 5279 sub
2884 5221 3140 5278 cmnobio
3169 5219 3224 5276 S.
3276 5218 3585 5284 Vincentii,
3631 5217 3814 5289 fugere

2135 5313 2440 5376 volentem,
2480 5310 2577 5366 sed
2609 5319 2838 5381 propter
2869 5310 3114 5366 fluvium
3148 5307 3564 5380 redundantem
3591 5320 3702 5362 non
3726 5320 3818 5363 va-

2137 5399 2367 5455 lentem.
2395 5397 2608 5453 Jubent
2632 5397 2680 5452 ei
2715 5405 2778 5452 ut
2802 5411 2998 5452 secum
3033 5397 3104 5451 ad
3133 5395 3463 5465 episcopum
3492 5394 3696 5450 veniat.

2206 5487 2307 5541 Ille
2337 5493 2585 5541 tremens
2632 5493 2688 5540 et
2716 5485 3036 5554 exsanguis
3082 5491 3268 5554 rogat,
3318 5491 3382 5539 ut
3409 5497 3468 5538 se
3499 5483 3816 5551 permittant

2135 5572 2295 5645 loqui
2342 5573 2554 5630 domno
2594 5572 2865 5629 Alberoni
2901 5572 2957 5628 S.
2998 5571 3280 5632 Vincentii
3316 5571 3532 5628 abbati.
3565 5570 3816 5630 Nolentes
