  <div class='ocr_page' id='page_1' title='image "/cluster/home/n/w/nwhite01/storage/ocr_20150623/156-157/uc1.31175010662024/514.png"; bbox 0 0 3946 6378; ppageno 0'>
   <div class='ocr_carea' id='block_1_1' title="bbox 107 350 246 404">
    <p class='ocr_par' dir='ltr' id='par_1_1' title="bbox 107 350 246 404">
     <span class='ocr_line' id='line_1_1' title="bbox 107 350 246 404; baseline 0 -1"><span class='ocrx_word' id='word_1_1' title='bbox 107 350 246 404; x_wconf 83' lang='grc'><strong>1017</strong></span> 
     </span>
    </p>
   </div>
   <div class='ocr_carea' id='block_1_2' title="bbox 1389 352 2352 410">
    <p class='ocr_par' dir='ltr' id='par_1_2' title="bbox 1389 352 2352 410">
     <span class='ocr_line' id='line_1_2' title="bbox 1389 352 2352 410; baseline 0.005 -5"><span class='ocrx_word' id='word_1_2' title='bbox 1389 352 1607 407; x_wconf 83' lang='grc' dir='ltr'><strong>ΒΟΜΝΙ</strong></span> <span class='ocrx_word' id='word_1_3' title='bbox 1648 353 1704 406; x_wconf 86' lang='lat' dir='ltr'><strong>L.</strong></span> <span class='ocrx_word' id='word_1_4' title='bbox 1747 353 2093 409; x_wconf 82' lang='lat' dir='ltr'><strong>D’ACHERY</strong></span> <span class='ocrx_word' id='word_1_5' title='bbox 2132 355 2352 410; x_wconf 60' lang='lat' dir='ltr'><strong>NOTA‘J.</strong></span> 
     </span>
    </p>
   </div>
   <div class='ocr_carea' id='block_1_3' title="bbox 3492 363 3624 416">
    <p class='ocr_par' dir='ltr' id='par_1_3' title="bbox 3492 363 3624 416">
     <span class='ocr_line' id='line_1_3' title="bbox 3492 363 3624 416; baseline 0.008 -1"><span class='ocrx_word' id='word_1_6' title='bbox 3492 363 3624 416; x_wconf 83' lang='lat' dir='ltr'><strong>lOl8</strong></span> 
     </span>
    </p>
   </div>
   <div class='ocr_carea' id='block_1_4' title="bbox 99 479 3625 556">
    <p class='ocr_par' dir='ltr' id='par_1_4' title="bbox 99 479 3625 556">
     <span class='ocr_line' id='line_1_4' title="bbox 99 479 3625 556; baseline 0.004 -23"><span class='ocrx_word' id='word_1_7' title='bbox 99 493 241 535; x_wconf 91' lang='lat' dir='ltr'><strong>eum</strong></span> <span class='ocrx_word' id='word_1_8' title='bbox 295 479 581 550; x_wconf 86' lang='lat' dir='ltr'><strong>reliquere</strong></span> <span class='ocrx_word' id='word_1_9' title='bbox 643 480 867 535; x_wconf 91' lang='lat' dir='ltr'><strong>vadunt</strong></span> <span class='ocrx_word' id='word_1_10' title='bbox 923 495 1055 537; x_wconf 91' lang='lat' dir='ltr'><strong>cum</strong></span> <span class='ocrx_word' id='word_1_11' title='bbox 1111 496 1198 548; x_wconf 93' lang='lat' dir='ltr'><strong>eo,</strong></span> <span class='ocrx_word' id='word_1_12' title='bbox 1257 489 1604 551; x_wconf 74' lang='lat' dir='ltr'><strong>praeceperat</strong></span> <span class='ocrx_word' id='word_1_13' title='bbox 1655 483 1806 536; x_wconf 92' lang='lat' dir='ltr'><strong>enim</strong></span> <span class='ocrx_word' id='word_1_14' title='bbox 1851 491 1898 546; x_wconf 85' lang='grc' dir='ltr'>Α</span> <span class='ocrx_word' id='word_1_15' title='bbox 1928 483 2030 538; x_wconf 89' lang='lat' dir='ltr'><strong>tibi</strong></span> <span class='ocrx_word' id='word_1_16' title='bbox 2081 497 2275 540; x_wconf 91' lang='lat' dir='ltr'><strong>coram</strong></span> <span class='ocrx_word' id='word_1_17' title='bbox 2335 486 2606 542; x_wconf 92' lang='lat' dir='ltr'><strong>omnibus</strong></span> <span class='ocrx_word' id='word_1_18' title='bbox 2643 487 2800 556; x_wconf 91' lang='lat' dir='ltr'><strong>quod</strong></span> <span class='ocrx_word' id='word_1_19' title='bbox 2850 501 2966 542; x_wconf 90' lang='lat' dir='ltr'><strong>non</strong></span> <span class='ocrx_word' id='word_1_20' title='bbox 3015 487 3184 544; x_wconf 84' lang='lat' dir='ltr'><strong>credo</strong></span> <span class='ocrx_word' id='word_1_21' title='bbox 3231 487 3354 555; x_wconf 84' lang='lat' dir='ltr'><strong>tibi,</strong></span> <span class='ocrx_word' id='word_1_22' title='bbox 3408 497 3460 545; x_wconf 88' lang='lat' dir='ltr'><strong>te</strong></span> <span class='ocrx_word' id='word_1_23' title='bbox 3509 505 3625 546; x_wconf 91' lang='lat' dir='ltr'><strong>non</strong></span> 
     </span>
    </p>
   </div>
   <div class='ocr_carea' id='block_1_5' title="bbox 100 567 1811 637">
    <p class='ocr_par' dir='ltr' id='par_1_5' title="bbox 100 567 1811 637">
     <span class='ocr_line' id='line_1_5' title="bbox 100 567 1811 637; baseline 0.003 -16"><span class='ocrx_word' id='word_1_24' title='bbox 100 567 413 637; x_wconf 88' lang='lat' dir='ltr'><strong>episcopus</strong></span> <span class='ocrx_word' id='word_1_25' title='bbox 445 577 507 624; x_wconf 92' lang='lat' dir='ltr'><strong>ut</strong></span> <span class='ocrx_word' id='word_1_26' title='bbox 557 577 724 624; x_wconf 90' lang='lat' dir='ltr'><strong>caute</strong></span> <span class='ocrx_word' id='word_1_27' title='bbox 759 571 1111 625; x_wconf 90' lang='lat' dir='ltr'><strong>custodirent</strong></span> <span class='ocrx_word' id='word_1_28' title='bbox 1136 585 1290 625; x_wconf 91' lang='lat' dir='ltr'><strong>eum.</strong></span> <span class='ocrx_word' id='word_1_29' title='bbox 1346 571 1670 625; x_wconf 87' lang='lat' dir='ltr'><strong>Prostratus</strong></span> <span class='ocrx_word' id='word_1_30' title='bbox 1720 569 1811 626; x_wconf 86' lang='lat' dir='ltr'><strong>ille</strong></span> 
     </span>
    </p>
   </div>
   <div class='ocr_carea' id='block_1_6' title="bbox 103 656 1810 728">
    <p class='ocr_par' dir='ltr' id='par_1_6' title="bbox 103 656 1810 728">
     <span class='ocr_line' id='line_1_6' title="bbox 103 656 1810 728; baseline 0.002 -20"><span class='ocrx_word' id='word_1_31' title='bbox 103 656 357 722; x_wconf 78' lang='lat' dir='ltr'><strong>pedibus</strong></span> <span class='ocrx_word' id='word_1_32' title='bbox 399 657 626 712; x_wconf 78' lang='lat' dir='ltr'><strong>abbatis</strong></span> <span class='ocrx_word' id='word_1_33' title='bbox 668 664 835 727; x_wconf 84' lang='lat' dir='ltr'><strong>rogat</strong></span> <span class='ocrx_word' id='word_1_34' title='bbox 884 664 947 712; x_wconf 92' lang='lat' dir='ltr'><strong>ut</strong></span> <span class='ocrx_word' id='word_1_35' title='bbox 977 672 1169 713; x_wconf 80' lang='lat' dir='ltr'>secum</span> <span class='ocrx_word' id='word_1_36' title='bbox 1225 659 1295 712; x_wconf 91' lang='lat' dir='ltr'><strong>ad</strong></span> <span class='ocrx_word' id='word_1_37' title='bbox 1327 659 1651 728; x_wconf 84' lang='lat' dir='ltr'><strong>episcopum</strong></span> <span class='ocrx_word' id='word_1_38' title='bbox 1701 669 1810 716; x_wconf 88' lang='lat' dir='ltr'><strong>eat.</strong></span> 
     </span>
    </p>
   </div>
   <div class='ocr_carea' id='block_1_7' title="bbox 102 743 1805 816">
    <p class='ocr_par' dir='ltr' id='par_1_7' title="bbox 102 743 1805 816">
     <span class='ocr_line' id='line_1_7' title="bbox 102 743 1805 816; baseline 0.005 -21"><span class='ocrx_word' id='word_1_39' title='bbox 102 743 439 811; x_wconf 81' lang='lat' dir='ltr'><strong>Acquiescit</strong></span> <span class='ocrx_word' id='word_1_40' title='bbox 501 744 681 798; x_wconf 87' lang='lat' dir='ltr'><strong>abbas</strong></span> <span class='ocrx_word' id='word_1_41' title='bbox 724 752 778 798; x_wconf 91' lang='lat' dir='ltr'><strong>et</strong></span> <span class='ocrx_word' id='word_1_42' title='bbox 826 758 960 799; x_wconf 91' lang='lat' dir='ltr'><strong>cum</strong></span> <span class='ocrx_word' id='word_1_43' title='bbox 1011 759 1075 799; x_wconf 91' lang='lat' dir='ltr'><strong>eo</strong></span> <span class='ocrx_word' id='word_1_44' title='bbox 1125 746 1194 799; x_wconf 90' lang='lat' dir='ltr'><strong>ad</strong></span> <span class='ocrx_word' id='word_1_45' title='bbox 1243 747 1569 816; x_wconf 89' lang='lat' dir='ltr'><strong>episcopum</strong></span> <span class='ocrx_word' id='word_1_46' title='bbox 1622 750 1805 802; x_wconf 89' lang='lat' dir='ltr'><strong>vadit.</strong></span> 
     </span>
    </p>
   </div>
   <div class='ocr_carea' id='block_1_8' title="bbox 103 829 1816 900">
    <p class='ocr_par' dir='ltr' id='par_1_8' title="bbox 103 829 1816 900">
     <span class='ocr_line' id='line_1_8' title="bbox 103 829 1816 900; baseline 0.005 -17"><span class='ocrx_word' id='word_1_47' title='bbox 103 829 502 886; x_wconf 87' lang='lat' dir='ltr'><strong>Prosternitur</strong></span> <span class='ocrx_word' id='word_1_48' title='bbox 535 832 626 886; x_wconf 92' lang='lat' dir='ltr'><strong>ille</strong></span> <span class='ocrx_word' id='word_1_49' title='bbox 660 831 901 900; x_wconf 86' lang='lat' dir='ltr'><strong>pedibus</strong></span> <span class='ocrx_word' id='word_1_50' title='bbox 942 833 1233 900; x_wconf 89' lang='lat' dir='ltr'><strong>antistitis,</strong></span> <span class='ocrx_word' id='word_1_51' title='bbox 1283 834 1590 890; x_wconf 85' lang='lat' dir='ltr'><strong>obsecrans</strong></span> <span class='ocrx_word' id='word_1_52' title='bbox 1636 837 1816 891; x_wconf 90' lang='lat' dir='ltr'><strong>vitam</strong></span> 
     </span>
    </p>
   </div>
   <div class='ocr_carea' id='block_1_9' title="bbox 101 919 1811 992">
    <p class='ocr_par' dir='ltr' id='par_1_9' title="bbox 101 919 1811 992">
     <span class='ocr_line' id='line_1_9' title="bbox 101 919 1811 992; baseline 0.004 -21"><span class='ocrx_word' id='word_1_53' title='bbox 101 925 159 972; x_wconf 91' lang='lat' dir='ltr'><strong>et</strong></span> <span class='ocrx_word' id='word_1_54' title='bbox 204 920 460 975; x_wconf 90' lang='lat' dir='ltr'><strong>membra</strong></span> <span class='ocrx_word' id='word_1_55' title='bbox 518 920 622 975; x_wconf 91' lang='lat' dir='ltr'><strong>sibi</strong></span> <span class='ocrx_word' id='word_1_56' title='bbox 665 920 919 974; x_wconf 89' lang='lat' dir='ltr'><strong>concedi.</strong></span> <span class='ocrx_word' id='word_1_57' title='bbox 971 919 1073 975; x_wconf 90' lang='lat' dir='ltr'><strong>Cui</strong></span> <span class='ocrx_word' id='word_1_58' title='bbox 1122 922 1439 991; x_wconf 88' lang='lat' dir='ltr'><strong>episcopus.</strong></span> <span class='ocrx_word' id='word_1_59' title='bbox 1479 925 1610 992; x_wconf 89' lang='lat' dir='ltr'><strong>quis</strong></span> <span class='ocrx_word' id='word_1_60' title='bbox 1637 927 1811 991; x_wconf 89' lang='lat' dir='ltr'><strong>enim,</strong></span> 
     </span>
    </p>
   </div>
   <div class='ocr_carea' id='block_1_10' title="bbox 104 1007 1814 1077">
    <p class='ocr_par' dir='ltr' id='par_1_10' title="bbox 104 1007 1814 1077">
     <span class='ocr_line' id='line_1_10' title="bbox 104 1007 1814 1077; baseline 0.004 -18"><span class='ocrx_word' id='word_1_61' title='bbox 104 1007 324 1075; x_wconf 88' lang='lat' dir='ltr'><strong>inquit,</strong></span> <span class='ocrx_word' id='word_1_62' title='bbox 384 1016 435 1063; x_wconf 89' lang='lat' dir='ltr'><strong>te</strong></span> <span class='ocrx_word' id='word_1_63' title='bbox 484 1010 900 1077; x_wconf 80' lang='lat' dir='ltr'><strong>persequitur?</strong></span> <span class='ocrx_word' id='word_1_64' title='bbox 951 1010 1139 1065; x_wconf 78' lang='lat' dir='ltr'><strong>Redde</strong></span> <span class='ocrx_word' id='word_1_65' title='bbox 1186 1011 1522 1068; x_wconf 86' lang='lat' dir='ltr'><strong>thesaurum</strong></span> <span class='ocrx_word' id='word_1_66' title='bbox 1567 1014 1814 1068; x_wconf 78' lang='lat' dir='ltr'><strong>dominae</strong></span> 
     </span>
    </p>
   </div>
   <div class='ocr_carea' id='block_1_11' title="bbox 106 1097 1817 1170">
    <p class='ocr_par' dir='ltr' id='par_1_11' title="bbox 106 1097 1817 1170">
     <span class='ocr_line' id='line_1_11' title="bbox 106 1097 1817 1170; baseline 0.005 -22"><span class='ocrx_word' id='word_1_67' title='bbox 106 1108 256 1149; x_wconf 62' lang='lat' dir='ltr'><strong>mea;</strong></span> <span class='ocrx_word' id='word_1_68' title='bbox 283 1104 495 1151; x_wconf 74' lang='lat' dir='ltr'><strong>sanctae</strong></span> <span class='ocrx_word' id='word_1_69' title='bbox 530 1097 742 1162; x_wconf 67' lang='lat' dir='ltr'><strong>Mariae,</strong></span> <span class='ocrx_word' id='word_1_70' title='bbox 777 1105 830 1151; x_wconf 87' lang='lat' dir='ltr'><strong>et</strong></span> <span class='ocrx_word' id='word_1_71' title='bbox 858 1112 1210 1168; x_wconf 91' lang='lat' dir='ltr'><strong>quocunque</strong></span> <span class='ocrx_word' id='word_1_72' title='bbox 1241 1100 1490 1154; x_wconf 91' lang='lat' dir='ltr'><strong>volueris</strong></span> <span class='ocrx_word' id='word_1_73' title='bbox 1514 1101 1657 1156; x_wconf 89' lang='lat' dir='ltr'><strong>liber</strong></span> <span class='ocrx_word' id='word_1_74' title='bbox 1679 1117 1817 1170; x_wconf 90' lang='lat' dir='ltr'><strong>pro-</strong></span> 
     </span>
    </p>
   </div>
   <div class='ocr_carea' id='block_1_12' title="bbox 111 1181 1804 1257">
    <p class='ocr_par' dir='ltr' id='par_1_12' title="bbox 111 1181 1804 1257">
     <span class='ocr_line' id='line_1_12' title="bbox 111 1181 1804 1257; baseline 0.006 -23"><span class='ocrx_word' id='word_1_75' title='bbox 111 1181 386 1238; x_wconf 83' lang='lat' dir='ltr'><strong>ficiscere.</strong></span> <span class='ocrx_word' id='word_1_76' title='bbox 439 1185 744 1239; x_wconf 84' lang='lat' dir='ltr'><strong>Anselmus</strong></span> <span class='ocrx_word' id='word_1_77' title='bbox 790 1195 1064 1241; x_wconf 84' lang='lat' dir='ltr'><strong>consueto</strong></span> <span class='ocrx_word' id='word_1_78' title='bbox 1099 1201 1252 1242; x_wconf 91' lang='lat' dir='ltr'><strong>more</strong></span> <span class='ocrx_word' id='word_1_79' title='bbox 1299 1187 1650 1257; x_wconf 89' lang='lat' dir='ltr'><strong>imprecatur</strong></span> <span class='ocrx_word' id='word_1_80' title='bbox 1678 1190 1804 1251; x_wconf 88' lang='lat' dir='ltr'><strong>sibi.</strong></span> 
     </span>
    </p>
   </div>
   <div class='ocr_carea' id='block_1_13' title="bbox 103 1270 1812 1344">
    <p class='ocr_par' dir='ltr' id='par_1_13' title="bbox 103 1270 1812 1344">
     <span class='ocr_line' id='line_1_13' title="bbox 103 1270 1812 1344; baseline 0.006 -22"><span class='ocrx_word' id='word_1_81' title='bbox 103 1277 170 1323; x_wconf 91' lang='lat' dir='ltr'><strong>ut</strong></span> <span class='ocrx_word' id='word_1_82' title='bbox 205 1270 289 1324; x_wconf 91' lang='lat' dir='ltr'><strong>sic</strong></span> <span class='ocrx_word' id='word_1_83' title='bbox 336 1273 724 1341; x_wconf 90' lang='lat' dir='ltr'><strong>suspendatur</strong></span> <span class='ocrx_word' id='word_1_84' title='bbox 753 1274 901 1328; x_wconf 89' lang='lat' dir='ltr'><strong>sicut</strong></span> <span class='ocrx_word' id='word_1_85' title='bbox 949 1275 1143 1339; x_wconf 78' lang='lat' dir='ltr'><strong>ludas,</strong></span> <span class='ocrx_word' id='word_1_86' title='bbox 1187 1275 1290 1344; x_wconf 87' lang='lat' dir='ltr'><strong>qui</strong></span> <span class='ocrx_word' id='word_1_87' title='bbox 1339 1276 1520 1331; x_wconf 93' lang='lat' dir='ltr'><strong>Deum</strong></span> <span class='ocrx_word' id='word_1_88' title='bbox 1557 1278 1812 1342; x_wconf 81' lang='lat' dir='ltr'><strong>tradidit,</strong></span> 
     </span>
    </p>
   </div>
   <div class='ocr_carea' id='block_1_14' title="bbox 103 1356 1810 1433">
    <p class='ocr_par' dir='ltr' id='par_1_14' title="bbox 103 1356 1810 1433">
     <span class='ocr_line' id='line_1_14' title="bbox 103 1356 1810 1433; baseline 0.006 -24"><span class='ocrx_word' id='word_1_89' title='bbox 103 1356 151 1409; x_wconf 89' lang='lat' dir='ltr'><strong>si</strong></span> <span class='ocrx_word' id='word_1_90' title='bbox 182 1357 407 1427; x_wconf 91' lang='lat' dir='ltr'><strong>aliquid</strong></span> <span class='ocrx_word' id='word_1_91' title='bbox 438 1360 647 1416; x_wconf 82' lang='lat' dir='ltr'><strong>exinde</strong></span> <span class='ocrx_word' id='word_1_92' title='bbox 677 1361 961 1417; x_wconf 87' lang='lat' dir='ltr'><strong>habuerit.</strong></span> <span class='ocrx_word' id='word_1_93' title='bbox 995 1363 1156 1417; x_wconf 87' lang='lat' dir='ltr'><strong>Tunc</strong></span> <span class='ocrx_word' id='word_1_94' title='bbox 1186 1364 1445 1433; x_wconf 75' lang='lat' dir='ltr'><strong>praesul:</strong></span> <span class='ocrx_word' id='word_1_95' title='bbox 1482 1365 1674 1420; x_wconf 89' lang='lat' dir='ltr'><strong>Palam</strong></span> <span class='ocrx_word' id='word_1_96' title='bbox 1708 1373 1810 1433; x_wconf 92' lang='lat' dir='ltr'><strong>est,</strong></span> 
     </span>
    </p>
   </div>
   <div class='ocr_carea' id='block_1_15' title="bbox 105 1430 1812 1520">
    <p class='ocr_par' dir='ltr' id='par_1_15' title="bbox 105 1430 1812 1520">
     <span class='ocr_line' id='line_1_15' title="bbox 105 1430 1812 1520; baseline 0.007 -24"><span class='ocrx_word' id='word_1_97' title='bbox 105 1443 324 1513; x_wconf 89' lang='lat' dir='ltr'><strong>inquit,</strong></span> <span class='ocrx_word' id='word_1_98' title='bbox 357 1454 409 1501; x_wconf 91' lang='lat' dir='ltr'><strong>te</strong></span> <span class='ocrx_word' id='word_1_99' title='bbox 441 1449 697 1518; x_wconf 89' lang='lat' dir='ltr'><strong>mentiri;</strong></span> <span class='ocrx_word' id='word_1_100' title='bbox 726 1449 866 1518; x_wconf 89' lang='lat' dir='ltr'><strong>quia</strong></span> <span class='ocrx_word' id='word_1_101' title='bbox 910 1449 1126 1519; x_wconf 80' lang='lat' dir='ltr'><strong>lapides</strong></span> <span class='ocrx_word' id='word_1_102' title='bbox 1164 1430 1471 1508; x_wconf 33' lang='lat' dir='ltr'><strong>c&#39;astellano</strong></span> <span class='ocrx_word' id='word_1_103' title='bbox 1499 1430 1812 1520; x_wconf 79' lang='lat' dir='ltr'><strong>reddidisti,</strong></span> 
     </span>
    </p>
   </div>
   <div class='ocr_carea' id='block_1_16' title="bbox 102 1533 1817 1611">
    <p class='ocr_par' dir='ltr' id='par_1_16' title="bbox 102 1533 1817 1611">
     <span class='ocr_line' id='line_1_16' title="bbox 102 1533 1817 1611; baseline 0.007 -25"><span class='ocrx_word' id='word_1_104' title='bbox 102 1539 160 1586; x_wconf 91' lang='lat' dir='ltr'><strong>et</strong></span> <span class='ocrx_word' id='word_1_105' title='bbox 198 1533 344 1587; x_wconf 93' lang='lat' dir='ltr'><strong>mihi</strong></span> <span class='ocrx_word' id='word_1_106' title='bbox 395 1536 630 1591; x_wconf 87' lang='lat' dir='ltr'><strong>reddere</strong></span> <span class='ocrx_word' id='word_1_107' title='bbox 661 1537 915 1592; x_wconf 91' lang='lat' dir='ltr'><strong>noluisti.</strong></span> <span class='ocrx_word' id='word_1_108' title='bbox 967 1538 1174 1607; x_wconf 89' lang='lat' dir='ltr'><strong>Sponte</strong></span> <span class='ocrx_word' id='word_1_109' title='bbox 1204 1553 1341 1595; x_wconf 91' lang='lat' dir='ltr'><strong>vero</strong></span> <span class='ocrx_word' id='word_1_110' title='bbox 1375 1548 1474 1596; x_wconf 89' lang='lat' dir='ltr'><strong>tua</strong></span> <span class='ocrx_word' id='word_1_111' title='bbox 1507 1542 1642 1596; x_wconf 93' lang='lat' dir='ltr'><strong>mihi</strong></span> <span class='ocrx_word' id='word_1_112' title='bbox 1681 1557 1817 1611; x_wconf 92' lang='lat' dir='ltr'><strong>pro—</strong></span> 
     </span>
    </p>
   </div>
   <div class='ocr_carea' id='block_1_17' title="bbox 107 1619 1816 1700">
    <p class='ocr_par' dir='ltr' id='par_1_17' title="bbox 107 1619 1816 1700">
     <span class='ocr_line' id='line_1_17' title="bbox 107 1619 1816 1700; baseline 0.007 -28"><span class='ocrx_word' id='word_1_113' title='bbox 107 1619 335 1689; x_wconf 89' lang='lat' dir='ltr'><strong>misisti,</strong></span> <span class='ocrx_word' id='word_1_114' title='bbox 393 1624 547 1692; x_wconf 91' lang='lat' dir='ltr'><strong>quod</strong></span> <span class='ocrx_word' id='word_1_115' title='bbox 597 1624 641 1678; x_wconf 92' lang='lat' dir='ltr'><strong>si</strong></span> <span class='ocrx_word' id='word_1_116' title='bbox 685 1625 784 1680; x_wconf 91' lang='lat' dir='ltr'><strong>tibi</strong></span> <span class='ocrx_word' id='word_1_117' title='bbox 835 1626 1042 1681; x_wconf 83' lang='lat' dir='ltr'><strong>exinde</strong></span> <span class='ocrx_word' id='word_1_118' title='bbox 1076 1642 1188 1682; x_wconf 90' lang='lat' dir='ltr'><strong>non</strong></span> <span class='ocrx_word' id='word_1_119' title='bbox 1239 1627 1547 1696; x_wconf 85' lang='lat' dir='ltr'><strong>crederem,</strong></span> <span class='ocrx_word' id='word_1_120' title='bbox 1598 1631 1816 1700; x_wconf 90' lang='lat' dir='ltr'><strong>judicio</strong></span> 
     </span>
    </p>
   </div>
   <div class='ocr_carea' id='block_1_18' title="bbox 102 1714 1815 1786">
    <p class='ocr_par' dir='ltr' id='par_1_18' title="bbox 102 1714 1815 1786">
     <span class='ocr_line' id='line_1_18' title="bbox 102 1714 1815 1786; baseline 0.007 -24"><span class='ocrx_word' id='word_1_121' title='bbox 102 1722 281 1777; x_wconf 69' lang='lat' dir='ltr'><strong>aquae</strong></span> <span class='ocrx_word' id='word_1_122' title='bbox 313 1718 366 1765; x_wconf 91' lang='lat' dir='ltr'><strong>te</strong></span> <span class='ocrx_word' id='word_1_123' title='bbox 389 1725 686 1782; x_wconf 88' lang='lat' dir='ltr'><strong>purgares,</strong></span> <span class='ocrx_word' id='word_1_124' title='bbox 722 1721 823 1769; x_wconf 89' lang='lat' dir='ltr'><strong>aut</strong></span> <span class='ocrx_word' id='word_1_125' title='bbox 854 1714 898 1768; x_wconf 90' lang='lat' dir='ltr'><strong>si</strong></span> <span class='ocrx_word' id='word_1_126' title='bbox 930 1714 1112 1770; x_wconf 88' lang='lat' dir='ltr'><strong>facere</strong></span> <span class='ocrx_word' id='word_1_127' title='bbox 1133 1715 1331 1781; x_wconf 86' lang='lat' dir='ltr'><strong>nolles,</strong></span> <span class='ocrx_word' id='word_1_128' title='bbox 1362 1717 1689 1773; x_wconf 89' lang='lat' dir='ltr'><strong>concessisti</strong></span> <span class='ocrx_word' id='word_1_129' title='bbox 1716 1733 1815 1786; x_wconf 92' lang='lat' dir='ltr'><strong>pu-</strong></span> 
     </span>
    </p>
   </div>
   <div class='ocr_carea' id='block_1_19' title="bbox 106 1796 1813 1874">
    <p class='ocr_par' dir='ltr' id='par_1_19' title="bbox 106 1796 1813 1874">
     <span class='ocr_line' id='line_1_19' title="bbox 106 1796 1813 1874; baseline 0.006 -24"><span class='ocrx_word' id='word_1_130' title='bbox 106 1796 258 1854; x_wconf 86' lang='lat' dir='ltr'><strong>blice</strong></span> <span class='ocrx_word' id='word_1_131' title='bbox 288 1806 351 1854; x_wconf 93' lang='lat' dir='ltr'><strong>ut</strong></span> <span class='ocrx_word' id='word_1_132' title='bbox 394 1801 782 1869; x_wconf 89' lang='lat' dir='ltr'><strong>suspenderis.</strong></span> <span class='ocrx_word' id='word_1_133' title='bbox 816 1802 978 1873; x_wconf 87' lang='lat' dir='ltr'><strong>Elige</strong></span> <span class='ocrx_word' id='word_1_134' title='bbox 1022 1817 1158 1874; x_wconf 86' lang='lat' dir='ltr'><strong>ergo</strong></span> <span class='ocrx_word' id='word_1_135' title='bbox 1190 1805 1344 1874; x_wconf 92' lang='lat' dir='ltr'><strong>quod</strong></span> <span class='ocrx_word' id='word_1_136' title='bbox 1374 1805 1643 1861; x_wconf 89' lang='lat' dir='ltr'><strong>volueris.</strong></span> <span class='ocrx_word' id='word_1_137' title='bbox 1678 1807 1813 1861; x_wconf 93' lang='lat' dir='ltr'><strong>Dico</strong></span> 
     </span>
    </p>
   </div>
   <div class='ocr_carea' id='block_1_20' title="bbox 1923 571 3625 644">
    <p class='ocr_par' dir='ltr' id='par_1_20' title="bbox 1923 571 3625 644">
     <span class='ocr_line' id='line_1_20' title="bbox 1923 571 3625 644; baseline 0.005 -18"><span class='ocrx_word' id='word_1_138' title='bbox 1923 571 2190 628; x_wconf 91' lang='lat' dir='ltr'><strong>habuisse</strong></span> <span class='ocrx_word' id='word_1_139' title='bbox 2224 574 2561 629; x_wconf 87' lang='lat' dir='ltr'><strong>thesaurum</strong></span> <span class='ocrx_word' id='word_1_140' title='bbox 2611 573 2661 630; x_wconf 92' lang='lat' dir='ltr'><strong>S.</strong></span> <span class='ocrx_word' id='word_1_141' title='bbox 2695 575 2908 630; x_wconf 66' lang='lat' dir='ltr'><strong>Mariae.</strong></span> <span class='ocrx_word' id='word_1_142' title='bbox 2942 578 3055 631; x_wconf 79' lang='lat' dir='ltr'><strong>Aut</strong></span> <span class='ocrx_word' id='word_1_143' title='bbox 3104 576 3264 632; x_wconf 92' lang='lat' dir='ltr'><strong>illum</strong></span> <span class='ocrx_word' id='word_1_144' title='bbox 3299 577 3488 644; x_wconf 90' lang='lat' dir='ltr'><strong>redde,</strong></span> <span class='ocrx_word' id='word_1_145' title='bbox 3523 587 3625 635; x_wconf 90' lang='lat' dir='ltr'><strong>aut</strong></span> 
     </span>
    </p>
   </div>
   <div class='ocr_carea' id='block_1_21' title="bbox 1927 661 3626 734">
    <p class='ocr_par' dir='ltr' id='par_1_21' title="bbox 1927 661 3626 734">
     <span class='ocr_line' id='line_1_21' title="bbox 1927 661 3626 734; baseline 0.005 -21"><span class='ocrx_word' id='word_1_146' title='bbox 1927 675 2113 732; x_wconf 89' lang='lat' dir='ltr'><strong>purga</strong></span> <span class='ocrx_word' id='word_1_147' title='bbox 2156 669 2205 716; x_wconf 87' lang='lat' dir='ltr'><strong>te</strong></span> <span class='ocrx_word' id='word_1_148' title='bbox 2237 661 2385 717; x_wconf 90' lang='lat' dir='ltr'><strong>sicut</strong></span> <span class='ocrx_word' id='word_1_149' title='bbox 2413 662 2670 717; x_wconf 88' lang='lat' dir='ltr'><strong>obtulisti</strong></span> <span class='ocrx_word' id='word_1_150' title='bbox 2701 663 2922 732; x_wconf 88' lang='lat' dir='ltr'><strong>judicio</strong></span> <span class='ocrx_word' id='word_1_151' title='bbox 2953 678 3141 733; x_wconf 88' lang='lat' dir='ltr'><strong>aquae,</strong></span> <span class='ocrx_word' id='word_1_152' title='bbox 3187 673 3289 720; x_wconf 87' lang='lat' dir='ltr'><strong>aut</strong></span> <span class='ocrx_word' id='word_1_153' title='bbox 3321 666 3626 734; x_wconf 87' lang='lat' dir='ltr'><strong>suspende-</strong></span> 
     </span>
    </p>
   </div>
   <div class='ocr_carea' id='block_1_22' title="bbox 1924 749 3626 822">
    <p class='ocr_par' dir='ltr' id='par_1_22' title="bbox 1924 749 3626 822">
     <span class='ocr_line' id='line_1_22' title="bbox 1924 749 3626 822; baseline 0.005 -20"><span class='ocrx_word' id='word_1_154' title='bbox 1924 749 2002 802; x_wconf 86' lang='lat' dir='ltr'><strong>ris</strong></span> <span class='ocrx_word' id='word_1_155' title='bbox 2033 750 2182 804; x_wconf 89' lang='lat' dir='ltr'><strong>sicut</strong></span> <span class='ocrx_word' id='word_1_156' title='bbox 2213 751 2556 805; x_wconf 87' lang='lat' dir='ltr'><strong>concessisti.</strong></span> <span class='ocrx_word' id='word_1_157' title='bbox 2589 751 2664 805; x_wconf 89' lang='lat' dir='ltr'><strong>De</strong></span> <span class='ocrx_word' id='word_1_158' title='bbox 2701 751 2787 806; x_wconf 82' lang='lat' dir='ltr'><strong>his</strong></span> <span class='ocrx_word' id='word_1_159' title='bbox 2819 752 3005 806; x_wconf 89' lang='lat' dir='ltr'><strong>tribus</strong></span> <span class='ocrx_word' id='word_1_160' title='bbox 3037 751 3138 807; x_wconf 91' lang='lat' dir='ltr'><strong>tibi</strong></span> <span class='ocrx_word' id='word_1_161' title='bbox 3175 753 3465 822; x_wconf 89' lang='lat' dir='ltr'><strong>optionem</strong></span> <span class='ocrx_word' id='word_1_162' title='bbox 3497 769 3626 810; x_wconf 85' lang='lat' dir='ltr'><strong>con-</strong></span> 
     </span>
    </p>
   </div>
   <div class='ocr_carea' id='block_1_23' title="bbox 1923 838 3624 908">
    <p class='ocr_par' dir='ltr' id='par_1_23' title="bbox 1923 838 3624 908">
     <span class='ocr_line' id='line_1_23' title="bbox 1923 838 3624 908; baseline 0.004 -16"><span class='ocrx_word' id='word_1_163' title='bbox 1923 838 2078 892; x_wconf 82' lang='lat' dir='ltr'><strong>cedo.</strong></span> <span class='ocrx_word' id='word_1_164' title='bbox 2135 839 2457 908; x_wconf 80' lang='lat' dir='ltr'><strong>BeSpondet</strong></span> <span class='ocrx_word' id='word_1_165' title='bbox 2503 839 2811 894; x_wconf 85' lang='lat' dir='ltr'><strong>Anselmus</strong></span> <span class='ocrx_word' id='word_1_166' title='bbox 2852 855 2954 895; x_wconf 89' lang='lat' dir='ltr'><strong>nec</strong></span> <span class='ocrx_word' id='word_1_167' title='bbox 2984 855 3042 896; x_wconf 91' lang='lat' dir='ltr'><strong>se</strong></span> <span class='ocrx_word' id='word_1_168' title='bbox 3087 841 3356 896; x_wconf 89' lang='lat' dir='ltr'><strong>habuisse</strong></span> <span class='ocrx_word' id='word_1_169' title='bbox 3387 843 3624 899; x_wconf 89' lang='lat' dir='ltr'><strong>thesau-</strong></span> 
     </span>
    </p>
   </div>
   <div class='ocr_carea' id='block_1_24' title="bbox 1925 925 3624 995">
    <p class='ocr_par' dir='ltr' id='par_1_24' title="bbox 1925 925 3624 995">
     <span class='ocr_line' id='line_1_24' title="bbox 1925 925 3624 995; baseline 0.004 -16"><span class='ocrx_word' id='word_1_170' title='bbox 1925 938 2074 991; x_wconf 88' lang='lat' dir='ltr'><strong>rum,</strong></span> <span class='ocrx_word' id='word_1_171' title='bbox 2114 941 2215 980; x_wconf 82' lang='lat' dir='ltr'><strong>nec</strong></span> <span class='ocrx_word' id='word_1_172' title='bbox 2264 925 2550 995; x_wconf 88' lang='lat' dir='ltr'><strong>judicium</strong></span> <span class='ocrx_word' id='word_1_173' title='bbox 2593 939 2760 995; x_wconf 64' lang='lat' dir='ltr'><strong>aqua;</strong></span> <span class='ocrx_word' id='word_1_174' title='bbox 2808 926 3045 994; x_wconf 88' lang='lat' dir='ltr'><strong>proinde</strong></span> <span class='ocrx_word' id='word_1_175' title='bbox 3098 927 3410 984; x_wconf 79' lang='lat' dir='ltr'><strong>facturum.</strong></span> <span class='ocrx_word' id='word_1_176' title='bbox 3459 929 3624 985; x_wconf 90' lang='lat' dir='ltr'><strong>Tunc</strong></span> 
     </span>
    </p>
   </div>
   <div class='ocr_carea' id='block_1_25' title="bbox 1921 1013 3619 1086">
    <p class='ocr_par' dir='ltr' id='par_1_25' title="bbox 1921 1013 3619 1086">
     <span class='ocr_line' id='line_1_25' title="bbox 1921 1013 3619 1086; baseline 0.004 -19"><span class='ocrx_word' id='word_1_177' title='bbox 1921 1013 2224 1083; x_wconf 89' lang='lat' dir='ltr'><strong>episcopus</strong></span> <span class='ocrx_word' id='word_1_178' title='bbox 2270 1022 2579 1069; x_wconf 86' lang='lat' dir='ltr'><strong>convocato</strong></span> <span class='ocrx_word' id='word_1_179' title='bbox 2629 1014 2881 1084; x_wconf 88' lang='lat' dir='ltr'><strong>generali</strong></span> <span class='ocrx_word' id='word_1_180' title='bbox 2923 1025 3211 1070; x_wconf 89' lang='lat' dir='ltr'><strong>conventu</strong></span> <span class='ocrx_word' id='word_1_181' title='bbox 3259 1016 3619 1086; x_wconf 90' lang='lat' dir='ltr'><strong>clericorum,</strong></span> 
     </span>
    </p>
   </div>
   <div class='ocr_carea' id='block_1_26' title="bbox 1923 1101 3623 1171">
    <p class='ocr_par' dir='ltr' id='par_1_26' title="bbox 1923 1101 3623 1171">
     <span class='ocr_line' id='line_1_26' title="bbox 1923 1101 3623 1171; baseline 0.003 -15"><span class='ocrx_word' id='word_1_182' title='bbox 1923 1101 2169 1156; x_wconf 90' lang='lat' dir='ltr'><strong>militum</strong></span> <span class='ocrx_word' id='word_1_183' title='bbox 2200 1110 2253 1156; x_wconf 90' lang='lat' dir='ltr'><strong>et</strong></span> <span class='ocrx_word' id='word_1_184' title='bbox 2279 1102 2515 1163; x_wconf 89' lang='lat' dir='ltr'><strong>civium.</strong></span> <span class='ocrx_word' id='word_1_185' title='bbox 2541 1116 2776 1157; x_wconf 86' lang='lat' dir='ltr'><strong>causam</strong></span> <span class='ocrx_word' id='word_1_186' title='bbox 2807 1101 3020 1171; x_wconf 83' lang='lat' dir='ltr'><strong>profert</strong></span> <span class='ocrx_word' id='word_1_187' title='bbox 3055 1104 3110 1158; x_wconf 92' lang='lat' dir='ltr'><strong>in</strong></span> <span class='ocrx_word' id='word_1_188' title='bbox 3144 1103 3413 1159; x_wconf 88' lang='lat' dir='ltr'><strong>medium.</strong></span> <span class='ocrx_word' id='word_1_189' title='bbox 3449 1104 3623 1161; x_wconf 83' lang='lat' dir='ltr'><strong>Com-</strong></span> 
     </span>
    </p>
   </div>
   <div class='ocr_carea' id='block_1_27' title="bbox 1924 1190 3626 1261">
    <p class='ocr_par' dir='ltr' id='par_1_27' title="bbox 1924 1190 3626 1261">
     <span class='ocr_line' id='line_1_27' title="bbox 1924 1190 3626 1261; baseline 0.003 -18"><span class='ocrx_word' id='word_1_190' title='bbox 1924 1190 2086 1244; x_wconf 90' lang='lat' dir='ltr'><strong>muni</strong></span> <span class='ocrx_word' id='word_1_191' title='bbox 2140 1191 2400 1245; x_wconf 93' lang='lat' dir='ltr'><strong>omnium</strong></span> <span class='ocrx_word' id='word_1_192' title='bbox 2453 1193 2733 1245; x_wconf 90' lang='lat' dir='ltr'><strong>sententia</strong></span> <span class='ocrx_word' id='word_1_193' title='bbox 2764 1190 3079 1260; x_wconf 89' lang='lat' dir='ltr'><strong>judicatur,</strong></span> <span class='ocrx_word' id='word_1_194' title='bbox 3142 1199 3205 1247; x_wconf 92' lang='lat' dir='ltr'><strong>ut</strong></span> <span class='ocrx_word' id='word_1_195' title='bbox 3249 1192 3405 1261; x_wconf 85' lang='lat' dir='ltr'><strong>quod</strong></span> <span class='ocrx_word' id='word_1_196' title='bbox 3451 1193 3626 1249; x_wconf 90' lang='lat' dir='ltr'><strong>miser</strong></span> 
     </span>
    </p>
   </div>
   <div class='ocr_carea' id='block_1_28' title="bbox 1923 1277 3624 1348">
    <p class='ocr_par' dir='ltr' id='par_1_28' title="bbox 1923 1277 3624 1348">
     <span class='ocr_line' id='line_1_28' title="bbox 1923 1277 3624 1348; baseline 0.002 -16"><span class='ocrx_word' id='word_1_197' title='bbox 1923 1292 2020 1332; x_wconf 89' lang='lat' dir='ltr'><strong>ore</strong></span> <span class='ocrx_word' id='word_1_198' title='bbox 2053 1280 2284 1348; x_wconf 90' lang='lat' dir='ltr'><strong>proprio</strong></span> <span class='ocrx_word' id='word_1_199' title='bbox 2310 1285 2592 1333; x_wconf 86' lang='lat' dir='ltr'><strong>statuerat</strong></span> <span class='ocrx_word' id='word_1_200' title='bbox 2622 1277 3023 1346; x_wconf 92' lang='lat' dir='ltr'><strong>compleretur.</strong></span> <span class='ocrx_word' id='word_1_201' title='bbox 3051 1279 3318 1335; x_wconf 89' lang='lat' dir='ltr'><strong>Protinus</strong></span> <span class='ocrx_word' id='word_1_202' title='bbox 3344 1281 3413 1335; x_wconf 92' lang='lat' dir='ltr'><strong>de</strong></span> <span class='ocrx_word' id='word_1_203' title='bbox 3435 1288 3624 1337; x_wconf 90' lang='lat' dir='ltr'><strong>monte</strong></span> 
     </span>
    </p>
   </div>
   <div class='ocr_carea' id='block_1_29' title="bbox 1923 1365 3620 1436">
    <p class='ocr_par' dir='ltr' id='par_1_29' title="bbox 1923 1365 3620 1436">
     <span class='ocr_line' id='line_1_29' title="bbox 1923 1365 3620 1436; baseline 0.002 -16"><span class='ocrx_word' id='word_1_204' title='bbox 1923 1366 1982 1421; x_wconf 92' lang='lat' dir='ltr'><strong>in</strong></span> <span class='ocrx_word' id='word_1_205' title='bbox 2018 1368 2222 1422; x_wconf 84' lang='lat' dir='ltr'><strong>vallem</strong></span> <span class='ocrx_word' id='word_1_206' title='bbox 2255 1367 2581 1430; x_wconf 90' lang='lat' dir='ltr'><strong>deducitur,</strong></span> <span class='ocrx_word' id='word_1_207' title='bbox 2614 1374 2669 1421; x_wconf 94' lang='lat' dir='ltr'><strong>et</strong></span> <span class='ocrx_word' id='word_1_208' title='bbox 2693 1365 2748 1421; x_wconf 92' lang='lat' dir='ltr'><strong>in</strong></span> <span class='ocrx_word' id='word_1_209' title='bbox 2781 1367 3005 1422; x_wconf 88' lang='lat' dir='ltr'><strong>arboris</strong></span> <span class='ocrx_word' id='word_1_210' title='bbox 3034 1367 3210 1422; x_wconf 91' lang='lat' dir='ltr'><strong>ramis</strong></span> <span class='ocrx_word' id='word_1_211' title='bbox 3231 1368 3620 1436; x_wconf 89' lang='lat' dir='ltr'><strong>suspenditur,</strong></span> 
     </span>
    </p>
   </div>
   <div class='ocr_carea' id='block_1_30' title="bbox 1921 1455 3624 1524">
    <p class='ocr_par' dir='ltr' id='par_1_30' title="bbox 1921 1455 3624 1524">
     <span class='ocr_line' id='line_1_30' title="bbox 1921 1455 3624 1524; baseline 0.001 -14"><span class='ocrx_word' id='word_1_212' title='bbox 1921 1455 2155 1510; x_wconf 91' lang='lat' dir='ltr'><strong>evidens</strong></span> <span class='ocrx_word' id='word_1_213' title='bbox 2194 1456 2604 1512; x_wconf 89' lang='lat' dir='ltr'><strong>documentum</strong></span> <span class='ocrx_word' id='word_1_214' title='bbox 2653 1455 2915 1524; x_wconf 55' lang='lat' dir='ltr'><strong>praebens</strong></span> <span class='ocrx_word' id='word_1_215' title='bbox 2949 1456 3237 1521; x_wconf 91' lang='lat' dir='ltr'><strong>omnibus,</strong></span> <span class='ocrx_word' id='word_1_216' title='bbox 3289 1456 3444 1524; x_wconf 91' lang='lat' dir='ltr'><strong>quod</strong></span> <span class='ocrx_word' id='word_1_217' title='bbox 3477 1457 3624 1511; x_wconf 92' lang='lat' dir='ltr'><strong>Deus</strong></span> 
     </span>
    </p>
   </div>
   <div class='ocr_carea' id='block_1_31' title="bbox 1924 1542 3620 1613">
    <p class='ocr_par' dir='ltr' id='par_1_31' title="bbox 1924 1542 3620 1613">
     <span class='ocr_line' id='line_1_31' title="bbox 1924 1542 3620 1613; baseline 0.001 -16"><span class='ocrx_word' id='word_1_218' title='bbox 1924 1544 2068 1598; x_wconf 89' lang='lat' dir='ltr'><strong>nolit</strong></span> <span class='ocrx_word' id='word_1_219' title='bbox 2125 1543 2476 1612; x_wconf 90' lang='lat' dir='ltr'><strong>impunitum</strong></span> <span class='ocrx_word' id='word_1_220' title='bbox 2525 1543 2755 1608; x_wconf 89' lang='lat' dir='ltr'><strong>dimitti,</strong></span> <span class='ocrx_word' id='word_1_221' title='bbox 2805 1544 2905 1613; x_wconf 90' lang='lat' dir='ltr'><strong>qui</strong></span> <span class='ocrx_word' id='word_1_222' title='bbox 2956 1543 3118 1598; x_wconf 84' lang='lat' dir='ltr'><strong>Matri</strong></span> <span class='ocrx_word' id='word_1_223' title='bbox 3167 1558 3286 1598; x_wconf 68' lang='lat' dir='ltr'><strong>suae</strong></span> <span class='ocrx_word' id='word_1_224' title='bbox 3341 1542 3620 1612; x_wconf 88' lang='lat' dir='ltr'><strong>injuriam</strong></span> 
     </span>
    </p>
   </div>
   <div class='ocr_carea' id='block_1_32' title="bbox 1924 1631 2138 1686">
    <p class='ocr_par' dir='ltr' id='par_1_32' title="bbox 1924 1631 2138 1686">
     <span class='ocr_line' id='line_1_32' title="bbox 1924 1631 2138 1686; baseline 0.005 -2"><span class='ocrx_word' id='word_1_225' title='bbox 1924 1631 2138 1686; x_wconf 78' lang='lat' dir='ltr'><strong>fecerit.</strong></span> 
     </span>
    </p>
   </div>
   <div class='ocr_carea' id='block_1_33' title="bbox 1997 1717 3620 1790">
    <p class='ocr_par' dir='ltr' id='par_1_33' title="bbox 1997 1717 3620 1790">
     <span class='ocr_line' id='line_1_33' title="bbox 1997 1717 3620 1790; baseline -0.002 -15"><span class='ocrx_word' id='word_1_226' title='bbox 1997 1721 2129 1776; x_wconf 71' lang='lat' dir='ltr'><strong>Haec</strong></span> <span class='ocrx_word' id='word_1_227' title='bbox 2170 1726 2306 1775; x_wconf 91' lang='lat' dir='ltr'><strong>sunt</strong></span> <span class='ocrx_word' id='word_1_228' title='bbox 2350 1735 2482 1790; x_wconf 65' lang='lat' dir='ltr'><strong>quae</strong></span> <span class='ocrx_word' id='word_1_229' title='bbox 2515 1727 2765 1789; x_wconf 90' lang='lat' dir='ltr'><strong>tempore</strong></span> <span class='ocrx_word' id='word_1_230' title='bbox 2813 1719 3006 1776; x_wconf 88' lang='lat' dir='ltr'><strong>domui</strong></span> <span class='ocrx_word' id='word_1_231' title='bbox 3055 1717 3451 1774; x_wconf 69' lang='lat' dir='ltr'><strong>Bartholomaei</strong></span> <span class='ocrx_word' id='word_1_232' title='bbox 3493 1717 3620 1788; x_wconf 88' lang='lat' dir='ltr'><strong>epi—</strong></span> 
     </span>
    </p>
   </div>
   <div class='ocr_carea' id='block_1_34' title="bbox 1924 1807 2795 1878">
    <p class='ocr_par' dir='ltr' id='par_1_34' title="bbox 1924 1807 2795 1878">
     <span class='ocr_line' id='line_1_34' title="bbox 1924 1807 2795 1878; baseline -0.001 -16"><span class='ocrx_word' id='word_1_233' title='bbox 1924 1807 2080 1877; x_wconf 89' lang='lat' dir='ltr'><strong>scopi</strong></span> <span class='ocrx_word' id='word_1_234' title='bbox 2110 1807 2477 1878; x_wconf 90' lang='lat' dir='ltr'><strong>contigerunt</strong></span> <span class='ocrx_word' id='word_1_235' title='bbox 2507 1807 2795 1863; x_wconf 90' lang='lat' dir='ltr'><strong>Lauduni.</strong></span> 
     </span>
    </p>
   </div>
   <div class='ocr_carea' id='block_1_35' title="bbox 1464 1984 2290 2031">
    <p class='ocr_par' dir='ltr' id='par_1_35' title="bbox 1464 1984 2290 2031">
     <span class='ocr_line' id='line_1_35' title="bbox 1464 1984 2290 2031; baseline 0.002 -3"><span class='ocrx_word' id='word_1_236' title='bbox 1464 1984 1743 2030; x_wconf 83' lang='lat' dir='ltr'><strong>EXPLICIT</strong></span> <span class='ocrx_word' id='word_1_237' title='bbox 1784 1986 1962 2030; x_wconf 82' lang='lat' dir='ltr'><strong>LIBER</strong></span> <span class='ocrx_word' id='word_1_238' title='bbox 2007 1986 2266 2031; x_wconf 82' lang='lat' dir='ltr'><strong>TERTIUS</strong></span> <span class='ocrx_word' id='word_1_239' title='bbox 2277 2016 2290 2030; x_wconf 91' lang='lat'><strong>.</strong></span> 
     </span>
    </p>
   </div>
   <div class='ocr_carea' id='block_1_36' title="bbox 1099 2341 2653 2426">
    <p class='ocr_par' dir='ltr' id='par_1_36' title="bbox 1099 2341 2653 2426">
     <span class='ocr_line' id='line_1_36' title="bbox 1099 2341 2653 2426; baseline 0.002 -3"><span class='ocrx_word' id='word_1_240' title='bbox 1099 2341 1514 2424; x_wconf 76' lang='lat' dir='ltr'><strong>DOMNI</strong></span> <span class='ocrx_word' id='word_1_241' title='bbox 1597 2342 1946 2425; x_wconf 67' lang='grc' dir='ltr'><strong>ιυαε</strong></span> <span class='ocrx_word' id='word_1_242' title='bbox 2027 2343 2653 2426; x_wconf 69' lang='lat' dir='ltr'><strong>D’AGHERY</strong></span> 
     </span>
    </p>
   </div>
   <div class='ocr_carea' id='block_1_37' title="bbox 1458 2525 2261 2582">
    <p class='ocr_par' dir='ltr' id='par_1_37' title="bbox 1458 2525 2261 2582">
     <span class='ocr_line' id='line_1_37' title="bbox 1458 2525 2261 2582; baseline 0.001 -2"><span class='ocrx_word' id='word_1_243' title='bbox 1458 2525 1771 2581; x_wconf 81' lang='lat' dir='ltr'><strong>MONACHI</strong></span> <span class='ocrx_word' id='word_1_244' title='bbox 1812 2525 2261 2582; x_wconf 82' lang='lat' dir='ltr'><strong>BENEDICTINI</strong></span> 
     </span>
    </p>
   </div>
   <div class='ocr_carea' id='block_1_38' title="bbox 398 2702 3348 2802">
    <p class='ocr_par' dir='ltr' id='par_1_38' title="bbox 398 2702 3348 2802">
     <span class='ocr_line' id='line_1_38' title="bbox 398 2702 3348 2802; baseline -0.001 -15"><span class='ocrx_word' id='word_1_245' title='bbox 398 2705 542 2787; x_wconf 91' lang='lat' dir='ltr'>AD</span> <span class='ocrx_word' id='word_1_246' title='bbox 627 2704 987 2788; x_wconf 71' lang='lat' dir='ltr'><strong>OPEBA</strong></span> <span class='ocrx_word' id='word_1_247' title='bbox 1084 2704 1581 2802; x_wconf 65' lang='lat' dir='ltr'><strong>QUZEDAM</strong></span> <span class='ocrx_word' id='word_1_248' title='bbox 1676 2706 1776 2788; x_wconf 91' lang='lat' dir='ltr'><strong>V.</strong></span> <span class='ocrx_word' id='word_1_249' title='bbox 1877 2703 2395 2791; x_wconf 81' lang='lat' dir='ltr'><strong>GUIBERTI</strong></span> <span class='ocrx_word' id='word_1_250' title='bbox 2479 2705 2622 2787; x_wconf 91' lang='lat' dir='ltr'><strong>DE</strong></span> <span class='ocrx_word' id='word_1_251' title='bbox 2707 2702 3348 2788; x_wconf 86' lang='lat' dir='ltr'><strong>NOVIGENTO</strong></span> 
     </span>
    </p>
   </div>
   <div class='ocr_carea' id='block_1_39' title="bbox 909 2903 2837 3010">
    <p class='ocr_par' dir='ltr' id='par_1_39' title="bbox 909 2903 2837 3010">
     <span class='ocr_line' id='line_1_39' title="bbox 909 2903 2837 3010; baseline 0 -4"><span class='ocrx_word' id='word_1_252' title='bbox 909 2903 1332 3008; x_wconf 62' lang='grc' dir='ltr'>ΝΟΤλίΕ</span> <span class='ocrx_word' id='word_1_253' title='bbox 1402 2906 1579 3006; x_wconf 93' lang='lat' dir='ltr'>ET</span> <span class='ocrx_word' id='word_1_254' title='bbox 1654 2903 2837 3010; x_wconf 81' lang='lat' dir='ltr'><strong>OBSERVATIONES</strong></span> 
     </span>
    </p>
   </div>
   <div class='ocr_carea' id='block_1_40' title="bbox 692 3265 3073 3390">
    <p class='ocr_par' dir='ltr' id='par_1_40' title="bbox 692 3265 3073 3390">
     <span class='ocr_line' id='line_1_40' title="bbox 692 3265 3073 3390; baseline -0.004 -36"><span class='ocrx_word' id='word_1_255' title='bbox 692 3269 848 3354; x_wconf 92' lang='lat' dir='ltr'><strong>AD</strong></span> <span class='ocrx_word' id='word_1_256' title='bbox 907 3268 1355 3354; x_wconf 83' lang='lat' dir='ltr'><strong>LIBRUM</strong></span> <span class='ocrx_word' id='word_1_257' title='bbox 1641 3266 2033 3351; x_wconf 84' lang='lat' dir='ltr'><strong>LAUDE</strong></span> <span class='ocrx_word' id='word_1_258' title='bbox 2109 3265 2576 3352; x_wconf 70' lang='lat' dir='ltr'><strong>SANCT/E</strong></span> <span class='ocrx_word' id='word_1_259' title='bbox 2652 3265 3073 3350; x_wconf 67' lang='lat' dir='ltr'><strong>MABI/E.</strong></span> 
     </span>
    </p>
   </div>
   <div class='ocr_carea' id='block_1_41' title="bbox 113 3559 1823 3636">
    <p class='ocr_par' dir='ltr' id='par_1_41' title="bbox 113 3559 1823 3636">
     <span class='ocr_line' id='line_1_41' title="bbox 113 3559 1823 3636; baseline -0.002 -15"><span class='ocrx_word' id='word_1_260' title='bbox 113 3573 257 3621; x_wconf 72' lang='lat' dir='ltr'><strong>sal</strong></span> <span class='ocrx_word' id='word_1_261' title='bbox 297 3567 712 3636; x_wconf 72' lang='lat' dir='ltr'><strong>Fragmentum</strong></span> <span class='ocrx_word' id='word_1_262' title='bbox 739 3580 807 3618; x_wconf 76' lang='lat' dir='ltr'><strong>ex</strong></span> <span class='ocrx_word' id='word_1_263' title='bbox 836 3562 934 3636; x_wconf 85' lang='lat' dir='ltr'><strong>lib.</strong></span> <span class='ocrx_word' id='word_1_264' title='bbox 969 3579 1006 3636; x_wconf 56' lang='grc' dir='ltr'><strong>ξ.</strong></span> <span class='ocrx_word' id='word_1_265' title='bbox 1037 3563 1092 3617; x_wconf 93' lang='lat' dir='ltr'><strong>S.</strong></span> <span class='ocrx_word' id='word_1_266' title='bbox 1116 3559 1429 3636; x_wconf 60' lang='lat' dir='ltr'><strong>Paschasii</strong></span> <span class='ocrx_word' id='word_1_267' title='bbox 1459 3561 1724 3636; x_wconf 77' lang='lat' dir='ltr'><strong>Ralberii</strong></span> <span class='ocrx_word' id='word_1_268' title='bbox 1748 3566 1823 3617; x_wconf 89' lang='lat' dir='ltr'><strong>De</strong></span> 
     </span>
    </p>
   </div>
   <div class='ocr_carea' id='block_1_42' title="bbox 186 3631 1819 3707">
    <p class='ocr_par' dir='ltr' id='par_1_42' title="bbox 186 3631 1819 3707">
     <span class='ocr_line' id='line_1_42' title="bbox 186 3631 1819 3707; baseline -0.002 -16"><span class='ocrx_word' id='word_1_269' title='bbox 186 3641 373 3706; x_wconf 78' lang='lat' dir='ltr'><strong>partu</strong></span> <span class='ocrx_word' id='word_1_270' title='bbox 415 3631 699 3707; x_wconf 67' lang='lat' dir='ltr'><strong>Virginis.</strong></span> <span class='ocrx_word' id='word_1_271' title='bbox 739 3665 802 3676; x_wconf 91' lang='lat'>—</span> <span class='ocrx_word' id='word_1_272' title='bbox 836 3634 991 3707; x_wconf 81' lang='lat' dir='ltr'><strong>Quod</strong></span> <span class='ocrx_word' id='word_1_273' title='bbox 1026 3631 1278 3702; x_wconf 72' lang='lat' dir='ltr'><strong>Deipara</strong></span> <span class='ocrx_word' id='word_1_274' title='bbox 1321 3632 1498 3707; x_wconf 58' lang='lat' dir='ltr'><strong>Virgo</strong></span> <span class='ocrx_word' id='word_1_275' title='bbox 1526 3633 1819 3687; x_wconf 82' lang='lat' dir='ltr'><strong>maculam</strong></span> 
     </span>
    </p>
   </div>
   <div class='ocr_carea' id='block_1_43' title="bbox 189 3703 1416 3779">
    <p class='ocr_par' dir='ltr' id='par_1_43' title="bbox 189 3703 1416 3779">
     <span class='ocr_line' id='line_1_43' title="bbox 189 3703 1416 3779; baseline -0.005 -17"><span class='ocrx_word' id='word_1_276' title='bbox 189 3703 496 3779; x_wconf 70' lang='lat' dir='ltr'><strong>originalis</strong></span> <span class='ocrx_word' id='word_1_277' title='bbox 525 3703 749 3778; x_wconf 64' lang='lat' dir='ltr'><strong>peccati</strong></span> <span class='ocrx_word' id='word_1_278' title='bbox 779 3704 1017 3760; x_wconf 86' lang='lat' dir='ltr'><strong>minime</strong></span> <span class='ocrx_word' id='word_1_279' title='bbox 1047 3703 1416 3758; x_wconf 72' lang='lat' dir='ltr'><strong>conlrazeril.</strong></span> 
     </span>
    </p>
   </div>
   <div class='ocr_carea' id='block_1_44' title="bbox 194 3825 1821 3899">
    <p class='ocr_par' dir='ltr' id='par_1_44' title="bbox 194 3825 1821 3899">
     <span class='ocr_line' id='line_1_44' title="bbox 194 3825 1821 3899; baseline -0.005 -12"><span class='ocrx_word' id='word_1_280' title='bbox 194 3830 257 3899; x_wconf 69' lang='grc' dir='ltr'><strong>(ί)</strong></span> <span class='ocrx_word' id='word_1_281' title='bbox 291 3832 427 3886; x_wconf 83' lang='lat' dir='ltr'><strong>CAP.</strong></span> <span class='ocrx_word' id='word_1_282' title='bbox 476 3829 614 3884; x_wconf 90' lang='lat' dir='ltr'><strong>Vlll.</strong></span> <span class='ocrx_word' id='word_1_283' title='bbox 668 3859 734 3869; x_wconf 97' lang='lat'><strong>—</strong></span> <span class='ocrx_word' id='word_1_284' title='bbox 787 3830 926 3884; x_wconf 87' lang='lat' dir='ltr'><strong>Cum</strong></span> <span class='ocrx_word' id='word_1_285' title='bbox 967 3825 1190 3882; x_wconf 77' lang='lat' dir='ltr'><strong>actuali</strong></span> <span class='ocrx_word' id='word_1_286' title='bbox 1234 3825 1479 3882; x_wconf 79' lang='lat' dir='ltr'><strong>abolevit</strong></span> <span class='ocrx_word' id='word_1_287' title='bbox 1531 3825 1821 3898; x_wconf 69' lang='lat' dir='ltr'><strong>originale</strong></span> 
     </span>
    </p>
   </div>
   <div class='ocr_carea' id='block_1_45' title="bbox 120 3915 1820 3989">
    <p class='ocr_par' dir='ltr' id='par_1_45' title="bbox 120 3915 1820 3989">
     <span class='ocr_line' id='line_1_45' title="bbox 120 3915 1820 3989; baseline 0 -19"><span class='ocrx_word' id='word_1_288' title='bbox 120 3921 439 3989; x_wconf 81' lang='lat' dir='ltr'><strong>peccatum.</strong></span> <span class='ocrx_word' id='word_1_289' title='bbox 499 3917 608 3981; x_wconf 87' lang='lat' dir='ltr'><strong>Qui</strong></span> <span class='ocrx_word' id='word_1_290' title='bbox 663 3917 876 3972; x_wconf 91' lang='lat' dir='ltr'><strong>cursim</strong></span> <span class='ocrx_word' id='word_1_291' title='bbox 931 3924 985 3972; x_wconf 90' lang='lat' dir='ltr'><strong>et</strong></span> <span class='ocrx_word' id='word_1_292' title='bbox 1034 3917 1164 3971; x_wconf 88' lang='lat' dir='ltr'><strong>visu</strong></span> <span class='ocrx_word' id='word_1_293' title='bbox 1212 3923 1440 3971; x_wconf 88' lang='lat' dir='ltr'><strong>tantum</strong></span> <span class='ocrx_word' id='word_1_294' title='bbox 1498 3915 1820 3985; x_wconf 73' lang='lat' dir='ltr'><strong>praelibaret</strong></span> 
     </span>
    </p>
   </div>
   <div class='ocr_carea' id='block_1_46' title="bbox 124 4002 1815 4075">
    <p class='ocr_par' dir='ltr' id='par_1_46' title="bbox 124 4002 1815 4075">
     <span class='ocr_line' id='line_1_46' title="bbox 124 4002 1815 4075; baseline -0.003 -13"><span class='ocrx_word' id='word_1_295' title='bbox 124 4007 246 4062; x_wconf 67' lang='lat' dir='ltr'><strong>haec</strong></span> <span class='ocrx_word' id='word_1_296' title='bbox 303 4007 516 4072; x_wconf 90' lang='lat' dir='ltr'><strong>verba,</strong></span> <span class='ocrx_word' id='word_1_297' title='bbox 585 4013 771 4075; x_wconf 91' lang='lat' dir='ltr'><strong>posset</strong></span> <span class='ocrx_word' id='word_1_298' title='bbox 855 4005 935 4060; x_wconf 91' lang='lat' dir='ltr'><strong>ita</strong></span> <span class='ocrx_word' id='word_1_299' title='bbox 995 4002 1425 4073; x_wconf 74' lang='lat' dir='ltr'><strong>praefestinatim</strong></span> <span class='ocrx_word' id='word_1_300' title='bbox 1507 4004 1815 4075; x_wconf 87' lang='lat' dir='ltr'><strong>argutari:</strong></span> 
     </span>
    </p>
   </div>
   <div class='ocr_carea' id='block_1_47' title="bbox 127 4093 1819 4164">
    <p class='ocr_par' dir='ltr' id='par_1_47' title="bbox 127 4093 1819 4164">
     <span class='ocr_line' id='line_1_47' title="bbox 127 4093 1819 4164; baseline -0.001 -14"><span class='ocrx_word' id='word_1_301' title='bbox 127 4094 369 4164; x_wconf 89' lang='lat' dir='ltr'><strong>Spiritus</strong></span> <span class='ocrx_word' id='word_1_302' title='bbox 409 4102 643 4149; x_wconf 89' lang='lat' dir='ltr'><strong>sanctus</strong></span> <span class='ocrx_word' id='word_1_303' title='bbox 687 4094 744 4148; x_wconf 93' lang='lat' dir='ltr'><strong>in</strong></span> <span class='ocrx_word' id='word_1_304' title='bbox 780 4093 1014 4164; x_wconf 81' lang='lat' dir='ltr'><strong>Virgine</strong></span> <span class='ocrx_word' id='word_1_305' title='bbox 1045 4099 1342 4161; x_wconf 91' lang='lat' dir='ltr'><strong>peccatum</strong></span> <span class='ocrx_word' id='word_1_306' title='bbox 1387 4093 1651 4159; x_wconf 88' lang='lat' dir='ltr'><strong>abolevit,</strong></span> <span class='ocrx_word' id='word_1_307' title='bbox 1693 4107 1819 4162; x_wconf 90' lang='lat' dir='ltr'><strong>pro-</strong></span> 
     </span>
    </p>
   </div>
   <div class='ocr_carea' id='block_1_48' title="bbox 127 4179 1822 4252">
    <p class='ocr_par' dir='ltr' id='par_1_48' title="bbox 127 4179 1822 4252">
     <span class='ocr_line' id='line_1_48' title="bbox 127 4179 1822 4252; baseline 0 -17"><span class='ocrx_word' id='word_1_308' title='bbox 127 4182 258 4236; x_wconf 91' lang='lat' dir='ltr'><strong>inde</strong></span> <span class='ocrx_word' id='word_1_309' title='bbox 299 4179 472 4237; x_wconf 84' lang='lat' dir='ltr'><strong>fuerit</strong></span> <span class='ocrx_word' id='word_1_310' title='bbox 504 4182 560 4237; x_wconf 89' lang='lat' dir='ltr'><strong>iu</strong></span> <span class='ocrx_word' id='word_1_311' title='bbox 609 4181 846 4252; x_wconf 88' lang='lat' dir='ltr'><strong>Virgine</strong></span> <span class='ocrx_word' id='word_1_312' title='bbox 888 4181 1203 4250; x_wconf 90' lang='lat' dir='ltr'><strong>aliquando</strong></span> <span class='ocrx_word' id='word_1_313' title='bbox 1248 4181 1354 4236; x_wconf 87' lang='lat' dir='ltr'><strong>hoc</strong></span> <span class='ocrx_word' id='word_1_314' title='bbox 1402 4189 1698 4250; x_wconf 90' lang='lat' dir='ltr'><strong>peccatum</strong></span> <span class='ocrx_word' id='word_1_315' title='bbox 1733 4181 1822 4235; x_wconf 90' lang='lat' dir='ltr'><strong>fa-</strong></span> 
     </span>
    </p>
   </div>
   <div class='ocr_carea' id='block_1_49' title="bbox 128 4268 1822 4338">
    <p class='ocr_par' dir='ltr' id='par_1_49' title="bbox 128 4268 1822 4338">
     <span class='ocr_line' id='line_1_49' title="bbox 128 4268 1822 4338; baseline 0 -14"><span class='ocrx_word' id='word_1_316' title='bbox 128 4270 232 4325; x_wconf 90' lang='lat' dir='ltr'><strong>teri</strong></span> <span class='ocrx_word' id='word_1_317' title='bbox 277 4284 575 4325; x_wconf 87' lang='lat' dir='ltr'><strong>necessum</strong></span> <span class='ocrx_word' id='word_1_318' title='bbox 623 4277 728 4325; x_wconf 91' lang='lat' dir='ltr'><strong>est.</strong></span> <span class='ocrx_word' id='word_1_319' title='bbox 763 4272 836 4324; x_wconf 84' lang='lat' dir='ltr'><strong>At</strong></span> <span class='ocrx_word' id='word_1_320' title='bbox 876 4269 1126 4338; x_wconf 89' lang='lat' dir='ltr'><strong>penitius</strong></span> <span class='ocrx_word' id='word_1_321' title='bbox 1167 4268 1488 4336; x_wconf 90' lang='lat' dir='ltr'><strong>inspicienti</strong></span> <span class='ocrx_word' id='word_1_322' title='bbox 1533 4269 1822 4338; x_wconf 88' lang='lat' dir='ltr'><strong>argutiola</strong></span> 
     </span>
    </p>
   </div>
   <div class='ocr_carea' id='block_1_50' title="bbox 128 4355 1822 4427">
    <p class='ocr_par' dir='ltr' id='par_1_50' title="bbox 128 4355 1822 4427">
     <span class='ocr_line' id='line_1_50' title="bbox 128 4355 1822 4427; baseline -0.002 -14"><span class='ocrx_word' id='word_1_323' title='bbox 128 4357 322 4413; x_wconf 76' lang='lat' dir='ltr'><strong>isthzec</strong></span> <span class='ocrx_word' id='word_1_324' title='bbox 351 4356 557 4413; x_wconf 89' lang='lat' dir='ltr'><strong>frivola</strong></span> <span class='ocrx_word' id='word_1_325' title='bbox 585 4365 670 4412; x_wconf 88' lang='lat' dir='ltr'><strong>est</strong></span> <span class='ocrx_word' id='word_1_326' title='bbox 715 4365 889 4427; x_wconf 89' lang='lat' dir='ltr'><strong>atque</strong></span> <span class='ocrx_word' id='word_1_327' title='bbox 921 4355 1148 4424; x_wconf 90' lang='lat' dir='ltr'><strong>inanis;</strong></span> <span class='ocrx_word' id='word_1_328' title='bbox 1178 4356 1388 4411; x_wconf 88' lang='lat' dir='ltr'><strong>etenim</strong></span> <span class='ocrx_word' id='word_1_329' title='bbox 1420 4356 1603 4425; x_wconf 89' lang='lat' dir='ltr'><strong>regeri</strong></span> <span class='ocrx_word' id='word_1_330' title='bbox 1638 4363 1822 4424; x_wconf 88' lang='lat' dir='ltr'><strong>posset</strong></span> 
     </span>
    </p>
   </div>
   <div class='ocr_carea' id='block_1_51' title="bbox 131 4443 1821 4513">
    <p class='ocr_par' dir='ltr' id='par_1_51' title="bbox 131 4443 1821 4513">
     <span class='ocr_line' id='line_1_51' title="bbox 131 4443 1821 4513; baseline -0.002 -13"><span class='ocrx_word' id='word_1_331' title='bbox 131 4447 237 4501; x_wconf 95' lang='lat' dir='ltr'><strong>hoc</strong></span> <span class='ocrx_word' id='word_1_332' title='bbox 259 4445 423 4500; x_wconf 91' lang='lat' dir='ltr'><strong>modo</strong></span> <span class='ocrx_word' id='word_1_333' title='bbox 461 4459 472 4498; x_wconf 93' lang='lat'>:</span> <span class='ocrx_word' id='word_1_334' title='bbox 509 4445 562 4500; x_wconf 91' lang='lat' dir='ltr'><strong>Si</strong></span> <span class='ocrx_word' id='word_1_335' title='bbox 607 4459 739 4499; x_wconf 92' lang='lat' dir='ltr'><strong>cum</strong></span> <span class='ocrx_word' id='word_1_336' title='bbox 769 4443 982 4499; x_wconf 87' lang='lat' dir='ltr'><strong>actuali</strong></span> <span class='ocrx_word' id='word_1_337' title='bbox 1026 4443 1274 4498; x_wconf 89' lang='lat' dir='ltr'><strong>abolevit</strong></span> <span class='ocrx_word' id='word_1_338' title='bbox 1307 4443 1586 4513; x_wconf 89' lang='lat' dir='ltr'><strong>originale</strong></span> <span class='ocrx_word' id='word_1_339' title='bbox 1624 4457 1821 4511; x_wconf 90' lang='lat' dir='ltr'><strong>pecca-</strong></span> 
     </span>
    </p>
   </div>
   <div class='ocr_carea' id='block_1_52' title="bbox 129 4531 1823 4602">
    <p class='ocr_par' dir='ltr' id='par_1_52' title="bbox 129 4531 1823 4602">
     <span class='ocr_line' id='line_1_52' title="bbox 129 4531 1823 4602; baseline -0.002 -14"><span class='ocrx_word' id='word_1_340' title='bbox 129 4541 272 4596; x_wconf 89' lang='lat' dir='ltr'><strong>tum,</strong></span> <span class='ocrx_word' id='word_1_341' title='bbox 320 4546 456 4602; x_wconf 89' lang='lat' dir='ltr'><strong>ergo</strong></span> <span class='ocrx_word' id='word_1_342' title='bbox 484 4539 538 4588; x_wconf 90' lang='lat' dir='ltr'><strong>et</strong></span> <span class='ocrx_word' id='word_1_343' title='bbox 567 4531 845 4587; x_wconf 91' lang='lat' dir='ltr'><strong>abolitum</strong></span> <span class='ocrx_word' id='word_1_344' title='bbox 875 4538 960 4586; x_wconf 91' lang='lat' dir='ltr'><strong>est</strong></span> <span class='ocrx_word' id='word_1_345' title='bbox 990 4531 1250 4595; x_wconf 89' lang='lat' dir='ltr'><strong>actuale;</strong></span> <span class='ocrx_word' id='word_1_346' title='bbox 1297 4531 1343 4584; x_wconf 91' lang='lat' dir='ltr'><strong>si</strong></span> <span class='ocrx_word' id='word_1_347' title='bbox 1376 4537 1568 4586; x_wconf 89' lang='lat' dir='ltr'><strong>autem</strong></span> <span class='ocrx_word' id='word_1_348' title='bbox 1599 4531 1823 4586; x_wconf 80' lang='lat' dir='ltr'><strong>artuale</strong></span> 
     </span>
    </p>
   </div>
   <div class='ocr_carea' id='block_1_53' title="bbox 131 4618 1824 4689">
    <p class='ocr_par' dir='ltr' id='par_1_53' title="bbox 131 4618 1824 4689">
     <span class='ocr_line' id='line_1_53' title="bbox 131 4618 1824 4689; baseline -0.001 -14"><span class='ocrx_word' id='word_1_349' title='bbox 131 4620 424 4686; x_wconf 92' lang='lat' dir='ltr'><strong>abolitum,</strong></span> <span class='ocrx_word' id='word_1_350' title='bbox 471 4620 755 4675; x_wconf 88' lang='lat' dir='ltr'><strong>exstitisse</strong></span> <span class='ocrx_word' id='word_1_351' title='bbox 786 4619 1101 4688; x_wconf 89' lang='lat' dir='ltr'><strong>aliquando</strong></span> <span class='ocrx_word' id='word_1_352' title='bbox 1131 4619 1189 4673; x_wconf 93' lang='lat' dir='ltr'><strong>in</strong></span> <span class='ocrx_word' id='word_1_353' title='bbox 1227 4618 1466 4689; x_wconf 87' lang='lat' dir='ltr'><strong>Virgine</strong></span> <span class='ocrx_word' id='word_1_354' title='bbox 1513 4619 1824 4674; x_wconf 90' lang='lat' dir='ltr'><strong>concludas</strong></span> 
     </span>
    </p>
   </div>
   <div class='ocr_carea' id='block_1_54' title="bbox 130 4706 1824 4776">
    <p class='ocr_par' dir='ltr' id='par_1_54' title="bbox 130 4706 1824 4776">
     <span class='ocr_line' id='line_1_54' title="bbox 130 4706 1824 4776; baseline 0.001 -14"><span class='ocrx_word' id='word_1_355' title='bbox 130 4715 360 4776; x_wconf 89' lang='lat' dir='ltr'><strong>oportet.</strong></span> <span class='ocrx_word' id='word_1_356' title='bbox 416 4707 630 4765; x_wconf 90' lang='lat' dir='ltr'><strong>Verum</strong></span> <span class='ocrx_word' id='word_1_357' title='bbox 686 4707 984 4762; x_wconf 87' lang='lat' dir='ltr'><strong>fritinnere</strong></span> <span class='ocrx_word' id='word_1_358' title='bbox 1032 4714 1116 4762; x_wconf 91' lang='lat' dir='ltr'><strong>est</strong></span> <span class='ocrx_word' id='word_1_359' title='bbox 1147 4715 1321 4776; x_wconf 88' lang='lat' dir='ltr'><strong>atque</strong></span> <span class='ocrx_word' id='word_1_360' title='bbox 1379 4707 1546 4776; x_wconf 88' lang='lat' dir='ltr'><strong>plane</strong></span> <span class='ocrx_word' id='word_1_361' title='bbox 1594 4706 1824 4763; x_wconf 74' lang='lat' dir='ltr'><strong>effutire</strong></span> 
     </span>
    </p>
   </div>
   <div class='ocr_carea' id='block_1_55' title="bbox 131 4792 1825 4863">
    <p class='ocr_par' dir='ltr' id='par_1_55' title="bbox 131 4792 1825 4863">
     <span class='ocr_line' id='line_1_55' title="bbox 131 4792 1825 4863; baseline -0.001 -14"><span class='ocrx_word' id='word_1_362' title='bbox 131 4793 210 4849; x_wconf 90' lang='lat' dir='ltr'><strong>sic</strong></span> <span class='ocrx_word' id='word_1_363' title='bbox 259 4793 454 4862; x_wconf 82' lang='lat' dir='ltr'><strong>loqui;</strong></span> <span class='ocrx_word' id='word_1_364' title='bbox 488 4793 771 4863; x_wconf 89' lang='lat' dir='ltr'><strong>siquidem</strong></span> <span class='ocrx_word' id='word_1_365' title='bbox 827 4793 1094 4862; x_wconf 90' lang='lat' dir='ltr'><strong>pluribus</strong></span> <span class='ocrx_word' id='word_1_366' title='bbox 1138 4792 1196 4847; x_wconf 90' lang='lat' dir='ltr'><strong>in</strong></span> <span class='ocrx_word' id='word_1_367' title='bbox 1239 4793 1376 4848; x_wconf 91' lang='lat' dir='ltr'><strong>locis</strong></span> <span class='ocrx_word' id='word_1_368' title='bbox 1405 4794 1584 4849; x_wconf 86' lang='lat' dir='ltr'><strong>abbas</strong></span> <span class='ocrx_word' id='word_1_369' title='bbox 1633 4801 1825 4849; x_wconf 89' lang='lat' dir='ltr'><strong>noster</strong></span> 
     </span>
    </p>
   </div>
   <div class='ocr_carea' id='block_1_56' title="bbox 132 4881 1823 4952">
    <p class='ocr_par' dir='ltr' id='par_1_56' title="bbox 132 4881 1823 4952">
     <span class='ocr_line' id='line_1_56' title="bbox 132 4881 1823 4952; baseline -0.001 -15"><span class='ocrx_word' id='word_1_370' title='bbox 132 4883 201 4937; x_wconf 93' lang='lat' dir='ltr'><strong>de</strong></span> <span class='ocrx_word' id='word_1_371' title='bbox 260 4881 509 4951; x_wconf 87' lang='lat' dir='ltr'><strong>puritate</strong></span> <span class='ocrx_word' id='word_1_372' title='bbox 558 4881 814 4952; x_wconf 87' lang='lat' dir='ltr'><strong>Virginis</strong></span> <span class='ocrx_word' id='word_1_373' title='bbox 870 4881 1272 4947; x_wconf 68' lang='lat' dir='ltr'><strong>immaculatae,</strong></span> <span class='ocrx_word' id='word_1_374' title='bbox 1324 4882 1510 4952; x_wconf 90' lang='lat' dir='ltr'><strong>deque</strong></span> <span class='ocrx_word' id='word_1_375' title='bbox 1566 4882 1692 4952; x_wconf 89' lang='lat' dir='ltr'><strong>ejus</strong></span> <span class='ocrx_word' id='word_1_376' title='bbox 1751 4883 1823 4936; x_wconf 89' lang='lat' dir='ltr'><strong>ab</strong></span> 
     </span>
    </p>
   </div>
   <div class='ocr_carea' id='block_1_57' title="bbox 133 4970 1825 5038">
    <p class='ocr_par' dir='ltr' id='par_1_57' title="bbox 133 4970 1825 5038">
     <span class='ocr_line' id='line_1_57' title="bbox 133 4970 1825 5038; baseline 0 -14"><span class='ocrx_word' id='word_1_377' title='bbox 133 4971 281 5025; x_wconf 84' lang='lat' dir='ltr'><strong>omni</strong></span> <span class='ocrx_word' id='word_1_378' title='bbox 315 4970 478 5025; x_wconf 93' lang='lat' dir='ltr'><strong>sorde</strong></span> <span class='ocrx_word' id='word_1_379' title='bbox 509 4971 872 5025; x_wconf 89' lang='lat' dir='ltr'><strong>immunitate</strong></span> <span class='ocrx_word' id='word_1_380' title='bbox 921 4978 1167 5025; x_wconf 89' lang='lat' dir='ltr'><strong>mentem</strong></span> <span class='ocrx_word' id='word_1_381' title='bbox 1199 4970 1383 5038; x_wconf 90' lang='lat' dir='ltr'><strong>aperit</strong></span> <span class='ocrx_word' id='word_1_382' title='bbox 1428 4984 1590 5026; x_wconf 91' lang='lat' dir='ltr'><strong>suam</strong></span> <span class='ocrx_word' id='word_1_383' title='bbox 1622 4987 1634 5023; x_wconf 89' lang='lat'><strong>:</strong></span> <span class='ocrx_word' id='word_1_384' title='bbox 1674 4971 1825 5026; x_wconf 88' lang='lat' dir='ltr'><strong>unde</strong></span> 
     </span>
    </p>
   </div>
   <div class='ocr_carea' id='block_1_58' title="bbox 133 5059 1820 5130">
    <p class='ocr_par' dir='ltr' id='par_1_58' title="bbox 133 5059 1820 5130">
     <span class='ocr_line' id='line_1_58' title="bbox 133 5059 1820 5130; baseline 0 -16"><span class='ocrx_word' id='word_1_385' title='bbox 133 5067 328 5114; x_wconf 91' lang='lat' dir='ltr'><strong>contra</strong></span> <span class='ocrx_word' id='word_1_386' title='bbox 361 5059 441 5114; x_wconf 92' lang='lat' dir='ltr'><strong>sic</strong></span> <span class='ocrx_word' id='word_1_387' title='bbox 468 5073 576 5130; x_wconf 90' lang='lat' dir='ltr'><strong>ago</strong></span> <span class='ocrx_word' id='word_1_388' title='bbox 607 5074 620 5112; x_wconf 90' lang='lat'>:</span> <span class='ocrx_word' id='word_1_389' title='bbox 655 5059 720 5113; x_wconf 91' lang='lat' dir='ltr'><strong>In</strong></span> <span class='ocrx_word' id='word_1_390' title='bbox 751 5059 990 5128; x_wconf 89' lang='lat' dir='ltr'><strong>Virgine</strong></span> <span class='ocrx_word' id='word_1_391' title='bbox 1020 5065 1219 5114; x_wconf 89' lang='lat' dir='ltr'><strong>sancta</strong></span> <span class='ocrx_word' id='word_1_392' title='bbox 1249 5065 1544 5128; x_wconf 90' lang='lat' dir='ltr'><strong>peccatum</strong></span> <span class='ocrx_word' id='word_1_393' title='bbox 1578 5059 1820 5124; x_wconf 88' lang='lat' dir='ltr'><strong>actuale,</strong></span> 
     </span>
    </p>
   </div>
   <div class='ocr_carea' id='block_1_59' title="bbox 135 5146 1824 5218">
    <p class='ocr_par' dir='ltr' id='par_1_59' title="bbox 135 5146 1824 5218">
     <span class='ocr_line' id='line_1_59' title="bbox 135 5146 1824 5218; baseline 0 -16"><span class='ocrx_word' id='word_1_394' title='bbox 135 5149 280 5218; x_wconf 92' lang='lat' dir='ltr'><strong>quod</strong></span> <span class='ocrx_word' id='word_1_395' title='bbox 316 5147 372 5202; x_wconf 90' lang='lat' dir='ltr'><strong>in</strong></span> <span class='ocrx_word' id='word_1_396' title='bbox 403 5162 471 5203; x_wconf 92' lang='lat' dir='ltr'><strong>ea</strong></span> <span class='ocrx_word' id='word_1_397' title='bbox 500 5161 792 5217; x_wconf 90' lang='lat' dir='ltr'><strong>nusquam</strong></span> <span class='ocrx_word' id='word_1_398' title='bbox 824 5147 930 5202; x_wconf 83' lang='lat' dir='ltr'><strong>fuit</strong></span> <span class='ocrx_word' id='word_1_399' title='bbox 959 5161 1032 5203; x_wconf 84' lang='lat' dir='ltr'><strong>ex</strong></span> <span class='ocrx_word' id='word_1_400' title='bbox 1066 5161 1240 5202; x_wconf 91' lang='lat' dir='ltr'><strong>sensu</strong></span> <span class='ocrx_word' id='word_1_401' title='bbox 1269 5146 1548 5213; x_wconf 89' lang='lat' dir='ltr'><strong>Guiberti,</strong></span> <span class='ocrx_word' id='word_1_402' title='bbox 1579 5147 1824 5217; x_wconf 90' lang='lat' dir='ltr'><strong>Spiritus</strong></span> 
     </span>
    </p>
   </div>
   <div class='ocr_carea' id='block_1_60' title="bbox 134 5233 1824 5306">
    <p class='ocr_par' dir='ltr' id='par_1_60' title="bbox 134 5233 1824 5306">
     <span class='ocr_line' id='line_1_60' title="bbox 134 5233 1824 5306; baseline -0.001 -15"><span class='ocrx_word' id='word_1_403' title='bbox 134 5236 185 5292; x_wconf 92' lang='lat' dir='ltr'><strong>S.</strong></span> <span class='ocrx_word' id='word_1_404' title='bbox 221 5235 568 5306; x_wconf 69' lang='lat' dir='ltr'><strong>praedicatur</strong></span> <span class='ocrx_word' id='word_1_405' title='bbox 615 5234 950 5299; x_wconf 89' lang='lat' dir='ltr'><strong>abolevisse,</strong></span> <span class='ocrx_word' id='word_1_406' title='bbox 985 5234 1190 5305; x_wconf 92' lang='lat' dir='ltr'><strong>quidni</strong></span> <span class='ocrx_word' id='word_1_407' title='bbox 1237 5242 1292 5290; x_wconf 91' lang='lat' dir='ltr'><strong>et</strong></span> <span class='ocrx_word' id='word_1_408' title='bbox 1321 5234 1621 5304; x_wconf 86' lang='lat' dir='ltr'><strong>originale,</strong></span> <span class='ocrx_word' id='word_1_409' title='bbox 1669 5233 1824 5303; x_wconf 92' lang='lat' dir='ltr'><strong>quod</strong></span> 
     </span>
    </p>
   </div>
   <div class='ocr_carea' id='block_1_61' title="bbox 132 5321 1826 5395">
    <p class='ocr_par' dir='ltr' id='par_1_61' title="bbox 132 5321 1826 5395">
     <span class='ocr_line' id='line_1_61' title="bbox 132 5321 1826 5395; baseline -0.002 -14"><span class='ocrx_word' id='word_1_410' title='bbox 132 5338 433 5395; x_wconf 88' lang='lat' dir='ltr'><strong>nunquam</strong></span> <span class='ocrx_word' id='word_1_411' title='bbox 480 5323 651 5379; x_wconf 87' lang='lat' dir='ltr'><strong>fuerit</strong></span> <span class='ocrx_word' id='word_1_412' title='bbox 679 5336 752 5378; x_wconf 89' lang='lat' dir='ltr'><strong>ex</strong></span> <span class='ocrx_word' id='word_1_413' title='bbox 784 5331 971 5378; x_wconf 90' lang='lat' dir='ltr'><strong>mente</strong></span> <span class='ocrx_word' id='word_1_414' title='bbox 1014 5322 1268 5393; x_wconf 87' lang='lat' dir='ltr'><strong>ejusdem</strong></span> <span class='ocrx_word' id='word_1_415' title='bbox 1300 5321 1545 5386; x_wconf 90' lang='lat' dir='ltr'><strong>abbatis,</strong></span> <span class='ocrx_word' id='word_1_416' title='bbox 1578 5321 1826 5391; x_wconf 89' lang='lat' dir='ltr'><strong>Spiritus</strong></span> 
     </span>
    </p>
   </div>
   <div class='ocr_carea' id='block_1_62' title="bbox 132 5411 896 5470">
    <p class='ocr_par' dir='ltr' id='par_1_62' title="bbox 132 5411 896 5470">
     <span class='ocr_line' id='line_1_62' title="bbox 132 5411 896 5470; baseline -0.008 0"><span class='ocrx_word' id='word_1_417' title='bbox 132 5421 362 5470; x_wconf 91' lang='lat' dir='ltr'><strong>sanctus</strong></span> <span class='ocrx_word' id='word_1_418' title='bbox 389 5425 501 5466; x_wconf 92' lang='lat' dir='ltr'><strong>non</strong></span> <span class='ocrx_word' id='word_1_419' title='bbox 535 5411 847 5466; x_wconf 88' lang='lat' dir='ltr'><strong>aboleverit</strong></span> <span class='ocrx_word' id='word_1_420' title='bbox 867 5412 896 5464; x_wconf 83' lang='lat'><strong>?</strong></span> 
     </span>
    </p>
   </div>
   <div class='ocr_carea' id='block_1_63' title="bbox 196 5498 1824 5568">
    <p class='ocr_par' dir='ltr' id='par_1_63' title="bbox 196 5498 1824 5568">
     <span class='ocr_line' id='line_1_63' title="bbox 196 5498 1824 5568; baseline -0.001 -12"><span class='ocrx_word' id='word_1_421' title='bbox 196 5499 458 5565; x_wconf 80' lang='lat' dir='ltr'><strong>Attende,</strong></span> <span class='ocrx_word' id='word_1_422' title='bbox 492 5512 708 5568; x_wconf 70' lang='lat' dir='ltr'><strong>quaeso.</strong></span> <span class='ocrx_word' id='word_1_423' title='bbox 742 5498 917 5552; x_wconf 91' lang='lat' dir='ltr'><strong>verba</strong></span> <span class='ocrx_word' id='word_1_424' title='bbox 945 5513 1072 5567; x_wconf 89' lang='lat' dir='ltr'><strong>cap.</strong></span> <span class='ocrx_word' id='word_1_425' title='bbox 1119 5501 1170 5563; x_wconf 79' lang='lat'><strong>5,</strong></span> <span class='ocrx_word' id='word_1_426' title='bbox 1199 5498 1305 5553; x_wconf 90' lang='lat' dir='ltr'><strong>col.</strong></span> <span class='ocrx_word' id='word_1_427' title='bbox 1345 5501 1437 5552; x_wconf 70' lang='lat'><strong>551</strong></span> <span class='ocrx_word' id='word_1_428' title='bbox 1481 5513 1492 5550; x_wconf 91' lang='lat'><strong>:</strong></span> <span class='ocrx_word' id='word_1_429' title='bbox 1532 5521 1552 5546; x_wconf 76' lang='grc' dir='ltr'>ι</span> <span class='ocrx_word' id='word_1_430' title='bbox 1590 5498 1750 5554; x_wconf 87' lang='lat' dir='ltr'><strong>Certe</strong></span> <span class='ocrx_word' id='word_1_431' title='bbox 1777 5499 1824 5554; x_wconf 92' lang='lat' dir='ltr'><strong>si</strong></span> 
     </span>
    </p>
   </div>
   <div class='ocr_carea' id='block_1_64' title="bbox 128 5587 1822 5656">
    <p class='ocr_par' dir='ltr' id='par_1_64' title="bbox 128 5587 1822 5656">
     <span class='ocr_line' id='line_1_64' title="bbox 128 5587 1822 5656; baseline -0.004 -7"><span class='ocrx_word' id='word_1_432' title='bbox 128 5589 447 5649; x_wconf 85' lang='lat' dir='ltr'><strong>secundum</strong></span> <span class='ocrx_word' id='word_1_433' title='bbox 510 5587 860 5642; x_wconf 89' lang='lat' dir='ltr'><strong>Platonicam</strong></span> <span class='ocrx_word' id='word_1_434' title='bbox 939 5587 1279 5643; x_wconf 87' lang='lat' dir='ltr'><strong>sententiam</strong></span> <span class='ocrx_word' id='word_1_435' title='bbox 1335 5587 1572 5656; x_wconf 90' lang='lat' dir='ltr'><strong>spiritus</strong></span> <span class='ocrx_word' id='word_1_436' title='bbox 1647 5588 1822 5644; x_wconf 88' lang='lat' dir='ltr'><strong>nostri</strong></span> 
     </span>
    </p>
   </div>
   <div class='ocr_carea' id='block_1_65' title="bbox 1933 3561 3632 3631">
    <p class='ocr_par' dir='ltr' id='par_1_65' title="bbox 1933 3561 3632 3631">
     <span class='ocr_line' id='line_1_65' title="bbox 1933 3561 3632 3631; baseline 0.001 -15"><span class='ocrx_word' id='word_1_437' title='bbox 1933 3561 2094 3631; x_wconf 89' lang='lat' dir='ltr'><strong>prius</strong></span> <span class='ocrx_word' id='word_1_438' title='bbox 2125 3567 2398 3616; x_wconf 88' lang='lat' dir='ltr'><strong>creantur</strong></span> <span class='ocrx_word' id='word_1_439' title='bbox 2449 3573 2625 3630; x_wconf 92' lang='lat' dir='ltr'><strong>quam</strong></span> <span class='ocrx_word' id='word_1_440' title='bbox 2672 3573 2930 3629; x_wconf 83' lang='lat' dir='ltr'><strong>corpora,</strong></span> <span class='ocrx_word' id='word_1_441' title='bbox 2963 3568 3146 3630; x_wconf 89' lang='lat' dir='ltr'><strong>posset</strong></span> <span class='ocrx_word' id='word_1_442' title='bbox 3191 3562 3342 3617; x_wconf 90' lang='lat' dir='ltr'><strong>Deus</strong></span> <span class='ocrx_word' id='word_1_443' title='bbox 3377 3561 3632 3631; x_wconf 90' lang='lat' dir='ltr'><strong>cuipiam</strong></span> 
     </span>
    </p>
   </div>
   <div class='ocr_carea' id='block_1_66' title="bbox 1927 3647 3629 3718">
    <p class='ocr_par' dir='ltr' id='par_1_66' title="bbox 1927 3647 3629 3718">
     <span class='ocr_line' id='line_1_66' title="bbox 1927 3647 3629 3718; baseline 0.001 -16"><span class='ocrx_word' id='word_1_444' title='bbox 1927 3647 2153 3716; x_wconf 89' lang='lat' dir='ltr'><strong>spiritui</strong></span> <span class='ocrx_word' id='word_1_445' title='bbox 2203 3648 2489 3716; x_wconf 90' lang='lat' dir='ltr'><strong>optionem</strong></span> <span class='ocrx_word' id='word_1_446' title='bbox 2521 3648 2658 3702; x_wconf 91' lang='lat' dir='ltr'><strong>dare</strong></span> <span class='ocrx_word' id='word_1_447' title='bbox 2707 3661 2824 3716; x_wconf 89' lang='lat' dir='ltr'><strong>qua</strong></span> <span class='ocrx_word' id='word_1_448' title='bbox 2857 3648 3021 3704; x_wconf 90' lang='lat' dir='ltr'><strong>vellet</strong></span> <span class='ocrx_word' id='word_1_449' title='bbox 3063 3649 3348 3718; x_wconf 88' lang='lat' dir='ltr'><strong>procreari</strong></span> <span class='ocrx_word' id='word_1_450' title='bbox 3379 3664 3452 3705; x_wconf 88' lang='lat' dir='ltr'><strong>ex</strong></span> <span class='ocrx_word' id='word_1_451' title='bbox 3498 3664 3629 3705; x_wconf 91' lang='lat' dir='ltr'><strong>ma-</strong></span> 
     </span>
    </p>
   </div>
   <div class='ocr_carea' id='block_1_67' title="bbox 1930 3736 3628 3806">
    <p class='ocr_par' dir='ltr' id='par_1_67' title="bbox 1930 3736 3628 3806">
     <span class='ocr_line' id='line_1_67' title="bbox 1930 3736 3628 3806; baseline 0.001 -16"><span class='ocrx_word' id='word_1_452' title='bbox 1930 3743 2031 3790; x_wconf 92' lang='lat' dir='ltr'><strong>tre.</strong></span> <span class='ocrx_word' id='word_1_453' title='bbox 2068 3736 2225 3800; x_wconf 87' lang='lat' dir='ltr'><strong>Quod</strong></span> <span class='ocrx_word' id='word_1_454' title='bbox 2275 3737 2321 3791; x_wconf 92' lang='lat' dir='ltr'><strong>si</strong></span> <span class='ocrx_word' id='word_1_455' title='bbox 2353 3736 2530 3801; x_wconf 83' lang='lat' dir='ltr'><strong>ﬁeret,</strong></span> <span class='ocrx_word' id='word_1_456' title='bbox 2579 3749 2776 3805; x_wconf 90' lang='lat' dir='ltr'><strong>quam,</strong></span> <span class='ocrx_word' id='word_1_457' title='bbox 2815 3744 3000 3805; x_wconf 89' lang='lat' dir='ltr'><strong>putas,</strong></span> <span class='ocrx_word' id='word_1_458' title='bbox 3052 3737 3146 3792; x_wconf 91' lang='lat' dir='ltr'><strong>ille</strong></span> <span class='ocrx_word' id='word_1_459' title='bbox 3181 3752 3485 3806; x_wconf 88' lang='lat' dir='ltr'><strong>personam</strong></span> <span class='ocrx_word' id='word_1_460' title='bbox 3518 3738 3628 3794; x_wconf 92' lang='lat' dir='ltr'><strong>sibi</strong></span> 
     </span>
    </p>
   </div>
   <div class='ocr_carea' id='block_1_68' title="bbox 1932 3824 3629 3894">
    <p class='ocr_par' dir='ltr' id='par_1_68' title="bbox 1932 3824 3629 3894">
     <span class='ocr_line' id='line_1_68' title="bbox 1932 3824 3629 3894; baseline 0.001 -16"><span class='ocrx_word' id='word_1_461' title='bbox 1932 3825 2038 3894; x_wconf 91' lang='lat' dir='ltr'><strong>ipsi</strong></span> <span class='ocrx_word' id='word_1_462' title='bbox 2082 3824 2406 3880; x_wconf 83' lang='lat' dir='ltr'><strong>consciret?</strong></span> <span class='ocrx_word' id='word_1_463' title='bbox 2460 3825 2538 3879; x_wconf 91' lang='lat' dir='ltr'><strong>De</strong></span> <span class='ocrx_word' id='word_1_464' title='bbox 2567 3825 2822 3892; x_wconf 88' lang='lat' dir='ltr'><strong>corporis</strong></span> <span class='ocrx_word' id='word_1_465' title='bbox 2856 3825 3037 3880; x_wconf 90' lang='lat' dir='ltr'><strong>forma</strong></span> <span class='ocrx_word' id='word_1_466' title='bbox 3067 3839 3134 3880; x_wconf 90' lang='lat' dir='ltr'><strong>ac</strong></span> <span class='ocrx_word' id='word_1_467' title='bbox 3186 3826 3522 3882; x_wconf 89' lang='lat' dir='ltr'><strong>habitudine</strong></span> <span class='ocrx_word' id='word_1_468' title='bbox 3553 3827 3629 3881; x_wconf 90' lang='lat' dir='ltr'><strong>si-</strong></span> 
     </span>
    </p>
   </div>
   <div class='ocr_carea' id='block_1_69' title="bbox 1930 3912 3632 3984">
    <p class='ocr_par' dir='ltr' id='par_1_69' title="bbox 1930 3912 3632 3984">
     <span class='ocr_line' id='line_1_69' title="bbox 1930 3912 3632 3984; baseline 0.002 -17"><span class='ocrx_word' id='word_1_469' title='bbox 1930 3912 2098 3968; x_wconf 88' lang='lat' dir='ltr'><strong>leam.</strong></span> <span class='ocrx_word' id='word_1_470' title='bbox 2153 3912 2298 3978; x_wconf 88' lang='lat' dir='ltr'><strong>Quid</strong></span> <span class='ocrx_word' id='word_1_471' title='bbox 2351 3913 2682 3975; x_wconf 89' lang='lat' dir='ltr'><strong>honestatis,</strong></span> <span class='ocrx_word' id='word_1_472' title='bbox 2715 3913 2855 3982; x_wconf 90' lang='lat' dir='ltr'><strong>quid</strong></span> <span class='ocrx_word' id='word_1_473' title='bbox 2907 3914 3228 3982; x_wconf 72' lang='lat' dir='ltr'><strong>prudentiae</strong></span> <span class='ocrx_word' id='word_1_474' title='bbox 3278 3915 3474 3969; x_wconf 90' lang='lat' dir='ltr'><strong>animo</strong></span> <span class='ocrx_word' id='word_1_475' title='bbox 3503 3915 3632 3984; x_wconf 90' lang='lat' dir='ltr'><strong>ejus</strong></span> 
     </span>
    </p>
   </div>
   <div class='ocr_carea' id='block_1_70' title="bbox 1931 4000 3634 4072">
    <p class='ocr_par' dir='ltr' id='par_1_70' title="bbox 1931 4000 3634 4072">
     <span class='ocr_line' id='line_1_70' title="bbox 1931 4000 3634 4072; baseline 0 -15"><span class='ocrx_word' id='word_1_476' title='bbox 1931 4001 2353 4069; x_wconf 88' lang='lat' dir='ltr'><strong>comportaret?</strong></span> <span class='ocrx_word' id='word_1_477' title='bbox 2401 4000 2546 4055; x_wconf 93' lang='lat' dir='ltr'><strong>nihil</strong></span> <span class='ocrx_word' id='word_1_478' title='bbox 2595 4000 2795 4068; x_wconf 91' lang='lat' dir='ltr'><strong>procul</strong></span> <span class='ocrx_word' id='word_1_479' title='bbox 2829 4001 3005 4056; x_wconf 92' lang='lat' dir='ltr'><strong>dubio</strong></span> <span class='ocrx_word' id='word_1_480' title='bbox 3043 4001 3117 4056; x_wconf 88' lang='lat' dir='ltr'><strong>illi</strong></span> <span class='ocrx_word' id='word_1_481' title='bbox 3169 4003 3464 4069; x_wconf 89' lang='lat' dir='ltr'><strong>adimeret,</strong></span> <span class='ocrx_word' id='word_1_482' title='bbox 3517 4017 3634 4072; x_wconf 93' lang='lat' dir='ltr'><strong>quo</strong></span> 
     </span>
    </p>
   </div>
   <div class='ocr_carea' id='block_1_71' title="bbox 1932 4088 3634 4160">
    <p class='ocr_par' dir='ltr' id='par_1_71' title="bbox 1932 4088 3634 4160">
     <span class='ocr_line' id='line_1_71' title="bbox 1932 4088 3634 4160; baseline 0.001 -16"><span class='ocrx_word' id='word_1_483' title='bbox 1932 4091 2058 4159; x_wconf 90' lang='lat' dir='ltr'><strong>ipsa</strong></span> <span class='ocrx_word' id='word_1_484' title='bbox 2103 4088 2230 4144; x_wconf 90' lang='lat' dir='ltr'><strong>aliis</strong></span> <span class='ocrx_word' id='word_1_485' title='bbox 2280 4089 2560 4143; x_wconf 84' lang='lat' dir='ltr'><strong>invidiosa</strong></span> <span class='ocrx_word' id='word_1_486' title='bbox 2592 4103 2705 4143; x_wconf 91' lang='lat' dir='ltr'><strong>non</strong></span> <span class='ocrx_word' id='word_1_487' title='bbox 2755 4097 2919 4144; x_wconf 89' lang='lat' dir='ltr'><strong>esset.</strong></span> <span class='ocrx_word' id='word_1_488' title='bbox 2968 4089 3021 4143; x_wconf 93' lang='lat' dir='ltr'><strong>Si</strong></span> <span class='ocrx_word' id='word_1_489' title='bbox 3054 4090 3134 4144; x_wconf 92' lang='lat' dir='ltr'><strong>sic</strong></span> <span class='ocrx_word' id='word_1_490' title='bbox 3179 4090 3427 4145; x_wconf 90' lang='lat' dir='ltr'><strong>hominis</strong></span> <span class='ocrx_word' id='word_1_491' title='bbox 3457 4090 3634 4160; x_wconf 89' lang='lat' dir='ltr'><strong>spiri-</strong></span> 
     </span>
    </p>
   </div>
   <div class='ocr_carea' id='block_1_72' title="bbox 1932 4176 3632 4248">
    <p class='ocr_par' dir='ltr' id='par_1_72' title="bbox 1932 4176 3632 4248">
     <span class='ocr_line' id='line_1_72' title="bbox 1932 4176 3632 4248; baseline 0 -14"><span class='ocrx_word' id='word_1_492' title='bbox 1932 4187 2043 4242; x_wconf 90' lang='lat' dir='ltr'><strong>tus,</strong></span> <span class='ocrx_word' id='word_1_493' title='bbox 2077 4178 2363 4232; x_wconf 88' lang='lat' dir='ltr'><strong>civitatem</strong></span> <span class='ocrx_word' id='word_1_494' title='bbox 2397 4176 2698 4247; x_wconf 88' lang='lat' dir='ltr'><strong>virginalis</strong></span> <span class='ocrx_word' id='word_1_495' title='bbox 2731 4177 2898 4241; x_wconf 88' lang='lat' dir='ltr'><strong>uteri,</strong></span> <span class='ocrx_word' id='word_1_496' title='bbox 2932 4191 3108 4248; x_wconf 90' lang='lat' dir='ltr'><strong>quam</strong></span> <span class='ocrx_word' id='word_1_497' title='bbox 3152 4178 3258 4234; x_wconf 92' lang='lat' dir='ltr'><strong>sibi</strong></span> <span class='ocrx_word' id='word_1_498' title='bbox 3295 4179 3496 4234; x_wconf 91' lang='lat' dir='ltr'><strong>fundat</strong></span> <span class='ocrx_word' id='word_1_499' title='bbox 3525 4179 3632 4234; x_wconf 86' lang='lat' dir='ltr'><strong>Al-</strong></span> 
     </span>
    </p>
   </div>
   <div class='ocr_carea' id='block_1_73' title="bbox 1932 4264 3633 4336">
    <p class='ocr_par' dir='ltr' id='par_1_73' title="bbox 1932 4264 3633 4336">
     <span class='ocr_line' id='line_1_73' title="bbox 1932 4264 3633 4336; baseline 0 -15"><span class='ocrx_word' id='word_1_500' title='bbox 1932 4266 2204 4330; x_wconf 91' lang='lat' dir='ltr'><strong>tissimus,</strong></span> <span class='ocrx_word' id='word_1_501' title='bbox 2251 4279 2369 4334; x_wconf 92' lang='lat' dir='ltr'><strong>quo</strong></span> <span class='ocrx_word' id='word_1_502' title='bbox 2420 4264 2699 4334; x_wconf 89' lang='lat' dir='ltr'><strong>potentior</strong></span> <span class='ocrx_word' id='word_1_503' title='bbox 2727 4273 2830 4330; x_wconf 90' lang='lat' dir='ltr'><strong>est,</strong></span> <span class='ocrx_word' id='word_1_504' title='bbox 2879 4279 3070 4321; x_wconf 90' lang='lat' dir='ltr'><strong>nonne</strong></span> <span class='ocrx_word' id='word_1_505' title='bbox 3101 4266 3199 4320; x_wconf 82' lang='lat' dir='ltr'><strong>Dei</strong></span> <span class='ocrx_word' id='word_1_506' title='bbox 3233 4266 3414 4321; x_wconf 90' lang='lat' dir='ltr'><strong>multo</strong></span> <span class='ocrx_word' id='word_1_507' title='bbox 3445 4267 3633 4336; x_wconf 90' lang='lat' dir='ltr'><strong>magis</strong></span> 
     </span>
    </p>
   </div>
   <div class='ocr_carea' id='block_1_74' title="bbox 1935 4352 3629 4423">
    <p class='ocr_par' dir='ltr' id='par_1_74' title="bbox 1935 4352 3629 4423">
     <span class='ocr_line' id='line_1_74' title="bbox 1935 4352 3629 4423; baseline 0.001 -15"><span class='ocrx_word' id='word_1_508' title='bbox 1935 4362 2202 4423; x_wconf 87' lang='lat' dir='ltr'><strong>perornat</strong></span> <span class='ocrx_word' id='word_1_509' title='bbox 2231 4352 2521 4422; x_wconf 85' lang='lat' dir='ltr'><strong>Spiritus?</strong></span> <span class='ocrx_word' id='word_1_510' title='bbox 2558 4374 2578 4399; x_wconf 78' lang='grc' dir='ltr'><strong><em>ι</em></strong></span> <span class='ocrx_word' id='word_1_511' title='bbox 2614 4353 2698 4406; x_wconf 87' lang='lat' dir='ltr'><strong>Ex</strong></span> <span class='ocrx_word' id='word_1_512' title='bbox 2732 4353 2838 4408; x_wconf 91' lang='lat' dir='ltr'><strong>hoc</strong></span> <span class='ocrx_word' id='word_1_513' title='bbox 2869 4353 2988 4408; x_wconf 92' lang='lat' dir='ltr'><strong>loco</strong></span> <span class='ocrx_word' id='word_1_514' title='bbox 3032 4353 3172 4423; x_wconf 93' lang='lat' dir='ltr'><strong>quid</strong></span> <span class='ocrx_word' id='word_1_515' title='bbox 3204 4353 3400 4409; x_wconf 91' lang='lat' dir='ltr'><strong>inferri</strong></span> <span class='ocrx_word' id='word_1_516' title='bbox 3433 4354 3629 4423; x_wconf 91' lang='lat' dir='ltr'><strong>possit,</strong></span> 
     </span>
    </p>
   </div>
   <div class='ocr_carea' id='block_1_75' title="bbox 1932 4441 3632 4513">
    <p class='ocr_par' dir='ltr' id='par_1_75' title="bbox 1932 4441 3632 4513">
     <span class='ocr_line' id='line_1_75' title="bbox 1932 4441 3632 4513; baseline -0.001 -16"><span class='ocrx_word' id='word_1_517' title='bbox 1932 4442 1978 4497; x_wconf 91' lang='lat' dir='ltr'><strong>si</strong></span> <span class='ocrx_word' id='word_1_518' title='bbox 2008 4441 2339 4513; x_wconf 87' lang='lat' dir='ltr'><strong>diligentius</strong></span> <span class='ocrx_word' id='word_1_519' title='bbox 2369 4442 2722 4502; x_wconf 87' lang='lat' dir='ltr'><strong>advertatur,</strong></span> <span class='ocrx_word' id='word_1_520' title='bbox 2755 4441 3041 4496; x_wconf 90' lang='lat' dir='ltr'><strong>neminem</strong></span> <span class='ocrx_word' id='word_1_521' title='bbox 3087 4442 3273 4497; x_wconf 93' lang='lat' dir='ltr'><strong>ullum</strong></span> <span class='ocrx_word' id='word_1_522' title='bbox 3310 4443 3380 4497; x_wconf 92' lang='lat' dir='ltr'><strong>de</strong></span> <span class='ocrx_word' id='word_1_523' title='bbox 3415 4441 3632 4497; x_wconf 90' lang='lat' dir='ltr'><strong>illibato</strong></span> 
     </span>
    </p>
   </div>
   <div class='ocr_carea' id='block_1_76' title="bbox 1936 4528 3632 4599">
    <p class='ocr_par' dir='ltr' id='par_1_76' title="bbox 1936 4528 3632 4599">
     <span class='ocr_line' id='line_1_76' title="bbox 1936 4528 3632 4599; baseline 0.001 -16"><span class='ocrx_word' id='word_1_524' title='bbox 1936 4529 2187 4599; x_wconf 90' lang='lat' dir='ltr'><strong>Virginis</strong></span> <span class='ocrx_word' id='word_1_525' title='bbox 2217 4537 2494 4596; x_wconf 90' lang='lat' dir='ltr'><strong>conceptu</strong></span> <span class='ocrx_word' id='word_1_526' title='bbox 2537 4529 2771 4599; x_wconf 89' lang='lat' dir='ltr'><strong>dignius</strong></span> <span class='ocrx_word' id='word_1_527' title='bbox 2801 4528 2976 4584; x_wconf 91' lang='lat' dir='ltr'><strong>fuisse</strong></span> <span class='ocrx_word' id='word_1_528' title='bbox 3019 4530 3366 4586; x_wconf 88' lang='lat' dir='ltr'><strong>arbitratum</strong></span> <span class='ocrx_word' id='word_1_529' title='bbox 3398 4531 3455 4584; x_wconf 90' lang='lat' dir='ltr'><strong>in</strong></span> <span class='ocrx_word' id='word_1_530' title='bbox 3487 4544 3632 4585; x_wconf 90' lang='lat' dir='ltr'><strong>con-</strong></span> 
     </span>
    </p>
   </div>
   <div class='ocr_carea' id='block_1_77' title="bbox 1933 4615 2393 4673">
    <p class='ocr_par' dir='ltr' id='par_1_77' title="bbox 1933 4615 2393 4673">
     <span class='ocr_line' id='line_1_77' title="bbox 1933 4615 2393 4673; baseline -0.002 -3"><span class='ocrx_word' id='word_1_531' title='bbox 1933 4615 2148 4673; x_wconf 90' lang='lat' dir='ltr'><strong>fessum</strong></span> <span class='ocrx_word' id='word_1_532' title='bbox 2185 4617 2393 4672; x_wconf 89' lang='lat' dir='ltr'><strong>veniet.</strong></span> 
     </span>
    </p>
   </div>
   <div class='ocr_carea' id='block_1_78' title="bbox 2004 4703 3632 4761">
    <p class='ocr_par' dir='ltr' id='par_1_78' title="bbox 2004 4703 3632 4761">
     <span class='ocr_line' id='line_1_78' title="bbox 2004 4703 3632 4761; baseline 0 -1"><span class='ocrx_word' id='word_1_533' title='bbox 2004 4705 2110 4760; x_wconf 87' lang='lat' dir='ltr'><strong>Sed</strong></span> <span class='ocrx_word' id='word_1_534' title='bbox 2153 4705 2309 4761; x_wconf 87' lang='lat' dir='ltr'><strong>enim</strong></span> <span class='ocrx_word' id='word_1_535' title='bbox 2358 4706 2570 4759; x_wconf 91' lang='lat' dir='ltr'><strong>mirum</strong></span> <span class='ocrx_word' id='word_1_536' title='bbox 2603 4704 2660 4759; x_wconf 91' lang='lat' dir='ltr'><strong>in</strong></span> <span class='ocrx_word' id='word_1_537' title='bbox 2708 4704 2938 4760; x_wconf 89' lang='lat' dir='ltr'><strong>modum</strong></span> <span class='ocrx_word' id='word_1_538' title='bbox 2991 4703 3248 4760; x_wconf 89' lang='lat' dir='ltr'><strong>Guiberti</strong></span> <span class='ocrx_word' id='word_1_539' title='bbox 3296 4719 3527 4760; x_wconf 91' lang='lat' dir='ltr'><strong>sensum</strong></span> <span class='ocrx_word' id='word_1_540' title='bbox 3562 4704 3632 4759; x_wconf 91' lang='lat' dir='ltr'><strong>il-</strong></span> 
     </span>
    </p>
   </div>
   <div class='ocr_carea' id='block_1_79' title="bbox 1934 4792 3635 4863">
    <p class='ocr_par' dir='ltr' id='par_1_79' title="bbox 1934 4792 3635 4863">
     <span class='ocr_line' id='line_1_79' title="bbox 1934 4792 3635 4863; baseline -0.001 -14"><span class='ocrx_word' id='word_1_541' title='bbox 1934 4794 2201 4850; x_wconf 91' lang='lat' dir='ltr'><strong>lustrabit</strong></span> <span class='ocrx_word' id='word_1_542' title='bbox 2232 4793 2378 4849; x_wconf 89' lang='lat' dir='ltr'><strong>beati</strong></span> <span class='ocrx_word' id='word_1_543' title='bbox 2424 4793 2578 4849; x_wconf 91' lang='lat' dir='ltr'><strong>illius</strong></span> <span class='ocrx_word' id='word_1_544' title='bbox 2607 4793 2871 4848; x_wconf 89' lang='lat' dir='ltr'><strong>acerrimi</strong></span> <span class='ocrx_word' id='word_1_545' title='bbox 2922 4792 3186 4848; x_wconf 71' lang='lat' dir='ltr'><strong>Ecclesiae</strong></span> <span class='ocrx_word' id='word_1_546' title='bbox 3235 4799 3635 4863; x_wconf 89' lang='lat' dir='ltr'><strong>propugnato-</strong></span> 
     </span>
    </p>
   </div>
   <div class='ocr_carea' id='block_1_80' title="bbox 1934 4881 3635 4950">
    <p class='ocr_par' dir='ltr' id='par_1_80' title="bbox 1934 4881 3635 4950">
     <span class='ocr_line' id='line_1_80' title="bbox 1934 4881 3635 4950; baseline -0.001 -11"><span class='ocrx_word' id='word_1_547' title='bbox 1934 4884 2044 4946; x_wconf 89' lang='lat' dir='ltr'><strong>ris,</strong></span> <span class='ocrx_word' id='word_1_548' title='bbox 2114 4882 2400 4938; x_wconf 89' lang='lat' dir='ltr'><strong>Paschasii</strong></span> <span class='ocrx_word' id='word_1_549' title='bbox 2468 4882 2718 4938; x_wconf 84' lang='lat' dir='ltr'><strong>Ratberti</strong></span> <span class='ocrx_word' id='word_1_550' title='bbox 2775 4882 3028 4938; x_wconf 72' lang='lat' dir='ltr'><strong>Corbeiae</strong></span> <span class='ocrx_word' id='word_1_551' title='bbox 3084 4881 3341 4950; x_wconf 61' lang='lat' dir='ltr'><strong>antiquae</strong></span> <span class='ocrx_word' id='word_1_552' title='bbox 3407 4881 3635 4938; x_wconf 89' lang='lat' dir='ltr'><strong>abbatis</strong></span> 
     </span>
    </p>
   </div>
   <div class='ocr_carea' id='block_1_81' title="bbox 1934 4969 3634 5040">
    <p class='ocr_par' dir='ltr' id='par_1_81' title="bbox 1934 4969 3634 5040">
     <span class='ocr_line' id='line_1_81' title="bbox 1934 4969 3634 5040; baseline -0.002 -13"><span class='ocrx_word' id='word_1_553' title='bbox 1934 4971 2253 5038; x_wconf 87' lang='lat' dir='ltr'><strong>sententia;</strong></span> <span class='ocrx_word' id='word_1_554' title='bbox 2287 4983 2425 5025; x_wconf 90' lang='lat' dir='ltr'><strong>sane</strong></span> <span class='ocrx_word' id='word_1_555' title='bbox 2453 4969 2767 5040; x_wconf 89' lang='lat' dir='ltr'><strong>singularis</strong></span> <span class='ocrx_word' id='word_1_556' title='bbox 2797 4979 2879 5025; x_wconf 90' lang='lat' dir='ltr'><strong>est</strong></span> <span class='ocrx_word' id='word_1_557' title='bbox 2913 4979 2967 5025; x_wconf 90' lang='lat' dir='ltr'><strong>et</strong></span> <span class='ocrx_word' id='word_1_558' title='bbox 2998 4969 3386 5024; x_wconf 85' lang='lat' dir='ltr'><strong>exosculanda</strong></span> <span class='ocrx_word' id='word_1_559' title='bbox 3417 4983 3430 5022; x_wconf 91' lang='lat'><strong><em>:</em></strong></span> <span class='ocrx_word' id='word_1_560' title='bbox 3463 4983 3634 5025; x_wconf 90' lang='lat' dir='ltr'><strong>cum-</strong></span> 
     </span>
    </p>
   </div>
   <div class='ocr_carea' id='block_1_82' title="bbox 1935 5057 3633 5129">
    <p class='ocr_par' dir='ltr' id='par_1_82' title="bbox 1935 5057 3633 5129">
     <span class='ocr_line' id='line_1_82' title="bbox 1935 5057 3633 5129; baseline -0.001 -14"><span class='ocrx_word' id='word_1_561' title='bbox 1935 5073 2048 5129; x_wconf 92' lang='lat' dir='ltr'><strong>que</strong></span> <span class='ocrx_word' id='word_1_562' title='bbox 2091 5059 2369 5114; x_wconf 90' lang='lat' dir='ltr'><strong>hactenus</strong></span> <span class='ocrx_word' id='word_1_563' title='bbox 2418 5072 2663 5114; x_wconf 89' lang='lat' dir='ltr'><strong>aureum</strong></span> <span class='ocrx_word' id='word_1_564' title='bbox 2714 5073 2949 5126; x_wconf 90' lang='lat' dir='ltr'><strong>prorsus</strong></span> <span class='ocrx_word' id='word_1_565' title='bbox 2999 5057 3138 5112; x_wconf 90' lang='lat' dir='ltr'><strong>tanti</strong></span> <span class='ocrx_word' id='word_1_566' title='bbox 3196 5057 3305 5111; x_wconf 89' lang='lat' dir='ltr'><strong>viri</strong></span> <span class='ocrx_word' id='word_1_567' title='bbox 3365 5071 3510 5126; x_wconf 91' lang='lat' dir='ltr'><strong>opus</strong></span> <span class='ocrx_word' id='word_1_568' title='bbox 3554 5058 3633 5113; x_wconf 92' lang='lat' dir='ltr'><strong>De</strong></span> 
     </span>
    </p>
   </div>
   <div class='ocr_carea' id='block_1_83' title="bbox 1936 5144 3630 5218">
    <p class='ocr_par' dir='ltr' id='par_1_83' title="bbox 1936 5144 3630 5218">
     <span class='ocr_line' id='line_1_83' title="bbox 1936 5144 3630 5218; baseline 0.001 -18"><span class='ocrx_word' id='word_1_569' title='bbox 1936 5155 2108 5218; x_wconf 89' lang='lat' dir='ltr'><strong>partu</strong></span> <span class='ocrx_word' id='word_1_570' title='bbox 2161 5147 2414 5217; x_wconf 86' lang='lat' dir='ltr'><strong>Virginis</strong></span> <span class='ocrx_word' id='word_1_571' title='bbox 2461 5146 2771 5212; x_wconf 91' lang='lat' dir='ltr'><strong>delituerit,</strong></span> <span class='ocrx_word' id='word_1_572' title='bbox 2819 5148 2998 5202; x_wconf 86' lang='lat' dir='ltr'><strong>donec</strong></span> <span class='ocrx_word' id='word_1_573' title='bbox 3041 5160 3074 5200; x_wconf 90' lang='lat' dir='ltr'><strong>a</strong></span> <span class='ocrx_word' id='word_1_574' title='bbox 3122 5145 3284 5201; x_wconf 93' lang='lat' dir='ltr'><strong>nobis</strong></span> <span class='ocrx_word' id='word_1_575' title='bbox 3335 5144 3630 5215; x_wconf 89' lang='lat' dir='ltr'><strong>publicum</strong></span> 
     </span>
    </p>
   </div>
   <div class='ocr_carea' id='block_1_84' title="bbox 1938 5234 3634 5306">
    <p class='ocr_par' dir='ltr' id='par_1_84' title="bbox 1938 5234 3634 5306">
     <span class='ocr_line' id='line_1_84' title="bbox 1938 5234 3634 5306; baseline -0.001 -16"><span class='ocrx_word' id='word_1_576' title='bbox 1938 5237 2052 5303; x_wconf 85' lang='lat' dir='ltr'><strong>tiat,</strong></span> <span class='ocrx_word' id='word_1_577' title='bbox 2088 5243 2418 5306; x_wconf 89' lang='lat' dir='ltr'><strong>pergratum</strong></span> <span class='ocrx_word' id='word_1_578' title='bbox 2453 5234 2520 5289; x_wconf 91' lang='lat' dir='ltr'><strong>iri</strong></span> <span class='ocrx_word' id='word_1_579' title='bbox 2549 5242 2687 5302; x_wconf 92' lang='lat' dir='ltr'><strong>puto</strong></span> <span class='ocrx_word' id='word_1_580' title='bbox 2723 5235 3050 5290; x_wconf 87' lang='lat' dir='ltr'><strong>vetustioris</strong></span> <span class='ocrx_word' id='word_1_581' title='bbox 3078 5234 3378 5304; x_wconf 61' lang='lat' dir='ltr'><strong>theologia</strong></span> <span class='ocrx_word' id='word_1_582' title='bbox 3409 5235 3634 5290; x_wconf 90' lang='lat' dir='ltr'><strong>studio-</strong></span> 
     </span>
    </p>
   </div>
   <div class='ocr_carea' id='block_1_85' title="bbox 1935 5321 3173 5394">
    <p class='ocr_par' dir='ltr' id='par_1_85' title="bbox 1935 5321 3173 5394">
     <span class='ocr_line' id='line_1_85' title="bbox 1935 5321 3173 5394; baseline -0.002 -15"><span class='ocrx_word' id='word_1_583' title='bbox 1935 5325 2030 5390; x_wconf 90' lang='lat' dir='ltr'><strong>sis,</strong></span> <span class='ocrx_word' id='word_1_584' title='bbox 2064 5325 2109 5379; x_wconf 92' lang='lat' dir='ltr'><strong>si</strong></span> <span class='ocrx_word' id='word_1_585' title='bbox 2137 5324 2527 5394; x_wconf 80' lang='lat' dir='ltr'><strong>fragmentum</strong></span> <span class='ocrx_word' id='word_1_586' title='bbox 2557 5321 2840 5391; x_wconf 83' lang='lat' dir='ltr'><strong>prolixius</strong></span> <span class='ocrx_word' id='word_1_587' title='bbox 2869 5331 3123 5377; x_wconf 86' lang='lat' dir='ltr'><strong>attexam</strong></span> <span class='ocrx_word' id='word_1_588' title='bbox 3161 5337 3173 5376; x_wconf 89' lang='lat'><strong>:</strong></span> 
     </span>
    </p>
   </div>
   <div class='ocr_carea' id='block_1_86' title="bbox 2006 5409 3632 5479">
    <p class='ocr_par' dir='ltr' id='par_1_86' title="bbox 2006 5409 3632 5479">
     <span class='ocr_line' id='line_1_86' title="bbox 2006 5409 3632 5479; baseline -0.002 -12"><span class='ocrx_word' id='word_1_589' title='bbox 2006 5414 2024 5448; x_wconf 78' lang='grc' dir='ltr'>ί</span> <span class='ocrx_word' id='word_1_590' title='bbox 2056 5416 2123 5468; x_wconf 86' lang='lat' dir='ltr'><strong>At</strong></span> <span class='ocrx_word' id='word_1_591' title='bbox 2155 5425 2288 5467; x_wconf 90' lang='lat' dir='ltr'><strong>vero</strong></span> <span class='ocrx_word' id='word_1_592' title='bbox 2332 5412 2498 5466; x_wconf 89' lang='lat' dir='ltr'><strong>beata</strong></span> <span class='ocrx_word' id='word_1_593' title='bbox 2539 5409 2734 5475; x_wconf 86' lang='lat' dir='ltr'><strong>Maria,</strong></span> <span class='ocrx_word' id='word_1_594' title='bbox 2770 5410 2895 5465; x_wconf 88' lang='lat' dir='ltr'><strong>licet</strong></span> <span class='ocrx_word' id='word_1_595' title='bbox 2943 5412 3065 5478; x_wconf 92' lang='lat' dir='ltr'><strong>ipsa</strong></span> <span class='ocrx_word' id='word_1_596' title='bbox 3096 5410 3165 5464; x_wconf 91' lang='lat' dir='ltr'><strong>de</strong></span> <span class='ocrx_word' id='word_1_597' title='bbox 3197 5423 3370 5465; x_wconf 90' lang='lat' dir='ltr'><strong>carne</strong></span> <span class='ocrx_word' id='word_1_598' title='bbox 3419 5410 3632 5479; x_wconf 89' lang='lat' dir='ltr'><strong>peccati</strong></span> 
     </span>
    </p>
   </div>
   <div class='ocr_carea' id='block_1_87' title="bbox 1935 5499 3630 5569">
    <p class='ocr_par' dir='ltr' id='par_1_87' title="bbox 1935 5499 3630 5569">
     <span class='ocr_line' id='line_1_87' title="bbox 1935 5499 3630 5569; baseline -0.003 -13"><span class='ocrx_word' id='word_1_599' title='bbox 1935 5501 2008 5556; x_wconf 89' lang='lat' dir='ltr'><strong>sit</strong></span> <span class='ocrx_word' id='word_1_600' title='bbox 2037 5509 2173 5555; x_wconf 88' lang='lat' dir='ltr'><strong>nata</strong></span> <span class='ocrx_word' id='word_1_601' title='bbox 2202 5509 2256 5555; x_wconf 90' lang='lat' dir='ltr'><strong>et</strong></span> <span class='ocrx_word' id='word_1_602' title='bbox 2288 5507 2600 5569; x_wconf 88' lang='lat' dir='ltr'><strong>procreata,</strong></span> <span class='ocrx_word' id='word_1_603' title='bbox 2657 5499 2896 5567; x_wconf 90' lang='lat' dir='ltr'><strong>ipsaque</strong></span> <span class='ocrx_word' id='word_1_604' title='bbox 2926 5499 3198 5567; x_wconf 87' lang='lat' dir='ltr'><strong>quamvis</strong></span> <span class='ocrx_word' id='word_1_605' title='bbox 3231 5511 3365 5553; x_wconf 90' lang='lat' dir='ltr'><strong>caro</strong></span> <span class='ocrx_word' id='word_1_606' title='bbox 3415 5499 3630 5568; x_wconf 86' lang='lat' dir='ltr'><strong>peccati</strong></span> 
     </span>
    </p>
   </div>
   <div class='ocr_carea' id='block_1_88' title="bbox 1936 5585 3635 5659">
    <p class='ocr_par' dir='ltr' id='par_1_88' title="bbox 1936 5585 3635 5659">
     <span class='ocr_line' id='line_1_88' title="bbox 1936 5585 3635 5659; baseline -0.003 -15"><span class='ocrx_word' id='word_1_607' title='bbox 1936 5589 2128 5654; x_wconf 78' lang='lat' dir='ltr'><strong>fuerit,</strong></span> <span class='ocrx_word' id='word_1_608' title='bbox 2179 5603 2291 5644; x_wconf 91' lang='lat' dir='ltr'><strong>non</strong></span> <span class='ocrx_word' id='word_1_609' title='bbox 2339 5596 2478 5644; x_wconf 92' lang='lat' dir='ltr'><strong>tunc</strong></span> <span class='ocrx_word' id='word_1_610' title='bbox 2519 5589 2639 5659; x_wconf 89' lang='lat' dir='ltr'><strong>jam</strong></span> <span class='ocrx_word' id='word_1_611' title='bbox 2671 5586 2907 5656; x_wconf 89' lang='lat' dir='ltr'><strong>quando</strong></span> <span class='ocrx_word' id='word_1_612' title='bbox 2956 5585 3338 5656; x_wconf 66' lang='lat' dir='ltr'><strong>praeveniente</strong></span> <span class='ocrx_word' id='word_1_613' title='bbox 3388 5585 3635 5654; x_wconf 90' lang='lat' dir='ltr'><strong>Spiritus</strong></span> 
     </span>
    </p>
   </div>
  </div>
