3946 6388
332 352 469 409 1019

1350 345 1464 399 ΑΙ).
1506 344 1667 401 ΟΡΡ.
1710 343 1863 399 VEN.
1895 338 2224 399 GUIBER'I‘I
2264 343 2355 397 DE
2393 342 2816 401 NOVIGENTO.

3678 412 3685 417 _
3702 348 3846 402 1020

328 486 511 545 sancti
560 484 745 558 gratia
798 483 872 539 ab
924 480 1128 552 angelo
1180 494 1299 552 prae
1356 480 1626 537 omnibus
1685 478 2029 536 mulieribus
2067 477 2199 533 Ain
2245 492 2371 534 eam
2403 478 2656 547 advenit,
2710 486 2884 535 totam
2910 478 3209 535 defaecavit
3237 492 3270 534 a
3321 479 3590 536 sordibus
3637 479 3843 551 Virgi-

332 574 629 633 benedicta
655 578 898 630 vocatur
931 585 944 625 :
986 568 1232 641 Spiritus
1273 572 1531 634 sanctus,
1583 567 1796 637 inquit,
1828 582 2027 637 super-

328 662 515 719 veniet
539 660 603 715 in
632 663 704 727 te,
738 666 795 716 et
820 658 1002 714 virtus
1028 654 1317 713 Altissimi
1343 654 1700 711 obumbrabit
1733 654 1837 709 tibi
1866 656 2024 723 (Luc.

331 767 368 815 ι,
404 753 515 820 35).
546 747 822 820 Alioquin
854 746 900 803 si
952 760 1067 802 non
1096 745 1293 801 eodem
1332 744 1550 815 Spiritu
1592 752 1789 800 sancto
1817 743 2029 800 sancti-

336 837 504 893 ficata
549 844 656 904 est,
706 843 761 891 et
817 833 1152 900 emundata,
1210 832 1498 903 quomodo
1546 846 1680 889 caro
1734 833 1862 903 ejus
1913 845 2028 887 non

332 938 467 980 caro
508 924 721 993 peccati
770 922 919 978 fuit?
964 928 1020 977 et
1049 920 1097 976 si
1146 934 1280 976 caro
1324 921 1451 990 ejus
1482 921 1551 976 de
1595 934 1783 976 massa
1830 919 2029 990 primae

334 1009 821 1082 praevaricationis
880 1008 1056 1075 venit,
1115 1008 1402 1079 quomodo
1456 1008 1719 1063 Christus
1772 1007 2027 1063 Verbum

330 1113 463 1156 οπο
493 1099 615 1154 sine
648 1104 874 1167 peccato
914 1096 1043 1162 fuit,
1090 1097 1191 1167 qui
1223 1097 1293 1151 de
1323 1110 1495 1151 carne
1536 1096 1745 1166 peccati
1794 1108 2025 1151 carnem

330 1186 657 1255 assumpsit,
696 1184 804 1240 nisi
835 1184 976 1254 quia
1023 1183 1279 1240 Verbum
1324 1183 1478 1254 quod
1511 1198 1643 1239 caro
1676 1183 1889 1239 factum
1918 1189 2024 1251 est,

328 1287 451 1330 eam
486 1273 739 1343 primum
769 1272 1160 1335 obumbravit,
1201 1271 1256 1327 in
1288 1285 1467 1341 quam
1499 1271 1743 1341 Spiritus
1792 1278 2027 1327 sanctus

328 1360 679 1430 supervenit,
713 1368 768 1416 et
807 1360 994 1416 virtus
1023 1359 1300 1415 Altissimi
1348 1373 1476 1415 eam
1524 1367 1699 1415 totam
1733 1358 2028 1429 possedit?

329 1449 635 1519 Propterea
684 1462 815 1504 vere
846 1462 980 1503 caro
1032 1447 1153 1517 jam
1201 1462 1315 1503 non
1367 1462 1504 1503 caro
1538 1448 1754 1518 peccati
1803 1447 1932 1516 fuit,
1964 1447 2025 1502 in

330 1552 449 1608 qua
494 1538 646 1593 Deus
691 1551 750 1592 se
789 1544 974 1592 totum
1019 1535 1249 1602 infudit,
1302 1544 1357 1592 et
1390 1536 1648 1593 Verbum
1691 1536 1847 1606 quod
1889 1549 2025 1592 caro

329 1624 541 1680 factum
586 1631 688 1690 est,
719 1624 843 1680 sine
878 1630 1105 1694 peccato
1151 1623 1223 1678 ad
1254 1638 1358 1678 nos
1386 1623 1562 1689 venit,
1612 1623 1714 1693 qui
1739 1624 1873 1694 jure
1905 1636 2023 1678 non

327 1712 514 1768 solum
546 1712 729 1783 legem
755 1718 980 1768 naturae
1006 1710 1220 1767 vitiata;
1254 1711 1310 1766 in
1342 1710 1630 1766 nascendo
1655 1724 1768 1766 non
1796 1711 2019 1777 tenuit;

325 1814 531 1856 verum
581 1815 687 1857 nec
742 1799 926 1870 legem
975 1800 1171 1869 primae
1226 1799 1469 1870 originis
1523 1812 1701 1869 quam
1748 1799 2024 1856 haberent

329 1888 575 1955 feminae,
612 1888 657 1943 si
703 1888 1044 1944 mandatum
1089 1895 1369 1944 servasset
1404 1894 1586 1943 mater
1616 1888 1872 1943 omnium
1907 1889 2026 1943 Eva

329 1976 386 2032 in
430 1976 719 2046 paradiso.
759 1975 916 2032 Alias
957 1984 1149 2032 autem
1200 1976 1511 2047 quomodo,
1568 1975 1785 2046 Spiritu
1826 1983 2025 2032 sancto

325 2078 452 2121 eam
497 2063 770 2134 replente,
821 2079 935 2121 non
966 2065 1091 2120 sine
1117 2064 1387 2135 originali
1428 2072 1661 2135 peccato
1691 2063 1820 2130 fuit,
1854 2063 2025 2134 cujus

325 2152 500 2207 etiam
530 2151 807 2207 nativitas
853 2152 1101 2223 gloriosa
1148 2152 1425 2208 catholice
1469 2152 1527 2207 in
1570 2152 1727 2207 omni
1772 2152 2027 2207 Ecclesia

328 2240 536 2296 Christi
567 2240 641 2296 ab
669 2240 940 2296 omnibus
972 2241 1105 2296 felix
1135 2248 1191 2297 et
1219 2241 1384 2297 beata
1414 2239 1799 2309 praedicatur?
1834 2240 2026 2297 Enim-

324 2341 462 2383 vero
492 2327 540 2384 si
574 2342 688 2383 non
720 2327 885 2384 beata
912 2336 1056 2384 esset
1098 2336 1153 2383 et
1185 2328 1456 2399 gloriosa,
1488 2341 1865 2399 nequaquam
1896 2329 2024 2399 ejus

328 2415 607 2471 festivitas
634 2414 1024 2472 celebraretur
1054 2416 1271 2487 ubique
1318 2416 1391 2471 ab
1422 2416 1711 2472 omnibus.
1744 2415 1850 2472 Sed
1882 2418 2023 2487 quia

329 2509 443 2558 tam
491 2501 821 2559 solemniter
863 2503 1091 2570 colitur,
1141 2511 1364 2560 constat
1406 2518 1479 2561 ex
1526 2504 1865 2561 auctoritate
1906 2506 2021 2561 Ec-

327 2587 552 2653 clesiae,
612 2588 766 2658 quod
821 2589 1000 2645 nullis
1050 2591 1402 2661 quandoque
1454 2597 1680 2647 naturas
1731 2591 2023 2662 subjacuit

321 2674 563 2743 delictis,
598 2692 780 2747 neque
807 2677 1093 2732 contraxit
1134 2678 1195 2732 in
1235 2681 1402 2734 utero
1445 2677 1813 2747 sanctiﬁcata
1852 2679 2023 2751 origi-

318 2763 457 2817 nale
506 2769 825 2834 peccatum.
864 2765 1043 2828 Unde,
1090 2767 1194 2823 etsi
1241 2767 1499 2823 Jeremize
1530 2767 1650 2823 dies
1694 2774 1869 2837 atque
1915 2769 2019 2826 Job

320 2851 624 2907 maledicta
684 2852 1114 2923 pronuntiatur,
1176 2855 1315 2923 dies,
1366 2856 1638 2926 inquam,
1699 2856 2019 2914 nativitatis

316 2953 541 3006 eorum,
576 2940 697 2996 dies
728 2948 917 2997 tamen
963 2943 1197 3012 quando
1230 2944 1497 3000 inchoata
1524 2952 1608 3001 est
1640 2943 1775 3001 felix
1824 2945 2018 3003 Maria

2137 581 2269 622 nem
2311 575 2366 623 et
2394 567 2644 636 decoxit,
2688 574 2753 623 ut
2780 574 2923 623 esset
2968 567 3221 623 sanctior
3260 581 3439 637 quam
3479 576 3638 625 astra
3685 567 3837 625 cceli.

2138 656 2313 711 Porro
2341 656 2576 725 quando
2621 655 2806 713 virtus
2835 656 3103 711 Altissimi
3150 663 3326 711 totam
3357 670 3486 712 eam
3517 657 3839 714 adumbra-

2136 743 2241 806 vit,
2292 742 2507 800 factum
2557 751 2641 799 est
2681 751 2746 799 ut
2792 745 2919 814 ejus
2958 743 3017 798 in
3060 750 3222 799 utero
3273 743 3510 799 veniens
3554 743 3837 809 Verbum,

2136 832 2292 903 quod
2336 839 2460 888 erat
2510 832 2567 887 in
2612 832 2894 902 principio
2935 831 3349 901 sempiternum
3396 832 3551 901 apud
3584 832 3838 898 Patrem,

2136 934 2269 977 caro
2296 921 2455 977 fieret
2482 936 2555 976 ex
2581 929 2853 991 tempore,
2885 930 2943 976 et
2968 921 3256 976 habitaret
3289 920 3346 974 in
3377 919 3560 975 nobis.

2212 1031 2233 1058 ι
2265 1009 2521 1065 Audiant
2570 1009 2747 1079 igitur
2775 1009 2909 1064 novi
2955 1008 3360 1077 disputatores,
3408 1014 3463 1063 ct
3514 1006 3838 1077 investiga—

2139 1103 2284 1151 tores
2312 1096 2447 1151 novi
2490 1103 2546 1151 et
2578 1095 2822 1151 inauditi
2855 1103 3088 1165 partus;
3134 1094 3375 1150 audiant
3401 1100 3457 1149 et
3506 1093 3838 1164 intelligant

2136 1184 2410 1254 primum,
2460 1184 2601 1254 quia
2655 1184 2761 1239 viri
2800 1192 2956 1251 sunt,
3006 1183 3292 1253 quomodo
3336 1182 3480 1238 bene
3534 1182 3835 1251 disputare

2134 1280 2349 1343 queant
2377 1273 2447 1329 de
2489 1280 2701 1328 natura
2726 1280 2780 1328 et
2808 1286 2955 1328 sexu
2986 1272 3317 1327 mulierum.
3361 1270 3574 1326 Deinde
3604 1268 3836 1339 recogi-

2133 1367 2272 1429 tent,
2306 1361 2493 1431 utqui
2542 1368 2813 1417 naturam
2847 1360 3174 1431 requirunt,
3226 1367 3281 1414 et
3329 1372 3691 1414 communem
3744 1356 3836 1411 Ie-

2133 1463 2261 1520 gem
2305 1449 2598 1515 nascendi,
2651 1448 2745 1505 ubi
2780 1456 2960 1504 totum
3008 1447 3273 1503 divinum
3304 1454 3388 1503 est
3434 1454 3491 1501 et
3519 1444 3831 1511 ineffabile,

2132 1537 2329 1593 divina
2359 1537 2545 1593 virtus
2574 1536 2728 1606 quod
2759 1544 3051 1606 operatur.
3087 1534 3527 1590 Generatim
3552 1533 3683 1601 eius
3700 1532 3837 1604 quis

2129 1624 2461 1679 enarrabit?
2506 1623 2669 1695 (Isai.
2727 1639 2842 1691 LIII,
2887 1623 2966 1693 8.)
3015 1622 3162 1679 Nam
3217 1622 3349 1692 quis
3398 1622 3505 1677 hoc
3556 1621 3676 1677 loco
3725 1634 3833 1691 pro

2132 1712 2468 1784 impossibili
2497 1712 2798 1783 accipitur,
2835 1712 2977 1783 quia
3007 1725 3173 1768 nemo
3216 1718 3545 1767 sanctorum
3585 1718 3687 1776 est,
3724 1709 3832 1778 qui

2132 1816 2246 1858 non
2277 1802 2403 1857 dico
2428 1800 2704 1867 divinam,
2734 1815 2936 1857 verum
2965 1800 3137 1855 etiam
3168 1799 3271 1869 qui
3298 1797 3676 1854 humanitatis
3700 1796 3833 1868 ejus

2133 1890 2558 1962 generationem
2593 1890 2665 1945 ad
2710 1889 2997 1959 liquidum
3030 1896 3204 1958 queat
3232 1900 3525 1953 enarrare,
3556 1887 3831 1956 quamvis

2131 1987 2411 2049 utrasque
2448 1993 2647 2035 omnes
2676 1978 2919 2034 debeant
2948 1976 3177 2032 credere
3196 1976 3223 2031 ?
3254 1976 3395 2031 Hinc
3423 1989 3559 2046 ergo
3602 1973 3833 2045 colligi-

2132 2074 2229 2123 tur
2276 2067 2431 2138 quod
2482 2065 2878 2136 superstitiosa
2932 2064 3006 2120 sit
3058 2064 3299 2120 istorum
3349 2062 3715 2130 concertatio,
3770 2068 3832 2117 et

2130 2156 2428 2226 superflua
2465 2155 2814 2226 disputatio,
2882 2154 2985 2225 qui
3041 2153 3243 2208 dicunt
3308 2152 3453 2207 ostia
3490 2150 3707 2206 ventris
3769 2156 3829 2205 et

2129 2244 2323 2300 vulva)
2346 2258 2478 2300 eum
2530 2228 2849 2314 aperuisse,
2879 2250 2935 2298 et
2976 2241 3359 2297 colluvionem
3413 2237 3716 2310 sanguinis
3761 2244 3829 2293 ut

2128 2332 2315 2389 caeteri
2369 2346 2587 2399 omnes,
2658 2340 2711 2387 et
2767 2330 3156 2386 secundarum
3235 2327 3542 2397 spurcitias
3590 2333 3713 2397 post
3767 2340 3828 2381 se

2129 2420 2406 2484 traxisse;
2442 2420 2500 2474 in
2526 2419 2742 2489 quibus
2770 2417 3041 2473 omnibus
3075 2417 3323 2487 gemitus
3350 2423 3405 2471 et
3435 2414 3596 2470 dolor
3624 2412 3828 2470 multi-

2126 2508 2393 2577 plicatur,
2445 2506 2697 2572 tristitia,
2748 2513 2803 2561 et
2850 2518 3128 2560 aerumnas
3177 2510 3487 2574 augentur,
3539 2509 3602 2558 ut
3656 2515 3829 2557 nemo

2127 2596 2250 2651 sine
2278 2595 2367 2650 his
2400 2594 2585 2664 pariat
2630 2594 2832 2649 filium.
2868 2592 2971 2648 Sed
3005 2592 3154 2647 absit
3182 2604 3217 2645 a
3244 2590 3514 2646 cordibus
3544 2589 3826 2657 fidelium,

2130 2690 2192 2739 ut
2222 2683 2334 2739 tale
2377 2682 2598 2751 aliquid
2650 2681 3016 2751 suspicentur
3061 2679 3131 2734 de
3184 2678 3364 2734 Maria
3396 2677 3639 2749 virgine,
3690 2692 3829 2748 quae

2127 2786 2229 2841 pro
2281 2770 2679 2827 maledictione
2726 2770 2925 2839 prima:
2955 2767 3193 2839 originis
3233 2767 3681 2824 benedictionem
3733 2773 3828 2821 at-

2126 2860 2258 2916 tulit
2288 2858 2541 2915 mundo!
2574 2858 2734 2915 Unde
2763 2865 2817 2913 et
2845 2859 2968 2927 ipsa
2995 2856 3304 2926 siquidem,
3338 2863 3402 2911 ut
3433 2854 3577 2920 dixi,
3610 2853 3684 2909 ab
3719 2868 3828 2910 an-

2128 2948 2252 3018 gelo
2285 2947 2583 3003 benedicta
2631 2946 2976 3016 prtedicatur
3007 2945 3064 3000 in
3113 2943 3475 3008 mulieribus,
3505 2950 3562 2998 et
3603 2944 3826 2998 saluta-

314 3026 587 3116 nativitas
608 3069 623 3094 ,
686 3029 851 3085 beata
910 3032 1321 3099 pronuntiatur
1375 3040 1431 3088 et
1487 3032 1697 3089 colitur
1750 3032 2015 3104 religiose
2054 3061 2094 3116 ρ
2127 3048 2223 3091 tur
2248 3034 2657 3090 officiosissime
2687 3041 2750 3089 ut
2780 3034 2959 3088 Mater
2989 3031 3211 3087 Domini
3245 3045 3360 3101 prae
3390 3030 3661 3087 omnibus
3691 3031 3828 3100 glo-

315 3116 474 3170 satis.
532 3114 691 3183 Quod
741 3117 789 3173 si
861 3117 919 3173 in
975 3127 1204 3188 peccato
1253 3128 1439 3190 esset,
1493 3123 1626 3193 jure
1710 3120 2015 3182 maledicta

313 3203 603 3260 diceretur
655 3212 710 3261 et
757 3207 1154 3277 gemebunda,
1215 3210 1406 3279 potius
1456 3226 1632 3282 quam
1693 3215 2009 3284 benedicta,

314 3293 550 3362 quando
600 3294 927 3350 nuntiatum
972 3304 1056 3352 est
1104 3297 1249 3366 patri
1296 3303 1445 3354 ωε
1495 3302 1624 3371 ejus
1671 3304 1828 3374 quod
1879 3312 2015 3361 nata

312 3387 459 3436 esset
495 3381 550 3435 in
582 3382 812 3438 saeculo.
856 3382 1024 3439 Nunc
1048 3392 1263 3453 autem,
1295 3386 1436 3456 quia
1466 3390 1792 3447 universam
1836 3393 2013 3449 bene—

312 3468 559 3525 dictione
603 3484 712 3525 sua
753 3470 921 3526 beata
951 3470 1114 3541 virgo
1159 3473 1338 3529 Maria
1381 3474 1629 3533 illustrat
1676 3480 2012 3551 Ecclesiam,

313 3570 430 3612 non
495 3556 699 3613 merito
750 3556 1107 3613 sanctificata
1163 3561 1220 3614 in
1282 3561 1498 3631 Spiritu
1544 3574 1741 3622 sancto
1805 3568 2014 3625 colitur

313 3644 684 3699 veneranda?
736 3644 968 3701 Nullius
1014 3645 1193 3717 igitur
1250 3648 1523 3706 nativitas
1577 3652 1901 3711 celebratur
1952 3656 2012 3711 in

314 3731 554 3795 mundo,
599 3732 706 3787 nisi
740 3731 949 3789 Christi
977 3741 1033 3789 et
1057 3734 1201 3805 ejus,
1231 3744 1407 3807 atque
1439 3738 1584 3795 beati
1616 3742 1871 3799 Joannis.
1923 3745 2014 3800 Sic

313 3827 369 3876 et
400 3818 566 3875 beata
600 3820 765 3891 virgo
800 3822 975 3877 Maria
1004 3822 1113 3877 nisi
1144 3823 1204 3878 in
1237 3832 1398 3880 utero
1428 3827 1631 3883 matris
1658 3831 2013 3887 sanctificata

312 3916 480 3974 esset,
535 3907 771 3965 minime
828 3909 1101 3966 nativitas
1154 3911 1282 3981 ejus
1331 3913 1569 3970 colenda
1622 3925 1785 3974 esset.
1846 3919 2015 3975 Nunc

314 4002 509 4051 autem
557 3996 697 4066 quia
741 4010 814 4052 ex
859 3998 1199 4054 auctoritate
1240 4001 1414 4057 totius
1460 4003 1725 4060 Ecclesne
1771 4019 2013 4062 venera-

313 4089 430 4150 tur,
460 4086 687 4138 constat
712 4100 844 4139 eam
871 4085 945 4139 ab
974 4085 1134 4141 omni
1145 4087 1425 4158 originali
1439 4094 1673 4155 peccato
1699 4092 2013 4150 immunem

296 4170 516 4239 fuisse,
551 4185 653 4241 per
681 4187 861 4243 quam
905 4188 1019 4229 non
1048 4174 1233 4231 solum
1283 4176 1606 4236 maledictio
1635 4182 1835 4237 matris
1878 4183 2013 4239 Eva),

313 4260 504 4315 soluta
548 4267 654 4324 est,
688 4275 890 4317 verum
920 4262 1089 4317 etiam
1142 4263 1462 4322 benedictio
1493 4268 1764 4326 omnibus
1799 4272 2013 4327 condo-

2126 3124 2297 3189 riosa,
2346 3137 2450 3179 nec
2474 3136 2591 3178 non
2632 3130 2686 3177 et
2716 3122 2787 3177 ab
2822 3120 3104 3176 Elizabeth
3158 3120 3214 3174 in
3259 3119 3474 3189 Spiritu
3508 3118 3828 3189 prophetiae

2120 3211 2419 3268 benedicta
2481 3211 2632 3280 (Luc.
2683 3226 2722 3279 ι,
2774 3212 2865 3278 42)
2907 3209 3334 3280 pronuntiatur,
3385 3216 3440 3263 et
3493 3205 3826 3263 benedictus

2119 3301 2345 3365 fructu:
2391 3299 2606 3355 ventris
2654 3298 2857 3368 (lbid.)
2903 3299 3030 3368 ejus
3075 3298 3331 3353 creditur
3376 3304 3432 3351 et
3477 3303 3821 3352 veneratur.

2121 3391 2272 3459 Ergo
2307 3390 2363 3445 in
2394 3404 2530 3460 qua,
2567 3396 2622 3444 et
2653 3403 2750 3457 per
2783 3401 2959 3458 quam
2992 3394 3153 3442 tanta
3199 3385 3511 3441 benedictio
3540 3384 3823 3451 effloruit,

2118 3482 2173 3530 et
2206 3474 2393 3545 gratia
2439 3473 2719 3537 manavit,
2777 3486 2895 3527 non
2940 3478 3025 3527 est
3079 3470 3429 3525 credendum
3477 3469 3634 3539 quod
3691 3470 3826 3540 ejus

2119 3562 2490 3632 puerperium
2521 3560 2817 3616 doloribus
2852 3567 2909 3615 et
2940 3559 3248 3630 gemitibus
3285 3572 3441 3613 more
3470 3557 3823 3614 feminarum

2119 3650 2494 3720 subjacuerit.
2531 3649 2599 3703 Et
2629 3649 2768 3719 quia
2797 3648 2962 3704 beata
3006 3648 3101 3703 Dei
3133 3645 3393 3702 Genitrix
3420 3645 3669 3701 tristitiis
3701 3660 3820 3701 non

2119 3739 2412 3809 subjacuit
2454 3745 2509 3793 et
2540 3736 2836 3799 aerumnis,
2880 3736 3064 3791 libera
3092 3736 3164 3790 ab
3208 3733 3366 3790 omni
3393 3732 3827 3790 maledictioni:

2117 3844 2269 3882 mo
2293 3825 2433 3893 fuit,
2482 3840 2660 3896 quam
2691 3825 2940 3895 Spiritus
2984 3832 3219 3881 sanctus
3250 3822 3604 3892 adimplevit,
3655 3831 3716 3878 et
3748 3832 3825 3878 to-

2121 3924 2234 3971 tam
2287 3915 2528 3970 Domino
2576 3913 2877 3980 dedicavit,
2930 3926 3108 3982 quam
3157 3911 3345 3967 virtus
3397 3910 3668 3965 Altissimi
3711 3911 3821 3967 ob-

2120 4003 2432 4070 umbravit,
2474 4010 2529 4058 et
2552 4017 2623 4058 ex
2666 4002 3022 4057 sanctificata
3051 4014 3223 4056 carne
3275 3999 3529 4069 Virginis
3566 3998 3815 4055 Verbum

2119 4106 2352 4148 carnem
2394 4089 2722 4159 assumpsit,
2753 4097 2808 4145 et
2841 4090 3097 4145 connivit
3129 4088 3190 4143 in
3224 4088 3442 4143 unitate
3475 4101 3752 4157 personae.
3787 4107 3815 4134 »

2194 4181 2261 4237 Et
2286 4179 2483 4236 multis
2510 4178 2817 4249 interjectis
2855 4177 3109 4247 virgines
3140 4176 3441 4247 alloquens
3468 4190 3481 4229 :
3515 4197 3538 4223 ι
3571 4175 3815 4231 Eximia:

2121 4268 2346 4340 pietatis
2374 4268 2558 4324 honor
2598 4275 2655 4323 et
2682 4267 2858 4322 decus
2886 4265 3137 4331 virtutis,
3187 4264 3527 4320 beatissima
3557 4263 3814 4334 Virginis

314 4354 509 4402 natur.
546 4346 706 4413 Quod
755 4348 802 4403 si
833 4349 1108 4417 praeclara
1154 4353 1528 4411 sanctissima;
1577 4357 1833 4428 Virginis
1859 4359 2012 4415 Nati—
2052 4354 2094 4408 D
2122 4355 2455 4426 pudicitiam
2496 4353 2801 4423 praedicate
2844 4352 3257 4422 incorruptam,
3307 4359 3362 4406 et
3394 4350 3807 4406 incontamina-

313 4436 463 4490 vitas
510 4435 914 4493 universaliter
947 4445 1062 4493 tam
1111 4448 1309 4497 sancta
1339 4450 1395 4498 et
1430 4450 1545 4499 tam
1588 4445 1838 4517 gloriosa
1877 4448 2009 4517 jure

2116 4453 2252 4512 tam,
2283 4446 2339 4498 et
2366 4442 2440 4498 ab
2467 4440 2625 4497 omni
2641 4444 2978 4513 contagione
2999 4439 3200 4511 prima
3216 4437 3459 4511 originis
3476 4437 3753 4501 alienam,
3781 4459 3807 4486 »

313 4522 523 4578 colitur
550 4531 604 4579 et
654 4532 984 4591 veneratur,
1018 4536 1236 4596 quanto
1276 4532 1459 4602 magis
1507 4532 1627 4602 ipsa
1656 4536 1892 4604 quando
1935 4536 2008 4592 ab
2112 4542 2219 4589 etc.

313 4610 520 4681 angelo
567 4610 686 4681 jam
744 4614 932 4683 gratia
989 4614 1159 4685 plena
1210 4618 1619 4677 officiosissime
1675 4623 2010 4680 salutatur?

311 4698 455 4754 Nam
508 4714 641 4756 cum
687 4700 824 4756 dicit
854 4702 906 4757 ei
940 4718 952 4757 :
988 4720 1111 4771 ave,
1159 4705 1382 4762 caeleste
1429 4711 1811 4767 venerationis
1841 4713 2006 4769 obse-

311 4787 519 4857 quium
548 4788 800 4857 exhibet,
835 4805 967 4846 cum
995 4800 1187 4848 autem
1215 4794 1353 4849 dicit
1381 4795 1575 4867 gratia
1599 4797 1797 4869 plena,
1824 4813 1897 4855 ex
1929 4802 2011 4855 in-

311 4882 472 4946 tegro
503 4875 645 4932 iram
691 4878 987 4935 exclusam
1032 4882 1279 4938 ostendit
1322 4891 1377 4938 et
1407 4885 1728 4942 restitutam
1764 4888 2009 4958 gratiam

311 4961 582 5017 declarat.
628 4964 770 5020 Cum
825 4966 962 5022 dicit
1006 4968 1304 5024 benedicta
1345 4973 1425 5039 tu,
1478 4973 1730 5030 fructum
1776 4976 2009 5032 benedi-

314 5048 520 5106 ctionis
570 5050 941 5120 demonstrat,
991 5057 1130 5126 quia
1182 5060 1417 5129 quando
1471 5060 1718 5131 Spiritus
1776 5072 2012 5121 sanctus

2186 4619 2444 4690 Denique
2475 4617 2585 4674 sub
2636 4617 2805 4673 finem
2840 4632 2853 4671 :
2884 4618 2964 4673 In
2994 4632 3111 4689 qua
3142 4617 3422 4687 (Virgine)
3444 4613 3659 4670 uexilla
3686 4614 3806 4670 vir-

2116 4711 2302 4765 tutum
2344 4706 2654 4771 micarunt,
2705 4705 2927 4760 nultum
2973 4708 3272 4777 peccatum
3312 4702 3518 4775 prima?
3560 4701 3809 4775 origini:

2112 4795 2311 4869 viguit.

2189 4886 2314 4940 Huc
2344 4898 2528 4954 usque
2578 4883 2936 4949 Paschasius,
2990 4882 3088 4952 qui
3123 4881 3325 4937 Carolo
3379 4882 3580 4951 Magno
3630 4880 3807 4948 impe-

2116 4981 2280 5029 rante
2320 4972 2577 5041 florebat,
2624 4985 2826 5041 nempe
2874 4970 3103 5026 duobus
3131 4969 3357 5025 saeculis
3392 4976 3526 5024 ante
3572 4967 3809 5024 Guiber-

2117 5069 2262 5118 tum.
