3946 6404
20 404 147 455 1021

1298 394 1516 449 DOMNI
1557 393 1614 446 L.
1657 391 2005 448 D’ACHERY
2045 390 2268 446 ΝΟΤᾹΞ.

3396 393 3415 444 1
3428 388 3534 444 022

476 673 639 766 AD
721 671 1156 766 LIBROS
1238 672 1392 764 DE
1470 666 2215 764 PIGNORIBUS
2296 664 3075 761 SANCTORUM.

107 1027 149 1085 ’l
203 1030 387 1085 EPIST.

85 1029 149 1098 (²)
203 1030 387 1085 Εριετ.
477 1042 717 1083 NUNCUP.
785 1029 991 1082 Sancti
1044 1029 1458 1095 Symphoriam'
1523 1029 1719 1076 abbati

11 1117 223 1173 Odoni.
269 1119 371 1173 Hic
416 1124 606 1186 postea
637 1115 810 1184 episc.
864 1113 1190 1168 Belvacens.
1239 1120 1605 1168 consecratus
1637 1118 1720 1166 est

11 1206 119 1262 sub
149 1221 248 1261 an.
304 1208 438 1260 1135
492 1205 689 1274 (Anto.
751 1202 992 1272 Loysel.,
1052 1202 1434 1258 Commentar.
1489 1201 1713 1254 Belvac.

11 1309 144 1364 pag.
181 1294 296 1362 98).
341 1293 586 1348 Abbatia
645 1305 778 1346 vero
837 1291 890 1345 S.
925 1289 1327 1359 Symphoriani
1375 1296 1562 1343 exstat
1593 1287 1721 1343 Bel—

11 1383 140 1437 vaci
165 1397 201 1437 a
257 1382 518 1452 Drogone
551 1379 806 1450 ejusdem
836 1377 996 1434 urbis
1026 1376 1276 1432 antistite
1308 1376 1548 1432 fundata
1585 1378 1718 1430 1035

12 1485 190 1540 quam
229 1469 494 1524 monachi
527 1467 875 1524 Benedictini
923 1466 1228 1535 possident.
1279 1465 1450 1520 Plura
1474 1464 1542 1518 de
1574 1463 1716 1518 San-

11 1557 442 1627 Symphoriano
495 1555 752 1611 coenobio
825 1556 969 1610 scire
1023 1554 1239 1623 cupis?
1318 1552 1408 1607 adi
1482 1552 1714 1606 Louvet.

12 1648 160 1701 Hist.
198 1646 420 1700 Belvac.
457 1653 591 1700 tom.
627 1645 670 1711 1,
704 1653 877 1714 atque
925 1646 1056 1696 Ant.
1110 1641 1350 1711 Loysel.,
1402 1641 1500 1696 ubi
1544 1653 1720 1709 supra

12 1750 148 1806 pag.
177 1737 285 1788 252
315 1741 370 1788 et
403 1734 526 1787 30l.

86 1825 149 1877 ln
186 1823 293 1878 hoc
324 1822 403 1877 De
439 1821 775 1891 pignoribus
817 1826 1148 1875 sanctorum
1179 1824 1427 1873 tractatu
1479 1816 1721 1872 Guiber-

11 1921 125 1979 tus,
167 1926 283 1966 non
327 1909 581 1980 profane,
617 1924 730 1964 non
763 1907 907 1964 lucri
936 1907 1142 1977 gratia,
1174 1906 1269 1962 sed
1303 1905 1587 1975 religiose,
1620 1904 1717 1960 sed

12 1999 337 2055 secundum
387 1997 706 2064 scientiam,
759 1997 854 2052 sed
885 1996 1093 2065 spiritu
1124 1995 1393 2050 colendas
1429 2007 1548 2048 esse
1580 2007 1719 2048 san-

12 2098 240 2144 ctorum
274 2086 518 2143 exuvias
549 2085 702 2141 haud
737 2083 996 2154 imperite
1018 2082 1338 2154 {contendiL
1370 2081 1486 2137 Nec
1517 2081 1720 2136 mirere

13 2178 59 2232 si
103 2175 344 2246 prolixis
369 2175 508 2230 adeo
529 2173 890 2230 sermonibus
921 2173 978 2226 in
1019 2171 1396 2242 reliquiarum
1439 2169 1716 2236 falsarios,

477 1042 717 1083 NUNCUP.
785 1024 991 1082 Sancti
1044 1021 1459 1095 Symphoriani
1523 1022 1669 1076 abba

1902 1056 1930 1093 ι.
1966 1053 2002 1092 ιι
2045 1038 2187 1093 Vitae
2245 1037 2298 1093 S.
2361 1036 2632 1093 Anselmi.
2694 1036 2909 1092 Videsis
2939 1051 3071 1106 quae
3115 1037 3187 1092 ad
3240 1037 3419 1091 Vitam
3471 1037 3529 1091 Β.

1831 1125 2156 1192 Lanfranci,
2195 1125 2370 1194 ipsius
2399 1125 2670 1194 operibus
2718 1123 3040 1194 praalixam,
3099 1123 3527 1191 adnotavimus,

1831 1227 1963 1283 pag.
1998 1214 2085 1266 42.
2121 1211 2184 1264 Ε.
2217 1215 2265 1264 2.
2297 1227 2355 1267 n.

1903 1301 1962 1370 (δ)
1994 1301 2132 1358 CAP.
2166 1301 2208 1356 Ι.
2247 1331 2313 1340 —-
2367 1299 2516 1366 Quid
2571 1299 2762 1354 dicam
2791 1299 2861 1352 de
2912 1297 2987 1354 iis
3017 1297 3260 1364 sanctis,
3291 1313 3532 1369 quorum

1820 1389 1982 1463 ﬁnis,
2043 1392 2146 1444 aut
2183 1392 2267 1443 est
2308 1389 2370 1443 in
2415 1388 2570 1442 malo
2620 1387 2985 1460 prapatulus,
3035 1390 3136 1442 aut
3158 1386 3299 1440 latet
3338 1388 3532 1440 utrum

1829 1479 2007 1533 bonus
2033 1494 2112 1532 an
2138 1477 2349 1543 malus,
2394 1484 2501 1531 etc.
2534 1477 2614 1530 Ea
2661 1475 2729 1530 de
2761 1489 2818 1530 re
2867 1473 3181 1543 capitulare
3226 1471 3534 1542 Aquisgra—

1828 1579 2002 1620 nense
2034 1567 2146 1618 42:
2193 1586 2220 1613 «
2256 1564 2323 1620 Ut
2351 1563 2493 1618 falsa
2540 1562 2775 1617 nomina
2807 1569 3148 1629 martyrum,
3199 1567 3252 1614 et
3303 1559 3532 1613 incertae

1829 1660 2160 1708 sanctorum
2213 1650 2498 1706 memorize
2544 1664 2660 1704 non
2707 1657 3076 1704 venerentur.
3125 1667 3152 1697 ι)
3193 1647 3298 1703 Cui
3341 1647 3419 1702 rei
3472 1645 3534 1701 il-

1829 1739 2142 1794 lustranda;
2189 1737 2600 1792 documentum
2655 1735 2879 1791 concilii
2938 1734 3192 1790 Africani
3255 1747 3382 1788 can.
3442 1735 3528 1800 50,

1830 1827 1963 1882 facit
1998 1826 2207 1882 mirum
2247 1825 2306 1880 in
2365 1825 2638 1880 modum:
2671 1846 2693 1873 ι
2747 1822 2968 1878 Placuit
3019 1831 3081 1878 ut
3138 1821 3358 1887 altaria,
3401 1835 3533 1891 quae

1831 1914 2041 1986 passim
2099 1928 2198 1984 per
2237 1928 2408 1984 agros
2458 1920 2512 1969 et
2549 1927 2650 1982 per
2697 1911 2888 1978 villas,
2943 1911 2998 1965 in
3054 1911 3272 1981 quibus
3301 1909 3530 1965 nullum

1828 2017 2038 2072 corpus
2070 2003 2156 2056 vel
2209 2001 2467 2072 reliquiae
2517 2007 2839 2070 martyrum
2889 1999 3132 2054 conditae
3188 1999 3528 2068 probantur,

1831 2092 1904 2147 ab
1973 2090 2251 2160 episcopis
2302 2089 2404 2159 qui
2482 2089 2620 2145 locis
2689 2089 2901 2144 eisdem
2978 2095 3256 2158 prmsunt,
3311 2086 3359 2142 si
3409 2085 3530 2141 fieri

1831 2187 2032 2250 potest,
2065 2187 2421 2235 evertantur.
2471 2178 2524 2234 Si
2555 2186 2746 2233 autem
2807 2177 2932 2240 hoc,
2969 2185 3194 2246 propter
3246 2174 3532 2231 tumultus

13 2264 442 2329 adinventores,
488 2276 556 2316 ac
599 2261 782 2330 specie
833 2259 1060 2330 pietatis
1106 2260 1333 2315 easdem
1369 2258 1580 2328 popqu
1629 2272 1669 2312 vi

1902 2268 2141 2336 upulares
2195 2281 2309 2321 non
2349 2265 2579 2332 sinitur,
2624 2264 2817 2334 plebes
2864 2271 3054 2319 tamen
3110 2264 3532 2319 admoneamur

18 2350 308 2406 nerandas
365 2349 721 2414 exhibentes,
785 2347 1112 2402 invehatur.
1171 2346 1389 2401 Etenim
1453 2347 1558 2401 hac
1596 2344 1720 2414 ipsa

19 2445 351 2508 tempestate
409 2445 490 2493 tot
533 2445 588 2492 et
629 2446 742 2492 tam
786 2436 997 2491 diversi
1038 2436 1317 2504 irrepsere
1348 2434 1594 2504 pestiferi
1628 2447 1718 2489 er-

20 2541 195 2587 rores,
226 2533 283 2582 et
306 2530 422 2581 tam
459 2525 708 2580 nefanda
739 2524 1114 2594 pecuniarum
1147 2521 1322 2578 libido
1371 2521 1718 2577 ecclesiasti-

16 2630 108 2669 cos
135 2613 549 2684 religiososque
588 2612 758 2679 viros,
794 2625 914 2681 quo
969 2609 1306 2667 celebriores
1338 2623 1474 2666 suas
1520 2609 1718 2664 redde-

12 2711 143 2757 rent
202 2701 489 2768 ecclesias,
541 2700 708 2769 cepit,
755 2700 1084 2766 obcmcavit,
1139 2707 1202 2755 ut
1254 2714 1366 2754 non
1418 2712 1628 2753 mirum
1671 2697 1718 2752 si

12 2797 218 2845 auctor
253 2803 354 2844 eas
385 2788 648 2858 pluribus
681 2787 737 2842 in
771 2787 907 2843 locis
937 2788 1179 2856 hujusce
1205 2794 1482 2842 tractatus
1512 2785 1718 2855 exagi-

11 2887 137 2934 tare
164 2878 471 2947 videatur;
504 2877 716 2932 nedum
751 2877 1036 2946 pietatem,
1073 2875 1414 2944 cultumque
1463 2874 1720 2942 reliquiis

12 2968 152 3021 velit
193 2967 492 3036 denegari,
557 2965 670 3020 imo
724 2978 859 3019 vero
908 2965 980 3018 ad
1037 2963 1329 3032 religionis
1382 2962 1718 3019 Christianae

12 3055 423 3121 accessionem,
503 3053 862 3124 gloriamque
930 3052 1029 3107 Dei
1082 3051 1482 3122 adaugendam
1529 3049 1719 3119 pluri-

12 3158 177 3198 mum
228 3144 492 3198 conferre
547 3142 901 3211 profiteatur.
937 3159 965 3191 α
1022 3141 1300 3196 Οωιθτιλω
1344 3139 1389 3194 si
1447 3137 1609 3208 quid,
1643 3137 1721 3192 ait

17 3231 106 3286 ille
175 3232 231 3286 in
314 3230 663 3299 przefatione,
743 3228 1016 3284 senserim
1092 3243 1164 3282 ex
1219 3227 1346 3294 fide,
1396 3239 1562 3281 sensa
1606 3233 1720 3280 tota

18 3320 144 3374 Iidei
196 3320 503 3376 securitate
561 3316 918 3388 protulerim,
969 3317 1014 3371 si
1069 3317 1200 3386 quis
1269 3315 1474 3370 melius
1516 3315 1722 3369 sentiat

14 3409 203 3475 velim.
252 3430 272 3456 ι

14 3522 16 3556 ξ
83 3498 152 3566 (³)
185 3499 284 3553 Cui
312 3512 428 3550 non
455 3494 634 3549 semel
696 3492 1072 3565 Augustinus,
1128 3491 1231 3545 sed
1278 3491 1416 3546 locis
1458 3489 1722 3562 pluribus

1831 2370 1901 2410 ne
1961 2355 2056 2410 illa
2110 2354 2234 2409 loca
2309 2355 2692 2423 frequentem,
2744 2359 2810 2407 ut
2884 2360 3034 2407 recte
3091 2352 3322 2420 sapiunt
3369 2350 3534 2406 nulla

1830 2443 1905 2498 ibi
1946 2443 2350 2513 superstitione
2373 2440 2577 2496 devncti
2611 2447 2939 2496 teneantur.
2979 2440 3044 2495 Et
3075 2439 3310 2495 omnino
3370 2437 3534 2494 nulla

1827 2532 2100 2588 memoria
2131 2538 2452 2600 martyrum
2498 2528 2867 2599 probabiliter
2905 2535 3252 2597 acceptetur,
3291 2526 3399 2581 nisi
3434 2525 3530 2582 ubi

1827 2635 2040 2690 corpus
2069 2627 2170 2676 aut
2216 2619 2475 2689 reliquiae
2519 2626 2687 2674 certm
2725 2625 2880 2684 sunt,
2937 2624 3039 2672 aut
3067 2616 3229 2685 origo
3284 2614 3534 2682 alicujus

1829 2709 2201 2764 habitationis
2242 2708 2329 2763 vel
2380 2705 2772 2777 possessionis,
2841 2705 2928 2760 vel
2991 2703 3270 2774 passionis
3318 2701 3530 2756 ﬁdelis-

1827 2797 1972 2852 sima
2029 2795 2249 2866 origine
2323 2794 2587 2850 traditur.
2649 2795 2793 2849 Nam
2852 2807 2984 2862 quae
3039 2807 3139 2861 per
3181 2790 3423 2856 somnia,
3478 2796 3534 2844 et

1828 2899 1927 2954 per
1956 2884 2156 2939 inanes
2189 2882 2357 2953 quasi
2407 2882 2781 2938 revelationes
2813 2881 3203 2950 quorumlibet
3233 2877 3533 2933 hominum

1828 2973 2164 3041 ubicunque
2245 2970 2681 3025 constituuntur
2744 2968 2968 3034 altaria,
3035 2967 3270 3023 omnino
3349 2979 3534 3034 repro~

1830 3060 2059 3115 bentur.
2096 3081 2122 3105 ››

1900 3147 1961 3216 (⁷)
1987 3149 2120 3203 CAP-
2165 3145 2208 3198 Ι.
2236 3173 2308 3184 -
2337 3141 2423 3200 Sil
2449 3142 2644 3214 itaque
2685 3141 2876 3197 videre
2911 3141 3272 3212 pontiﬁcum,
3323 3139 3401 3193 sit
3431 3154 3534 3210 po-

1823 3235 1952 3306 puli
1973 3235 2072 3289 Dei
2095 3232 2286 3289 videre
2313 3233 2628 3289 custodum.
2657 3232 2815 3287 Unde
2842 3230 3078 3299 capitul.
3117 3229 3302 3285 Caroli
3332 3227 3527 3298 Magni

1828 3339 1953 3394 cap.
1978 3326 2046 3378 28
2079 3338 2091 3376 :
2122 3344 2142 3372 ι
2179 3323 2255 3392 De
2285 3322 2553 3386 ecclesiis,
2587 3336 2686 3376 seu
2719 3319 2933 3374 sanctis
2981 3319 3226 3382 noviter,
3264 3317 3388 3371 sine
3419 3329 3534 3371 au-

1827 3411 2087 3468 ctoritate
2138 3410 2403 3476 inventis,
2464 3409 2572 3463 nisi
2619 3408 2878 3477 episcopo
2925 3400 3237 3476 ’probante,
3300 3403 3535 3459 minime

1825 3505 2196 3555 venerentur.
2236 3520 2256 3545 ι
2321 3499 2436 3552 lmo
2493 3496 2697 3551 concil.
2759 3495 3021 3550 Lateran.
3091 3509 3174 3561 IV,
3237 3507 3363 3561 cap.
3415 3493 3529 3545 62:

17 3587 366 3656 refragatur.
399 3585 573 3639 Tomo
603 3583 694 3650 IV,
745 3584 824 3638 De
852 3596 1112 3638 sermone
1146 3579 1369 3636 Domini
1405 3579 1463 3634 in
1505 3588 1714 3646 monte,
1756 3597 1796 3651 (ζ
1834 3610 1854 3636 ι
1891 3589 2159 3641 Inventas
2191 3585 2465 3655 reliquias
2495 3585 2562 3639 de
2612 3599 2780 3648 novo,
2813 3598 2981 3638 nemo
3016 3581 3239 3652 publice
3271 3580 3534 3636 venerari

17 3685 62 3724 c.
96 3674 198 3741 20;
229 3681 284 3728 et
317 3681 356 3726 t.
392 3673 466 3728 Vl
497 3672 655 3728 Cont.
688 3671 1104 3726 Adimantium.
1148 3669 1186 3724 l.
1210 3668 1245 3723 ι.
1282 3684 1318 3735 ι,
1346 3684 1396 3723 c.
1432 3671 1514 3721 17.

89 3762 148 3827 (⁸)
193 3761 478 3815 Abbatem
519 3759 843 3831 quemdam,
895 3774 1061 3828 quem
1114 3759 1376 3814 sanctum
1438 3759 1721 3827 Pyronem

16 3847 179 3902 lectio
208 3848 318 3903 illa
353 3847 706 3919 agnominat.
744 3846 936 3902 Simile
976 3846 1118 3915 quid
1149 3845 1344 3911 habes,
1375 3858 1501 3913 cap.
1537 3843 1718 3898 Audi-

17 3935 217 4004 vimus,
253 3938 331 3993 De
364 3937 620 4006 reliquiis
647 3929 708 3992 et
737 3935 1103 3991 veneratione
1131 3941 1484 3989 sanctorum.
1517 3953 1543 3982 ‹ι
1594 3934 1721 3988 Au-

20 4024 270 4081 divimus
299 4027 456 4095 quod
506 4025 744 4096 quidam
802 4025 949 4080 inter
995 4038 1115 4090 vos,
1178 4022 1462 4078 diabolica
1521 4021 1722 4077 fraude

21 4111 252 4182 decepti,
291 4115 580 4169 hominem
609 4113 917 4182 quemdam
952 4112 1008 4166 in
1045 4112 1329 4180 potatione
1367 4119 1421 4166 et
1450 4110 1723 4165 ebrietate

23 4200 290 4262 occisum.
365 4201 534 4272 quasi
593 4209 857 4257 sanctum
913 4202 1096 4271 (more
1155 4199 1498 4268 inﬁdelium)
1554 4213 1721 4253 vene-

27 4297 247 4344 rantur.
287 4313 308 4338 ι

91 4377 152 4445 (⁵)
183 4377 314 4433 CAP.
348 4380 392 4433 Ι.
433 4408 500 4418 -
533 4379 658 4432 Nec
696 4377 846 4432 illud
886 4375 1094 4432 excidit
1140 4376 1289 4446 quod
1336 4375 1720 4442 Lanfruncus,

22 4471 124 4516 etc.
167 4463 312 4530 Quid
339 4466 542 4521 elicere
574 4466 708 4520 velit
740 4473 943 4522 auctor
1001 4473 1192 4520 noster
1222 4478 1358 4520 sane
1387 4478 1502 4518 non
1539 4464 1720 4518 video.

22 4555 166 4602 563
218 4552 431 4609 Verum
461 4553 727 4623 equidem
775 4561 858 4607 est
914 4555 972 4608 Β.
1031 4551 1416 4608 Lanfrancum
1456 4551 1722 4621 aliquan-

25 4636 142 4703 diu,
175 4642 328 4708 quod
357 4655 556 4697 annua
586 4641 910 4697 celebritate
936 4641 990 4696 S.
1039 4641 1300 4710 Elfegum
1331 4640 1720 4708 {praedecesso-

27 4739 140 4780 rem
172 4743 343 4786 suum
377 4731 624 4799 populus
677 4729 1008 4799 percoleret,
1039 4743 1154 4784 non
1187 4729 1496 4797 probasse;
1531 4737 1588 4782 at
1623 4729 1722 4783 ubi

25 4815 370 4886 colloquium
431 4834 563 4874 cum
597 4819 956 4874 sanctissimo
987 4817 1264 4886 discipulo
1308 4817 1573 4872 Anselmo
1613 4817 1723 4871 ha-

1828 3681 2162 3744 praesumat,
2199 3675 2306 3728 nisi
2371 3673 2532 3742 prius
2585 3672 2923 3728 auctoritate
2985 3670 3196 3726 summi
3254 3669 3536 3740 pontificis

1829 3763 2040 3819 fuerint
2109 3763 2455 3832 approbataa.
2533 3761 2758 3816 Praslati
2822 3774 2958 3814 vero
3031 3759 3100 3814 de
3161 3766 3366 3814 caetero
3419 3771 3534 3812 non

1830 3853 2163 3921 permittant
2191 3851 2314 3905 illos
2339 3851 2438 3919 qui
2473 3849 2540 3904 ad
2572 3863 2770 3904 eorum
2813 3847 3078 3902 ecclesias
3135 3859 3312 3901 causa
3363 3859 3534 3901 vene-

1830 3939 2065 3996 rationis
2093 3939 2374 3993 accedunt
2405 3937 2571 3992 vanis
2623 3936 2908 4006 figmentis
2965 3942 3068 3989 aut
3123 3932 3280 3989 falsis
3328 3933 3530 4001 decipi,

1829 4026 2204 4090 documentis,
2274 4026 2422 4080 sicut
2469 4032 2524 4080 et
2578 4024 2635 4078 in
2708 4022 2995 4092 plerisque
3055 4021 3192 4077 locis
3242 4021 3536 4076 occasione

1829 4121 2087 4184 quaestus
2118 4113 2238 4168 fieri
2269 4111 2590 4178 consuevit,
2626 4132 2648 4158 ι
2707 4119 2813 4166 etc.
2868 4110 3122 4164 Trident.
3160 4108 3362 4164 concil.
3393 4121 3530 4162 sess.

1827 4207 1916 4268 25,
1956 4204 2030 4256 De
2062 4202 2444 4266 invocatione,
2506 4199 2869 4255 veneratione
2909 4206 2963 4253 et
3009 4197 3271 4266 reliquiis
3302 4203 3533 4252 sancto-

1831 4305 1986 4346 rum.

1903 4379 1967 4449 (⁸)
1998 4379 2131 4434 CAP.
2167 4379 2209 4432 Ι.
2246 4409 2314 4416 -
2342 4379 2469 4432 Hos
2504 4377 2680 4447 plane
2730 4377 2842 4447 qui
2879 4375 3154 4445 scrophas
3182 4374 3335 4430 circa
3356 4375 3536 4444 ,ἰαθη-

1831 4467 1975 4535 lum,
2008 4468 2111 4520 aut
2143 4463 2378 4536 uspiam
2423 4463 2486 4517 in
2532 4479 2785 4535 corpore.
2821 4463 3028 4519 Scrofae
3087 4477 3187 4518 seu
3245 4462 3533 4528 scrofulae,

1830 4555 1948 4610 sive
1978 4555 2147 4609 etiam
2180 4561 2438 4616 strumae,
2468 4571 2494 4601 α
2533 4565 2682 4620 quas
2713 4550 2890 4605 Graeci
2923 4547 3188 4623 χοιράδας
3216 4549 3530 4618 appellant,

1833 4641 2069 4711 glandia
2108 4641 2261 4710 (quze
2291 4639 2364 4694 ab
2393 4639 2590 4694 eadem
2621 4645 2787 4708 gente
2817 4639 3026 4694 adenes
3055 4639 3355 4704 dicuntur)
3401 4642 3538 4692 sunt

1829 4730 2133 4794 obdurata,
2193 4727 2410 4797 quibus
2463 4727 2696 4793 collum,
2754 4726 2967 4793 axillze,
3005 4735 3060 4782 et
3121 4726 3362 4795 inguina
3420 4723 3538 4779 fre-

1830 4821 2203 4892 quentissime
2270 4829 2649 4890 occupantur.
2714 4841 2740 4869 »
2800 4820 3013 4876 Paulus
3085 4820 3371 4890 1Egineta,
3461 4819 3537 4872 De

28 4902 167 4970 buit,
215 4907 556 4977 scrupulum
596 4908 888 4962 submovit
936 4920 1184 4972 omnem,
1223 4906 1512 4975 jussitque
1569 4905 1720 4960 cele-
1758 4895 1801 4948 Ῑ)
1833 4918 1955 4966 arte
1987 4910 2134 4965 med.
2172 4909 2270 4964 lib.
2303 4925 2384 4974 ιν,
2419 4923 2542 4978 cap.
2579 4901 2680 4973 33;
2714 4909 2968 4975 Aristot.,
3006 4910 3082 4963 De
3116 4916 3262 4978 part.
3297 4907 3534 4962 animal.

31 4989 197 5048 briori
229 4993 390 5050 cultu
448 4996 502 5050 S.
539 4995 800 5066 Elfegum
853 4995 1135 5050 venerari.
1175 5017 1194 5042 ‹
1256 4994 1439 5060 Quam
1487 4994 1718 5062 quidem

30 5077 317 5136 historiam
348 5098 462 5139 non
494 5084 679 5140 solum
722 5083 890 5153 plano
927 5083 1235 5138 dictamine
1264 5083 1335 5137 ad
1392 5083 1718 5152 legendum,

27 5178 224 5223 verum
281 5172 451 5227 etiam
503 5172 722 5228 musico
781 5172 1168 5228 modulamine
1200 5172 1270 5226 ad
1330 5172 1654 5226 canendum
1689 5185 1722 5224 a

25 5251 290 5319 jucunda:
333 5259 622 5315 memoriae
669 5260 942 5325 Osherno,
980 5259 1410 5315 Cantuariensis
1460 5259 1722 5314 Ecclesiae

27 5345 317 5412 monacho,
349 5349 421 5402 ad
479 5356 823 5418 praeceptum
882 5348 1034 5403 illius
1064 5349 1330 5404 nobiliter
1353 5349 1565 5403 editam
1605 5348 1722 5416 ipse

27 5440 128 5482 sua
159 5434 460 5498 prudentia
485 5451 583 5506 pro
613 5450 807 5492 amore
847 5435 1001 5492 illius
1035 5437 1307 5505 martyris
1358 5435 1578 5506 (Elfegi)
1636 5435 1722 5489 in-

30 5514 274 5585 signivit,
305 5521 635 5595 insignitam
668 5525 1011 5590 auctoravit,
1061 5524 1471 5580 auctorizatam
1517 5524 1572 5578 in
1610 5523 1724 5578 Ec-

32 5603 193 5660 clesia
245 5609 342 5668 Dei
425 5614 530 5684 legi
579 5613 922 5682 cantarique
979 5612 1246 5668 instituit.
1313 5633 1333 5658 ι
1411 5611 1724 5668 Eadmerus

1829 4999 1925 5054 lib.
1964 5013 2088 5065 vni,
2141 5011 2265 5067 cap.
2322 5000 2380 5051 21
2420 5005 2476 5052 et
2505 5000 2602 5063 23;
2638 4998 2988 5066 H‘ppocrat.,
3049 4997 3146 5052 lib.
3203 4997 3280 5050 De
3337 4995 3533 5066 gland-

1827 5092 1958 5140 sect.
2020 5087 2072 5151 3,
2111 5085 2276 5151 init.;
2327 5093 2382 5140 et
2412 5085 2490 5140 De
2541 5083 2725 5139 affect.
2788 5093 2922 5140 sect.
2979 5087 3030 5150 5,
3086 5091 3212 5154 post
3265 5084 3414 5138 med.
3462 5085 3539 5138 De

1828 5171 2071 5226 diversis
2109 5179 2466 5228 strumarum
2501 5172 2807 5242 generibus
2847 5171 3205 5240 Bartholom;
3242 5169 3536 5226 Perdulcis

1831 5259 1930 5315 lib.
1965 5274 2092 5326 xw,
2149 5274 2274 5330 cap.
2327 5262 2414 5314 27.
2457 5259 2710 5315 Curandi
2742 5268 2932 5315 autem
2998 5258 3249 5328 pestiferi
3277 5267 3536 5314 struma-

1831 5362 1958 5403 rum
1984 5348 2166 5403 morbi
2199 5348 2642 5418 praerogativam
2693 5348 2928 5418 regibus
2985 5349 3337 5403 Francorum
3389 5347 3540 5403 divi-

1833 5436 1990 5491 nitus
2040 5449 2163 5492 esse
2215 5448 2564 5502 concessam,
2628 5436 2864 5491 tradunt
2912 5435 3245 5504 scriptores;
3302 5441 3357 5490 et
3416 5433 3538 5490 haec

1833 5523 2116 5593 hodieque
2143 5530 2478 5593 perseverat.

1899 5612 2177 5667 Caeterum
2213 5612 2355 5682 quia
2383 5613 2708 5680 complures
2736 5610 2926 5680 in‘boc
2977 5616 3328 5681 argumento
3363 5608 3536 5665 desu-
