3946 6390
439 368 573 423 1023

1464 360 1577 415 AD.
1621 360 1776 415 OPP.
1818 356 1974 410 VEN.
2019 352 2343 410 GUIBERTI
2388 352 2476 406 DE
2512 350 2917 407 NOVIGENTO

3858 346 3928 400 10

433 500 597 555 dasse
625 496 762 563 scio,
794 502 971 566 atque
1005 493 1146 548 adeo
1185 489 1529 559 multiplices
1560 492 1875 542 occurrunt
1906 483 2133 554 opinio-
2168 486 2215 538 A
2247 496 2581 554 [τδοιὶοῃρω
2647 494 2877 551 dixerit.
2911 493 3154 561 Quando
3231 493 3584 563 discooperto
3671 491 3881 548 calice

434 602 554 653 nes,
584 587 657 642 ab
690 585 777 641 his
807 583 960 640 haud
991 580 1311 637 inconsulto
1345 577 1555 647 (ampla
1608 576 1733 631 licet
1780 574 1937 630 fandi
1992 585 2135 641 sup-

435 682 590 746 petat
646 670 927 735 materies)
986 668 1406 739 expediendum
1473 679 1562 721 me
1609 664 1826 734 putavi.
1915 662 2128 730 Legant

437 764 538 834 qui
582 763 869 817 voluerint
920 759 1233 814 neotericos
1294 763 1573 818 auctores,
1621 752 1859 808 Hubert.
1911 750 2133 804 Morum

438 852 537 908 lib.
573 866 654 913 ιιι,
682 852 760 904 De
810 848 988 903 sacris
1041 845 1431 905 unctionibus,
1489 855 1613 910 cap.
1670 843 1720 905 5,
1756 838 1857 910 qui
1900 836 2135 893 feliciter

438 938 745 994 admodum
799 934 1060 1005 (si‘quid
1115 932 1336 1003 judico)
1400 931 1507 985 hac
1562 929 1630 984 de
1683 942 1742 982 re
1789 927 2029 995 scripsit.
2065 924 2135 980 Et

436 1025 659 1081 Guillel.
722 1026 809 1079 Du
870 1024 1092 1092 Peyrat,
1151 1020 1249 1076 lib.
1308 1035 1345 1074 ιι
1376 1019 1518 1074 Hist.
1573 1017 2055 1084 Eccles.,cap.56
2079 1020 2135 1068 et

437 1128 554 1183 seq.
595 1114 759 1168 Ritus
790 1126 924 1166 vero
952 1110 1052 1180 qui
1081 1124 1186 1164 suo
1215 1123 1338 1164 avo
1366 1107 1662 1163 observari
1709 1105 1968 1160 solebant
1995 1116 2137 1158 exa-

436 1200 587 1256 ravit
659 1199 984 1268 Stephanus
1052 1196 1120 1250 de
1186 1196 1367 1263 Conty
1440 1193 1799 1249 Corbeiensis
1852 1189 2135 1246 canobita

435 1288 794 1344 decretorum
867 1287 1083 1347 doctor,
1155 1284 1399 1339 Historia
1444 1297 1547 1337 ms.
1625 1296 1827 1351 regum
1882 1280 2135 1334 Franco-

436 1390 567 1432 rum
601 1392 615 1429 :
649 1397 670 1424 ι
712 1375 967 1429 Pradicti
1004 1387 1166 1442 reges
1207 1372 1553 1442 singulares,
1586 1370 1827 1439 quilibet
1883 1370 2134 1437 ipsorum

436 1465 564 1520 fecit
596 1463 811 1533 pluries
856 1462 1141 1517 miracula
1172 1461 1227 1516 in
1258 1461 1377 1515 vita
1403 1473 1529 1526 sua,
1563 1459 1825 1514 videlicet
1876 1456 2136 1513 sanando

433 1551 667 1607 omnino
714 1551 783 1605 de
831 1564 1143 1614 venenosa,
1175 1549 1358 1621 turpi,
1415 1556 1471 1605 et
1517 1547 1875 1603 incommoda
1923 1546 2131 1612 scabie,

434 1652 565 1708 qua
597 1637 808 1693 Gallice
853 1644 1092 1693 vocatur
1143 1636 1473 1692 écrouelles.
1524 1638 1726 1693 Modus
1781 1635 2024 1692 sanandi
2051 1641 2137 1689 est

435 1725 579 1782 iste:
617 1726 928 1796 Postquam
989 1740 1091 1782 rex
1132 1726 1357 1781 audivit
1413 1723 1667 1789 missam,
1710 1723 1950 1779 affertur
2002 1729 2135 1778 ante

433 1827 564 1870 eum
598 1828 703 1869 vas
730 1827 901 1884 aqua
934 1813 1187 1882 plenum,
1231 1817 1425 1869 statim
1459 1820 1600 1867 tunc
1627 1811 1761 1867 facit
1816 1809 2131 1866 orationem

434 1915 600 1958 suam
630 1910 763 1958 ante
794 1902 995 1969 altare,
1027 1909 1082 1958 et
1113 1910 1306 1971 postea
1354 1914 1532 1956 manu
1566 1901 1771 1956 dextra
1822 1899 2008 1969 tangit
2055 1898 2137 1953 in-

435 1988 783 2056 ﬁrmitatem,
810 1996 865 2044 et
895 1987 1052 2044 lavat
1090 1988 1147 2044 in
1180 1988 1331 2044 dicta
1369 2000 1542 2057 aqua.
1577 1986 1798 2043 Inﬁrmi
1842 1999 1978 2041 vero
2032 1998 2134 2040 ac-

433 2077 705 2145 cipientes
742 2077 811 2133 de
839 2077 991 2133 dicta
1020 2090 1194 2147 aqua,
1221 2082 1277 2132 et
1335 2083 1591 2146 potantes
1622 2089 1724 2145 per
1760 2088 1963 2130 novem
2013 2073 2135 2129 dies

428 2164 615 2236 jejuni
665 2178 799 2221 cum
845 2165 1164 2232 devotione,
1210 2166 1332 2221 sine
1388 2164 1500 2220 alia
1571 2163 1854 2219 medicina
1898 2162 2134 2218 omnino

432 2260 737 2309 sanantur.
798 2253 869 2309 Et
913 2260 994 2309 est
1043 2254 1122 2308 rei
1169 2253 1401 2320 veritas,
1471 2252 1625 2323 quod
1682 2251 2134 2307 innumerabiles

433 2339 514 2394 sic
550 2340 619 2395 de
671 2340 825 2395 dicta
879 2340 1207 2395 inlirmitate
1252 2339 1492 2395 fuerunt
1547 2340 1735 2394 sanati
1788 2352 1890 2408 per
1934 2338 2131 2407 plures

431 2440 593 2497 reges
621 2428 897 2483 Francia.
945 2448 967 2476 ι
1004 2427 1245 2484 Vivebat
1290 2427 1619 2497 Stephanus
1667 2441 1821 2482 anno
1872 2428 2028 2481 1400.
2061 2432 2133 2482 At

434 2527 573 2569 vero
628 2513 913 2583 ejusmodi
957 2515 1104 2571 ritus
1132 2515 1494 2582 obsolevisse,
1560 2515 1717 2571 testis
1770 2523 1852 2571 est
1899 2515 2001 2585 qui
2042 2530 2132 2571 su-

436 2615 538 2670 pra
563 2602 653 2657 Du
684 2603 909 2672 Peyrat,
956 2616 1084 2673 cap.
1143 2606 1231 2657 6t.
1266 2602 1372 2670 Qui
1404 2604 1640 2673 quidem
1696 2618 1820 2674 cap.
1875 2606 1961 2670 60,
2011 2611 2133 2674 post

436 2689 612 2756 med.,
643 2704 717 2745 ex
748 2690 941 2745 verbis
971 2690 1231 2747 Guiberti
1265 2706 1278 2744 :
1311 2693 1402 2746 He
1430 2690 1484 2746 ei
1520 2692 1846 2755 cohaerente,
1874 2695 1930 2746 et
1957 2696 2135 2747 etiam

432 2777 794 2848 prohibente,
845 2778 1074 2848 conjicit
1129 2780 1202 2835 ab
1238 2779 1607 2851 eleemosynis
1654 2780 1828 2836 fuisse
1866 2782 1983 2851 regi
2014 2782 2134 2837 Lu-

433 2865 635 2921 dovico
659 2865 899 2922 Grosso:
931 2867 1025 2923 cui
1079 2867 1422 2938 conjectura
1460 2869 1773 2939 quominus
1835 2883 2133 2926 assensum

435 2955 720 3024 prabeam
783 2954 1045 3024 prohibet
1117 2955 1354 3026 ipsemet
1434 2956 1790 3013 Guibertus:
1846 2958 2131 3028 siquidem

2173 1764 2213 1819 Β

2244 599 2591 657 cognoscens
2628 598 2867 648 errasse,
2903 583 3098 653 positis
3128 582 3186 636 in
3225 582 3460 637 calicem
3514 581 3655 635 vino
3697 587 3763 635 et
3796 593 3928 648 aqu

2242 690 2357 730 non
2391 673 2556 729 modo
2589 686 2763 741 super
2792 670 3048 736 calicem,
3082 684 3282 724 verum
3322 669 3492 723 etiam
3550 680 3741 736 super
3813 680 3927 734 par

2242 763 2485 819 hostiam
2545 768 2955 825 consecratam,
3028 772 3192 813 sacra
3257 755 3709 813 consecrationis
3796 752 3928 807 verl

2242 850 2490 907 iteravit.
2555 851 2662 904 Pro
2727 863 2842 917 quo
2892 848 3037 901 facto
3097 846 3237 915 quid
3295 845 3474 909 vobis,
3524 843 3667 912 quid
3719 840 3815 896 illi
3866 854 3928 909 pt

2243 941 2487 1009 sbytero,
2516 938 2656 1008 quid
2686 938 2755 991 de
2793 937 2891 991 illa
2932 936 3115 990 hostia
3165 934 3487 989 faciendutn
3521 939 3614 997 sit,
3669 930 3928 1001 quariti

2240 1028 2353 1084 Nos
2383 1035 2574 1082 autem
2633 1040 2744 1080 non
2774 1039 2845 1079 ex
2880 1038 3049 1078 sensu
3080 1032 3272 1077 nostro
3320 1034 3536 1076 novum
3568 1018 3836 1088 aliquid,
3885 1032 3928 1071 ει

2242 1116 2383 1185 quid
2422 1129 2455 1170 a
2488 1114 2872 1184 prudentibus
2905 1112 3042 1166 viris
3071 1125 3245 1180 super
3265 1109 3437 1164 simili
3470 1122 3608 1164 casu
3644 1106 3917 1162 consiliu

2241 1201 2377 1257 olim
2431 1201 2783 1265 audivimus,
2837 1199 2944 1254 hac
3003 1211 3036 1252 a
3075 1198 3232 1251 vobis
3281 1197 3526 1266 quaesita
3583 1193 3928 1263 responsior

2239 1302 2772 1346 commemoramus.
2806 1287 2951 1342 Cum
2999 1285 3151 1341 enim
3185 1285 3368 1340 simile
3400 1284 3611 1339 factum
3663 1282 3741 1337 ad
3794 1295 3928 1335 aura

2242 1378 2629 1447 quorumdam
2686 1375 3055 1445 prudentium
3116 1374 3482 1442 pervenisset,
3551 1371 3920 1440 presbyteru

2242 1464 2311 1519 de
2364 1464 2718 1535 negligentia
2772 1462 3662 1531 corripiendumjudicaverunt,
3717 1465 3781 1513 et
3843 1472 3919 1512 co

2244 1560 2483 1607 ventum
2517 1567 2620 1622 pro
2654 1552 2770 1621 ipso
2818 1559 3120 1606 oraturum
3155 1549 3551 1619 providerunt.
3600 1548 3726 1601 Hoc
3788 1546 3928 1615 igitt

2242 1640 2572 1709 exemplum
2629 1639 2817 1694 securi
2862 1638 3235 1704 consulimus,
3297 1645 3360 1692 ut
3412 1636 3712 1706 presbyter
3771 1642 3927 1689 vesti

2244 1728 2316 1782 ad
2371 1736 2597 1798 tempus
2632 1726 2936 1783 oblationis
2993 1725 3176 1780 hostia
3242 1723 3539 1790 abstineat,
3600 1729 3658 1777 et
3721 1720 3928 1776 interii

2244 1816 2460 1887 quibus
2501 1813 2874 1886 providebitis
2924 1813 3044 1869 sive
3087 1812 3466 1883 jejuniorum,
3498 1811 3617 1867 sive
3650 1809 3795 1865 aliis
3848 1824 3927 1864 co;

2240 1904 2397 1972 poris
2435 1901 2925 1972 castigationibus,
2967 1908 3022 1955 et
3059 1913 3177 1956 non
3225 1899 3622 1955 tantummodo
3675 1899 3832 1962 suis,
3871 1910 3928 1951 Vt

2242 2004 2372 2046 rum
2395 1989 2567 2046 etiam
2610 1988 2836 2054 vestris,
2886 1988 3185 2063 totiusque.
3223 1993 3540 2042 conventus
3584 1984 3928 2040 orationibt

2238 2078 2527 2149 expiatus,
2583 2084 2873 2133 mereatur
2928 2074 3152 2132 oﬁ‘erre.
3214 2075 3318 2131 Cui
3372 2082 3580 2140 tamen,
3616 2086 3741 2128 non
3773 2072 3853 2127 de
3887 2087 3921 2126 e

2239 2166 2388 2224 roris
2430 2165 2797 2231 conscientia,
2830 2179 2981 2235 qua,
3032 2178 3163 2220 cum
3210 2170 3292 2219 est
3323 2170 3661 2229 contumax,
3715 2160 3919 2217 hares

2239 2256 2470 2323 dicitur,
2501 2255 2598 2311 sed
2627 2269 2701 2310 ex
2747 2253 3129 2319 illusionibus,
3163 2266 3296 2322 qua
3343 2265 3493 2320 sape
3532 2257 3688 2306 recte
3720 2250 3927 2304 credet

2238 2345 2386 2401 tium
2441 2342 2668 2399 lumbos
2729 2342 2985 2412 implent,
3060 2340 3238 2410 hujus
3301 2338 3606 2396 oblivionis
3664 2338 3927 2407 contingi

2239 2446 2449 2497 casus;
2505 2430 2734 2486 brevior
2785 2438 3056 2500 tempore,
3110 2428 3291 2494 initio,
3361 2429 3639 2497 passione,
3711 2428 3928 2497 castiga

2240 2520 2394 2576 tione
2443 2519 2622 2590 hujus
2680 2518 3013 2588 poenitentia
3057 2517 3422 2588 poteritesse.
3475 2515 3766 2582 Quoniam
3816 2530 3927 2571 ver

2242 2609 2297 2664 in
2330 2608 2527 2674 altero,
2586 2607 2705 2663 sive
2757 2606 2944 2676 panis,
3000 2606 3120 2662 sive
3169 2604 3363 2660 calicis
3410 2610 3796 2670 sacramento,
3832 2616 3928 2673 pos

2241 2697 2369 2752 illas
2399 2709 2531 2765 qua
2568 2708 2641 2750 ex
2682 2708 2839 2749 more
2870 2694 3018 2749 ﬁunt
3048 2707 3149 2763 per
3186 2692 3583 2762 presbyterum
3630 2691 3927 2761 consigna

2240 2786 2444 2850 tiones,
2501 2789 2654 2837 totus
2702 2788 2786 2835 est
2839 2779 3120 2846 Christus,
3164 2792 3198 2833 a
3239 2778 3360 2849 jam
3418 2778 3735 2833 consecrati
3787 2779 3924 2847 pani

2241 2869 2736 2940 reconsignatione
2788 2868 3026 2923 omnino
3100 2866 3299 2922 debuit
3378 2866 3749 2931 abstinuisse,
3805 2874 3864 2921 et
3917 2879 3928 2918 ι

2240 2958 2362 3013 vini
2392 2966 2447 3013 et
2475 2971 2643 3027 aqua
2686 2957 2743 3011 in
2775 2955 2949 3011 calice
2979 2956 3143 3025 prius
3196 2968 3402 3017 vacuo,
3439 2953 3746 3020 infusione,
3782 2953 3928 3009 satis

434 3041 544 3097 hac
573 3042 679 3098 fuit
703 3042 984 3114 dignitate
1033 3053 1258 3110 auctus,
1293 3059 1433 3099 num
1482 3044 1541 3100 in
1567 3046 1687 3101 vita
1728 3045 1829 3101 ubi
1886 3047 2135 3101 minuta-
2171 3058 2212 3113 ο
2242 3045 2427 3101 facere
2453 3044 2756 3115 potuit;et
2802 3044 2927 3099 siue
2966 3042 3063 3098 illa
3090 3055 3385 3098 sacrorum
3438 3042 3755 3096 verborum
3791 3042 3927 3096 itera

434 3129 533 3183 tim
565 3142 700 3184 suos
731 3136 895 3185 actus
922 3130 1225 3199 percurrit,
1254 3130 1508 3188 ofﬁcium
1540 3132 1682 3189 illud
1727 3133 2068 3203 praterisset
2105 3134 2133 3188 ?

430 3215 557 3272 Non
587 3215 751 3273 facile
787 3216 943 3273 credi
972 3224 1171 3287 potest.

500 3300 829 3357 Notandum
882 3303 1109 3359 tandem
1162 3309 1266 3369 est,
1321 3312 1556 3360 auctore
1615 3311 1809 3363 nostro
1849 3305 2136 3376 antiquio-

432 3402 553 3445 rem
611 3388 890 3444 hactenus
946 3390 1120 3459 (quod
1176 3391 1375 3457 sciam)
1431 3392 1533 3462 qui
1588 3391 1657 3448 de
1706 3393 1879 3450 bacce
1925 3408 2127 3464 regum

431 3482 760 3531 nostrorum
816 3475 1201 3546 prarogativa
1261 3476 1585 3547 disputarit,
1650 3480 1889 3549 reperiri
1945 3482 2135 3537 nemi-

431 3575 583 3618 nem.

504 3649 725 3720 (⁹)ΟΑΡ.
768 3650 837 3704 ΙΙ.
872 3679 941 3689 -
965 3650 1183 3705 Mulier
1228 3654 1487 3724 quadam
1518 3656 1601 3712 ad
1647 3655 1952 3711 ecclesiam
1999 3674 2131 3728 pro-

431 3738 622 3810 prium
663 3736 1021 3802 infantulum
1069 3740 1443 3812 suscipienda
1495 3758 1677 3800 causa
1718 3745 2135 3801 communioni,

432 3826 774 3883 adduxerat.
805 3826 977 3883 Vides
1002 3827 1075 3883 ad
1137 3828 1286 3884 hanc
1330 3838 1722 3899 tempestatem
1753 3840 1808 3887 et
1838 3832 1991 3887 ultra
2018 3834 2040 3902 (
2052 3832 2130 3889 uti

435 3930 566 3972 mox
625 3916 1094 3983 demonstraturi)
1153 3916 1469 3973 infantibus
1510 3919 1971 3976 communionem
2014 3935 2135 3976 cor-

431 4005 585 4075 poris
606 4005 812 4062 Cbristi
852 4006 912 4060 in
942 4005 1181 4061 ecclesia
1235 4006 1717 4063 administratam.
1751 4008 1878 4075 Adi,
1912 4010 1956 4064 si
2009 4010 2130 4079 pla-

432 4100 537 4159 cet,
579 4093 639 4149 Β.
684 4092 990 4149 Lanfranci
1045 4093 1210 4162 epist.
1257 4094 1346 4159 33,
1399 4102 1453 4149 et
1508 4094 1964 4151 observationem
2025 4111 2130 4152 no-

435 4188 612 4237 stram
644 4180 718 4236 ad
760 4180 1049 4249 eamdem;
1085 4181 1404 4237 Arcudium
1436 4181 1533 4237 lib.
1560 4197 1615 4236 ιιι
1650 4183 1727 4238 De
1760 4184 2132 4241 Eucharistia

433 4274 813 4323 sacramento.
862 4266 972 4330 Qui
1022 4280 1158 4322 vero
1218 4267 1355 4336 ipsis
1410 4267 1729 4325 infantibus
1784 4284 1851 4325 ac
1903 4271 2131 4340 potissi-

2241 3134 2393 3190 tione
2436 3132 2495 3188 in
2552 3138 2915 3187 sacramento
2973 3128 3157 3199 panis,
3191 3130 3415 3185 Christo
3462 3129 3928 3193 communicasse,

2242 3220 2521 3293 quoniam
2550 3227 2603 3276 et
2654 3219 2817 3289 pueri
2870 3217 3141 3289 baptizati
3189 3217 3250 3273 in
3299 3216 3475 3273 solius
3514 3216 3725 3283 calicis,
3765 3225 3822 3272 et
3870 3217 3923 3271 in

2243 3310 2393 3366 ﬁrmi
2423 3310 2484 3365 in
2512 3308 2693 3364 solius
2717 3307 2883 3378 panis
2912 3313 3272 3362 sacramento
3305 3320 3454 3375 sape
3492 3305 3925 3361 communicant.

2241 3406 2295 3454 et
2324 3397 2719 3462 nihilominus,
2771 3402 3058 3465 quantum
3115 3394 3188 3449 ad
3245 3407 3367 3449 rem
3428 3393 3608 3462 ipsam
3660 3400 3716 3448 et
3762 3393 3837 3447 ad
3870 3394 3926 3448 in.

2240 3485 2627 3555 corruptionis
2682 3482 2892 3539 futura
2939 3488 3383 3547 sacramentum,
3419 3480 3706 3550 accipiunt
3761 3495 3923 3551 quan

2242 3582 2364 3629 tum
2396 3572 2476 3627 illi
2508 3586 2542 3626 a
2574 3570 2809 3642 quibus,
2853 3568 2913 3624 in
2940 3576 3210 3638 utroque,
3245 3567 3412 3637 panis
3446 3568 3659 3624 scilicet
3702 3576 3759 3623 et
3804 3569 3924 3623 cali-

2239 3661 2319 3717 cis
2364 3666 2743 3725 sacramento,
2792 3657 2849 3713 in
2912 3656 3158 3713 Ecclesia
3204 3656 3273 3711 de
3346 3656 3468 3724 ipsa
3516 3670 3710 3711 mensa
3756 3657 3923 3712 Domi

2240 3748 2373 3803 nica
2443 3746 2707 3803 Christus
2767 3745 3101 3800 assumitur.
3177 3745 3308 3799 Hac
3361 3743 3433 3798 ad
3511 3742 3921 3812 inquisitionen

2239 3841 2511 3901 vestram,
2556 3840 2610 3889 et
2639 3832 2686 3887 si
2742 3831 2935 3887 minus
2964 3832 3147 3901 plene,
3194 3839 3382 3886 tamen
3423 3830 3661 3886 ﬁdeliter
3702 3845 3922 3900 respon‘

2240 3922 2464 3989 demus,
2497 3921 2567 3976 de
2620 3928 2807 3976 vestra
2865 3919 3145 3975 cbaritate
3183 3918 3401 3986 conﬁsi,
3451 3933 3606 3989 qua,
3659 3920 3816 3988 quod
3849 3935 3922 3990 pa

2241 4024 2370 4066 rum
2403 4017 2506 4071 est,
2542 4016 2772 4078 reputat
2803 4008 3072 4075 multum,
3102 4015 3159 4063 et
3205 4007 3361 4078 quod
3411 4007 3757 4071 mutilatum,
3818 4024 3920 4078 per

2240 4099 2470 4154 fectum.
2503 4097 2792 4153 Addentes
2812 4096 2966 4166 quod
2994 4110 3099 4151 nos
3130 4095 3258 4165 ipsi.
3304 4109 3377 4150 ne
3419 4094 3739 4165 hujusmodi
3793 4096 3920 4152 obli-

2238 4186 2513 4243 vionibus
2549 4185 2670 4241 sive
2713 4185 3108 4240 ministrorum
3150 4191 3497 4250 nostrorum,
3553 4183 3670 4238 sive
3723 4186 3920 4239 nostris

2240 4275 2524 4345 possimus
2584 4272 2784 4343 decipi,
2842 4272 3026 4328 facere
3080 4270 3505 4327 consuevimus.
3575 4270 3712 4327 Cum
3776 4273 3918 4327 enin1

434 4368 596 4410 mum
625 4368 822 4409 recens
856 4367 1012 4423 aqua
1063 4354 1384 4410 Christiana
1436 4356 1628 4412 tinctis
1682 4357 2006 4415 traderetur
2032 4359 2129 4415 'sa-
2166 4349 2211 4403 Ῑ)
2243 4362 2491 4419 ministri
2531 4360 2706 4418 nostri
2772 4361 2977 4416 vinum
3023 4361 3079 4415 in
3127 4360 3358 4415 calicem
3416 4358 3660 4415 oblaturi
3713 4358 3918 4416 infude-

433 4458 533 4499 cra
559 4444 908 4511 communio,
939 4443 1203 4515 indigitat
1246 4446 1486 4515 epistola
1523 4447 1594 4503 ad
1635 4446 1689 4502 S.
1728 4448 1997 4505 Florentii
2029 4451 2132 4506 ab-

2241 4452 2379 4517 rint,
2408 4451 2478 4507 de
2509 4450 2802 4505 miscenda
2843 4449 2974 4504 vino
3003 4462 3160 4518 aqua
3200 4462 3315 4503 non
3360 4447 3442 4503 eis
3487 4446 3782 4515 credimus,
3817 4448 3918 4503 nisi

433 4531 621 4586 batem
673 4530 959 4588 Gilbertus
1014 4531 1385 4589 Pictaviensis
1440 4534 1696 4602 antistes,
1749 4549 1924 4606 quam
1982 4542 2132 4593 6M
2236 4540 2357 4611 jam
2405 4538 2596 4595 oblato
2635 4538 2802 4594 nobis
2846 4550 2993 4607 pane
3038 4543 3093 4593 et
3132 4534 3421 4592 oﬁ‘erendo
3463 4535 3654 4602 calice,
3703 4535 3787 4591 vel
3818 4538 3918 4606 lpSl

431 4619 585 4689 quod
617 4618 934 4688 plurimum
968 4620 1324 4677 illustrandis
1374 4621 1641 4677 Ecclesia
1662 4623 1919 4693 antiquis
1965 4625 2134 4681 insti-

430 4705 753 4763 tutionibus
781 4706 1034 4762 conferat
1058 4706 1224 4764 edere
1245 4708 1477 4779 juvabit
1516 4722 1529 4763 :

498 4793 773 4867 Epistola
802 4795 1049 4853 Gilberli
1070 4798 1371 4853 Porretam'
1396 4799 1762 4856 Pictavorum
1785 4800 2057 4873 episcopi.

505 4905 526 4933 ι
576 4884 917 4941 Gillebertus
1001 4886 1099 4941 Dei
1156 4888 1344 4956 gratia
1392 4887 1763 4944 Pictaviensis
1811 4891 2129 4960 episcopus,

429 4972 636 5029 dilecto
691 4973 749 5029 in
810 4975 1035 5031 Christo
1085 4975 1350 5032 Matthao
1431 4978 1630 5034 eadem
1700 4979 1890 5050 gratia
1938 4981 2131 5038 abbati

430 5060 619 5116 Sancti
658 5060 947 5129 Florentii,
981 5062 1224 5118 salutem
1255 5062 1316 5119 in
1355 5064 1597 5122 Christo.

508 5169 530 5196 ι
569 5146 790 5202 Placuit
815 5148 977 5204 vobis
1007 5158 1263 5205 nostram
1322 5152 1621 5207 consulere
1672 5154 2011 5223 parvitatem
2043 5170 2135 5210 su-

432 5246 533 5302 per
561 5232 864 5303 cujusdam
913 5234 1220 5291 oblivionis
1246 5250 1405 5301 casu,
1442 5238 1545 5309 qui
1574 5253 1761 5309 nuper
1788 5241 1845 5295 in
1896 5240 2134 5296 ecclesia

430 5326 623 5375 vestra
653 5319 866 5375 dicitur
913 5322 1264 5391 contigisse:
1307 5325 1457 5394 quod
1503 5327 1768 5383 videlicet
1821 5342 1996 5397 super
2048 5329 2136 5384 al-

432 5415 551 5463 tare
596 5422 741 5477 pane
799 5410 980 5479 posito
1033 5410 1092 5464 in
1143 5412 1569 5469 Eucharistiam
1616 5417 2022 5483 consecrando,
2079 5424 2135 5472 et

431 5497 605 5553 calice
645 5512 827 5555 vacuo
880 5500 1174 5569 presbyter
1228 5503 1422 5557 omnia
1480 5506 1677 5571 verba,
1741 5521 1872 5575 qua
1941 5520 2132 5560 sacra-

433 5594 623 5642 mento
654 5589 818 5656 panis
845 5594 902 5643 et
961 5585 1080 5640 vini
1131 5586 1437 5655 pertinent,
1489 5603 1675 5659 usque
1730 5591 1802 5646 ad
1842 5590 2008 5660 panis
2053 5592 2135 5646 in-

2241 4641 2359 4697 pra
2385 4625 2568 4683 oculis
2593 4625 2805 4681 nostris
2832 4638 3046 4695 aquam
3077 4623 3407 4686 infundant,
3442 4622 3532 4678 vel
3575 4623 3730 4678 nobis
3755 4638 3916 4693 aqua-

2241 4715 2442 4775 manili
2486 4712 2715 4781 tradita,
2769 4726 2897 4768 eam
2940 4712 3105 4767 calici
3150 4711 3512 4767 misceamus.
3566 4712 3651 4767 Sic
3693 4711 3834 4766 enim
3868 4722 3916 4768 et

2243 4802 2502 4860 minister
2530 4801 2794 4858 sacerdos
2834 4809 3029 4856 manet
3079 4799 3374 4864 indubius.
3434 4806 3488 4855 et
3546 4799 3661 4855 sine
3702 4800 3914 4857 oblivio

2241 4892 2332 4947 nis
2359 4891 2662 4962 cujusdam
2696 4883 2834 4945 c'aSu
2856 4888 3161 4944 indemnis.
3200 4911 3226 4937 ››
3900 4939 3914 4965 ε

2309 4978 2493 5045 Quam
2549 4976 2845 5047 epistolam
2934 4990 3161 5032 morum
3220 4977 3502 5047 gravitate
3568 4982 3730 5045 atque
3792 4992 3914 5034 eru-

2242 5066 2478 5132 ditione,
2543 5064 2891 5133 scriptisque
2942 5062 3297 5119 clarissimus
3352 5063 3617 5119 Nicolaus
3639 5062 3910 5129 Camusat,

2243 5155 2504 5211 Ecclesia
2580 5153 2874 5209 Trecensis
2949 5152 3279 5214 canonicos.
3347 5151 3486 5207 mihi
3556 5151 3910 5210 amicissimus

2242 5244 2393 5300 ultro
2441 5241 2765 5298 concessit:
2810 5248 2866 5296 et
2904 5240 3057 5296 hanc
3101 5255 3133 5296 e
3162 5241 3338 5295 veteri
3384 5240 3535 5296 eruit
3562 5240 3908 5299 Grandimon-

2242 5330 2419 5386 tensis
2454 5328 2577 5384 0rd.
2630 5327 2864 5383 Rituali.
2897 5326 3165 5383 Consona
3210 5328 3300 5383 his
3352 5328 3515 5383 docet
3566 5328 3717 5398 Hugo
3738 5329 3905 5387 Victo-

2243 5418 2410 5473 rinus
2438 5418 2517 5471 De
2562 5415 2939 5471 sacramentis
2971 5415 3070 5471 lib.
3104 5432 3140 5483 ι,
3171 5432 3221 5472 c.
3253 5418 3323 5471 20
3355 5430 3368 5469 :
3405 5435 3434 5467 α
3486 5416 3676 5472 Pueris
3724 5431 3903 5475 recens

2245 5505 2394 5560 natis
2458 5504 2606 5559 idem
2678 5512 3105 5559 sacramentum
3168 5506 3224 5558 in
3279 5503 3465 5574 specie
3508 5504 3784 5576 sanguinis
3825 5516 3910 5569 est:

2244 5591 2691 5649 ministrantium
2724 5591 2903 5661 digito
2940 5591 3293 5661 sacerdotis;
3346 5592 3489 5662 quia
3538 5592 3669 5648 tales
3694 5602 3900 5651 natura-
