3946 6392
11 407 135 459 025

1316 404 1533 461 DOM‘NI
1575 405 1632 459 L.
1679 403 2019 461 D’ACHERY
2060 405 2278 460 NOTAE.

3416 407 3552 463 1026

13 550 121 596 ter
182 542 410 612 fugere
465 549 722 611 possunt,
755 563 775 589 ι
812 549 915 596 ctc.
961 540 1123 596 Circa
1170 541 1532 597 inﬁrmorum
1583 555 1742 595 com-
1781 555 1827 608 Α
1855 540 2129 596 secedunt
2174 539 2377 594 deinde
2423 540 2494 595 ad
2549 539 2730 596 altare
2777 540 2970 596 Sancti
3019 540 3326 607 Benedicti,
3377 549 3432 598 et
3475 541 3552 597 ibi

10 633 370 687 iunionem
423 632 730 686 observare
775 631 1022 700 pretium
1076 644 1262 699 operte
1310 638 1392 685 est
1424 630 1579 700 quod
1629 631 1737 684 Ar-

10 720 223 775 udius
285 721 389 775 ubi
437 733 636 789 supra,
671 733 797 789 cap.
858 721 942 785 56,
991 718 1182 785 refert,
1231 719 1450 774 Graecos
1481 716 1740 773 sacratis-

9 806 220 862 imatn
284 807 737 873 Eucharistiam,
774 821 951 877 quam
990 814 1314 876 praeparant
1367 820 1464 875 pro
1499 805 1740 860 infirmis

9 910 43 948 ιι
78 910 276 950 coena
328 897 555 950 Domini
591 909 690 965 per
735 896 966 950 modum
1021 895 1235 961 viatici,
1295 893 1578 963 sanguine
1627 894 1740 946 Do-

9 983 142 1037 oini
189 985 430 1054 tingere
475 984 670 1039 solere.
719 984 789 1038 Et
821 998 1034 1038 morem
1079 982 1249 1038 istum
1296 982 1646 1052 quibusdam
1682 981 1740 1036 in

8 1071 142 1125 ocis
205 1073 491 1128 Ecclesiae
545 1073 758 1127 Latina:
808 1080 1099 1141 receptum
1137 1078 1355 1126 constat
1395 1084 1467 1126 ex
1499 1069 1739 1126 concilio

8 1161 357 1216 ‘uronensi
409 1161 602 1230 (refert
629 1161 1004 1216 Burchardus
1057 1160 1154 1215 lib.
1188 1175 1241 1226 v,
1292 1173 1414 1228 cap.
1467 1161 1517 1226 9)
1554 1173 1565 1212 ε
1602 1179 1622 1206 ι
1670 1158 1739 1214 Ut

7 1249 332 1318 tresbyter
375 1249 582 1305 habeat
615 1249 884 1318 pyxidem
917 1256 1018 1304 aut
1063 1262 1164 1302 vas
1195 1255 1352 1303 tanto
1383 1254 1740 1302 sacramento

7 1337 298 1406 lignum,
337 1337 437 1392 ubi
484 1352 693 1407 corpus
726 1337 1084 1392 Dominicum
1135 1336 1442 1405 diligenter
1470 1335 1740 1391 reconda-

17 1439 122 1491 ur,
163 1425 246 1480 ad
285 1425 567 1481 viaticum
602 1426 998 1481 recedentibus
1029 1439 1062 1479 a
1092 1425 1323 1480 saeculo.
1360 1423 1498 1490 Quae
1546 1432 1736 1479 tamen

8 1527 173 1569 acra
263 1513 481 1569 oblatio
557 1514 796 1569 intincta
877 1514 1041 1569 debet
1122 1527 1244 1568 esse
1319 1512 1378 1567 in
1453 1511 1738 1582 sanguine

6 1601 274 1661 thristi,
334 1609 398 1654 ut
454 1600 737 1654 veraciter
808 1600 1102 1668 presbyter
1154 1599 1326 1669 possit
1401 1599 1588 1655 dicere
1649 1599 1738 1653 in-

6 1690 182 1742 irmo
230 1705 244 1742 :
300 1703 514 1758 corpus
568 1696 622 1743 et
675 1690 914 1758 sanguis
964 1688 1193 1742 Domini
1241 1687 1500 1757 proﬁciat
1548 1687 1668 1742 tibi.
1708 1708 1730 1733 ι

5 1765 349 1831 Zoncilium
400 1776 790 1831 Bracharense
848 1792 927 1841 ιιι,
985 1775 1363 1830 nihilominus
1408 1789 1537 1830 can.
1590 1776 1733 1830 tin-

1848 636 2082 684 cantant
2132 628 2445 683 matutinas
2477 629 2694 692 laudes,
2732 631 2971 699 primam
3005 644 3238 699 quoque
3271 630 3462 697 simul,
3497 637 3553 685 et

1847 725 2059 786 septem
2126 717 2373 786 psalmos
2437 732 2569 773 cum
2624 717 2879 785 ltetania,
2949 718 3174 788 reliqua
3236 719 3553 788 psalmodia

1849 805 2075 860 interim
2106 806 2300 860 dilata.

1919 915 1947 941 ‹‹
1981 894 2194 950 Deinde
2227 894 2303 948 illi
2337 901 2450 949 tres
2481 894 2580 964 qui
2612 903 2746 949 sunt
2778 893 3025 964 alicujus
3049 894 3268 950 ordinis
3302 895 3552 951 induunt

1848 995 1908 1036 se
1938 981 2102 1044 albis,
2137 989 2193 1037 et
2225 982 2642 1045 humeralibus,
2681 990 2742 1037 ut
2772 997 2950 1051 supra
2980 982 3200 1037 dictum
3229 991 3312 1037 est
3361 983 3429 1038 de
3459 981 3550 1037 fa-

1849 1070 2006 1125 mulo
2042 1086 2054 1124 :
2089 1077 2225 1126 sunt
2253 1070 2404 1125 enim
2438 1070 2600 1136 albm,
2633 1078 2687 1125 ct
2720 1071 2964 1125 amictus
2997 1071 3234 1140 quidam
3268 1071 3402 1126 huic
3431 1071 3549 1126 solo

1848 1160 2076 1228 negotio
2107 1159 2404 1228 deputati;
2441 1174 2690 1229 quorum
2731 1174 2883 1214 unus
2915 1159 3162 1214 farinam
3195 1160 3546 1229 conspargit,

1846 1255 1900 1302 et
1931 1247 2421 1304 vehementissime
2469 1248 2780 1317 compingit
2810 1262 2984 1316 super
3029 1246 3285 1302 tabulam
3323 1247 3549 1302 nitidis-

1846 1336 2047 1390 simam
2073 1336 2378 1391 habentem
2403 1336 2642 1391 Iimbum
2668 1335 2720 1389 in
2745 1336 3012 1399 circuitu,
3037 1335 3468 1404 aliquantulum
3489 1337 3547 1391 in

1845 1423 2093 1480 circuitu
2141 1425 2442 1494 superﬁcie
2475 1424 2755 1490 altiorem,
2788 1439 2858 1479 ne
2888 1438 3043 1494 aqua
3073 1423 3309 1479 efﬂuere
3350 1424 3542 1493 possit.

1846 1513 2245 1583 Conspergunt
2265 1527 2387 1569 eam
2421 1527 2575 1583 aqua
2605 1513 2830 1583 frigida,
2854 1513 2992 1582 quia
3015 1512 3145 1568 inde
3176 1512 3325 1568 ﬁunt
3347 1511 3546 1568 hostiae

1846 1601 2202 1656 candidiores
2235 1617 2248 1654 :
2285 1616 2318 1657 a
2355 1602 2586 1657 duobus
2620 1615 2755 1657 vero
2788 1600 3026 1670 reliquis
3059 1601 3257 1656 hostiae
3289 1601 3544 1657 forman—

1847 1697 1961 1744 tur.
1982 1689 2153 1760 Aqua
2174 1703 2311 1745 vero
2336 1705 2450 1745 non
2476 1690 2532 1744 in
2554 1690 2665 1745 alio
2688 1705 2820 1745 vase
2842 1690 3116 1756 defertur,
3143 1703 3318 1759 quam
3346 1689 3402 1744 in
3427 1703 3546 1759 quo

1845 1777 1982 1832 solet
2012 1778 2082 1832 ad
2130 1778 2333 1833 missas
2385 1778 2592 1833 deferri
2645 1779 3100 1841 Ferramentum,
3159 1777 3212 1831 in
3259 1791 3377 1846 quo
3409 1784 3546 1832 sunt

5 1863 262 1918 terdixit
324 1863 738 1928 sacerdotibus,
797 1884 824 1911 ‹‹
880 1863 1302 1918 Eucharistiam
1363 1863 1497 1918 vino
1546 1863 1736 1919 madi-
1775 1849 1818 1903 Β
1846 1865 2182 1934 οοᾳιιθιιᾶεε,
2215 1873 2632 1921 caracteratum
2671 1874 2819 1920 tenet
2850 1879 3181 1932 conversus,
3217 1879 3544 1936 manusque

5 1952 150 2006 dam
204 1951 442 2020 populis
486 1965 588 2020 pro
614 1951 1028 2021 complcmento
1073 1951 1500 2006 communionis
1549 1952 1732 2021 porri-

5 2053 175 2109 gere.
219 2061 242 2087 ι
283 2039 588 2109 Legendus
636 2040 744 2094 hac
790 2039 858 2094 de
889 2053 948 2094 re
995 2039 1338 2109 Radulphus
1380 2041 1448 2095 de
1497 2041 1636 2095 Rivo
1667 2041 1735 2095 de

4 2141 233 2182 canon.
294 2129 624 2182 observant.
688 2127 783 2183 lib.
851 2128 1083 2196 Propos.
1143 2142 1303 2195 xxut,
1383 2129 1492 2184 sub
1528 2129 1723 2197 ﬁnem;

7 2215 121 2284 qui
157 2214 388 2270 affatim
422 2215 744 2271 testimonia
776 2215 1197 2270 subministrat.

3 2359 26 2390 υ
87 2303 396 2359 Statutum
427 2305 732 2374 adjicerem
768 2305 984 2359 ordinis
1031 2305 1444 2371 Cluniacensis,
1478 2304 1536 2359 ni
1585 2305 1735 2360 infra

11 2394 87 2447 de
121 2401 314 2448 morte
367 2392 644 2462 proximis
695 2407 872 2462 agens
919 2394 1205 2462 integrum
1262 2394 1514 2462 proferre
1560 2393 1733 2449 debe-

17 2496 172 2536 rem.
225 2482 569 2551 Temperare
629 2489 878 2537 attamen
929 2481 1069 2535 mihi
1126 2496 1241 2536 non
1304 2495 1535 2551 possum
1589 2485 1732 2552 quin

14 2577 320 2639 quantum
373 2584 546 2638 curae,
579 2577 864 2640 quantum
915 2570 1140 2636 nitoris,
1196 2579 1599 2640 quantumque
1643 2585 1735 2626 ve-

17 2657 349 2713 nerationis
403 2665 458 2713 et
522 2657 902 2713 observantiae
969 2665 1240 2726 praestare
1297 2657 1445 2713 soliti
1519 2658 1732 2714 fuerint

17 2747 387 2802 Benedictini
430 2761 568 2818 erga
600 2747 1079 2817 augustissimum
1126 2747 1506 2802 Eucharistiae
1546 2761 1733 2803 sacra-

19 2842 315 2900 mentum,
350 2834 464 2890 huc
511 2842 782 2900 attexam,
818 2848 1021 2903 nempe
1046 2842 1220 2903 caput
1245 2835 1316 2889 55
1354 2835 1729 2905 antiquorum

2 2931 379 2998 statutorum
408 2922 874 2979 Cluniacensium
909 2922 1115 2979 abbate
1161 2923 1213 2978 S.
1250 2924 1488 2993 Hugone
1527 2924 1730 2979 condi-

20 3021 244 3068 torum.

463 3140 536 3192 De
563 3135 793 3191 Hostiis
822 3135 1102 3208 quomodo
1123 3136 1300 3206 ﬁant.

96 3279 182 3334 De
209 3277 296 3332 his
327 3292 457 3348 quae
503 3277 790 3347 pertinent
822 3277 892 3332 ad
928 3277 1350 3332 Eucharistiam
1382 3277 1730 3332 sacrosancti

27 3366 308 3437 mysterii,
345 3366 484 3436 quia
510 3365 750 3436 dignum
785 3373 887 3431 est,
920 3371 1070 3419 565
1119 3373 1180 3421 ut
1218 3379 1351 3421 cum
1382 3379 1610 3420 summa
1639 3379 1728 3420 re-

28 3456 289 3511 verentia
316 3463 370 3509 et
396 3454 689 3524 diligentia
713 3463 1008 3524 gerantur,
1034 3468 1393 3523 consequens
1410 3462 1493 3508 est
1522 3461 1584 3509 ut
1612 3455 1730 3523 ipse

31 3545 490 3614 quotiescunque
519 3544 856 3612 oportuerit,
894 3556 989 3597 eas
1031 3542 1152 3596 ﬁeri
1183 3543 1255 3597 sit
1287 3556 1530 3608 necesse,
1585 3556 1729 3611 pra:-

33 3634 198 3700 cipue
231 3640 416 3687 tamen
463 3639 594 3686 ante
637 3631 860 3685 Domini
906 3630 1187 3697 Natalem,
1242 3631 1326 3685 vel
1360 3639 1571 3685 sancta)
1619 3631 1730 3685 Re—

25 3720 401 3776 surrectionis
449 3721 595 3774 diem
647 3719 770 3774 ﬁeri
811 3719 1009 3774 solent.
1046 3719 1186 3774 Cum
1233 3727 1422 3774 autem
1480 3718 1730 3774 brumali

40 3810 92 3864 in
128 3817 375 3878 tempore
424 3807 758 3876 prolixiores
801 3809 912 3862 sint
944 3816 1155 3873 noctes,
1193 3807 1321 3862 licet
1372 3815 1504 3862 ante
1547 3821 1729 3876 pran-

39 3899 195 3953 dium
248 3897 520 3952 fratribus
579 3897 803 3966 operari
856 3897 1140 3965 amplius;
1191 3909 1322 3951 nam
1379 3904 1499 3966 post
1553 3910 1726 3965 pran-

0 4035 2 4038 .
43 3987 197 4042 dium
228 3985 554 4055 hujusmodi
586 3998 732 4054 opus
763 3999 960 4054 gerere
991 3999 1104 4038 non
1137 3985 1292 4040 licet.

114 4096 139 4122 «
175 4075 546 4129 Frumentum
575 4073 643 4127 de
677 4087 793 4142 quo
822 4074 1093 4128 faciendae
1127 4081 1263 4128 sunt
1299 4073 1515 4135 hostiae,
1553 4087 1731 4143 quan-

45 4162 295 4218 tumlibet
344 4161 557 4217 bonum
623 4161 694 4216 sit
744 4162 1089 4217 naturaliter
1135 4170 1188 4217 et
1247 4176 1482 4231 purum,
1536 4170 1727 4217 tamen

0 4252 316 4324 ,granatim
348 4250 616 4320 eligitur;
669 4265 773 4305 nec
803 4265 903 4319 per
934 4251 1076 4305 alias
1121 4265 1392 4320 personas
1421 4265 1598 4320 quam
1630 4265 1729 4320 per

0 4316 190 4410 .1ipsos
221 4340 416 4395 fratres
445 4338 764 4409 colligitur;
814 4339 1017 4394 deinde
1064 4340 1121 4394 in
1152 4353 1382 4395 saccum
1417 4354 1527 4393 non
1575 4354 1727 4409 qua-

0 4483 2 4486 .
48 4429 397 4498 lemcunque,
447 4427 543 4482 sed
575 4427 675 4498 qui
721 4427 789 4482 ad
842 4427 949 4482 hoc
999 4428 1182 4483 solum
1229 4428 1297 4483 de
1347 4429 1499 4484 bono
1531 4442 1722 4497 panno

47 4525 304 4573 consutus
332 4523 433 4583 est,
471 4524 816 4571 reservatur.
849 4516 912 4570 In
945 4531 1060 4585 quo
1084 4517 1414 4587 colligatum
1437 4531 1723 4572 commen-

0 4615 10 4631 '
49 4607 209 4662 datur
233 4605 327 4661 uni
362 4604 576 4659 famulo
609 4619 724 4660 non
776 4603 1008 4670 lascivo,
1045 4605 1145 4674 qui
1178 4613 1414 4674 portans
1469 4604 1618 4660 illico
1650 4605 1721 4660 ad

51 4693 416 4749 molendinum
468 4693 675 4748 molam
709 4691 864 4748 lavat
895 4700 1221 4762 utramque,
1256 4693 1556 4762 operitque
1586 4706 1723 4748 sur-

50 4798 164 4838 sum
219 4791 266 4838 et
295 4782 557 4838 deorsum
611 4780 881 4847 cortinis;
938 4781 1187 4850 seipsum
1238 4781 1422 4838 induit
1468 4781 1618 4845 alba,
1667 4789 1722 4837 et

5 4885 209 4944 ,‘super
249 4877 414 4940 caput
463 4870 632 4925 mittit
687 4877 741 4924 et
791 4869 988 4941 alligat
1033 4869 1507 4938 superhumerale
1572 4869 1719 4925 idem

51 4962 319 5025 amictum,
348 4967 412 5014 ut
445 4958 524 5013 nil
557 4959 625 5014 de
669 4958 810 5014 facie
842 4966 1047 5028 praeter
1090 4958 1285 5014 oculos
1317 4958 1490 5027 possit
1536 4972 1720 5028 appa-

54 5062 181 5104 rere.
215 5048 286 5102 lta
310 5061 448 5118 ergo
471 5046 629 5102 molit
662 5047 779 5102 :‘ita
798 5046 1046 5101 farinam
1068 5045 1300 5114 cribrat,
1325 5047 1510 5114 primo
1530 5045 1720 5100 cribro

56 5151 262 5206 quoque
293 5135 592 5206 diligenter
621 5135 842 5191 abluto.

3 5214 14 5232 ⁵
122 5247 140 5272 ι
173 5224 339 5294 Major
385 5223 635 5279 ecclesiae
689 5231 880 5279 custos
926 5223 971 5278 si
1025 5238 1140 5279 non
1187 5230 1270 5278 est
1323 5220 1588 5278 sacerdos
1630 5222 1717 5278 vel

0 5355 1 5360 η
57 5313 320 5379 diaconus,
369 5312 652 5368 vicarium
701 5311 806 5368 sibi
838 5312 1044 5381 quaerit
1080 5312 1150 5367 ad
1206 5313 1312 5367 hoc
1354 5324 1500 5380 opus
1550 5310 1718 5379 perﬁ-

57 5402 330 5472 ciendum;
363 5401 507 5456 duos
557 5402 728 5456 etiam
779 5401 920 5456 alios
947 5401 1015 5455 de
1054 5400 1142 5454 his
1170 5399 1494 5464 ordinibus,
1541 5398 1720 5468 hujus

0 5491 130 5563 arei
169 5503 359 5561 gnaros
389 5488 716 5559 ,perquirit,
779 5497 1013 5559 accepta
1065 5487 1295 5544 licentia
1344 5501 1378 5542 a
1429 5487 1618 5557 priore
1664 5495 1719 5543 et

62 5593 218 5635 unum
269 5592 606 5634 conversum
643 5593 655 5630 :
691 5577 749 5632 hi
799 5585 1052 5648 quatuor
1097 5577 1272 5632 ﬁnitis
1315 5575 1613 5630 nocturnis
1659 5589 1718 5630 se

61 5668 289 5733 calciant,
322 5668 490 5723 facies
533 5680 856 5737 manusque
883 5665 1102 5731 lavant,
1143 5673 1198 5721 et
1225 5665 1416 5734 capita
1444 5670 1711 5733 pexunt:

1850 1953 2036 2008 induit
2091 1953 2412 2010 chirotecis.
2467 1954 2531 2008 In
2573 1953 2920 2009 ferramento
2966 1962 3202 2023 possunt
3251 1954 3539 2009 simul.....

1845 2041 2042 2098 hostiae
2103 2043 2274 2111 poni;
2339 2043 2492 2098 unde
2555 2043 2704 2099 inter
2761 2043 3024 2113 bajulum
3088 2043 3435 2109 ferramenti,
3487 2050 3543 2098 et

1843 2131 2179 2185 formatores
2214 2131 2552 2194 hostiarum,
2589 2132 2823 2200 ponitur
2853 2132 3070 2197 tabula,
3103 2139 3156 2186 et
3185 2146 3360 2201 super
3391 2131 3542 2188 hanc

1844 2219 1958 2273 duo
2016 2227 2151 2274 sunt
2202 2219 2314 2288 pali
2377 2219 2562 2286 inﬁxi,
2615 2235 2790 2289 super
2821 2236 2967 2290 quos
3022 2220 3244 2290 lignum
3297 2220 3544 2276 habetur

1845 2315 2264 2369 transversum.
2321 2321 2497 2376 super
2543 2309 2695 2377 quod
2747 2310 2982 2378 ponitur
3013 2308 3423 2364 ferramentum
3469 2309 3541 2365 ad

1843 2395 2055 2450 hostias
2087 2395 2497 2464 imponendas;
2535 2410 2665 2465 quae
2698 2411 2810 2449 non
2850 2396 3060 2451 fuerint
3107 2405 3279 2451 cocta:
3309 2396 3540 2452 cultello

1841 2482 2228 2547 abraduntur,
2277 2491 2331 2538 et
2381 2483 2596 2538 cadunt
2646 2484 2702 2538 in
2732 2484 2885 2539 disco
2935 2485 3201 2539 deorsum
3249 2485 3305 2538 in
3343 2484 3542 2540 tabula

1844 2573 2120 2640 imposito,
2175 2579 2230 2627 et
2290 2571 2462 2627 linteo
2517 2573 2736 2643 jugiter
2786 2581 3080 2642 cooperto,
3140 2573 3249 2627 nisi
3305 2573 3540 2643 quando

1843 2659 2038 2714 hostia
2068 2659 2452 2715 abraduntur.

1913 2766 1939 2796 α
1967 2746 2196 2802 Canunt
2246 2748 2622 2816 psalmodiam
2654 2762 2786 2817 quze
2836 2747 3129 2814 remansit,
3169 2756 3223 2803 et
3252 2747 3298 2802 si
3342 2747 3540 2804 volue-

1841 2836 1957 2890 rint
2008 2835 2178 2890 horas
2204 2836 2271 2891 de
2320 2836 2526 2892 Sancta
2551 2837 2770 2903 Maria;
2815 2838 2884 2890 ad
2919 2837 3061 2891 alias
3087 2836 3320 2891 omnino
3370 2837 3541 2892 horas

1839 2931 2032 2978 tenent
2085 2923 2379 2979 silentium
2429 2939 2442 2976 :
2494 2930 2548 2978 et
2609 2937 2972 2993 summopere
3029 2934 3232 2979 cavent
3301 2933 3362 2980 ut
3421 2940 3537 2981 non

1838 3012 2004 3066 modo
2052 3011 2253 3077 saliva,
2303 3012 2401 3067 sed
2454 3026 2560 3066 nec
2592 3011 2764 3066 ﬁatus
2810 3026 3010 3067 eorum
3066 3013 3432 3082 aliquomodo
3466 3014 3538 3068 ad

1840 3099 2051 3155 hostias
2109 3098 2432 3170 pertingere
2464 3100 2656 3170 possit.
2718 3099 2883 3155 Solus
2921 3115 3253 3167 conversus,
3301 3101 3347 3156 si
3396 3102 3538 3172 quid

1838 3203 1985 3258 opus
2024 3188 2214 3256 fuerit,
2251 3189 2501 3245 breviter
2539 3189 2770 3244 famulis
2815 3189 3153 3259 innotescit;
3187 3189 3285 3259 qui
3319 3189 3539 3247 faciunt

1839 3278 2028 3333 focum
2092 3278 2321 3333 nonnisi
2373 3279 2443 3333 de
2487 3278 2664 3333 aridis
2713 3277 2904 3348 lignis,
2946 3285 3001 3332 et
3048 3279 3118 3332 ad
3170 3278 3275 3333 hoc
3317 3279 3386 3334 de
3448 3279 3536 3334 in-

1838 3367 2061 3422 dustria
2111 3367 2461 3437 praeparatis;
2520 3369 2628 3436 Ipsi
2671 3375 2862 3422 autem
2920 3367 3238 3422 hostiarum
3290 3368 3534 3436 operarii

1836 3469 1902 3510 eo
1927 3456 2018 3511 die
2052 3471 2164 3510 non
2211 3471 2342 3511 cum
2389 3456 2686 3518 fratribus,
2721 3455 2814 3510 sed
2849 3455 3038 3524 potius
3067 3470 3198 3511 cum
3245 3455 3534 3512 servitori-

1840 3545 1948 3599 bus
1987 3545 2273 3607 reﬁciunt,
2305 3553 2358 3600 et
2406 3559 2508 3614 pro
2541 3545 2682 3599 tanti
2720 3544 2928 3599 laboris
2971 3544 3272 3611 levamine,
3325 3543 3536 3600 habent

1838 3633 1906 3687 de
1937 3633 2307 3702 apocrisiario
2353 3634 2424 3688 ad
2457 3633 2764 3702 prandium
2810 3633 3142 3702 pictantiam
3169 3643 3223 3688 et
3268 3633 3536 3702 pigmen-

1837 3727 1983 3786 tum,
2018 3740 2047 3771 ι)
2076 3730 2182 3776 etc.

1911 3811 2038 3864 Haec
2064 3823 2164 3864 oro
2205 3809 2526 3876 revolvant,
2575 3823 2643 3863 ac
2675 3816 2791 3863 tota
2843 3815 3031 3864 mente
3059 3809 3269 3864 tacitus
3316 3809 3535 3879 perspi-

1836 3896 1990 3952 ciant
2021 3897 2118 3968 qui
2153 3898 2409 3954 divinam
2443 3913 2559 3953 rem
2581 3942 2584 3945 .
2609 3898 2822 3952 hancce
2873 3897 3067 3952 minus
3101 3897 3530 3966 circumspecte,

1837 3985 1951 4040 imo
2003 4000 2117 4040 non
2149 4000 2310 4041 secus
2354 3995 2408 4042 et
2441 3994 2643 4041 czetera
2677 3985 2867 4040 saeculi
2919 3984 3144 4054 negotia
3175 3992 3348 4053 atque
3381 3992 3534 4041 artes

1839 4073 2066 4128 inﬁmas
2097 4078 2466 4143 pertractant.

1908 4159 1999 4232 ('°)
2045 4162 2182 4216 CAP.
2234 4163 2304 4217 Il.
2352 4193 2421 4202 —
2466 4163 2546 4216 Et
2609 4160 2884 4233 puerulus
2924 4176 3115 4216 rerum
3162 4159 3350 4214 adhuc
3410 4176 3530 4216 om-

1835 4250 1996 4303 nium
2024 4249 2259 4318 inscius,
2294 4260 2424 4317 etc.,
2454 4250 2741 4306 exclamat
2771 4250 2848 4304 ad
2876 4252 3141 4314 matrem,
3173 4257 3279 4304 etc.
3305 4270 3331 4297 «
3363 4248 3529 4304 Simi-

1838 4336 1965 4390 liter
2016 4339 2206 4393 evenit
2265 4339 2321 4393 in
2361 4337 2754 4408 Andegavensi
2803 4337 3051 4402 civitate,
3101 4345 3287 4403 netc.,
3341 4337 3532 4406 inquit

1763 4426 2120 4492 DRobertus
2184 4427 2252 4483 de
2318 4427 2506 4483 Monte
2574 4427 2633 4481 in
2688 4426 2986 4481 Chronico.
3058 4425 3200 4481 Vide
3260 4425 3368 4480 sub
3433 4438 3533 4479 an-

1831 4516 2162 4670 “8%:
2218 4601 2313 4665 ιιι,
2366 4601 2465 4666 ξι.
2521 4629 2586 4640 -
2626 4599 2700 4653 Ut
2745 4563 2922 4653 eum
2980 4598 3196 4653 Matris
3233 4598 3532 4654 Dominicz

1828 4703 2035 4758 corpus
2076 4689 2499 4744 resurrectione
2521 4687 2912 4759 glori/iculum
2940 4686 3128 4743 dicere
3156 4703 3266 4741 non
3294 4686 3526 4742 audeat.

1834 4775 1923 4831 Uti
1971 4777 2222 4844 produnt
2267 4776 2511 4846 antiqua
2559 4775 2968 4846 martyrologia
3023 4775 3290 4842 Usuardi,
3325 4775 3416 4830 die
3464 4777 3528 4828 15

1828 4864 2074 4936 Augusti
2107 4879 2118 4918 :
2155 4886 2182 4912 «
2233 4866 2509 4920 Dormitio
2558 4874 2769 4920 sanctae
2823 4865 2917 4918 Dei
2949 4863 3270 4933 [genitricis
3307 4863 3519 4918 Mariae.

1829 4956 2009 5025 Cujus
2074 4957 2526 5010 sacratissimum
2591 4969 2828 5024 corpus,
2892 4954 2994 5009 etsi
3059 4967 3174 5008 non
3233 4952 3528 5008 invenitur

1829 5059 2002 5114 super
2051 5051 2283 5109 terram,
2333 5052 2520 5098 tamen
2549 5043 2642 5112 pia
2689 5050 2870 5097 mater
2908 5041 3160 5096 Ecclesia
3192 5041 3318 5111 ejus
3350 5055 3527 5096 vene-

1827 5133 2066 5188 rabilem
2125 5132 2455 5188 memoriam
2485 5132 2566 5186 sic
2617 5131 2876 5186 festivam
2917 5131 3054 5201 agit,
3091 5137 3154 5186 ut
3201 5143 3302 5199 pro
3327 5129 3524 5186 condi-

1828 5222 1979 5278 tione
2008 5221 2196 5276 carnis
2247 5235 2372 5277 eam
2407 5223 2682 5291 migrasse
2715 5234 2829 5274 non
2878 5219 3122 5275 dubitet.
3158 5221 3278 5283 Quo
3330 5225 3526 5274 autem

1827 5311 2154 5366 venerabile
2220 5311 2358 5366 illud
2407 5309 2649 5378 Spiritus
2697 5309 2877 5364 sancti
2944 5307 3222 5377 templum
3278 5314 3426 5362 nutu
3470 5312 3527 5361 et

1827 5399 2063 5453 consilio
2094 5399 2290 5454 divino
2335 5398 2685 5454 occultatum
2719 5396 2810 5462 sit,
2863 5396 2994 5466 plus
3027 5395 3198 5464 elegit
3243 5394 3528 5450 sobrietas

1828 5487 2092 5542 Ecclesiae
2123 5503 2253 5542 cum
2287 5487 2493 5556 pietate
2521 5485 2755 5552 nescire,
2791 5499 2967 5555 quam
2996 5484 3217 5554 aliquid
3247 5483 3524 5539 frivolum

1825 5583 1881 5630 et
1909 5577 2302 5644 apocryphum
2327 5577 2456 5631 inde
2477 5576 2730 5632 docendo
2752 5582 2961 5630 tenere.
2996 5595 3016 5621 ι
3045 5573 3178 5628 Haec
3201 5571 3522 5628 Usuardus.

1827 5685 1855 5711 «
1884 5664 2060 5718 Porro
2092 5663 2189 5718 Dei
2233 5664 2486 5720 Ecclesia
2513 5684 2541 5716 ι)
2588 5664 2785 5733 (infert
2829 5662 3113 5718 Baronius
3143 5667 3280 5717 nota
3310 5659 3524 5730 Marty-
