3946 6374
409 386 544 438 102³7

1437 374 1530 427 AD
1570 372 1722 426 OPP.
1765 370 1921 425 VEN.
1964 366 2285 424 GUIBERTI
2323 364 2417 419 DE
2454 362 2857 420 NOVIGENTO

3780 358 3931 415 1028

407 515 588 585 rolog.
621 511 692 567 ad
745 512 893 567 hanc
937 508 1112 577 diem)
1155 529 1181 555 α
1218 507 1272 561 in
1319 518 1443 559 eam
1498 511 1714 573 partem
1765 501 2098 572 propensior
2134 503 2181 554 Α
2211 500 2409 566 nium,
2475 497 2614 552 dum
2675 502 2908 550 sanctus
2975 493 3068 549 ille
3123 493 3358 549 antistes
3408 492 3705 562 capsulam
3777 506 3928 561 ape—

405 581 657 672 videtur,
692 607 755 655 ut
784 611 904 654 una
924 610 1056 651 cum
1087 608 1260 651 carne
1290 599 1585 660 assumpta
1613 590 1683 646 sit
1719 590 1774 645 in
1807 590 2035 645 calum.
2072 607 2101 639 1
2208 587 2436 652 ruisset,
2482 583 2817 640 attestanti?
2851 587 2938 638 An
2988 583 3266 637 monacho
3317 581 3736 647 Suessionensi,
3788 595 3923 635 cor-

407 689 569 757 Quod
615 690 764 744 inter
792 687 931 742 alios
975 685 1145 754 (quos
1171 696 1238 737 eo
1275 681 1379 736 loci
1423 679 1577 749 apud
1605 678 1868 735 eumdem
1923 677 2103 733 Baro-

409 778 571 835 nium
636 774 864 847 legeris)
927 773 1079 829 Beda
1143 768 1519 840 Ephemeride
1575 781 1756 823 mens.
1821 770 1969 836 Aug.
2040 767 2105 818 18

409 865 647 924 Kalend.

554 964 767 1017 Octava
797 962 850 1015 et
880 955 1104 1012 decima
1128 953 1333 1011 mundi
1364 953 1480 1019 lux,
1493 953 1729 1024 ﬂosque
1758 949 1956 1024 [naria

550 1029 832 1103 Angelico
859 1027 1136 1083 comitata
1164 1027 1334 1081 choro
1358 1022 1503 1096 petit
1530 1022 1741 1079 alitem
1776 1022 1960 1094 Virgo.

409 1136 596 1202 Atque
622 1129 678 1184 id
707 1126 941 1198 quidem
981 1123 1199 1180 aﬂ'abre
1246 1122 1502 1192 sciteque
1548 1120 1752 1192 probat
1798 1119 2108 1176 Guibertus

409 1227 754 1377 mixtu.
805 1303 901 1370 IIl,
954 1304 982 1369 §
1026 1316 1083 1356 ιι.
1133 1330 1201 1338 -
1244 1300 1438 1370 Caput
1493 1295 1774 1367 Baptista
1828 1292 2111 1350 Dominici

407 1413 537 1452 cum
582 1387 1220 1462 Constantinopolitani
1247 1387 1455 1443 habere
1483 1402 1546 1440 se
1567 1385 1783 1451 dicant,
1819 1382 2106 1454 Angeria—

410 1500 605 1542 censes
635 1479 909 1537 Monachi
933 1478 1087 1533 idem
1109 1494 1171 1531 se
1193 1476 1401 1531 habere
1431 1476 1735 1529 lestanlur.
1767 1473 1931 1528 Hisce
1960 1472 2029 1527 de
2049 1471 2102 1526 S.

410 1572 648 1631 Joannis
677 1570 861 1640 capite
904 1566 1312 1625 controversiis
1352 1564 1507 1620 haud
1539 1564 1851 1630 immoror;
1898 1561 2104 1616 etenim

409 1663 492 1719 nil
542 1661 683 1718 certi
715 1656 1059 1730 quitstatui,
1106 1654 1215 1710 nisi
1269 1653 1421 1723 quod
1471 1652 1667 1707 omnia
1716 1650 1970 1717 incerta;
2004 1662 2109 1703 nec

409 1766 526 1808 non
554 1758 609 1806 et
656 1763 690 1805 a
719 1745 1072 1803 doctioribus
1119 1749 1252 1797 ante
1288 1755 1377 1796 me
1419 1739 1615 1795 multis
1645 1738 1800 1794 ultro
1846 1738 2107 1805 citroque

2212 690 2323 746 pus
2386 676 2443 729 in
2481 674 2679 729 eadem
2734 671 2972 742 capsula
3038 671 3334 726 inventum
3378 670 3726 739 ipsissimum
3795 683 3929 723 esse

2213 764 2268 821 S.
2358 762 2599 818 Firmini
2662 768 3055 817 asseveranter
3126 759 3369 829 probare
3433 759 3715 815 conanti?
3777 758 3929 813 Rem

2212 853 2626 919 discutiamus;
2658 850 2785 916 erit,
2817 864 3000 920 spero,
3034 849 3226 905 lectori
3261 848 3418 904 haud
3448 848 3766 919 ingratum.

2282 942 2373 998 Sic
2432 940 2629 1009 itaque
2682 954 2740 995 se
2802 953 2892 994 res
2950 938 3122 994 habet
3191 936 3283 992 hic
3329 936 3483 1006 apud
3543 935 3929 992 Guibertum.

2218 1052 2239 1079 ι
2275 1029 2448 1085 Plane
2506 1028 2766 1083 decessor
2824 1041 2986 1083 meus
3036 1024 3438 1080 Ambianensis
3469 1024 3717 1094 episcop.
3780 1038 3928 1078 cum

2213 1132 2424 1188 corpus
2471 1115 2710 1171 Firmini
2761 1123 2930 1171 mart.
2985 1121 3050 1170 ut
3081 1121 3266 1184 putat,
3311 1121 3600 1183 quatenus
3627 1112 3698 1167 de
3746 1111 3930 1167 theca

2213 1207 2272 1263 in
2305 1207 2526 1263 thecam
2577 1204 2823 1267 efferret,
2849 1203 3077 1259 nullum
3130 1201 3269 1257 inibi
3307 1200 3598 1271 pitacium,
3630 1215 3703 1255 ne
3735 1199 3929 1255 unius

2218 1295 2453 1366 quidem
2505 1296 2707 1352 littera
2766 1290 3191 1357 testimonium,
3248 1290 3379 1360 quis
3416 1289 3622 1345 ibidem
3671 1289 3926 1359 jaceret,

2216 1383 2455 1439 invenit.
2517 1382 2642 1449 Qua
2688 1381 2757 1436 de
2816 1394 2877 1435 re
2929 1379 3093 1436 urbis
3141 1378 3443 1448 episcopus
3497 1376 3782 1446 plumbea
3829 1375 3927 1430 la-

2214 1472 2384 1530 mina
2417 1485 2549 1527 mox
2600 1468 2909 1539 inscripsit,
2965 1468 3120 1538 quod
3168 1467 3282 1523 illic
3306 1466 3649 1522 conderetur
3693 1464 3928 1520 Firmi-

2214 1562 2348 1617 nius
2379 1568 2596 1629 martyr
2622 1558 3035 1613 Ambianorum
3069 1557 3309 1625 episcop.
3344 1576 3369 1603 ι)
3401 1555 3533 1609 Hac
3560 1553 3669 1609 ille.

2284 1648 2552 1705 Nicolaus
2583 1660 2716 1702 vero
2779 1646 2873 1701 lib.
2926 1660 2985 1709 ιι,
3020 1658 3144 1714 cap.
3180 1646 3272 1712 26,
3325 1643 3467 1698 Vita
3496 1642 3676 1697 sancti
3721 1641 3921 1698 Gode-

2217 1736 2369 1803 fridi,
2434 1743 2809 1805 posteaquam
2872 1732 3068 1788 retulit
3131 1733 3191 1785 Β.
3260 1730 3626 1787 Godefridum
3697 1730 3921 1785 multos

411 1840 768 1909 disputatum
798 1842 883 1890 est
916 1847 928 1887 :
961 1846 1029 1888 ea
1058 1831 1127 1886 de
1155 1844 1215 1885 re
1247 1828 1451 1884 lubens
1481 1827 1768 1882 calamum
1804 1823 2099 1880 subtraho.
2145 1808 2184 1861 Β
2218 1833 2349 1880 ante
2396 1824 2516 1879 dies
2545 1822 2847 1893 populum,
2895 1821 2977 1877 uti
3010 1834 3253 1876 munera
3297 1820 3369 1874 ad
3415 1818 3709 1888 capsulam
3764 1832 3919 1872 con-

412 1943 480 1984 ac
553 1927 712 1983 sileo.
782 1920 1030 1979 Consule
1096 1917 1409 1974 Baronium
1477 1914 1686 1971 Annal.
1755 1913 1967 1969 Eccles.
2035 1912 2107 1967 ad

410 2030 631 2073 annum
691 2015 785 2069 391
820 2018 875 2067 et
927 2011 1061 2064 1025
1108 2021 1175 2063 ac
1220 2014 1338 2062 not.
1381 2006 1437 2060 in
1485 2003 1854 2073 Martyrolog.
1907 2002 2104 2057 Roma.

410 2106 501 2164 die
529 2106 598 2160 29
630 2100 896 2173 Augusti.

484 2194 765 2249 (laterum
814 2186 1122 2244 novissime
1160 2184 1442 2250 omnium,
1484 2182 1553 2237 de
1582 2179 1759 2236 variis
1804 2191 1982 2249 agens
2015 2178 2108 2231 in-

407 2281 800 2346 ventionibus,
854 2290 922 2331 ac
974 2272 1451 2331 translationibus
1509 2274 1661 2323 566
1708 2266 1911 2337 capitis
1967 2280 2108 2321 san-

408 2371 562 2428 ctiss.
600 2364 974 2439 pracursoris
1006 2362 1308 2425 Henricus,
1338 2358 1683 2429 Spondanus
1713 2356 2001 2411 observat.
2035 2354 2105 2409 ad

410 2474 507 2517 an.
543 2458 681 2513 1024
724 2454 895 2525 epito.
949 2450 1156 2507 Annal.
1202 2449 1417 2504 Eccles.
1464 2445 1658 2501 subdit
1692 2444 1835 2499 ista:
1875 2466 1895 2494 ι
1932 2443 2105 2499 Deni-

410 2563 527 2620 que
576 2545 732 2617 quod
789 2543 1031 2598 diversa
1082 2536 1348 2593 Ecclesia
1396 2534 1720 2620 gloriantur
1759 2533 1827 2587 de
1883 2546 2108 2601 posses-

410 2614 890 2698 s'ione'ejusdem
949 2622 1189 2692 capitis,
1249 2621 1326 2675 ita
1386 2632 1503 2674 rem
1573 2616 1864 2672 deﬁnitam
1925 2614 2109 2671 voluit

411 2719 698 2777 Bobertus
740 2716 794 2770 le
867 2711 1101 2776 νίκην,
1151 2709 1452 2777 theologus
1517 2704 1694 2761 Paris.
1744 2712 1799 2760 et
1842 2704 2102 2759 canonic.

408 2807 634 2863 Ambia.
687 2802 786 2874 qui
834 2799 1181 2871 peculiarem
1212 2810 1280 2851 ca
1325 2796 1394 2850 de
1436 2808 1495 2849 re
1526 2801 1831 2849 tractatum
1878 2791 2102 2857 habuit,

411 2903 477 2953 nt
503 2891 793 2966 Angeliaci
840 2887 1010 2946 fuerit
1054 2899 1187 2956 pars
1223 2882 1401 2939 cranii
1447 2882 1621 2937 missa
1650 2895 1683 2935 a
1729 2879 2104 2936 Constantino

410 2988 768 3055 Copronymo
802 2980 935 3048 imp.
975 2976 1046 3031 ad
1078 2973 1346 3044 Pipinum
1377 2984 1567 3041 regem
1617 2969 1819 3024 Franc.
1847 2968 2103 3037 ejusdem

2218 1913 2520 1969 ﬁciendam
2575 1910 2865 1977 oll'errent,
2922 1916 3433 1979 prapararentqne
3480 1920 3599 1962 sese
3641 1906 3715 1961 ad
3771 1906 3922 1960 reli-

2214 2001 2487 2072 quiarum
2558 1999 3027 2063 translationem,
3083 1996 3453 2052 adhortatum
3509 1993 3722 2059 fuisse,
3789 1994 3925 2047 hac

2213 2090 2409 2145 subdit
2437 2104 2451 2143 :
2483 2110 2506 2138 ι
2552 2088 2862 2157 Postquam
2888 2085 3113 2141 loculus
3160 2092 3426 2140 accurato
3455 2082 3746 2139 confectus
3776 2081 3918 2147 fuit,

2214 2179 2284 2235 ad
2332 2192 2456 2233 eam
2517 2177 2664 2231 diem
2692 2215 2707 2241 ,
2773 2188 2888 2244 quo
2936 2181 3103 2228 erant
3135 2171 3543 2228 transferenda
3606 2170 3913 2238 reliquia,

2214 2274 2413 2322 tantus
2455 2279 2522 2320 eo
2553 2262 2787 2319 advenit
2836 2261 3133 2318 hominum
3179 2269 3378 2328 catus,
3425 2267 3489 2315 ut
3520 2266 3634 2314 tota
3676 2258 3913 2325 Europa

2215 2354 2563 2411 confluxisse
2605 2350 2782 2407 videri
2834 2358 3035 2420 posset.
3076 2350 3223 2406 Tum
3264 2350 3566 2418 episcopus
3612 2360 3744 2402 cum
3780 2345 3915 2399 aliis

2213 2441 2607 2498 sacerdotibus
2671 2439 2908 2494 accessit
2960 2439 3031 2494 ad
3099 2438 3309 2504 locum,
3370 2436 3469 2492 ubi
3534 2434 3775 2490 calestis
3816 2431 3915 2485 ille

2214 2532 2558 2587 Servabatur
2625 2527 2970 2594 thesaurus,
3038 2539 3347 2596 sacrasque
3409 2523 3702 2593 reliquias,
3771 2533 3912 2574 cum

2212 2619 2394 2675 multo
2460 2627 2706 2674 tremore
2758 2614 3029 2670 omnibus
3092 2614 3360 2669 visendas
3410 2612 3707 2681 exposuit,
3770 2616 3913 2671 etc.,

2213 2708 2415 2764 deinde
2477 2705 2754 2776 populum
2815 2703 3065 2760 dimittit.
3137 2703 3283 2759 Huic
3329 2710 3521 2757 autem
3583 2696 3917 2768 spectaculo

2213 2811 2329 2853 non
2377 2795 2707 2859 interfuere,
2761 2792 2863 2861 qui
2913 2791 3314 2848 Ambianensis
3353 2790 3514 2846 urbis
3567 2787 3918 2843 suburbana

2212 2885 2336 2940 loca
2362 2884 2643 2939 habitant.
2681 2880 2968 2936 Accedunt
3002 2881 3180 2951 igitur
3217 2880 3288 2934 ad
3319 2877 3707 2941 Godet‘ridum,
3740 2885 3918 2930 orant

2212 2980 2278 3028 ut
2323 2970 2460 3042 ipsis
2507 2984 2740 3040 quoque
2772 2970 2834 3024 B.
2869 2968 3103 3024 Firmini
3150 2981 3343 3023 sacras
3394 2964 3670 3034 reliquias
3712 2970 3916 3017 osten-

409 3052 845 3143 Angeriacensis
900 3062 1143 3121 canobii
1199 3060 1577 3128 conditorem;
1648 3058 1839 3112 Roma
1894 3056 1953 3111 in
2004 3069 2104 3110 ec-

2257 3068 2332 3116 at.
2386 3064 2456 3114 At
2488 3060 2578 3115 ille
2629 3063 2797 3118 valde
2845 3058 3177 3115 admirans:
3213 3056 3339 3122 Ubi,
3392 3053 3600 3123 inquit,
3663 3052 3915 3107 nudius-

409 3161 581 3220 clesia
610 3160 665 3216 S.
709 3156 962 3215 Silvestri
998 3166 1130 3224 pars
1177 3151 1355 3207 altera
1387 3147 1599 3216 cranii;
1649 3146 1924 3216 Augusta
1954 3157 2108 3214 pra-

409 3250 569 3307 toria
596 3250 652 3304 in
674 3246 888 3302 tinibus
916 3240 1379 3312 subalpinorum,
1414 3235 1651 3291 maxilla
1675 3234 1894 3302 altera;
1930 3233 2109 3288 altera

409 3336 723 3410 Lugduni;
772 3330 1039 3391 Ambiani
1084 3343 1258 3395 vero,
1317 3332 1552 3394 excepto
1599 3330 1808 3389 mento,
1869 3335 1905 3377 a
1956 3320 2108 3376 labio

410 3408 690 3498 superiori
720 3437 906 3493 usque
936 3421 1007 3475 ad
1041 3426 1257 3488 partem
1287 3413 1504 3470 frontis.
1550 3434 1570 3461 ι
1607 3412 1677 3467 Ει
1703 3410 1904 3481 paucis
1934 3408 2106 3465 inter-

406 3496 572 3590 jectis
605 3530 617 3569 :
652 3533 679 3565 α
709 3515 856 3569 Cum
885 3510 954 3565 de
986 3508 1075 3563 his
1104 3505 1183 3561 nil
1214 3514 1638 3573 usquequaque
1666 3508 1885 3556 certum
1931 3496 2109 3554 asseri

412 3585 575 3676 posse
621 3600 907 3665 videatur,
942 3595 1011 3651 de
1059 3594 1146 3649 his
1171 3589 1400 3647 interim
1449 3589 1612 3644 liceat
1643 3589 1786 3659 (una
1828 3600 1961 3643 cum
1994 3585 2108 3641 Ba—

412 3674 576 3750 ronio
621 3690 680 3745 in
738 3684 939 3743 litteris
993 3683 1063 3739 ad
1119 3680 1384 3737 eumdem
1440 3677 1749 3734 Robertum
1796 3674 2107 3744 rescriptis)

415 3780 569 3854 quod
600 3779 733 3835 olim
791 3781 1058 3846 praetores
1104 3770 1288 3827 edicto
1331 3766 1616 3837 proposito
1652 3764 1719 3819 iis
1749 3763 1852 3834 qui
1881 3777 1939 3819 se
1988 3776 2107 3817 rem

414 3852 670 3940 aliquam
702 3862 987 3936 possidere
1035 3858 1393 3914 afﬁrmarent
1423 3871 1436 3908 :
1474 3875 1496 3903 ι
1532 3852 1815 3909 Possidete
1846 3852 1927 3907 uti
1974 3864 2110 3919 pos-

412 3958 627 4015 sidetis.
666 3977 687 4004 ι
720 3950 1037 4010 Laudanda
1069 3961 1206 4003 vero
1232 3946 1412 4016 pietas
1438 3955 1638 3998 eorum
1670 3940 1767 4010 qui
1797 3940 1885 3995 his
1912 3952 2109 3994 sacro-

413 4046 630 4105 sanctis
659 4040 1004 4115 pignoribus
1034 4034 1275 4105 cupiunt
1307 4031 1415 4088 sibi
1446 4029 1735 4101 peculiare
1781 4027 1924 4084 tanti
1955 4041 2111 4097 pra-

412 4114 677 4193 cursoris
706 4128 1091 4202 patrocinium
1121 4122 1456 4180 adsciscere.
1487 4137 1517 4171 ιυ
1562 4117 1684 4185 Quo
1715 4125 1967 4186 tempore
1998 4114 2108 4170 illa

412 4232 626 4282 sancta
670 4217 906 4276 Joannis
948 4212 1207 4284 reliquia
1248 4209 1593 4266 Ambianum
1646 4204 1934 4261 translata
1975 4203 2109 4260 fue-

414 4315 531 4371 rint
579 4310 777 4382 (nulla
820 4305 971 4362 enim
1002 4300 1260 4360 Guiberti
1307 4312 1430 4355 avo
1482 4295 1622 4352 inibi
1662 4291 1987 4364 exstabant)
2020 4292 2109 4347 vis

2219 3149 2419 3205 tertius
2450 3149 2655 3217 fuistis,
2689 3149 2923 3222 quando
2949 3159 3076 3202 mea
3109 3158 3287 3200 manu
3324 3157 3421 3198 eas
3448 3141 3717 3197 omnibus
3746 3154 3915 3194 com-

2214 3237 2576 3308 templandas
2605 3238 2885 3295 exhibui?
2919 3233 3185 3291 Afferunt
3212 3231 3305 3287 alii
3335 3230 3469 3296 alia,
3494 3237 3599 3285 etc.
3636 3227 3917 3282 Flectitur

2213 3325 2442 3381 tandem
2494 3326 2588 3380 vir
2631 3325 2761 3395 pius
2788 3333 2844 3381 et
2874 3323 2933 3378 in
2979 3320 3305 3377 celebritate
3350 3317 3619 3373 Omnium
3669 3313 3915 3368 Sancto-

2214 3426 2368 3480 rum,
2424 3413 2717 3483 pramisso
2763 3411 3005 3483 jejunio,
3053 3408 3133 3463 ait
3170 3421 3229 3461 se
3277 3404 3539 3475 precibus
3587 3402 3916 3457 satisfactu-

2216 3515 2368 3558 rum.
2405 3522 2425 3549 ι
2461 3500 2621 3566 Quod
2653 3500 2925 3564 effecisse,
2958 3510 3157 3563 necne,
3195 3495 3274 3550 nil
3309 3493 3514 3549 retexit
3538 3501 3757 3546 auctor.

2286 3589 2798 3647 Verumenimvero
2846 3586 2988 3658 quid
3034 3582 3380 3655 ejuscemodi
3429 3579 3642 3637 Nicolai
3690 3592 3912 3633 sermo-

2215 3677 2388 3734 nibus
2439 3677 2663 3749 colliget
2729 3677 2903 3733 lector
2951 3674 3236 3738 eruditus,
3289 3669 3395 3726 nisi
3456 3670 3607 3737 (mea
3671 3667 3911 3737 quidem

2216 3766 2520 3836 sententia)
2556 3768 2688 3823 istos
2727 3780 2800 3822 ex
2848 3762 3137 3820 industria
3188 3759 3527 3830 compositos
3577 3756 3662 3812 uti
3708 3754 3913 3810 fucum

2217 3855 2447 3920 faceret,
2476 3854 2842 3911 obnubilaret
2888 3851 3184 3908 veritatem
3206 3848 3234 3903 ?
3279 3848 3353 3904 At
3403 3846 3523 3902 hac
3553 3842 3743 3901 omnia
3774 3843 3915 3896 vin-

2217 3942 2312 4009 cit,
2345 3956 2521 4014 seque
2553 3944 2784 3999 tandem
2817 3942 3029 4013 profert
3059 3939 3117 3995 in
3146 3937 3428 4007 apricum.
3462 3935 3674 4003 Ecqua
3704 3930 3912 3986 amabo

2218 4029 2373 4087 illius
2421 4030 2773 4087 narrationis
2825 4026 3155 4086 connexio?
3184 4026 3452 4081 Testatur
3497 4019 3765 4078 credulus
3813 4018 3913 4073 ille

2216 4117 2485 4174 Nicolaus
2516 4125 2597 4175 tot
2639 4118 2880 4189 populos
2906 4115 3283 4179 Ambianum,
3331 4125 3447 4182 quo
3476 4121 3638 4166 sacra
3670 4106 3911 4163 Firmini

2218 4205 2457 4278 pignora
2495 4214 2928 4273 venerarentur,
2979 4202 3335 4267 convenisse,
3371 4219 3400 4251 α
3431 4199 3504 4255 Ut
3530 4205 3644 4253 tota
3676 4196 3907 4264 Europa

2215 4294 2565 4351 conﬂuxisse
2604 4295 2787 4351 videri
2832 4300 3035 4365 posset.
3087 4310 3116 4344 »
3168 4289 3383 4346 Deinde
3417 4302 3429 4341 :
3469 4308 3490 4335 ι
3538 4285 3684 4341 Huic
3714 4291 3902 4339 autem

412 4371 629 4459 nosse“?
681 4395 898 4467 inspice
954 4390 1258 4463 prafatum
1319 4385 1549 4443 Roberti
1601 4383 1657 4439 le
1715 4381 1922 4438 Viseur
1968 4381 2107 4437 Tra-
2147 4391 2191 4446 Ι)
2222 4382 2548 4454 spectaculo
2591 4398 2708 4439 non
2766 4382 3094 4445 interfuere,
3138 4378 3237 4448 qui
3287 4374 3692 4433 Ambianensis
3745 4371 3904 4427 urbis

415 4496 738 4649 εῐῗξξηὲλιτ.
782 4572 933 4639 Ill,§
990 4584 1047 4625 ιι.
1081 4597 1150 4607 -
1208 4565 1391 4620 Plane
1435 4561 1698 4617 decessor
1734 4575 1909 4649 _meus
1962 4559 2108 4613 Am-

415 4647 709 4725 biunensis
762 4676 894 4717 cum
949 4672 1155 4729 corpus
1201 4651 1454 4712 Firmini
1495 4647 1792 4721 martyris,
1842 4654 1952 4704 etc.
1986 4647 2109 4703 Duo

414 4754 609 4815 saculi
656 4751 836 4823 hujus
882 4754 1165 4813 auctores,
1193 4740 1484 4800 contraria
1526 4739 1595 4795 de
1624 4745 1821 4794 sancto
1856 4734 2109 4791 Firmino

414 4820 752 4906 asserentes,
816 4839 1136 4893 occurrunt
1175 4846 1187 4885 :
1231 4829 1544 4886 Guibertus
1572 4825 1751 4882 abbas
1780 4820 2110 4893 Novigenti-

413 4948 545 5002 nus,
604 4938 659 4987 et
706 4926 977 4984 Nicolaus
1020 4921 1074 4978 S.
1140 4917 1386 4989 Crispini
1433 4911 1854 4972 Suessionensis
1902 4923 2110 4967 mona-

415 4999 581 5079 chus.
632 5018 733 5074 Ille
789 5014 880 5070 vir
926 5009 1121 5084 gravis
1150 5016 1206 5065 et
1266 5013 1507 5062 matura
1556 5003 1777 5069 atatis;
1829 5000 1921 5056 hic
1972 4999 2109 5054 ado-

416 5109 656 5175 lescens,
707 5104 812 5176 qui
864 5101 967 5157 vix
1009 5095 1332 5169 pubertatis
1382 5107 1564 5149 annos
1613 5094 1935 5147 excesserat
1976 5101 2108 5143 cum

417 5173 691 5254 scriberet
724 5173 749 5247 ἶ
783 5191 926 5247 alter
971 5194 1334 5254 coataneus;
1375 5194 1594 5252 suppar
1640 5178 1819 5247 alter;
1873 5173 2112 5245 insignis

419 5284 680 5343 doctrina
736 5294 803 5337 ac
861 5277 1139 5348 dignitate
1201 5272 1459 5342 ptimus;
1518 5266 1809 5325 secundus
1869 5262 2111 5333 simplex

419 5371 727 5436 coenobita,
777 5376 832 5426 et
856 5374 1029 5423 notus
1053 5360 1410 5418 solummodo
1451 5372 1525 5414 ex
1552 5356 1685 5414 Vita
1721 5352 1901 5410 sancti
1933 5351 2111 5408 Gode-

418 5463 551 5521 fridi
615 5458 879 5516 Ambian.
925 5467 1016 5523 ep.
1067 5463 1245 5522 quam
1304 5454 1360 5503 et
1404 5446 1678 5503 relatione
1725 5439 2112 5513 quorumdam

417 5548 734 5609 contexuit.
766 5542 894 5601 Utri
937 5540 1104 5596 fidem
1148 5534 1431 5593 adhibebo
1451 5533 1480 5589 7
1517 5531 1864 5589 Guibertone
1893 5526 2110 5593 abbati,

416 5639 646 5698 nullum
703 5634 773 5691 de
828 5640 1066 5699 corpore
1090 5624 1145 5682 S.
1206 5621 1446 5681 Firmini
1494 5626 1786 5691 repertum
1849 5613 2113 5673 testimo-

2215 4472 2558 4528 suburbana
2604 4471 2730 4528 loca
2777 4470 3058 4526 habitant.
3097 4488 3118 4516 ι
3157 4466 3265 4534 Qui
3308 4479 3408 4521 oro
3460 4473 3514 4521 te
3541 4460 3769 4519 suaderi
3809 4474 3904 4529 po-

2217 4567 2323 4616 test
2351 4568 2416 4616 ut
2444 4567 2562 4617 tota
2606 4561 2843 4628 Europa
2883 4558 2953 4613 ad
2987 4555 3368 4626 reliquiarum
3417 4550 3643 4623 patroni
3680 4548 3906 4604 Ambia-

2216 4661 2426 4703 norum
2452 4647 2834 4703 ostensionem
2862 4641 3203 4709 conﬂuxisse
3223 4638 3408 4696 videri
3431 4640 3645 4711 posset,
3677 4650 3742 4692 ac
3764 4635 3900 4691 sub-

2217 4734 2431 4790 urbani
2498 4732 2876 4790 nihilominus
2929 4730 3187 4786 occlusas
3238 4726 3513 4782 continuo
3574 4724 3899 4780 habuissent

2218 4836 2409 4889 aures,
2469 4822 2713 4879 fuissent
2754 4819 2935 4877 oculis
2974 4817 3142 4888 capti,
3193 4814 3531 4872 inebriative
3584 4810 3898 4868 obdormis-

2217 4916 2345 4965 sent
2387 4915 2505 4965 toto
2535 4909 2642 4964 die.
2678 4905 3026 4963 Nutabunda
3072 4904 3276 4974 utique
3321 4897 3607 4958 narratio!
3643 4900 3724 4955 Ac
3763 4911 3897 4968 pro-

2217 4998 2352 5054 inde
2411 4996 2758 5059 Guibertus,
2821 4995 2911 5051 sin
2978 4993 3135 5050 testis
3176 4991 3480 5058 oculatus,
3550 4987 3638 5043 vel
3680 5000 3899 5042 coavus

2219 5085 2425 5156 potiori
2471 5085 2605 5157 jure
2646 5084 2973 5141 audiendus
3022 5090 3143 5152 est;
3197 5080 3287 5136 vir
3315 5094 3453 5135 sane
3502 5077 3643 5150 justi
3676 5075 3901 5145 verique

2219 5172 2669 5240 amantissimus,
2713 5170 2814 5242 qui
2859 5170 3100 5239 nemini,
3130 5169 3229 5226 ubi
3279 5168 3506 5233 vitium,
3549 5167 3649 5223 ubi
3694 5165 3900 5223 falsita-

2220 5269 2371 5329 tem,
2426 5259 2528 5316 ubi
2589 5259 2881 5316 catholica
2929 5259 3059 5316 fidei
3124 5257 3531 5328 corruptelam,
3580 5256 3678 5313 ubi
3725 5254 3903 5311 labem

2219 5348 2616 5406 ecclesiastica
2682 5348 2964 5404 libertatis
3024 5348 3272 5416 reperit;
3349 5346 3429 5402 nil
3494 5358 3767 5415 parcere,
3826 5342 3901 5397 nil

2221 5436 2587 5493 dissimulare
2636 5435 2854 5502 nescit;
2901 5435 3390 5506 quemadmodum
3424 5434 3551 5491 luce
3599 5433 3902 5489 meridiana

2220 5524 2434 5582 clarius
2460 5524 2672 5595 scripta
2700 5525 2880 5595 ipsius
2907 5522 3193 5581 evolventi
3224 5530 3487 5594 patescet.

2294 5612 2416 5680 Quo
2452 5613 2684 5671 demum
2746 5613 2807 5668 in
2867 5612 2988 5670 loco
3035 5613 3348 5684 pretiosum
3410 5610 3651 5669 Firmini
3705 5610 3906 5683 pignus

2669 6367 2744 6372 —
2804 6363 2946 6370 ..μ’
3038 6362 3081 6366 -
3148 6359 3181 6364 ο
