3946 6408
80 408 234 461 1029

1382 410 1593 466 DOMNI
1638 411 1698 464 L.
1742 410 2086 465 D’ACHERY
2127 409 2355 467 NOTAE.

3484 421 3620 472 1030

79 543 446 612 requiescat,
532 544 731 613 paucis
795 544 1043 600 declarat
1121 544 1302 600 abbas
1348 554 1557 602 noster.
1613 570 1639 596 «
1693 547 1802 602 Nec
1840 582 1887 632 Α
1921 546 2178 602 tulerunt
2233 563 2246 600 :
2303 547 2464 611 Quod
2520 547 2730 604 idcirco
2796 549 3008 605 factum
3089 558 3174 607 est
3232 553 3374 622 quia
3416 554 3620 609 civitas

77 645 281 698 mora,
325 654 344 679 ι
381 632 576 688 scribit
609 633 746 702 ipsc,
785 654 809 681 cr
846 633 900 687 in
931 634 1278 688 monasterio
1309 633 1496 689 Sancti
1550 635 1806 706 Dionysii

79 720 170 788 (in
209 722 480 790 Francia)
511 722 657 776 idem
689 722 982 776 actitatur.
1024 722 1228 776 Parata
1268 723 1341 778 ab
1375 723 1582 778 abbate
1633 738 1802 779 orna-

81 809 229 863 tiori
261 823 433 880 capsa
464 810 602 864 dum
641 811 770 864 inde
800 809 1120 872 extollitur,
1161 811 1298 866 dum
1344 825 1474 866 cum
1536 812 1808 868 membris

81 905 273 965 caput
315 898 621 965 evolvitur,
666 898 1068 953 membranula
1123 898 1178 953 in
1238 901 1507 969 martyris
1567 900 1806 956 naribus

83 987 389 1054 reperitur
422 985 478 1039 in
525 999 641 1056 qua
669 986 822 1056 quod
864 993 1009 1041 esset
1055 987 1346 1042 Firminus
1404 986 1807 1042 Ambianensis

83 1082 322 1144 martyr
349 1075 731 1144 expromitur.
773 1096 799 1122 ››
831 1074 903 1129 At
960 1088 1032 1129 ne
1077 1083 1277 1130 auctor
1308 1075 1505 1146 gratis,
1555 1089 1657 1131 seu
1694 1075 1804 1131 bile

85 1169 252 1216 mota
304 1161 499 1218 isthac
547 1176 795 1218 asserere
857 1163 990 1233 quis
1037 1163 1250 1230 credat,
1319 1163 1619 1233 antiquam
1667 1163 1804 1220 libet

83 1261 300 1304 eruere
377 1251 827 1318 translationem,
919 1252 1238 1321 Dagoberto
1327 1253 1368 1318 l,
1451 1253 1800 1309 Francorum

83 1348 230 1405 rege
279 1337 642 1407 pracipiente
694 1339 922 1406 factam,
976 1355 1007 1396 e
1055 1340 1474 1411 Piquiniacensi
1526 1349 1712 1397 castro
1743 1342 1800 1396 in

87 1421 616 1494 Sandionysianam
649 1427 964 1483 ecclesiam.

163 1516 318 1565 56'
367 1534 386 1560 ε
436 1515 710 1584 Tempore
761 1515 988 1585 gloriosi
1021 1530 1087 1572 ac
1117 1516 1356 1586 piissimi
1417 1517 1568 1587 regis
1613 1519 1799 1574 Fran-

87 1613 300 1655 corum
363 1601 685 1671 Dagoberti,
749 1605 1095 1659 Hunnorum
1149 1620 1288 1675 gens
1344 1606 1513 1661 corde
1563 1605 1799 1662 ferocis-

89 1688 264 1752 sima,
302 1703 535 1758 procera
573 1705 829 1762 corpore,
861 1693 1022 1747 bellis
1077 1701 1324 1756 assueta,
1382 1693 1513 1761 plus
1544 1694 1613 1748 de
1661 1708 1798 1764 pro-

91 1777 239 1845 priis
270 1777 493 1834 viribus
522 1794 700 1849 quam
745 1781 814 1836 de
851 1781 1049 1836 divino
1075 1795 1431 1850 prasumens
1484 1782 1794 1852 adjutorio,

1919 647 2124 703 parum
2159 635 2383 690 munita
2405 643 2604 691 contra
2633 637 2785 706 regis
2816 637 3090 706 impetum
3147 639 3469 697 videbatur.
3513 641 3618 698 Ca-

1915 730 2099 778 strum
2129 731 2322 778 autem
2369 723 2532 789 illud,
2565 732 2620 779 et
2656 733 2866 779 natura
2894 726 3018 792 loci,
3073 735 3128 781 et
3173 730 3431 785 manuali
3473 731 3619 785 arti-

1918 810 2064 875 ficio,
2113 817 2167 864 et
2225 810 2568 866 bellatorum
2623 811 2866 866 audacia
2923 810 3319 882 fortissimum,
3361 825 3416 872 et
3461 818 3619 874 velut

1915 896 2364 968 inexpugnabile
2413 899 2747 968 putabatur.
2782 901 2886 955 Sed
2928 923 2955 948 ‹‹
3014 916 3130 956 non
3163 911 3246 958 est
3287 905 3613 973 prudentia,

1915 999 2031 1040 non
2065 994 2148 1041 est
2176 986 2474 1054 sapientia,
2508 1001 2621 1042 non
2666 995 2749 1042 est
2804 987 3107 1044 consilium
3164 999 3362 1046 contra
3418 993 3618 1048 Domi-

1913 1087 2054 1128 num
2090 1095 2118 1121 »
2374 1088 2490 1141 XXI,
2523 1076 2634 1142 30).

1984 1182 2011 1208 ‹‹
2044 1161 2164 1217 Rex
2199 1161 2376 1232 igitur
2391 1177 2523 1218 cum
2573 1163 2924 1219 Francorum
2971 1164 3252 1231 exercitu,
3287 1165 3614 1234 pradictam

1911 1247 2110 1302 adiens
2148 1247 2454 1314 civitatem,
2490 1249 2688 1317 paucis
2715 1249 3098 1316 obstantibus,
3129 1251 3252 1306 sine
3280 1251 3462 1307 multa
3500 1253 3615 1308 dif-

1913 1335 2164 1390 ficultate
2194 1335 2548 1406 ingreditur;
2608 1337 2797 1392 hostes
2831 1351 2964 1392 cum
3018 1339 3175 1408 regia
3219 1338 3615 1410 indignatione

1910 1423 2287 1494 aggreditur;
2337 1424 2615 1493 quosdam
2652 1425 2937 1491 interficit,
2965 1424 3094 1480 aliis
3120 1427 3394 1481 carcerali
3421 1435 3610 1483 custo-

1908 1511 2017 1567 dia
2055 1511 2414 1580 mancipatis,
2461 1513 2723 1568 nonnulli
2772 1526 2906 1568 vero
2939 1513 3089 1583 fuga
3122 1513 3384 1582 prasidio
3415 1517 3614 1571 mortis

1910 1600 2228 1669 periculum
2259 1607 2587 1655 evaserunt.
2645 1601 2764 1657 Rex
2826 1600 3004 1671 igitur
3059 1602 3436 1672 Dagobertus,
3490 1604 3611 1674 glo-

1907 1684 2063 1738 riosa
2087 1684 2156 1738 de
2197 1683 2457 1738 hostibus
2487 1685 2702 1752 potitus
2747 1684 3001 1751 victoria,
3036 1699 3124 1751 ne,
3157 1686 3313 1755 quod
3339 1685 3509 1754 absit,
3539 1688 3612 1743 ad

1908 1771 2186 1841 gloriosos
2218 1779 2561 1840 protectores
2611 1786 2746 1827 suos
2806 1773 3175 1839 tlachartum,
3236 1773 3448 1830 scilicet
3477 1775 3608 1830 Dio-

89 1865 575 1936 circumjacentes
632 1869 960 1938 provincias
1014 1869 1120 1924 sibi
1171 1871 1468 1939 tyrannice
1515 1871 1791 1940 subjuga-

1971 1859 2135 1914 vsium
2165 1860 2464 1929 sociosque
2493 1860 2641 1929 ejus,
2677 1873 2810 1916 reus
2839 1860 3276 1930 ingratitudinis
3307 1871 3606 1930 remearet,

92 1954 224 2021 bat;
263 1969 366 2010 nec
417 1956 568 2011 istud
598 1957 647 2011 ei
697 1957 990 2012 sufficiens
1038 1958 1363 2022 videbatur,
1411 1959 1505 2014 sed
1557 1960 1800 2015 audiens

91 2042 516 2111 pracellentem
576 2045 737 2116 regni
798 2045 1149 2102 Francorum
1211 2048 1476 2117 regisque
1534 2048 1794 2118 gloriam,

90 2130 244 2185 idem
278 2146 521 2202 regnum
554 2146 702 2189 ausu
735 2135 1034 2190 temerario
1065 2149 1169 2190 suo
1204 2135 1525 2191 dominatui
1556 2137 1797 2192 submit-

89 2227 212 2274 tere
234 2222 530 2290 proposuit
563 2237 576 2275 :
616 2223 873 2292 initoque
906 2223 1140 2279 consilio
1181 2237 1313 2278 cum
1349 2223 1798 2280 Flandrensibus

85 2320 187 2362 eos
217 2307 326 2362 sibi
357 2309 429 2363 ad
471 2310 743 2378 propositi
800 2310 1148 2365 consortium
1192 2310 1458 2366 facinoris
1511 2313 1794 2380 conciliat,

85 2395 237 2451 freta
269 2397 483 2466 pariter
512 2397 726 2453 civium
768 2398 930 2453 urbis
972 2399 1455 2454 Arabianensium
1495 2401 1710 2456 auxilio
1742 2398 1797 2455 et

87 2498 403 2540 consensu.
452 2485 521 2540 Et
565 2500 694 2541 ecce
729 2489 1062 2556 praparatis
1109 2488 1181 2542 ad
1240 2487 1389 2542 bella
1439 2489 1792 2556 necessariis,

85 2586 262 2628 casus
287 2573 394 2628 sibi
417 2573 596 2629 futuri
631 2575 842 2642 nescia,
869 2590 1000 2631 cum
1027 2576 1148 2631 suis
1187 2576 1562 2645 complicibus
1591 2591 1794 2632 versus

88 2661 398 2716 Franciam
459 2671 650 2719 movet
703 2671 910 2719 castra.
968 2663 1127 2730 Quod
1168 2664 1402 2734 quidem
1459 2665 1792 2736 pervigilem

87 2749 248 2819 regis
279 2749 579 2820 Dagoberti
614 2752 1031 2820 providentiam
1063 2752 1238 2807 latere
1288 2766 1400 2807 non
1442 2755 1642 2822 potuit.
1686 2753 1794 2820 Qui

86 2851 418 2892 convocans
493 2838 882 2894 fidelissimam
943 2839 1050 2895 sibi
1110 2839 1461 2896 Francorum
1533 2841 1791 2897 militiam

89 2933 275 2981 totum
317 2926 386 2981 de
415 2926 632 2993 divino,
662 2935 716 2983 et
746 2928 1007 2998 specialis
1037 2929 1128 2984 sui
1162 2929 1635 3000 Francorumque
1663 2945 1790 3000 pro-

85 3015 320 3071 tectoris
349 3015 642 3082 Macharii,
673 3017 884 3072 scilitat
916 3018 1168 3087 Dionysii
1231 3019 1633 3089 sociorumque
1665 3019 1792 3089 ejus

88 3104 432 3174 patrocinio,
464 3105 722 3160 celeriter
774 3106 896 3162 suis
928 3106 1178 3161 occurrit
1226 3106 1571 3162 adversariis
1601 3107 1670 3161 ad
1707 3107 1789 3162 lo-

86 3165 251 3259 cum,
285 3193 383 3263 qui
417 3165 524 3249 Leo
563 3201 702 3250 tunc
735 3196 1006 3264 temporis
1032 3195 1346 3250 dicebatur.
1376 3194 1520 3261 Quid
1562 3195 1730 3265 plura
1763 3195 1791 3250 ?
1833 3165 1873 3220 Ο

89 3281 254 3337 venit
285 3281 406 3337 dies
450 3282 794 3349 certaminis,
827 3291 881 3338 et
911 3283 1012 3338 diu
1063 3283 1430 3353 multumque
1482 3283 1616 3340 hinc
1664 3283 1794 3340 inde

89 3377 372 3426 certatum
402 3378 503 3427 est.
539 3370 766 3425 Hunnis
798 3385 931 3426 cum
962 3371 1126 3426 sociis
1175 3371 1550 3442 complicibus
1586 3371 1794 3428 acriter

89 3459 518 3514 decertantibus
571 3458 791 3514 fervore
847 3467 901 3514 et
947 3459 1228 3515 desiderio
1302 3461 1788 3526 consummanda,

90 3555 266 3618 prout
292 3547 673 3610 astimabant,
729 3546 1020 3617 nequitia,
1077 3547 1310 3602 Francis
1339 3548 1657 3604 econtrario
1691 3562 1792 3618 pro

91 3635 292 3707 patria
324 3636 602 3691 libertate.
636 3637 858 3691 Interea
886 3635 1086 3690 divina
1147 3636 1466 3703 clementia,
1511 3650 1641 3706 qua
1694 3651 1788 3693 su-

87 3724 280 3795 perbis
305 3725 534 3791 resistit,
568 3723 888 3780 humilibus
931 3732 1121 3780 autem
1171 3724 1268 3780 dat
1313 3724 1578 3795 gratiam,
1641 3725 1792 3796 regis

89 3815 563 3882 Francorumque
595 3813 762 3868 fidem
793 3819 848 3868 et
898 3812 1077 3867 animi
1107 3813 1369 3882 pietatem
1406 3814 1790 3870 misericordi-

90 3911 178 3959 ter
218 3903 541 3972 respiciens,
600 3909 654 3957 et
713 3901 988 3972 perfidam
1047 3902 1390 3957 Hunnorum
1439 3902 1785 3971 superbiam,

91 3992 331 4046 istorum
383 3990 620 4046 brachia
669 3990 1032 4057 confortavit,
1085 3991 1442 4046 adversarios
1499 3991 1786 4045 intantum

89 4077 426 4147 humilians,
461 4085 522 4134 ut
580 4078 682 4134 vix
731 4078 930 4134 saltem
990 4092 1143 4134 unus
1200 4077 1466 4132 evaderet
1521 4079 1624 4147 qui
1656 4077 1787 4134 belli

86 4173 355 4222 eventum
385 4167 457 4222 ad
507 4167 750 4237 patriam
803 4174 1156 4237 reportaret;
1187 4174 1241 4222 et
1289 4166 1437 4222 facta
1491 4167 1656 4222 estin
1687 4181 1786 4223 eo-

91 4255 217 4310 dem
252 4255 371 4310 loco
403 4267 436 4308 a
467 4255 700 4310 Francis
730 4262 889 4311 tanta
947 4263 1183 4325 strages,
1235 4260 1510 4324 tantaque
1544 4255 1788 4310 Hunno-

89 4357 225 4398 rum
259 4343 557 4414 sanguinis
613 4342 836 4410 efi‘usio,
874 4350 939 4400 ut
985 4343 1130 4398 idem
1162 4343 1323 4398 locus
1354 4343 1456 4413 qui
1487 4343 1650 4412 prius
1680 4343 1787 4398 Leo

87 4431 422 4500 vocabatur,
454 4445 527 4487 ex
559 4439 698 4488 tunc
727 4439 781 4488 et
808 4431 1075 4502 deinceps
1105 4431 1291 4502 gentis
1323 4431 1478 4486 illius
1518 4431 1784 4488 idiomate

88 4520 371 4576 diceretur
393 4520 927 4591 Lyons-en-aantez,
970 4521 1124 4591 quod
1147 4519 1346 4576 Latine
1374 4519 1460 4576 leo
1491 4520 1549 4575 in
1580 4527 1784 4590 stagno

88 4607 387 4679 sanguinis
416 4616 594 4678 potest
627 4609 758 4664 dici.

166 4719 187 4746 ι
231 4697 454 4753 Hunnis
486 4705 548 4754 ut
601 4697 819 4754 dictum
859 4705 942 4753 est
975 4698 1202 4768 penitus
1260 4696 1629 4767 interemplis,
1679 4711 1784 4753 nec

87 4786 168 4842 sic
195 4793 377 4842 tamen
436 4785 740 4856 Dagoberti
798 4785 948 4857 regis
994 4786 1080 4841 ira
1129 4785 1434 4852 deferbuit,
1484 4787 1664 4842 donec
1714 4786 1783 4842 de

87 4874 302 4931 civibus
330 4874 492 4930 urbis
530 4874 1027 4941 Ambianensium,
1060 4876 1162 4944 qui
1195 4875 1543 4931 Hunnorum
1582 4882 1782 4930 contra

87 4977 148 5018 se
179 4961 464 5032 tyrannidi
491 4971 915 5031 consenserant,
963 4963 1307 5030 condignam
1365 4963 1643 5032 acciperet
1686 4963 1780 5019 ul-

87 5051 292 5107 tionem
328 5066 340 5104 :
375 5050 530 5121 quod
559 5051 784 5108 eosdem
816 5052 970 5106 cives
1001 5065 1115 5106 non
1147 5050 1334 5117 latuit,
1386 5051 1488 5120 qui
1519 5066 1634 5107 non
1669 5051 1782 5107 im-

86 5139 282 5196 merito
313 5139 680 5195 vehementer
727 5139 1061 5206 tremefacti,
1124 5141 1358 5209 propria
1409 5153 1504 5194 eos
1559 5154 1782 5195 remor-

87 5227 249 5284 dente
275 5227 638 5295 conscientia,
674 5242 793 5298 qua
831 5242 889 5283 se
911 5227 1106 5297 judice
1133 5241 1301 5282 nemo
1339 5241 1552 5283 nocens
1594 5227 1778 5283 absol-

85 5317 255 5384 vitur,
333 5317 756 5373 communicato
825 5317 976 5372 inter
1038 5331 1097 5372 se
1147 5315 1403 5383 consilio,
1480 5317 1781 5386 episcopus

86 5405 328 5474 ejusdem
364 5405 629 5473 civitatis,
664 5413 719 5461 et
765 5405 970 5474 clerus,
1001 5413 1056 5462 et
1099 5405 1368 5476 populus,
1408 5419 1617 5476 corpus
1657 5405 1778 5476 glo-

86 5493 214 5548 riosi
242 5491 528 5562 martyris,
579 5501 634 5549 et
684 5493 936 5563 episcopi
987 5493 1243 5562 ejusdem
1304 5493 1467 5549 urbis
1514 5493 1774 5561 Firmini,

87 5580 334 5652 aliasque
364 5580 641 5651 reliquias
671 5595 802 5637 cum
836 5581 1123 5637 thesauris
1169 5580 1439 5647 ecclesia,
1490 5582 1561 5637 ad
1592 5581 1775 5652 quod-

87 5665 210 5726 dam
239 5669 640 5738 municipium,
673 5669 826 5741 quod
851 5669 1337 5740 Pinquigniacum
1365 5669 1597 5735 dicitur.
1631 5677 1779 5727 tran-

1909 1946 2102 2002 divino
2151 1955 2338 2003 tactus
2395 1950 2740 2018 speramine,
2811 1950 2914 2003 hoc
2943 1949 3280 2005 deliberavit
3325 1951 3481 2020 apud
3528 1965 3606 2018 se,

1907 2036 2061 2106 quod
2095 2050 2310 2092 munus
2339 2037 2440 2104 eis,
2468 2037 2624 2092 omni
2662 2038 2931 2093 thesauro
2959 2038 3282 2106 pretiosius,
3316 2039 3374 2094 in
3399 2054 3612 2096 recom-

1909 2125 2298 2194 pensationem
2331 2125 2405 2181 ab
2443 2127 2522 2181 eis
2555 2127 2796 2196 impensi
2851 2127 2956 2182 sibi
2990 2128 3276 2183 manifesti
3311 2129 3609 2198 patrocinii

1906 2221 2240 2282 reportaret.
2301 2214 2460 2270 Unde
2510 2215 2796 2284 dispositis
2836 2229 2909 2270 ex
2969 2223 3125 2285 parte
3171 2217 3329 2286 regia
3375 2218 3610 2286 injpra-

1906 2300 2020 2355 fata
2065 2301 2295 2357 civitate
2345 2303 2638 2368 custodiis,
2697 2317 2898 2358 versus
2953 2304 3397 2374 Piquigniacum
3438 2306 3610 2362 vertit

1903 2390 2244 2457 exercitum,
2277 2390 2378 2445 ubi
2409 2391 2720 2446 certissime
2767 2392 2839 2446 ab
2889 2393 3088 2448 incolis
3133 2393 3425 2462 didicerat,
3471 2408 3609 2464 pro-

1906 2487 2028 2546 pter
2073 2487 2287 2534 metum
2348 2479 2522 2549 regia
2598 2480 2927 2549 majestatis,
3007 2481 3334 2536 venerabile
3403 2497 3610 2552 corpus

1901 2567 2248 2621 sanctissimi
2279 2568 2548 2636 martyris
2588 2577 2643 2622 et
2676 2568 2925 2638 episcopi
2974 2570 3234 2638 Firmini,
3295 2585 3428 2626 cum
3480 2571 3608 2626 aliis

1901 2653 2074 2709 fuisse
2123 2655 2382 2724 reliquiis
2430 2657 2803 2711 occultatum.
2861 2657 2967 2712 Sed
3022 2657 3163 2727 quid
3223 2659 3474 2714 facerent
3499 2673 3607 2715 cu-

1879 2743 2088 2798 .stodes
2143 2743 2442 2812 municipii
2497 2746 2775 2815 ejusdem,
2809 2745 2918 2799 nisi
2952 2748 3107 2815 quod
3135 2747 3258 2815 ipsa
3286 2761 3482 2803 rerum
3514 2763 3609 2804 ne-

1901 2830 2130 2886 cessitas
2194 2832 2379 2887 facere
2434 2832 2843 2901 compellebat?
2895 2847 3058 2889 arma
3105 2836 3422 2905 deponunt,
3461 2851 3521 2892 se
3552 2845 3608 2894 et

1899 2933 2006 2974 sua
2054 2919 2224 2990 regia
2281 2919 2563 2976 voluntati
2623 2922 2959 2991 subjiciunt,
3005 2925 3123 2993 ipse
3178 2939 3313 2980 vero
3385 2927 3601 2982 miseri-

1899 3008 2146 3063 corditer
2202 3021 2342 3078 erga
2393 3008 2544 3077 ipsos
2605 3023 2664 3064 se
2723 3010 2944 3078 habuit,
2982 3011 3130 3067 sicut
3159 3013 3377 3083 regiam
3413 3015 3470 3068 in
3504 3014 3601 3070 tali

1899 3095 2142 3151 articulo
2172 3096 2363 3153 decuit
2394 3097 2752 3168 dignitatem.

1977 3203 2005 3236 α
2036 3185 2301 3255 Subjecto
2360 3185 2468 3240 sibi
2516 3188 2752 3255 prafato
2807 3187 3143 3257 municipio,
3176 3203 3279 3246 rex
3330 3191 3605 3261 providus

1903 3281 1958 3328 et
1987 3274 2287 3339 discretus,
2339 3282 2404 3330 ut
2444 3289 2614 3344 opere
2665 3275 2972 3344 compleret
3003 3278 3159 3347 quod
3210 3287 3380 3335 antea
3418 3289 3604 3337 mente

1903 3370 2256 3432 conceperat,
2303 3363 2437 3433 jure
2493 3363 2726 3419 victoris
2789 3372 2972 3433 utens,
3029 3368 3202 3437 cujus
3230 3376 3367 3424 sunt
3409 3371 3602 3425 omnia

1903 3466 2034 3521 qua
2067 3453 2291 3507 fuerant
2331 3452 2708 3519 devictorum,
2759 3455 2974 3510 accedit
3007 3455 3076 3510 ad
3111 3455 3296 3512 locum
3351 3457 3449 3512 ubi
3475 3473 3601 3528 pre-

1903 3540 2076 3595 tiosas
2104 3549 2435 3596 sanctorum
2469 3542 2742 3611 reliquias
2774 3543 3049 3612 repositas
3079 3543 3253 3600 fuisse
3307 3546 3601 3614 didicerat,

1901 3643 2225 3699 corpusque
2274 3629 2602 3684 venerabile
2660 3631 3002 3686 sanctissimi
3066 3633 3337 3703 martyris
3388 3643 3442 3691 et
3490 3636 3605 3706 epi-

1901 3718 2056 3787 scopi
2097 3718 2358 3786 Firmini,
2415 3733 2546 3774 cum
2583 3721 2737 3774 omni
2769 3721 3092 3776 reverentia
3151 3723 3302 3779 levat
3339 3723 3408 3780 de
3465 3725 3606 3782 late-

1901 3807 2038 3874 bris,
2074 3806 2378 3877 indignum
2401 3807 2672 3876 judicans
2702 3822 2829 3862 ossa
2871 3810 3014 3864 tanti
3071 3813 3340 3880 martyris
3384 3811 3604 3869 diutius

1901 3895 1960 3950 in
1989 3891 2240 3950 tenebris
2277 3895 2571 3950 occultari.
2627 3896 2843 3951 Deinde
2878 3900 3204 3954 convocatis
3231 3901 3602 3971 magnatihus

1905 3985 2257 4040 Francorum
2309 3985 2615 4052 exercitus,
2649 3987 2730 4041 eis
2758 3989 3095 4042 auctoritate
3124 3989 3282 4058 regia
3312 3991 3597 4060 pracepit,

1900 4080 1964 4129 ut
2021 4073 2152 4128 inde
2196 4073 2645 4128 sacratissimum
2699 4088 2909 4144 corpus
2957 4090 3090 4131 cum
3150 4077 3361 4132 honore
3411 4079 3601 4135 debito

1897 4175 2263 4231 summoque,
2310 4161 2380 4215 ad
2411 4161 2673 4217 dilectam
2708 4161 2814 4217 sibi
2849 4177 2965 4232 pra
3021 4165 3240 4219 cateris
3303 4165 3600 4222 ecclesiam

1897 4252 2294 4318 transferrent,
2355 4249 2473 4319 ipso
2523 4265 2654 4307 cum
2702 4252 2824 4307 suis
2874 4253 3260 4309 familiaribus
3307 4255 3601 4312 humiliter

1897 4339 2306 4409 subsequente.

1969 4449 1998 4474 ‹‹
2032 4427 2390 4483 Venerabilis
2432 4436 2624 4484 autem
2679 4438 2998 4486 conventus
3025 4430 3282 4502 ejusdem
3333 4432 3599 4489 Ecclesia

1892 4516 2135 4572 audiens
2164 4531 2354 4587 regem
2387 4531 2520 4572 cum
2553 4517 2729 4572 nobili
2769 4519 3064 4589 triumpho
3120 4529 3499 4578 revertentem
3529 4523 3599 4579 de

1892 4605 2106 4675 pralio,
2182 4619 2496 4675 secumque
2566 4607 2844 4675 pretiosas
2897 4608 3243 4665 deferentem
3294 4611 3592 4680 reliquias,

1889 4693 2142 4749 occurrit
2193 4694 2244 4748 ei
2307 4694 2656 4760 solemniter,
2706 4695 3015 4765 ipsumque
3066 4713 3199 4754 cum
3255 4698 3486 4769 hymnis
3542 4707 3598 4755 et

1891 4780 2182 4849 laudibus,
2210 4783 2358 4838 sicut
2384 4782 2600 4854 regiam
2652 4785 3008 4855 majestatem
3064 4787 3356 4854 decuerat,
3411 4788 3469 4843 in
3497 4803 3594 4844 ec-

1888 4869 2119 4927 clesiam
2197 4871 2540 4928 introduxit.
2606 4873 2728 4929 Rex
2780 4888 2916 4930 vero
2966 4875 3334 4930 sacratissimi
3379 4891 3592 4947 corpus

1888 4960 2178 5029 martyris,
2231 4960 2396 5030 quod
2451 4975 2642 5017 secum
2683 4963 2986 5031 detulerat,
3021 4963 3200 5020 veluti
3254 4965 3594 5023 thesaurum

1888 5048 2345 5118 impretiabilem,
2403 5064 2580 5120 super
2636 5051 2815 5108 altare
2878 5060 3209 5108 sanctorum
3267 5054 3590 5124 Martyrum

1887 5138 2132 5208 propriis
2162 5139 2432 5195 manibus
2479 5140 2722 5195 devotus
2767 5140 3004 5209 obtulit;
3062 5143 3217 5212 quod
3273 5147 3594 5200 conventus

1886 5240 2018 5282 cum
2046 5225 2320 5282 ineffabili
2353 5227 2564 5298 gaudio
2583 5229 2924 5298 suscipiens,
2957 5244 3134 5299 super
3161 5231 3340 5287 altare
3372 5231 3592 5289 Sancta

1885 5316 2202 5383 Trinitatis,
2233 5317 2387 5386 quod
2437 5317 2496 5372 in
2554 5317 2728 5372 choro
2789 5320 3202 5376 monachorum
3265 5321 3439 5378 situm
3484 5331 3589 5391 est,

1885 5405 2207 5460 sublimiter
2234 5413 2288 5461 et
2318 5405 2630 5462 honorifice
2651 5405 2968 5463 collocavit.
3009 5429 3029 5456 ι

1955 5498 2104 5548 508
2151 5494 2462 5564 Hucusque
2514 5501 2679 5550 vetus
2727 5495 2904 5552 codex
2967 5511 3077 5554 ms.
3139 5497 3501 5556 Bibliotheca
3532 5501 3586 5557 S.

1883 5581 2135 5639 Victoris
2164 5583 2340 5638 Paris.
2373 5583 2441 5639 Et
2482 5583 2632 5640 hanc
2664 5584 2912 5654 profecto
2965 5586 3391 5644 translationem
3432 5589 3590 5646 Nico-

1884 5669 2045 5728 laum
2091 5669 2330 5728 Gillium
2377 5685 2412 5727 a
2455 5673 2709 5729 Francis.
2755 5673 3095 5732 Belforestro
3141 5675 3454 5735 adauctum
3487 5678 3590 5734 mi-
