3946 6394
330 375 459 428 1031

1355 367 1448 421 AD
1487 365 1637 421 OPP.
1681 362 1839 417 VEN.
1882 361 2216 418 GUIBERTI
2254 360 2349 415 DE
2388 359 2790 416 NOVIGENTO

3712 363 3874 414 1032

322 504 478 561 nime
507 501 755 558 latuerat
783 498 854 555 de
888 497 1211 569 Dagoberto
1244 497 1490 565 lagens;
1528 492 1650 563 qui,
1683 491 2023 547 Ambianen-
2062 500 2110 551 Α
2139 504 2297 546 mum
2332 490 2497 546 rediit
2546 490 2868 560 episcopus,
2926 494 3237 545 convocato
3285 489 3438 545 clero
3466 490 3713 560 exponit
3747 490 3867 556 eis,

324 592 487 649 sibus
570 589 841 655 subactis,
937 595 1214 656 captoque
1313 581 1745 651 Pequiniacensi
1809 587 2017 647 castro,

332 704 353 731 ι
387 694 599 751 corpus
623 678 678 735 S.
724 676 986 743 Firmini,
1043 676 1124 730 ait
1178 673 1289 740 ille,
1326 686 1459 727 cum
1508 670 1635 725 aliis
1693 670 1926 738 lipsanis
1956 681 2024 723 ac

327 769 614 825 thesauris
662 766 1105 837 transportavit;
1157 770 1213 819 et
1261 776 1329 817 ea
1377 758 1630 816 ecclesiae
1662 758 1716 813 S.
1770 755 2024 827 Dionysii

325 856 551 924 obtulit,
585 870 718 927 quae
748 854 1061 910 etiamnum
1094 857 1416 907 cernuntur
1440 848 1669 903 ibidem.
1696 868 1723 895 »

401 945 540 1010 Quae
579 957 710 1000 cum
743 944 820 997 ita
846 942 979 1007 sint,
1011 954 1085 995 an
1139 953 1253 993 non
1285 938 1423 993 lides
1461 936 1725 1006 pluribus
1779 934 1838 988 in
1891 933 2027 989 loc.s

327 1042 411 1090 est
438 1032 671 1089 Nicolao
710 1030 867 1086 Sues.
921 1028 1257 1098 deneganda
1300 1027 1662 1097 (quanquam
1709 1023 1905 1079 omnia
1961 1022 2023 1077 Β.

328 1120 613 1179 Godelridi
666 1125 826 1188 gesta
883 1117 942 1171 in
990 1115 1235 1171 dubium
1296 1126 1568 1169 revocare
1621 1109 1783 1167 nefas
1839 1108 2026 1179 fuerit)

328 1210 543 1280 quippe
580 1208 682 1278 qui
730 1221 802 1262 ex
860 1205 978 1261 solo
1030 1204 1193 1275 vulgi
1246 1216 1497 1269 rumore,
1530 1200 1650 1257 sive
1690 1214 1764 1256 ex
1795 1198 2029 1255 cerebro

333 1297 647 1354 attexuerit
673 1294 881 1366 plura?
912 1293 1128 1364 quibus
1156 1292 1533 1348 reclamatum
1572 1289 1747 1345 fuisse
1783 1302 1889 1343 suo
1913 1288 2031 1356 ipse

339 1385 574 1456 prologo
619 1384 693 1439 ad
754 1383 1017 1439 lectorem
1071 1379 1350 1451 conqueri
1398 1378 1656 1434 videtur:
1696 1398 1718 1425 ι
1779 1374 1943 1442 Quod
1983 1375 2028 1430 si

332 1473 463 1545 quis
495 1472 860 1542 impudenter
886 1470 1194 1534 oblatrare,
1226 1475 1282 1524 et
1310 1480 1545 1536 carpere
1587 1478 1691 1521 nos
1722 1464 1882 1531 velit,
1925 1476 2032 1519 cur

328 1576 444 1618 non
476 1570 589 1617 tam
623 1563 745 1617 visa
797 1573 973 1629 quam
1019 1558 1217 1613 audita
1275 1556 1610 1622 referamus,
1648 1577 1675 1603 »
1718 1562 1849 1620 etc.,
1905 1552 2032 1621 epi-

328 1650 475 1707 stola
507 1648 952 1719 nuncupatoria,
986 1661 1118 1703 eum
1154 1660 1285 1716 quae
1325 1645 1394 1700 de
1424 1646 1477 1700 S.
1510 1642 1810 1699 Godelrido
1856 1640 2034 1697 verba

331 1736 591 1793 facturus
617 1744 760 1803 erat,
823 1735 1075 1804 plurima
1130 1748 1203 1789 ex
1244 1740 1403 1802 parte
1453 1730 1679 1787 minimi
1727 1729 1887 1799 pensi
1918 1728 2035 1784 fore

330 1824 636 1890 suboleret,
666 1823 1002 1879 Rohardum
1041 1821 1254 1877 aﬁ‘atur
1302 1821 1373 1876 ad
1413 1820 1572 1876 hunc
1615 1818 1850 1874 modum
1883 1831 1896 1870 :
1930 1836 1958 1866 ς
1990 1819 2036 1869 Α

332 1912 476 1968 tanti
509 1911 620 1967 viri
647 1911 752 1981 piis
778 1910 1051 1966 laudibus
1080 1908 1470 1979 exprimendis
1525 1907 1662 1963 hinc
1701 1921 1789 1961 me
1811 1918 2039 1960 revoca-

334 2000 430 2056 bat
458 2001 642 2056 aetatis
689 1997 1013 2056 immaturae
1062 1997 1325 2054 debilitas
1384 1999 1467 2065 (ut
1495 1996 1646 2051 enim
1681 2009 1715 2049 a
1765 1992 2040 2050 relatione

333 2088 652 2145 obstetricis
695 2089 970 2144 insertum
1015 2086 1304 2143 memoriae
1363 2084 1702 2151 retinebam,
1763 2097 1875 2139 non
1910 2095 2039 2136 am-

336 2177 485 2247 plius
516 2190 692 2247 quam
722 2183 985 2247 quinque
1013 2176 1327 2231 Iustrorum
1386 2174 1667 2228 ambitum
1712 2168 2038 2241 attigeram)

335 2266 472 2322 hinc
503 2280 636 2321 vero
668 2264 904 2321 humilis
930 2263 1223 2319 scientiola
1251 2262 1501 2318 maxime
1518 2260 1863 2316 retrahebat.
1895 2259 2038 2314 Nam

335 2361 400 2410 ut
429 2353 499 2409 de
529 2353 769 2423 reliquis
801 2360 1018 2408 taceam
1065 2350 1322 2406 nondum
1356 2349 1809 2419 complexionem
1862 2348 2042 2418 sylla-

340 2442 570 2507 barum,
627 2440 888 2495 nondum
956 2437 1138 2508 ipsius
1203 2436 1490 2506 alphabeti
1544 2437 1825 2492 elementa
1873 2436 2042 2505 plane

340 2541 745 2600 cognoveram,
786 2548 809 2575 ι
845 2535 950 2583 etc.

473 2618 773 2688 Parergon
799 2614 870 2669 de
896 2611 1219 2685 privilegii:
1255 2611 1497 2668 (ιὸὺιιιὶεε.υ
1535 2614 1591 2669 S.
1632 2611 1909 2668 Valerici.

411 2708 599 2775 Atque
628 2712 691 2760 ut
723 2703 840 2759 sole
870 2704 1084 2758 clarius
1114 2705 1429 2757 innotescat
1457 2716 1636 2772 quam
1682 2702 1924 2770 turpiter
1952 2700 2046 2757 Ni-

341 2793 539 2851 colaus
564 2793 862 2860 erraverit,
905 2799 1219 2861 nostraque
1243 2791 1312 2846 de
1337 2798 1535 2846 sancto
1577 2790 1826 2845 Firmino
1863 2789 2045 2845 solida

343 2883 417 2939 sit
444 2882 681 2939 assertio
724 2881 863 2937 huic
919 2881 1039 2936 loco
1068 2880 1435 2947 conveniens,
1470 2893 1602 2948 quae
1655 2879 1701 2933 is
1759 2878 1877 2948 ipse
1924 2885 2041 2934 tam

342 2971 487 3029 belle
517 2970 615 3027 lib.
650 2985 708 3038 ιι,
741 2984 789 3026 c.
841 2971 893 3033 9,
943 2968 1232 3036 describit,
1273 2967 1550 3024 radicitus
1577 2975 1876 3023 excutere°
1908 2981 2041 3023 cum

2132 580 2448 636 monachos
2520 578 2712 634 Sancti
2788 576 3024 634 Valerici
3099 580 3320 649 jactare
3416 579 3869 634 immunitatem

2134 683 2323 735 suam,
2377 667 2532 738 quod
2579 674 2635 722 et
2692 680 2807 722 non
2846 667 2959 721 sint
2998 666 3242 737 subjecti
3278 667 3544 722 Ecclesiae
3610 668 3873 723 Ambia-

2134 756 2316 824 nensi,
2345 769 2519 825 seque
2547 754 2619 810 ab
2649 756 2728 810 eis
2756 769 2890 811 cum
2943 753 3260 824 ignominia
3286 756 3603 823 repulsum.
3646 756 3714 810 Id
3750 755 3874 810 illi.

2030 878 2033 883 -
2134 846 2431 900 audientes
2484 844 2651 899 valde
2718 843 2984 898 commoti
3043 850 3201 910 sunt,
3259 843 3567 913 missisque
3616 843 3867 910 litteris,

2136 940 2435 989 accersunt
2493 931 2781 987 abbatem.
2813 931 2976 986 Venit
3007 930 3099 986 ille
3125 946 3137 984 :
3167 932 3262 987 sed
3293 930 3426 986 auri
3451 932 3875 1000 sacrafames

2135 1020 2279 1092 quid
2322 1037 2437 1076 non
2479 1018 2757 1075 mortalia
2782 1018 2939 1092 609i:
2973 1021 3208 1091 pectora
3229 1022 3257 1073 ?
3284 1020 3411 1075 Non
3443 1021 3607 1090 pauci
3639 1020 3719 1076 ab
3757 1021 3872 1076 ab-

2138 1110 2267 1166 bate
2296 1109 2600 1180 largitione
2648 1108 2904 1177 corrupti
2937 1122 3070 1164 eum
3100 1108 3381 1165 adversus
3413 1110 3758 1177 episcopum
3805 1114 3867 1162 et

2139 1207 2380 1255 matrem
2415 1198 2726 1256 Ecclesiam
2757 1198 3035 1253 acerrime
3067 1197 3398 1253 tuebantur.
3432 1197 3491 1252 ld
3523 1198 3615 1251 vir
3639 1196 3871 1252 beatus

2137 1288 2641 1352 amimadvertens,
2673 1286 2746 1343 ad
2798 1286 3288 1356 archiepiscopum
3340 1286 3677 1341 Remensem
3710 1299 3865 1341 cau-

2140 1390 2261 1432 sam
2296 1376 2664 1446 rejicienda'm
2710 1374 2931 1431 statuit.
2962 1395 2983 1424 ι
3037 1374 3214 1441 Quasi
3259 1388 3394 1430 vero
3440 1374 3619 1430 abbas
3650 1387 3686 1428 a
3715 1376 3869 1443 jure

2140 1464 2469 1535 episcopali,
2529 1478 2597 1520 ac
2668 1463 2928 1534 synodali
2982 1463 3105 1535 lege
3160 1472 3462 1532 exemptus
3519 1460 3746 1531 (saltem
3802 1462 3865 1517 id

2144 1554 2550 1623 praetendebat)
2604 1554 2744 1609 adeo
2793 1552 2954 1608 facile
2984 1551 3270 1608 mandatis
3306 1550 3575 1620 episcopi,
3607 1549 3862 1606 canoni-

2142 1657 2462 1712 corumque
2546 1642 3034 1711 obtemperasset:
3104 1640 3210 1696 hoc
3261 1639 3411 1695 enim
3471 1638 3616 1694 facto
3669 1652 3865 1694 causa

2144 1730 2473 1799 excidisset;
2503 1744 2571 1785 ac
2627 1736 2930 1799 propterea
2979 1726 3372 1783 eommentitia
3414 1726 3636 1782 Nicolai
3670 1726 3862 1782 verba

2145 1826 2278 1895 quis
2301 1838 2414 1879 non
2444 1823 2674 1879 videat?

2216 1914 2411 1983 Capite
2467 1912 2862 1982 subsequenti,
2927 1933 2947 1960 ε
3003 1911 3196 1968 Remis
3250 1911 3686 1967 celeberrimum
3737 1924 3848 1981 pro

2149 2018 2343 2059 cerum
2394 2001 2610 2069 Galliae,
2643 2008 2989 2058 conventum
3034 2008 3174 2056 tunc
3224 2000 3488 2056 habitum
3534 1996 3857 2056 contendit.

2148 2087 2347 2145 Adfuit
2423 2090 2595 2144 etiam
2670 2088 3013 2145 venerabilis
3078 2089 3494 2144 Ambianorum
3546 2090 3863 2158 episcopus

2150 2176 2510 2233 Godefridus.
2564 2178 2822 2233 Procedit
2866 2179 2923 2231 in
2974 2177 3226 2233 medium
3276 2178 3457 2233 abbas
3488 2192 3621 2233 cum
3655 2190 3863 2232 mona-

2150 2267 2270 2321 chis
2300 2265 2436 2331 suis,
2471 2274 2701 2321 accusat
2745 2265 3075 2335 episcopum
3114 2265 3397 2321 Godefrid.
3456 2267 3611 2336 quod
3636 2278 3859 2336 magna

2150 2354 2342 2425 ipsum
2391 2354 2608 2424 injuria
2664 2352 2934 2420 aﬁ‘ecerit,
2994 2354 3212 2423 profert
3258 2353 3474 2410 litteras
3520 2354 3859 2410 commenti-

2151 2444 2280 2509 tias,
2330 2444 2496 2511 nulli,
2576 2450 2960 2512 praeterquam
3017 2443 3274 2498 Romano
3347 2443 3616 2512 pontiﬁci,
3700 2442 3864 2512 ipsos

2150 2546 2273 2587 esse
2330 2532 2633 2600 subjectos.
2687 2531 2985 2601 Leguntur
3026 2530 3227 2586 litterae
3283 2531 3522 2602 jubente
3573 2530 3862 2599 archiepi-

2151 2633 2339 2689 scopo,
2372 2632 2626 2688 moxque
2657 2617 2971 2674 insultatur
3002 2619 3268 2689 episcopo
3297 2619 3370 2674 ab
3402 2619 3514 2674 illis
3572 2620 3674 2689 qui
3721 2633 3859 2675 mu-

2152 2707 2390 2763 neribus
2419 2707 2718 2776 depravati
2738 2714 2922 2773 erant,
2943 2715 3076 2772 etc.,
3109 2707 3202 2762 ille
3233 2706 3612 2777 (Godefridus)
3643 2721 3859 2777 parum

2156 2795 2333 2850 ﬁdens
2383 2794 2604 2861 litteris,
2670 2808 2817 2864 quas
2867 2795 3192 2863 recitarant,
3244 2796 3383 2864 petit
3437 2809 3533 2851 eas
3568 2795 3675 2851 sibi
3728 2796 3860 2851 dari

2154 2882 2557 2952 inspiciendas.
2607 2885 2884 2939 Accurate
2960 2884 3138 2953 igitur
3187 2883 3315 2939 illas
3363 2884 3757 2954 contemplans
3804 2893 3863 2941 et

2151 2980 2307 3027 veste
2363 2985 2470 3027 sua
2515 2971 2715 3026 leviter
2747 2971 3101 3043 abstergens,
3136 2972 3397 3028 fraudem
3455 2973 3861 3043 deprehendit,

341 3061 592 3119 maxime
631 3057 933 3130 plerosque
973 3056 1171 3128 magni
1218 3057 1467 3113 nominis
1496 3056 1626 3125 ,bac
1656 3057 1712 3110 in
1770 3055 2046 3111 relatione
2084 3055 2125 3110 C
2153 3060 2649 3129 exclamansque:
2710 3059 2838 3115 Huc
2892 3075 3110 3130 quaeso,
3158 3062 3368 3131 inquit,
3414 3063 3610 3117 oculos
3656 3077 3865 3119 omnes

340 3148 633 3221 (volentes
660 3146 868 3217 nescio)
933 3146 1226 3203 caacutisse
1280 3145 1531 3216 legerim.
1595 3144 1810 3215 Nempe
1861 3144 1921 3200 in
1959 3158 2044 3215 sy-

339 3238 491 3294 nodo
539 3236 796 3294 Remensi
832 3235 1196 3306 supposititia
1239 3235 1508 3305 quaedam
1534 3231 1856 3304 privilegia,
1913 3246 2045 3302 quae

342 3325 703 3383 confecerant
761 3324 1023 3381 monachi
1078 3322 1132 3379 S.
1194 3322 1441 3379 Valerici
1489 3321 1745 3378 dicecesis
1773 3322 2040 3378 Ambian.

345 3414 522 3470 fuisse
548 3413 921 3483 deprehensa.
956 3412 1025 3466 Et
1056 3425 1193 3467 sane
1224 3410 1464 3465 miratus
1487 3424 1615 3464 sum
1658 3409 2042 3475 vehementer,

345 3502 447 3559 ubi
479 3510 608 3558 acta
663 3501 719 3557 S.
769 3499 1058 3557 Godel‘ridi
1088 3513 1122 3554 a
1174 3498 1406 3555 Nicolao
1454 3498 1736 3554 delineata
1764 3498 2044 3567 percurri,

345 3598 427 3648 tot
481 3604 723 3646 summae
787 3588 1128 3646 eruditionis
1200 3587 1374 3654 viros,
1432 3595 1551 3643 tam
1619 3595 1815 3656 aperto
1865 3585 2048 3642 errori

348 3677 769 3747 subscripsisse,
805 3678 950 3747 quin
970 3684 1025 3732 et
1053 3675 1398 3747 ejuscemodi
1431 3675 1685 3731 tabulam
1741 3674 2047 3730 inseruisse

347 3766 625 3823 conciliis.
656 3765 763 3822 Sed
816 3767 985 3837 juvat
1017 3772 1305 3821 auctorem
1340 3764 1563 3829 audire,
1597 3777 1836 3834 remque
1867 3764 2047 3833 ipsam

351 3855 423 3912 ad
454 3854 651 3911 limam
680 3863 734 3911 et
766 3855 1030 3911 incudem
1061 3867 1349 3910 revocare.

417 3943 820 4000 Narrationem
891 3957 997 3999 suo
1064 3943 1199 4013 (imo
1263 3941 1416 3998 Surii
1467 3940 1859 4010 Cartbusiani)
1903 3941 2049 4010 stylo

347 4033 720 4103 prosequitur
776 4032 875 4088 lib.
936 4047 995 4100 ιι,
1041 4045 1168 4100 cap.
1201 4033 1270 4085 9:
1333 4052 1360 4079 ‹‹
1411 4033 1554 4086 Cum
1603 4030 1917 4099 aliquando
1958 4028 2051 4085 vir

348 4121 550 4178 beatus
579 4120 866 4177 dicecesim
895 4135 1060 4176 suam
1108 4120 1385 4184 visitaret,
1420 4119 1492 4174 ad
1523 4119 1584 4174 Β.
1638 4119 1880 4176 Valerici
1925 4133 2048 4175 mo-

348 4211 666 4266 nasterium
702 4209 877 4266 venit.
913 4209 973 4264 ld
1006 4209 1105 4265 ubi
1155 4209 1334 4264 abbas
1380 4208 1720 4264 Lambertus
1748 4216 1803 4264 et
1850 4221 2047 4264 mona-

349 4298 443 4354 chi
477 4305 875 4368 perceperunt,
922 4298 1071 4353 illico
1124 4296 1196 4352 ad
1252 4305 1514 4367 cryptam
1572 4305 1900 4367 properant,
1948 4297 2048 4353 ubi

350 4386 443 4444 ille
474 4386 802 4442 residebat:
849 4400 1058 4457 rogans
1093 4399 1211 4457 qua
1261 4399 1438 4442 causa
1476 4400 1542 4443 eo
1584 4386 1924 4442 accesserit?
1954 4387 2056 4442 Re-

351 4475 594 4546 spondet
625 4476 718 4531 vir
749 4474 845 4531 Dei
875 4490 887 4530 :
925 4476 992 4531 lli
1038 4474 1358 4545 presbyteri
1389 4474 1489 4541 (illi
1532 4474 1686 4531 enim
1719 4475 2058 4531 circumsta-

352 4562 512 4633 bant)
555 4563 721 4634 longe
750 4562 822 4618 ab
855 4562 1273 4620 Ambianorum
1302 4562 1531 4619 civitate
1580 4563 1849 4633 separati,
1892 4569 2058 4618 erant

352 4667 464 4720 me,
489 4659 555 4709 ut
583 4651 789 4708 calices
831 4659 887 4707 et
919 4651 1114 4719 lintea,
1156 4651 1215 4707 in
1247 4650 1465 4721 quibus
1493 4651 1690 4706 divina
1738 4658 2063 4707 tractantur

352 4741 643 4812 mysteria,
698 4741 835 4812 ipsis
879 4754 1229 4797 consecrem.
1279 4740 1427 4795 Tum
1470 4739 1551 4794 illi
1613 4753 1826 4810 magno
1856 4740 2063 4809 lurore

350 4831 571 4902 perciti,
616 4837 671 4886 et
702 4829 801 4885 vix
831 4843 1040 4886 manus
1062 4828 1410 4899 cohibentes
1444 4843 1456 4882 :
1491 4827 1826 4899 Nunquam,
1870 4827 2060 4899 aiunt,

355 4919 512 4976 ullus
585 4917 1005 4974 Ambianorum
1089 4916 1393 4987 episcopus
1470 4916 1565 4972 hic
1619 4919 2065 4975 consecrationis

356 5006 607 5077 alicujus
626 5006 1013 5062 ministerium
1039 5013 1349 5061 exsecutus
1398 5013 1501 5060 est.
1536 5005 1787 5061 Cernens
1818 5004 1908 5061 vir
1935 5005 2067 5062 bea-

358 5102 453 5151 tus
483 5094 786 5150 immodice
816 5094 943 5149 illos
972 5100 1307 5163 commotos,
1354 5102 1485 5159 etc.,
1531 5093 1672 5149 abiit
1719 5093 1869 5160 inde,
1899 5114 1921 5141 ι
1952 5102 2058 5150 etc.

360 5182 446 5237 En
472 5181 694 5237 dissidii
725 5195 956 5238 causam
996 5197 1009 5237 :
1045 5182 1289 5238 calicum
1341 5194 1409 5236 ac
1450 5181 1758 5237 linteorum
1791 5181 1847 5236 in
1880 5182 2064 5237 eccle-

360 5270 445 5325 sia
503 5268 694 5326 Sancti
736 5269 983 5326 Valerici
1044 5269 1413 5337 consecratio,
1484 5284 1598 5326 non
1647 5271 2061 5326 monachorum

363 5358 619 5428 perversi
669 5372 875 5425 mores,
930 5358 1015 5414 uti
1049 5372 1345 5428 perperam
1377 5358 1521 5414 Vitae
1554 5359 1737 5414 sancti
1789 5359 2065 5415 Bernardi

363 5445 669 5503 Clarevall.
726 5447 1012 5517 Interpres
1052 5447 1307 5504 Gallicus
1346 5446 1446 5502 lib.
1500 5461 1559 5515 v,
1613 5460 1739 5517 cap.
1786 5450 1877 5515 25,
1911 5447 2067 5503 afﬁr—

365 5533 567 5590 mavit.

436 5619 687 5678 Ulterius
738 5621 1176 5694 progrediamur
1230 5635 1356 5691 cap.
1416 5621 1501 5673 to.
1532 5642 1554 5668 ε
1601 5621 1914 5693 Postquam
1961 5621 2063 5677 do-

2154 3143 2476 3203 advertite:
2519 3162 2591 3203 en
2645 3148 3015 3204 membranas
3069 3156 3124 3204 et
3177 3158 3565 3206 atramentum
3615 3151 3866 3220 scriptu—

2153 3250 2396 3307 ramque
2456 3237 2624 3307 plane
2686 3238 2955 3304 recentia,
3006 3252 3112 3294 nec
3174 3239 3431 3295 Romano
3497 3253 3655 3295 more
3708 3241 3864 3297 obsi-

2155 3333 2374 3397 gnata:
2433 3339 2556 3382 rem
2592 3340 2731 3393 esse,
2794 3333 2858 3381 ut
2911 3325 2991 3382 ait
3053 3325 3415 3395 Godefridus,
3471 3330 3859 3398 comperiunt,

2154 3424 2259 3469 etc.
2318 3414 2579 3470 Monachi
2643 3413 2949 3483 pudefacti,
3016 3415 3087 3470 ad
3145 3415 3465 3472 Romanum
3531 3417 3862 3487 pontiﬁcem

2155 3508 2485 3569 provocant,
2535 3500 2894 3569 Romamque
2947 3500 3096 3556 illico
3156 3503 3613 3570 proliciscuntur.
3650 3524 3671 3552 ι
3722 3507 3863 3569 Quis

2155 3589 2313 3644 color
2344 3590 2402 3643 in
2433 3588 2539 3644 hoc
2560 3588 2867 3645 sermone?
2895 3588 3057 3645 Certe
3084 3590 3318 3660 quidem
3346 3591 3589 3661 puerilia
3618 3606 3651 3648 a
3677 3607 3861 3662 puero

2154 3676 2375 3746 depicta
2422 3678 2675 3733 continet
2719 3691 2730 3732 :
2783 3685 2849 3733 ut
2901 3686 3061 3746 puta,
3130 3700 3151 3727 ι
3191 3680 3379 3735 Remis
3421 3679 3860 3738 celeberrimum

2156 3779 2459 3836 procerum
2488 3765 2684 3822 Galliae
2713 3774 3062 3823 conventum
3084 3767 3370 3837 habitum,
3410 3791 3431 3818 ι
3459 3772 3629 3841 cujus
3657 3774 3863 3841 nequi-

2155 3855 2283 3910 dem
2338 3854 2644 3925 vestigium
2695 3855 2972 3911 hactenus
3029 3856 3315 3927 reliquere
3362 3860 3682 3928 scriptores,
3729 3861 3862 3917 nul-

2156 3943 2398 4014 lumque
2425 3943 2486 3998 in
2528 3944 2952 4014 cartophylacio
3001 3944 3263 4001 Remensi
3295 3946 3575 4017 inspicere
3626 3955 3708 4004 est
3739 3963 3860 4006 mo-

2156 4040 2524 4088 numentum.

2228 4120 2443 4176 Deinde
2497 4122 2543 4175 si
2594 4120 3004 4178 celeberrimus
3045 4122 3241 4179 Galliae
3299 4138 3598 4193 procerum
3645 4126 3854 4182 exstitit

2164 4208 2259 4265 ille
2314 4216 2655 4276 conventus,
2713 4224 2820 4265 cur
2864 4224 2964 4266 oro
3014 4218 3087 4282 te,
3128 4211 3440 4269 Guibertus
3479 4222 3668 4270 noster
3694 4216 3855 4270 eRe-

2164 4298 2344 4353 mensi
2373 4298 2666 4368 metropoli
2700 4298 2970 4368 pendens,
3010 4322 3029 4348 ι
3066 4299 3169 4356 Vir
3201 4302 3522 4372 religiosus,
3556 4310 3611 4358 et
3638 4318 3852 4373 magnae

2164 4386 2544 4455 auctoritatis,
2574 4407 2594 4435 ι
2622 4394 2686 4442 ut
2708 4387 3295 4459 fertMartyrologium
3320 4391 3697 4446 Laudunense
3718 4390 3855 4445 anti-

2167 4476 2370 4545 quius;
2405 4475 2623 4546 quique
2642 4481 2795 4530 569
2823 4476 3138 4546 aliquando
3158 4478 3275 4548 regi
3304 4479 3586 4534 Ludovico
3617 4479 3855 4535 adhaere-

2168 4564 2265 4620 bat
2296 4563 2453 4620 velut
2496 4564 2565 4619 de
2599 4565 2786 4637 seipse
2813 4565 2986 4620 tradit
3016 4566 3094 4621 De
3135 4566 3476 4638 pignoribus
3533 4576 3850 4625 sanctorum

2166 4653 2265 4709 lib.
2294 4668 2330 4707 1.
2367 4665 2493 4721 cap.
2554 4655 2602 4706 ί.
2644 4653 2715 4708 Et
2752 4652 3043 4709 Manasses
3097 4655 3401 4724 episcopus
3456 4654 3847 4712 Suessionens:

2173 4764 2194 4790 ι
2230 4741 2528 4797 Wibertus
2567 4740 2765 4808 abbas,
2812 4741 2915 4811 qui
2967 4743 3270 4812 sapientia,
3315 4752 3371 4799 et
3404 4743 3724 4800 innocentia
3749 4759 3851 4800 sua

2167 4844 2272 4887 nos
2306 4830 2414 4886 sibi
2470 4830 2639 4886 valde
2685 4831 3148 4900 conglutinavit:
3190 4853 3220 4880 »
3261 4832 3392 4894 Cur,
3442 4832 3699 4904 inquam,
3743 4847 3850 4888 non

2168 4919 2376 4975 sederit
2404 4933 2539 4974 cum
2564 4918 2692 4975 aliis
2725 4919 2884 4990 regni
2914 4919 3285 4989 proceribus?
3314 4921 3399 4976 Ad
3432 4921 3574 4991 quid
3605 4921 3716 4990 ipse
3745 4928 3850 4978 toto

2169 5007 2227 5063 in
2259 5014 2533 5063 contextu
2574 5020 2836 5077 operum,
2882 5007 2942 5063 in
2997 5008 3127 5065 Vita
3175 5011 3513 5078 praesertim,
3566 5023 3734 5080 quam
3771 5011 3851 5067 al-

2169 5094 2331 5167 ﬁngit
2368 5095 2653 5164 synodum
2697 5094 2986 5164 Nicolaus,
3036 5110 3152 5154 non
3194 5106 3474 5154 memorat
3520 5098 3628 5165 ille,
3660 5098 3753 5169 qui
3792 5099 3853 5154 in

2169 5182 2601 5251 minutioribus,
2643 5197 2775 5253 quae
2809 5198 2915 5241 suo
2963 5198 3208 5242 evenere
3235 5193 3505 5256 tempore,
3541 5187 3853 5258 diligentio-

2170 5284 2291 5327 rem
2321 5271 2738 5328 exbibetsese?
2784 5271 2935 5339 Quin
2984 5273 3176 5341 etiam,
3231 5274 3399 5330 homo
3445 5275 3848 5346 integerrimus,

2171 5357 2434 5413 abbatem
2476 5358 3039 5429 Sanvallericensem,
3074 5370 3270 5432 utpote
3306 5362 3603 5419 falsarium
3643 5364 3700 5433 (si
3728 5378 3853 5420 vera

2170 5453 2256 5501 est
2283 5446 2499 5502 Nicolai
2550 5447 2827 5519 narratio)
2856 5449 3085 5520 scriptis
3140 5450 3405 5507 insectari
3462 5453 3662 5522 procul
3691 5452 3849 5510 dubio

2172 5549 2287 5590 non
2318 5535 2752 5593 dissimulasset.
2805 5536 2892 5593 Ad
2948 5537 3234 5594 Kalendas
3281 5537 3508 5595 Graecas
3553 5550 3853 5599 conventus

2173 5620 2265 5679 ille
2297 5622 2724 5681 celeberrimus.
