3946 6390
114 379 252 434 1033

1355 379 1579 436 DOMNI
1620 380 1684 436 L.
1735 379 2083 436 D'ACHERY
2124 380 2351 437 NOTAE.

3479 387 3618 443 1034

184 515 467 572 Praterea
514 514 671 571 haud
706 513 1010 571 verisimile
1053 523 1135 571 est
1177 515 1463 582 abbatem,
1497 518 1594 587 qui
1648 525 1807 586 pote—
1847 521 2181 583 Amanum,
2229 525 2336 570 etc.
2401 525 2676 586 regnante
2727 515 2782 572 in
2833 525 3174 587 perpetuum
3225 519 3464 576 Domino
3505 522 3619 577 Deo

111 605 246 659 stati
295 605 529 660 suberat
585 603 750 669 nulli,
807 612 1192 673 praterquam
1247 605 1483 660 Romani
1530 605 1812 674 pontificis

111 694 200 762 (ut
230 693 474 748 antehac
521 693 590 747 de
637 692 1007 746 Ambianensi
1041 693 1305 762 episcopo
1349 694 1516 762 dixi),
1563 695 1812 762 pseudo-

108 791 465 837 conventum
530 783 899 843 Remensem,
965 781 1034 834 ad
1099 783 1375 837 tuendum
1435 782 1532 852 jus
1597 798 1810 849 suum,

109 878 165 924 et
228 870 659 941 querimoniam
713 868 782 923 de
835 867 888 923 8.
934 867 1235 924 Godefrido
1294 871 1654 937 habendam,
1711 887 1815 941 pe—

112 958 297 1013 tiisse.

183 1050 307 1116 Age
338 1060 494 1112 vero,
547 1044 644 1114 qui
684 1044 804 1098 ﬁeri
852 1051 1053 1113 potest,
1083 1053 1146 1099 ut
1176 1047 1235 1098 Β.
1283 1047 1605 1117 episcopus,
1641 1071 1661 1096 ι
1699 1047 1816 1102 Ve-

112 1143 197 1189 ste
231 1148 340 1189 sua
371 1134 571 1188 leviter
618 1133 968 1202 abstergens,
1012 1133 1375 1190 membranas
1403 1143 1458 1191 et
1505 1143 1816 1190 attramen-

115 1229 245 1276 tum
302 1221 768 1290 srripturamque
823 1221 986 1288 plane
1044 1221 1330 1290 recentia,
1406 1238 1508 1278 nec
1564 1224 1819 1278 Romano

116 1323 280 1364 more
333 1310 632 1378 obsignata
680 1330 700 1356 ι
746 1308 1199 1363 demonstrarit?
1257 1309 1472 1366 Recens
1517 1311 1730 1380 quippe
1760 1311 1817 1366 in

117 1398 476 1453 membranis
536 1406 775 1453 exarata
838 1412 954 1452 non
1023 1396 1134 1451 levi
1193 1397 1542 1453 abstersione
1600 1406 1822 1467 queunt

117 1486 321 1551 deleri,
375 1488 485 1540 imo
522 1487 805 1541 inharent
851 1485 1128 1551 tenacius,
1161 1485 1452 1540 difﬁcilius
1503 1486 1821 1541 obliteran-

120 1583 239 1630 tur.
273 1575 327 1628 Si
377 1583 566 1629 autem
617 1575 792 1629 infers
823 1573 1088 1628 debuisse
1122 1586 1320 1643 rugas,
1375 1575 1656 1628 tinearum
1709 1573 1823 1626 bla-

119 1669 436 1730 tarumque
482 1661 658 1726 rixas,
710 1675 822 1730 pra
876 1675 933 1715 se
965 1660 1111 1716 ferre
1167 1659 1550 1726 membranas,
1586 1659 1821 1728 imperi-

121 1757 247 1804 tum
283 1758 336 1805 te
370 1750 615 1819 profers;
666 1757 895 1804 centum
947 1750 1231 1818 siquidem
1263 1763 1550 1803 annorum
1597 1757 1819 1803 atatem

123 1853 303 1907 prope
347 1853 462 1892 non
507 1837 896 1906 excedebant;
929 1838 1229 1893 Benedicto
1276 1836 1487 1891 scilicet
1532 1849 1679 1905 papa
1726 1836 1822 1890 VII

125 1928 212 1994 (ut
257 1925 491 1995 quidem
546 1925 804 1995 conjicio,
858 1939 987 1980 cum
1026 1939 1186 1994 papa
1236 1939 1443 1979 nomen
1508 1924 1825 1979 monachus

122 2013 554 2070 SuessionenSis
587 2015 827 2068 tacuerit
856 2027 928 2067 ex
977 2012 1308 2080 industria,)
1337 2011 1566 2068 sedente
1611 2013 1823 2075 Roma,

123 2118 244 2172 quo
303 2111 554 2170 tempore
614 2102 997 2157 instauratum
1053 2109 1275 2156 constat
1332 2100 1519 2156 Sancti
1581 2100 1826 2156 Valerici

125 2191 540 2246 monasterium
574 2191 646 2245 ab
678 2191 916 2259 Hugone
939 2190 1103 2252 duce,
1138 2198 1262 2258 post
1293 2203 1426 2258 rege
1448 2190 1822 2255 Francorum,

125 2290 304 2349 atque
360 2279 476 2347 ipso
528 2286 747 2347 petente
801 2278 1022 2333 indulta
1072 2276 1390 2347 privilegia.
1453 2277 1524 2331 At
1584 2291 1716 2346 qua
1770 2276 1826 2331 id

126 2367 314 2423 atatis
354 2367 565 2422 habent
620 2365 968 2420 membrana
1014 2364 1400 2434 (potissimum
1432 2364 1588 2434 quod
1636 2365 1828 2434 ejusce

129 2457 402 2512 momenti
471 2455 732 2525 religiose
797 2462 851 2510 et
928 2453 1165 2509 sollicite
1232 2452 1514 2508 asservari
1587 2452 1826 2519 soleant)

130 2547 284 2601 vices
341 2558 408 2600 ae
465 2543 805 2598 detrimenta
864 2550 1182 2611 temporum
1239 2541 1478 2596 sentisse
1531 2547 1829 2609 nequeunt

132 2633 403 2703 agnosci,
461 2631 948 2702 quemadmodum
1006 2629 1064 2684 in
1117 2629 1236 2684 dies
1296 2628 1684 2696 experimento
1741 2627 1827 2682 di-

131 2723 368 2778 scimus.

206 2810 331 2875 Sed,
387 2807 632 2878 inquies,
694 2807 1113 2862 monachorum
1162 2805 1572 2860 immunitates.
1641 2826 1662 2852 ι
1715 2804 1830 2859 Nec

135 2899 390 2952 Romano
443 2911 601 2951 more
647 2895 1002 2966 obsignatas,
1053 2895 1372 2965 meritoque
1427 2893 1766 2963 rejiciendas
1797 2912 1825 2941 »

133 2986 669 3040 animadverterunt
733 2984 1000 3053 episcopi.
1067 2984 1159 3049 (Et
1217 2982 1309 3038 hic
1368 2983 1559 3048 cardo,
1615 2981 1704 3035 vel
1771 2979 1830 3035 in

1918 612 2131 668 nostro,
2164 617 2316 657 anno
2369 604 2734 672 pontificatus
2787 606 2980 660 domni
3015 599 3219 661 Marini
3275 609 3620 664 universalis

1922 707 2083 761 papa
2117 693 2318 760 primo,
2352 694 2659 749 indictione
2689 696 2889 763 prima.
2936 719 2954 742 η

1992 779 2476 849 Subsequentium
2503 797 2736 851 quoque
2765 783 3096 850 pontilicum
3130 785 3620 854 subscriptionum

1920 869 2198 924 formulas
2254 869 2590 924 referamus.
2641 869 2822 940 Sergii
2867 884 3028 939 papa
3081 871 3208 928 1V:
3255 893 3282 922 «
3331 873 3618 943 Scriptum

1924 971 2022 1026 per
2064 972 2272 1013 manus
2330 957 2567 1012 Joannis
2623 958 2909 1013 scriniarii
2956 959 3011 1014 S.
3071 960 3137 1015 R.
3172 961 3237 1014 Ε.
3294 961 3352 1015 in
3418 976 3616 1018 mense

1921 1045 2112 1112 Junio,
2146 1046 2261 1100 ind.
2297 1061 2352 1100 x.
2388 1047 2595 1101 Datum
2628 1061 2703 1101 xv
2733 1046 2859 1100 Kal.
2901 1047 3038 1102 Julii
3071 1061 3170 1116 per
3200 1062 3459 1116 manum,
3490 1058 3623 1116 etc.,

1924 1148 2097 1201 anno,
2159 1135 2396 1190 Domino
2439 1135 2704 1203 propitio,
2757 1135 3124 1206 pontificatus
3175 1137 3389 1190 domini
3445 1138 3625 1209 Sergii

1929 1223 1993 1276 IV
2027 1236 2204 1291 papa,
2238 1222 2296 1276 in
2344 1223 2727 1278 sacratissima
2756 1224 2887 1278 sede
2931 1224 2991 1277 Β.
3028 1223 3174 1278 Petri
3207 1226 3468 1294 apostoli,
3504 1227 3622 1283 ind.

1925 1325 1983 1364 x.
2024 1332 2046 1358 ι
2083 1311 2152 1364 Et
2200 1319 2323 1380 post
2353 1310 2484 1375 alia,
2535 1312 2666 1366 item
2700 1311 2897 1366 altera.
2932 1311 3220 1381 Scriptum
3266 1327 3366 1382 per
3396 1329 3623 1384 manus,

1926 1405 2030 1452 etc.
2066 1399 2276 1454 Datum
2310 1413 2410 1468 per
2443 1413 2671 1466 manus,
2702 1407 2832 1464 etc.,
2885 1399 3252 1468 pontiﬁcatus
3276 1399 3491 1455 domini
3523 1415 3626 1456 no-

1927 1487 2026 1540 stri
2076 1487 2364 1541 Benedicti
2419 1487 2628 1542 summi
2673 1487 2896 1556 pontif.,
2944 1489 2998 1542 e’t
3053 1487 3397 1542 universalis
3443 1489 3629 1543 octavi

1932 1588 2111 1643 papa,
2149 1576 2204 1628 in
2252 1575 2564 1630 sacrastiss.
2603 1575 2733 1630 sede
2768 1576 2828 1630 B.
2881 1575 3029 1630 Petri
3083 1585 3264 1645 apost.
3297 1592 3373 1644 ιν,
3411 1577 3628 1645 imperii

1929 1661 2144 1716 domini
2197 1662 2422 1717 Henrici
2474 1664 2606 1731 imp.
2659 1666 2807 1733 Aug.
2861 1677 3012 1718 anno
3062 1663 3246 1729 tertio,
3303 1683 3330 1714 ι)
3366 1671 3468 1719 etc.
3518 1666 3631 1719 Has

1931 1749 2150 1804 videbis
2205 1750 2653 1819 subscriptiones
2705 1760 2836 1805 tom.
2900 1753 2945 1805 Il
2987 1752 3192 1806 Annal.
3251 1752 3502 1819 Baronii,
3557 1752 3630 1808 ad

1933 1853 2069 1893 ann.
2139 1839 2294 1905 1012,
2345 1847 2399 1894 et
2428 1839 2662 1895 Bullarii
2714 1847 2848 1895 tom.
2882 1842 2921 1904 I,
2979 1854 3107 1910 pag.
3143 1843 3210 1894 50
3243 1842 3299 1894 in
3358 1841 3630 1912 Gregorio

1933 1928 2056 1984 V11.
2103 1949 2130 1976 «
2182 1929 2389 1983 Datum
2441 1928 2730 1993 Laurenti,
2778 1944 2834 1982 Ill
2867 1929 3012 1983 Non.
3071 1929 3380 1998 Septemb,
3431 1930 3628 1986 indict.

1935 2015 2236 2083 incipiente
2278 2029 2372 2070 xv.
2409 2036 2436 2064 »
2484 2016 2620 2070 Item
2671 2030 2799 2086 pag.
2833 2019 2920 2083 52,
2964 2030 3036 2071 ex
3081 2017 3384 2087 privilegio
3433 2017 3634 2073 Vallis-

1935 2101 2220 2157 umbrosa
2277 2103 2709 2172 congregationi
2772 2101 3042 2157 indulto:
3085 2121 3112 2152 α
3162 2102 3371 2157 Datum
3439 2102 3632 2157 Roma

1939 2203 2037 2258 per
2080 2203 2290 2244 manus
2337 2191 2574 2244 Joannis
2605 2189 2658 2244 8.
2710 2190 2776 2244 Β.
2813 2192 2879 2246 Ε.
2929 2190 3074 2244 diae.
3131 2190 3433 2256 cardinal.,
3480 2204 3632 2245 anno

1939 2278 2251 2342 Dominica
2318 2277 2607 2332 Incarnat.
2682 2279 2855 2344 1090,
2908 2278 3103 2332 indict.
3173 2293 3314 2344 xm,
3385 2293 3482 2333 vni
3549 2278 3629 2333 Id.

1936 2365 2118 2435 April.
2158 2386 2183 2412 ››
2221 2367 2290 2421 Εῑ
2340 2379 2469 2435 pag.
2506 2366 2573 2419 53
2605 2380 2617 2418 :
2655 2387 2681 2414 ‹‹
2719 2366 2839 2437 Ego
2889 2366 3177 2421 Paschalis
3206 2367 3415 2422 cathol.
3449 2367 3636 2422 Eccle-

1936 2454 2036 2510 sia
2065 2453 2385 2522 episcopus.
2426 2476 2446 2500 ι

2009 2563 2038 2590 κ
2066 2542 2188 2612 Ego
2238 2542 2577 2596 Lambertus
2631 2540 2902 2597 Ostiensis
2948 2541 3246 2612 episcopus
3292 2541 3528 2599 interfui
3580 2550 3636 2600 et

1937 2630 2272 2699 subscripsi,
2309 2652 2329 2677 ι
2366 2637 2472 2684 etc.
3155 2625 3166 2632 ’

2010 2740 2037 2768 α
2074 2719 2289 2773 Datum
2327 2718 2586 2773 Laterani
2619 2732 2718 2787 per
2747 2731 2956 2773 manus
2996 2720 3157 2774 Joan.
3193 2718 3245 2773 S.
3281 2719 3345 2774 Β.
3386 2720 3451 2774 Ε.
3485 2720 3633 2775 diae.

1937 2807 2094 2862 card.
2146 2820 2213 2860 ac
2258 2805 2692 2872 bibliothecarii,
2736 2822 2788 2860 vn
2838 2807 2961 2861 Kal.
3013 2807 3164 2870 Jan.,
3200 2828 3225 2854 ››
3260 2815 3366 2862 etc.
3400 2807 3639 2864 Coavus

1939 2902 2128 2950 autem
2160 2902 2283 2948 erat
2339 2893 2625 2948 Paschalis
2655 2894 2708 2949 S.
2757 2894 3094 2962 Godefrido;
3126 2903 3180 2949 et
3231 2896 3349 2950 hac
3399 2896 3634 2965 quidem

1937 2981 2373 3049 subscriptionis
2433 2981 2679 3036 formula
2731 2982 2898 3052 longe
2955 2982 3241 3052 discrepat
3291 2997 3325 3038 a
3373 2984 3637 3053 superio-

138 3082 323 3130 mente
380 3074 619 3140 Nicolai,
683 3074 858 3128 totius
910 3070 1311 3140 difﬁcultatis.)
1369 3070 1515 3136 Quid
1566 3070 1689 3124 ita?
1726 3069 1828 3124 Ri-
1869 3103 1908 3158 Ο
1942 3070 2121 3125 ribus.

135 3164 326 3228 desne,
361 3176 435 3216 an
480 3161 626 3216 serio
677 3158 975 3229 loqueris?
1019 3159 1186 3214 Prius
1227 3159 1426 3227 utique
1473 3164 1830 3212 constantem

137 3249 442 3305 traditione
487 3247 823 3303 continuata
863 3260 1076 3301 morem
1133 3245 1396 3301 Ecclesia
1427 3246 1718 3306 Romana,
1770 3242 1831 3297 in

137 3337 514 3408 obsignandis
554 3334 1038 3404 subsignandisve
1084 3334 1286 3388 litteris
1316 3332 1678 3403 probandum
1709 3331 1832 3386 fue-

139 3435 228 3483 rat
265 3428 578 3494 exstitisse;
629 3431 716 3480 ast
748 3425 937 3492 potius
989 3423 1166 3478 maris
1195 3436 1380 3491 aquas
1421 3421 1614 3477 ebibes
1652 3433 1830 3490 quam

142 3515 293 3571 istud
342 3516 714 3570 demonstres.
776 3511 985 3567 Contra
1037 3511 1249 3580 passim
1304 3518 1558 3565 mutasse
1617 3508 1831 3577 stylum

139 3618 392 3660 summos
442 3601 734 3672 pontifices
776 3599 992 3655 affatim
1048 3606 1364 3668 suppetunt
1408 3597 1704 3666 exempla,
1759 3609 1832 3651 ex

141 3693 458 3748 innumeris
509 3689 918 3760 propemodum
976 3702 1180 3757 pauca,
1241 3687 1433 3754 lector,
1489 3701 1562 3741 ne
1615 3694 1834 3740 stoma-

141 3782 312 3837 chum
359 3793 712 3843 moveamus,
773 3776 1104 3847 seligamus.
1147 3775 1358 3830 Concil.
1411 3773 1532 3829 Gal.
1575 3782 1710 3829 tom.
1761 3774 1829 3840 II,

142 3884 274 3940 pag.
311 3873 397 3936 75,
450 3866 748 3938 privilegio
779 3865 1061 3931 Remensi,
1106 3864 1260 3934 quod
1291 3863 1514 3933 Tilpino
1545 3862 1835 3930 inscripsit

140 3959 431 4014 Adrianus
459 3970 624 4026 papa,
671 3957 751 4010 sic
799 3955 967 4009 ﬁnem
1017 3953 1288 4022 imposuit
1321 3967 1332 4005 :
1372 3974 1392 3999 ι
1427 3952 1575 4007 Bene
1624 3951 1766 4006 vale.
1803 3972 1830 3998 »

143 4047 490 4115 Subscriptio
535 4043 817 4114 privilegii
868 4042 922 4098 8.
958 4041 1230 4110 Dionysii,
1265 4040 1472 4095 ibidem
1519 4054 1652 4109 pag.
1685 4040 1783 4092 114
1817 4052 1830 4090 :

148 4159 168 4184 ι
201 4135 486 4204 Scriptum
533 4147 632 4202 per
659 4146 895 4186 manum
933 4130 1322 4198 Christophori
1372 4127 1581 4183 notarii
1614 4131 1670 4181 et
1694 4126 1834 4181 scri-

142 4225 308 4281 niarii
339 4223 489 4278 sedis
519 4229 745 4286 nostra,
780 4220 837 4274 in
886 4233 1079 4273 mense
1108 4217 1299 4282 Junio,
1334 4216 1530 4271 indict.
1578 4227 1649 4270 ιχ.
1689 4215 1836 4269 Bene

144 4313 350 4368 valete.
399 4311 524 4365 Dat.
581 4307 707 4364 Kal.
739 4307 906 4362 Juliis
959 4319 1059 4375 per
1088 4318 1327 4360 manum
1376 4303 1665 4359 Anastasii
1716 4302 1838 4372 pri-

2012 3158 2100 3212 Ex
2133 3157 2222 3212 his
2277 3156 2472 3226 itaque
2519 3156 2788 3212 omnibus
2835 3157 3015 3227 liquet
3065 3159 3350 3214 Romanos
3399 3160 3637 3228 pontiﬁ-

1941 3261 2032 3302 ces
2061 3244 2316 3300 variasse
2363 3258 2500 3300 suas
2539 3245 2882 3314 obsignandi
2929 3246 3240 3311 formulas;
3273 3257 3449 3317 atque
3497 3248 3638 3304 adeo

1940 3333 2238 3388 Nicolaum
2287 3333 2486 3388 stolide
2528 3333 2842 3402 scripsisse,
2889 3334 3097 3389 idcirco
3140 3335 3341 3404 synodi
3390 3337 3639 3392 Remen-

1942 3423 2018 3476 sis
2047 3422 2241 3476 Patres
2275 3421 2643 3492 privilegium
2667 3421 3245 3478 Sanvaflericensium
3275 3425 3636 3492 amandasse,

1941 3509 2095 3579 quod
2125 3525 2230 3563 nec
2271 3510 2533 3564 Romano
2564 3526 2719 3563 more
2769 3510 2939 3566 fuerit
2970 3511 3354 3582 obsignatum.
3401 3514 3642 3582 Insuper

1943 3597 2038 3652 illo
2104 3597 2289 3652 sancti
2352 3597 2635 3653 Godefridi
2699 3606 2875 3668 atque
2941 3600 3326 3654 anterioribus
3390 3601 3638 3669 saculis,

1940 3691 2091 3740 5'10
2153 3686 2448 3755 pontifices
2496 3685 2726 3751 summi,
2776 3701 2882 3741 nec
2930 3702 3046 3742 non
3112 3701 3275 3757 reges
3315 3702 3381 3743 ac
3426 3689 3639 3758 princi-

1942 3787 2070 3842 pes,
2132 3772 2440 3842 diplomata
2508 3774 2879 3843 epistolarum
2942 3775 3124 3830 instar
3177 3777 3348 3845 (unde
3414 3775 3639 3844 littera,

1941 3861 2282 3932 rescriptum
2358 3862 2803 3932 nuncupantur)
2859 3863 3200 3931 sapiuscule
3255 3865 3646 3921 transmittere

1943 3952 2217 4008 solebant.
2277 3952 2474 4020 Neque
2507 3951 2582 4006 ita
2627 3959 2746 4006 tum
2805 3951 3077 4020 frequens
3125 3965 3266 4006 usus
3303 3953 3431 4019 fuit,
3485 3953 3644 4009 velut

1945 4039 2315 4108 sequioribus
2360 4039 2420 4093 B.
2451 4037 2734 4093 Godefridi
2784 4036 3036 4092 maxime
3082 4037 3454 4106 temporibus,
3510 4038 3646 4092 bul-

1946 4125 2048 4191 las,
2083 4127 2202 4182 sive
2235 4127 2425 4181 icones
2455 4125 2755 4195 plumbeas
2785 4125 3109 4194 apostolicis
3138 4125 3340 4180 litteris
3375 4126 3644 4196 afﬁgere;

1948 4215 2104 4284 quod
2137 4229 2210 4270 ex
2239 4228 2416 4284 supra
2450 4215 2646 4283 positis
2674 4214 2954 4283 exemplis
2985 4215 3349 4282 perspicuum
3380 4214 3644 4270 habetur.

1949 4301 2183 4357 Diutule
2234 4302 2557 4358 notioribus
2610 4303 2916 4367 immorati,
2963 4302 3034 4357 ad
3088 4309 3294 4357 caetera
3342 4301 3650 4357 refellenda

144 4399 380 4460 micerii,
426 4405 704 4468 regnante
755 4394 995 4450 Domino
1043 4401 1237 4448 nostro
1276 4400 1330 4448 et
1370 4391 1662 4447 Salvatore
1705 4391 1838 4445 Jesu
1877 4398 1920 4451 Ι)
1953 4401 2394 4459 prosequamur.

144 4490 365 4547 Christo
412 4501 542 4542 cum
578 4487 690 4540 Deo
720 4484 886 4540 Patre
931 4481 1318 4551 omnipotente
1351 4487 1406 4535 et
1453 4479 1670 4548 Spiritu
1699 4492 1834 4533 san-

147 4587 234 4635 cto
262 4592 362 4648 per
409 4576 634 4631 infinita
681 4573 911 4640 sacula,
957 4585 1130 4636 anno,
1167 4571 1280 4625 Deo
1334 4567 1602 4639 propitio,
1653 4567 1838 4636 ponti-

150 4669 352 4723 ficatus
417 4663 637 4720 domini
700 4661 874 4717 nostri
954 4660 1012 4715 in
1075 4658 1386 4728 apostolica
1457 4655 1842 4711 sacratissima

151 4755 303 4812 Beati
351 4753 500 4809 Petri
545 4751 677 4808 sede
724 4765 819 4816 xv,
858 4748 1054 4804 indict.
1084 4762 1161 4814 IX,
1196 4766 1224 4798 »
1257 4753 1394 4802 tom.
1449 4746 1544 4799 III.
1581 4743 1840 4798 Indidem

150 4860 282 4916 pag.
315 4847 416 4898 217
451 4857 463 4897 :
499 4864 527 4890 «
573 4840 862 4909 Scriptum
914 4852 1012 4907 per
1043 4851 1252 4892 manus
1297 4834 1586 4890 Zacharia
1634 4832 1843 4888 notarii

151 4932 480 5004 regionarii,
538 4937 593 4985 et
639 4927 903 4983 scrinarii
953 4925 1016 4981 8.
1075 4925 1138 4980 Ρι.
1186 4925 1250 4978 Ε.
1307 4924 1367 4978 in
1397 4937 1588 4978 mense
1639 4921 1839 4991 Aprili,

153 5023 346 5079 indict.
380 5036 456 5077 ιιι.
509 5020 656 5074 Bene
688 5016 835 5073 vale.
870 5015 996 5070 Dat.
1045 5027 1101 5069 IV
1133 5012 1258 5068 Kal.
1292 5012 1444 5078 Maii,
1489 5025 1586 5080 per
1635 5023 1845 5065 manus

153 5111 379 5180 Tyberii
440 5105 749 5178 primicerii
795 5110 1006 5159 sancta
1059 5100 1208 5157 sedis
1262 5099 1603 5170 apostolica,
1657 5098 1845 5167 impe-

153 5204 315 5254 rante
363 5194 616 5265 piissimo
661 5190 896 5247 domino
954 5190 1090 5257 imp.
1141 5191 1400 5257 Augusto
1457 5185 1764 5252 Ludovico,
1812 5198 1847 5239 a

156 5289 268 5343 Deo
324 5289 616 5348 coronato,
679 5293 910 5349 magno,
960 5275 1232 5346 paciﬁco,
1285 5273 1512 5343 imperii
1566 5287 1662 5328 an.
1717 5288 1843 5339 xxv,

157 5375 348 5431 indict.
397 5387 474 5428 XI.
536 5371 672 5439 Pag.
721 5369 845 5421 481.
891 5367 1034 5421 Data
1080 5379 1142 5420 ιιι
1189 5362 1316 5418 Kal.
1349 5361 1713 5430 Septembris,
1767 5361 1849 5415 in-

156 5465 285 5521 dict.
344 5475 426 5528 x1,
483 5458 694 5515 Trecis.
731 5456 869 5525 Pag.
927 5455 1051 5508 485.
1095 5451 1384 5520 Scriptum
1440 5464 1537 5518 per
1576 5462 1844 5504 manus»

155 5560 284 5619 etc.,
349 5557 414 5606 ut
476 5548 533 5602 in
579 5543 992 5616 superioribus.
1060 5540 1157 5597 sed
1217 5537 1578 5608 imperatoris
1635 5535 1848 5592 mentio

155 5657 271 5699 non
329 5637 598 5696 habetur.
653 5636 790 5704 Pag.
858 5630 1109 5700 denique
1157 5629 1251 5682 52f
1292 5641 1306 5680 :
1341 5644 1370 5676 α
1420 5624 1718 5694 Scriptum.
1749 5637 1854 5694 per

509 5737 788 5802 PATROL.
841 5729 1045 5797 CLVI.

2020 4478 2211 4548 Pergit
2248 4478 2518 4534 Nicolaus
2557 4493 2682 4548 cap.
2717 4479 2782 4532 14
2814 4495 2827 4532 :
2861 4500 2888 4527 «
2935 4478 3196 4534 Monachi
3229 4493 3363 4534 vero
3408 4479 3650 4534 Romam

1948 4566 2212 4633 veniunt,
2263 4580 2506 4622 munera
2537 4566 2887 4638 largiuntur,
2920 4567 3163 4622 redeunt
3195 4567 3266 4621 ad
3295 4580 3403 4623 sua
3455 4567 3566 4622 lati
3597 4574 3654 4622 et

1951 4655 2188 4720 alacres,
2241 4655 2510 4710 omnibus
2577 4669 2677 4724 pro
2739 4663 2872 4710 voto
2937 4656 3252 4724 impetratis
3301 4669 3336 4709 a
3396 4655 3652 4711 Romano

1951 4742 2240 4813 pontiﬁce,
2295 4764 2322 4791 ››
2373 4751 2479 4798 etc.
2530 4743 2830 4799 Ridiculat
2884 4743 3085 4809 Semel,
3144 4742 3352 4798 iterum
3384 4748 3440 4797 et
3488 4742 3654 4798 tertio

1953 4830 2142 4886 Sancti
2192 4830 2438 4887 Valerici
2489 4833 2755 4888 abbatem
2805 4831 3104 4886 insimulat
3147 4830 3239 4885 hic
3283 4838 3505 4896 auctor,
3555 4843 3653 4886 ca-

1954 4919 2190 4975 noni‘cos
2225 4920 2658 4987 Ambianenses,
2712 4921 3008 4976 Remensis
3053 4925 3365 4975 conventus
3399 4918 3655 4974 celeber-

1951 5005 2091 5062 rimi
2137 5008 2428 5077 praesules,
2476 5016 2651 5078 atque
2683 5009 2990 5078 ipsummet
3020 5009 3343 5062 maximum
3390 5007 3654 5062 Ecclesia

1957 5096 2340 5162 hierarcham,
2386 5096 2664 5165 pecuniis,
2717 5096 3060 5151 muneribus
3093 5096 3420 5164 corrupisse
3468 5109 3536 5150 ac
3563 5095 3657 5151 de-

1956 5185 2170 5251 linisse,
2231 5198 2347 5253 quo
2397 5185 2693 5240 veritatem
2739 5184 3029 5252 susdeque
3079 5185 3376 5251 haberent,
3432 5193 3487 5240 et
3533 5198 3655 5239 mo-

1958 5271 2119 5328 lestia
2167 5278 2432 5326 sanctum
2478 5271 2669 5326 virum
2723 5271 3034 5340 afficerent,
3087 5272 3383 5342 privarent
3416 5273 3549 5342 jure
3589 5286 3658 5328 ac

1957 5359 2194 5429 proinde
2225 5359 2483 5428 corrupti
2509 5373 2706 5415 omnes
2731 5368 2785 5414 et
2815 5360 3226 5415 abominabiles
3255 5359 3470 5416 fuerint
3501 5359 3658 5425 facti,

1959 5455 2024 5504 ut
2069 5462 2200 5504 cum
2253 5447 2558 5503 Psalmista
2609 5447 2836 5518 loquar.
2899 5447 3074 5514 Quasi
3130 5449 3531 5504 coenobiarcha
3568 5449 3661 5504 ille

1960 5536 2256 5594 immensis
2284 5536 2462 5593 Crasi
2503 5537 2704 5606 opibus
2755 5536 3094 5605 afﬂuxisset,
3129 5544 3193 5593 ut
3239 5539 3450 5608 quavis
3496 5551 3663 5593 occa-

1963 5625 2125 5682 sione
2153 5626 2233 5681 sic
2266 5625 2537 5695 pecunias
2566 5625 2903 5683 effunderet.

3266 5731 3348 5788 33
