3946 6382
297 357 434 410 1035

1328 352 1421 405 ΑΙ)
1462 352 1614 406 ΟΡΡ.
1661 350 1816 404 VEN.
1858 348 2184 404 GUIBERTI
2228 349 2319 404 DE
2363 348 2756 403 NOVIGENTO

3662 350 3803 403 1036

366 490 579 546 Deinde
614 490 671 544 in
720 488 983 544 animum
1032 486 1193 542 facile
1223 487 1355 557 quis
1386 485 1695 553 induxerit,
1726 484 1989 541 abbatem
2031 486 2075 539 A
2100 491 2244 541 sunt
2269 482 2659 539 immunitates
2706 482 3143 548 monachorum,
3175 480 3457 551 ingestam
3492 483 3802 553 perspicio,

292 588 346 637 et
393 577 727 645 monachos,
782 574 992 645 insigni
1033 575 1236 631 techna
1264 588 1462 629 eorum
1512 574 1691 644 (quod
1721 574 1848 630 vult
1895 574 1987 628 Ni-

292 666 508 734 colaus)
553 664 743 720 Remis
790 663 1121 733 propalata.
1156 662 1297 716 adeo
1341 660 1582 716 frontem
1627 669 1683 717 et
1743 676 1806 716 os
1854 675 1984 730 per-

291 756 573 820 fricuisse,
631 759 696 809 ut
750 749 1041 819 extemplo
1100 750 1337 805 Romam
1398 749 1587 814 ierint,
1643 763 1678 804 a
1732 750 1989 806 Romano

294 842 563 914 pontiﬁce
629 838 918 910 quidquid
951 837 1410 907 expostulassent
1460 836 1818 892 obtinuerint
1885 849 1991 891 ne—

294 931 446 1004 gotio
494 926 787 999 perfacili?
836 941 940 982 nec
990 925 1148 980 ullus
1196 940 1268 980 ex
1319 924 1673 981 celeberrimo
1716 925 1991 978 conventu

292 1018 579 1090 perversis
626 1014 958 1071 hominibus
987 1021 1332 1081 occurreret,
1365 1028 1552 1082 neque
1597 1014 1737 1068 tanti
1770 1012 1990 1067 facino-

292 1108 373 1163 ris
448 1104 886 1176 praemonuisset
968 1115 1264 1157 summum
1332 1108 1656 1171 pastorem;
1727 1100 1871 1170 quin
1936 1105 1993 1154 et

292 1202 552 1252 actutum
582 1194 718 1263 ipse,
755 1191 949 1261 ignota
984 1204 1220 1260 prorsus
1244 1203 1442 1255 causa,
1473 1202 1768 1244 assensum
1800 1201 1993 1243 mona-

293 1283 415 1341 chis
462 1280 791 1353 praebuerit,
844 1287 899 1335 et
944 1279 1017 1335 ab
1047 1278 1370 1335 obedientia
1409 1292 1506 1334 eos
1541 1277 1818 1333 exemerit
1865 1276 1993 1347 epi-

297 1370 532 1441 scopali.
565 1373 761 1439 Apage
793 1368 915 1424 haec
937 1367 1348 1423 deliramenta!

368 1459 565 1530 Capite
595 1471 731 1513 vero
781 1460 866 1524 15,
916 1459 1002 1524 16,
1038 1458 1107 1511 20
1140 1464 1193 1511 et
1223 1457 1312 1523 2t,
1354 1456 1595 1512 Romam
1623 1468 1691 1510 ea
1717 1454 1787 1509 de
1817 1464 1995 1509 causa

294 1549 522 1619 petiisse
593 1549 857 1602 sanctum
922 1543 1332 1609 Godefridum,
1393 1551 1571 1613 atque
1628 1557 1663 1598 a
1727 1540 1993 1611 pontiﬁce

293 1636 551 1693 maxime
582 1633 876 1704 repulsam
925 1647 1160 1702 passum
1199 1632 1553 1702 biographus
1593 1637 1866 1699 enarrat;
1896 1628 1994 1684 sed

295 1724 482 1791 Bario,
517 1737 635 1793 quo
677 1728 915 1777 venerat
944 1721 1061 1777 voti
1093 1720 1352 1776 solvendi
1386 1732 1583 1785 causa,
1620 1718 1721 1775 ubi
1755 1719 1993 1774 Romam

293 1812 612 1878 redivisset,
647 1811 717 1866 de
748 1811 874 1880 ejus
905 1808 1234 1879 prudentia,
1278 1808 1622 1873 eruditione,
1670 1807 1991 1873 sanctitate,

288 1900 410 1971 jam
462 1900 673 1955 certior
715 1897 901 1953 factus
943 1896 1235 1953 Paschalis
1281 1910 1450 1967 papa.
1484 1896 1557 1952 ab
1591 1896 1687 1951 illo
1738 1894 1991 1963 veniam,

292 1987 450 2059 quod
507 1986 656 2042 male
696 2000 829 2041 eum
885 1984 1218 2055 excepisset,
1282 1985 1556 2054 exposcit.
1602 2005 1631 2033 ‹‹
1676 1984 1823 2039 Tum
1882 1983 1994 2038 Pa-

292 2075 505 2132 schalis
559 2073 816 2145 pontifex
865 2073 1015 2141 (inﬁt
1058 2072 1322 2129 Nicolaus
1369 2086 1495 2142 cap.
1542 2072 1631 2142 2t)
1697 2071 1912 2127 litteras
1942 2069 1992 2126 ei

296 2161 493 2226 tradit,
527 2159 744 2230 quibus
775 2159 924 2214 inter
950 2158 1064 2214 alia
1094 2158 1519 2225 continebatur,
1553 2158 1819 2214 abbatem
1849 2160 1994 2212 San-

292 2249 367 2306 cti
401 2248 645 2306 Valerici
686 2261 819 2303 cum
850 2246 1149 2301 monachis
1188 2246 1331 2313 suis,
1370 2245 1744 2302 Ambianensi
1775 2246 1990 2314 episco-

292 2353 382 2409 po,
411 2336 647 2407 perinde
676 2344 853 2405 atque
881 2335 1026 2404 patri
1058 2342 1113 2390 et
1143 2334 1376 2404 pastori,
1410 2333 1469 2388 in
1497 2333 1767 2389 omnibus
1796 2346 1995 2402 parere

294 2427 518 2483 debere.
573 2424 671 2479 llle
720 2424 919 2493 igitur,
962 2441 991 2474 ι
1025 2430 1132 2478 etc.
1180 2421 1340 2477 Itane
1372 2420 1554 2477 vero?
1607 2421 1769 2477 Unde
1819 2420 1995 2490 igitur

296 2514 358 2570 in
412 2511 751 2569 ventilanda
815 2511 980 2566 toties
1035 2517 1090 2565 et
1163 2509 1490 2565 refricanda
1542 2508 1612 2564 de
1676 2507 1993 2578 privilegiis

290 2601 714 2658 monachorum
779 2597 1361 2655 Sanvallericensium
1414 2597 1822 2659 controversia.
1883 2596 1993 2651 ha-

295 2698 497 2745 ctenus
531 2687 942 2744 Ambianenses
970 2685 1218 2755 episcopi
1268 2685 1327 2741 in
1368 2686 1620 2741 medium
1675 2684 1991 2753 producere

294 2776 534 2834 Romani
585 2774 871 2847 pontiﬁcis
898 2788 1045 2844 quas
1074 2772 1377 2843 praetendit
1408 2773 1499 2828 ille
1529 2772 1749 2829 litteras
1778 2786 1885 2841 neq
1897 2775 1990 2827 ni-

294 2864 548 2923 vcrunt?
596 2866 715 2920 Hac
745 2863 958 2918 scilicet
1014 2862 1110 2917 via
1151 2862 1439 2917 universae
1488 2875 1723 2931 prorsus
1776 2860 1988 2930 sopitae,

295 2955 410 3010 imo
469 2961 524 3009 et
587 2952 885 3008 exstincta
946 2952 1388 3020 permansissent
1447 2949 1763 3005 discordiae.
1834 2949 1989 3019 Ergo

293 3041 584 3098 Paschalis
633 3040 850 3096 litteras
883 3039 944 3093 B.
993 3037 1295 3129 Godefrido
1324 3051 1617 3108 nusquam
1645 3037 1827 3102 datas,
1879 3051 1988 3092 ne—
2025 3074 2067 3129 ϐ
2096 3036 2187 3129 sui
2220 3036 2442 3129 imperii
2491 3037 2586 3108 (ut
2642 3038 2936 3107 apparebit
2989 3038 3249 3110 inferius)
3318 3047 3567 3106 sextum,
3606 3061 3627 3087 ο

292 3145 406 3197 mo,
438 3144 564 3186 mea
592 3128 875 3185 sententia
907 3126 1010 3196 qui
1040 3141 1157 3183 non
1186 3126 1470 3182 advertat.

363 3219 653 3275 Postremo
721 3217 950 3272 tandem
1018 3214 1323 3270 historicus
1396 3214 1486 3269 ille
1550 3212 1986 3283 opinatissimus

292 3307 502 3364 fabulae
548 3319 669 3363 suae
734 3303 1105 3372 colophonem
1145 3302 1364 3358 addidit
1408 3303 1466 3358 in
1514 3302 1672 3358 hunc
1727 3302 1982 3369 modum,

290 3410 418 3466 cap.
449 3396 519 3449 24
551 3409 563 3449 :
600 3413 628 3445 οι
660 3392 883 3449 Abbate
932 3390 1125 3446 Sancti
1158 3390 1406 3446 Valerici
1453 3404 1660 3446 rursus
1687 3390 1867 3446 accito
1920 3392 1983 3446 Β.

289 3483 588 3553 episcopus
645 3480 858 3550 profert
919 3478 1135 3534 litteras
1192 3477 1486 3533 Paschalis
1544 3478 1846 3549 pontiﬁcis,
1887 3479 1985 3534 dat

288 3585 384 3628 eas
449 3569 662 3625 Simoni
729 3567 1029 3637 praeposito
1095 3565 1282 3635 palam
1350 3566 1692 3632 recitandas,
1742 3574 1849 3621 etc.
1900 3566 1986 3623 Ad

288 3660 462 3730 pedes
508 3658 570 3713 B.
604 3654 891 3713 Godefridi
939 3668 997 3710 se
1039 3653 1320 3725 abjiciunt
1371 3654 1572 3724 (abbas
1599 3662 1655 3710 et
1694 3654 1982 3724 monachi)

288 3746 520 3803 veniam
570 3757 868 3814 perperam
914 3750 1207 3812 gestorum
1256 3749 1479 3811 petunt,
1526 3756 1629 3797 nec
1676 3742 1985 3798 difﬁculter

288 3836 623 3905 impetrant,
663 3845 925 3902 congrua
976 3831 1059 3886 eis
1088 3829 1271 3886 multa
1322 3829 1591 3900 irrogata.
1628 3830 1716 3885 Ex
1745 3845 1810 3886 eo
1855 3838 1987 3886 tem-

288 3938 425 3994 pore
457 3920 689 3978 abbatia
719 3919 773 3976 8.
809 3918 1049 3977 Valerici
1071 3926 1229 3989 paret
1253 3920 1515 3988 episcopo
1535 3918 1926 3974 Ambianensi.
1952 3940 1981 3967 ιι

286 4012 447 4079 Quod
478 4011 524 4067 si
556 4011 634 4066 ita
662 4023 721 4065 se
751 4023 839 4064 res
868 4006 1058 4073 habet,
1089 4020 1270 4077 quare
1310 4021 1424 4062 non
1455 4006 1636 4062 multo
1666 4013 1789 4075 post
1836 4014 1982 4061 tem-

287 4113 423 4171 pore
468 4096 814 4170 gravissima
870 4095 939 4150 lis
979 4102 1081 4158 est,
1137 4093 1553 4149 Ambianenses
1612 4093 1760 4149 inter
1806 4102 1982 4163 atque

287 4186 824 4250 Sanvallericenses,
872 4182 1169 4238 excitata?
1222 4182 1408 4246 Quam
1459 4181 1531 4237 ob
1574 4196 1691 4238 rem
1746 4182 1981 4238 arbitris

286 4277 347 4333 in
394 4274 657 4347 partibus
705 4274 793 4343 (ut
858 4272 1042 4342 aiunt)
1076 4285 1360 4328 asummo
1410 4271 1605 4341 judice
1650 4271 1981 4327 Alexandro

2090 572 2263 642 juvat
2288 572 2527 627 omnino
2579 569 2862 639 privilegii
2898 570 3381 639 subscriptionem
3412 585 3532 640 qua
3561 572 3630 627 de
3675 572 3803 641 agi-

2099 668 2214 724 tur,
2265 673 2516 728 quaeque
2562 672 2761 714 ansam
2819 658 3049 713 Nicolao
3088 658 3336 728 praebuit
3392 659 3674 716 fabricare
3724 660 3805 715 fa-

2098 745 2327 813 bellam,
2387 745 2651 815 adjicere.
2713 746 2792 801 De
2833 746 3067 801 bullatis
3123 746 3411 802 Paschalis
3469 749 3515 803 Il
3575 747 3801 814 litteris,

2098 836 2311 903 quippe
2359 833 2447 888 vel
2508 848 2793 889 consensu
2855 834 3321 890 adversariorum
3370 836 3496 891 sine
3549 836 3726 892 dubio
3767 850 3806 890 a

2099 921 2357 976 Romana
2405 921 2532 977 sede
2563 929 2698 977 sunt
2728 922 2949 977 emissae
2993 923 3073 977 nil
3104 924 3496 979 attexendum.
3544 924 3803 980 Alexan-

2098 1009 2187 1064 dri
2238 1024 2373 1065 vero
2426 1010 2500 1065 lll
2551 1010 2854 1081 integram,
2913 1018 3107 1079 utpote
3145 1025 3278 1081 quas
3333 1013 3663 1067 universam
3710 1014 3803 1081 (ut

2099 1106 2266 1153 antea
2297 1098 2653 1167 monuimus)
2685 1099 2904 1154 dirimit
2937 1098 3112 1164 litem,
3144 1099 3532 1155 describemus
3564 1106 3803 1155 senten-

2099 1187 2256 1241 tiam.
2309 1186 2535 1242 Habent
2588 1185 2764 1256 igitur
2811 1186 3027 1242 hancce
3072 1187 3356 1243 Benedicti
3388 1200 3551 1257 papae
3590 1185 3803 1243 litterae

2099 1273 2603 1343 subscriptionem.

2174 1383 2202 1411 ‹‹
2234 1362 2520 1431 Scriptum
2552 1376 2653 1432 per
2679 1376 2919 1418 manum
2941 1362 3203 1433 Hugonis
3226 1363 3436 1419 notarii
3464 1362 3799 1434 regionarii,

2100 1459 2156 1507 et
2198 1450 2487 1507 scriniarii
2538 1450 2598 1506 S.
2640 1452 2706 1507 R.
2757 1452 2821 1505 Ε.
2874 1450 2932 1507 in
2978 1465 3171 1507 mense
3217 1451 3421 1521 Aprili,
3483 1452 3681 1507 indict.
3714 1466 3796 1508 ιχ.

2103 1539 2251 1594 Bene
2282 1538 2484 1594 valete.
2546 1539 2756 1595 Datum
2801 1538 2927 1594 Kal.
2964 1540 3176 1609 Aprilis
3232 1554 3332 1609 per
3387 1554 3625 1596 manum
3671 1540 3797 1596 Ste-

2101 1626 2279 1696 phani
2309 1626 2560 1696 episcopi
2588 1626 2641 1682 S.
2678 1627 2743 1684 Β.
2778 1628 2868 1694 Ε.,
2903 1627 3087 1696 primo
3118 1628 3485 1697 pontiﬁcatus
3512 1629 3797 1684 Benedicti

2103 1714 2446 1770 sanctissimi
2492 1715 2716 1784 septimi
2767 1729 2929 1785 pasz
2962 1715 3022 1770 in
3052 1716 3184 1771 sede
3216 1717 3275 1771 B.
3329 1717 3480 1772 Petri
3533 1717 3797 1786 septimo,

2034 1783 2242 1873 Bimp.
2296 1804 2506 1859 domno
2562 1783 2784 1871 Ottone,
2834 1783 2869 1859 a
2927 1805 3168 1860 Domino
3227 1814 3532 1870 coronato,
3585 1783 3798 1875 magno

2105 1893 2447 1962 imperatore
2480 1907 2601 1958 xm,
2635 1892 2829 1948 indict.
2866 1907 3039 1949 nona.
3070 1896 3269 1948 Amen.
3303 1915 3331 1942 »

2173 1980 2547 2037 lnsultabunt
2612 1981 2804 2036 forsan
2879 1981 3112 2048 aemuli,
3191 1981 3794 2052 occlamitabnntque,

2103 2067 2324 2137 imperii
2379 2068 2602 2125 Ottonis
2644 2069 2693 2124 ll
2747 2078 3016 2125 octavum
3068 2070 3355 2126 duntaxat
3407 2083 3630 2126 annum
3676 2070 3795 2140 (cui

2101 2158 2379 2226 septimus
2418 2158 2669 2228 quadrat
2714 2158 3000 2214 Benedicti
3046 2172 3207 2228 papae
3242 2158 3365 2228 νη)
3414 2158 3532 2214 fore
3563 2172 3795 2228 compu-

2104 2244 2367 2300 tandum.

2171 2332 2393 2396 Quibus
2417 2348 2522 2403 ego
2555 2348 2666 2389 non
2691 2333 2831 2390 meis
2862 2332 3108 2404 pretium
3139 2348 3325 2403 operte
3358 2334 3531 2391 fuerit
3559 2348 3792 2405 respon-

2101 2419 2254 2487 dere,
2321 2428 2380 2476 at
2412 2421 2698 2477 illustriss.
2757 2422 3067 2478 cardinalis
3106 2422 3334 2477 Baronii
3391 2423 3600 2489 verbis,
3668 2423 3795 2493 qui,

2103 2522 2237 2564 cum
2265 2522 2373 2564 sua
2422 2509 2656 2565 minime
2685 2510 2913 2577 referat,
2960 2515 3052 2563 se
3080 2517 3109 2564 I
3147 2511 3472 2567 audiendus
3500 2519 3601 2577 est,
3654 2519 3792 2567 tom.

2104 2600 2125 2650 1
2168 2597 2430 2653 videlicet
2482 2598 2693 2653 Annal.
2726 2599 2799 2653 ad
2839 2612 2932 2653 an.
2968 2599 3071 2652 974
3116 2599 3227 2653 sub
3267 2598 3463 2667 ﬁnem,
3496 2600 3643 2655 hanc
3692 2614 3797 2669 pe-

2100 2685 2205 2741 rite
2256 2698 2493 2741 remora:
2542 2686 2809 2741 umbram
2862 2687 3092 2755 expedit
3127 2701 3139 2740 :
3174 2707 3202 2735 «
3237 2686 3518 2743 Defuncto
3569 2686 3790 2755 Ottone,

2099 2772 2309 2843 inquit,
2340 2773 2468 2843 ejus
2499 2773 2650 2830 ﬁlius
2676 2773 2805 2830 Otto
2830 2773 3033 2844 junior
3058 2774 3215 2830 solus
3245 2776 3456 2844 incepit
3490 2776 3790 2844 imperare,

2099 2861 2198 2929 qui
2242 2862 2365 2931 jam
2410 2875 2544 2917 cum
2594 2870 2755 2931 patre
2813 2863 3185 2918 inchoaverat
3231 2876 3452 2919 annum
3502 2870 3729 2920 sextum
3773 2880 3788 2919 :

2097 2963 2232 3004 nam
2278 2949 2401 3020 ipse
2442 2949 2499 3004 in
2565 2950 2972 3020 diplomatibus
3032 2951 3191 3007 hunc
3234 2965 3452 3007 annum
3523 2961 3795 3010 numerat

3678 3047 3789 3096 etc.

2095 3125 2295 3195 Itaque
2345 3125 2417 3180 ad
2464 3139 2683 3182 annum
2732 3129 2829 3181 981
2869 3142 2881 3181 :
2923 3150 2943 3175 α
2998 3130 3199 3183 Exstat
3246 3129 3351 3184 hoc
3405 3129 3603 3184 eodem
3633 3142 3794 3184 anno

2092 3213 2295 3269 datum
2346 3214 2601 3283 diploma
2638 3214 2859 3272 Ottonis
2893 3216 2944 3271 ll
2997 3216 3377 3287 imperatoris,
3423 3224 3529 3273 etc.
3564 3217 3627 3272 In
3677 3216 3793 3274 ﬁne

2092 3310 2287 3357 autem
2321 3317 2336 3356 :
2366 3302 2617 3357 Joannes
2670 3303 3070 3369 cancellarius,
3131 3303 3204 3360 ad
3253 3304 3435 3359 vicem
3483 3304 3632 3359 Petri
3682 3305 3790 3360 Pa-

2088 3388 2301 3459 piensis
2337 3390 2584 3459 episcopi
2614 3391 3142 3458 archicancellarii,
3175 3391 3483 3461 recognovi
3543 3400 3599 3448 et
3646 3393 3787 3449 sub—

2091 3476 2312 3546 scripsi.
2368 3479 2574 3533 Datum
2603 3493 2637 3532 v
2684 3479 2768 3534 Id.
2801 3483 2971 3550 Aug.,
3002 3493 3154 3535 anno
3210 3481 3275 3535 D.
3312 3481 3598 3536 Incarnat.
3649 3495 3792 3536 non-

2092 3566 2405 3636 gentesimo
2451 3566 2798 3637 octogesimo
2847 3568 3051 3636 primo,
3086 3568 3281 3623 indict.
3329 3582 3406 3635 Ix,
3443 3571 3601 3640 regni
3651 3584 3788 3626 vero

2089 3652 2305 3708 domini
2351 3654 2573 3711 Ottonis
2616 3668 2743 3723 xxi,
2777 3656 3000 3725 imperii
3054 3670 3191 3711 vero
3229 3671 3347 3723 Vin,
3381 3656 3575 3712 indict.
3609 3672 3782 3725 nona.

2088 3742 2239 3797 Inest
2286 3742 2541 3814 sigillum
2589 3744 2867 3813 ejusdem,
2896 3744 3130 3814 aliaque
3172 3744 3486 3813 diplomata
3525 3745 3783 3816 ejusdem

2090 3830 2314 3899 generis
2376 3830 2677 3901 privilegia
2737 3831 3089 3887 continentia
3142 3831 3351 3888 ibidem
3395 3840 3662 3897 exstant,
3718 3841 3782 3890 ut

2090 3916 2232 3972 illud
2287 3918 2489 3974 datum
2550 3927 2712 3975 sexto
2776 3918 2906 3975 idus
2958 3918 3154 3975 Octob.
3200 3920 3308 3975 hoc
3371 3920 3568 3976 eodem
3628 3934 3783 3977 anno

2089 4005 2483 4076 Redemptoris
2539 4010 2663 4075 98l,
2720 4007 3027 4063 indictione
3072 4023 3130 4075 χ,
3183 4008 3449 4064 inchoata
3499 4008 3784 4078 imperiia

2088 4101 2339 4164 tempore
2402 4096 2789 4151 coronationis
2845 4095 3064 4152 decimo
3124 4106 3353 4166 quarto,
3416 4111 3516 4167 per
3572 4110 3785 4154 manus

2087 4183 2343 4252 ejusdem
2406 4184 2640 4239 Joannis
2695 4184 3129 4249 cancellarii.)
3197 4185 3486 4241 Hactenus
3551 4186 3782 4242 Baronii

2085 4271 2281 4327 verba.

284 4363 580 4435 delcgatis,
626 4370 682 4419 et
713 4359 1032 4417 rationibus
1059 4360 1132 4416 ab
1180 4360 1318 4431 ipsis
1351 4361 1625 4430 utrinque
1664 4360 1880 4416 auditis
1910 4374 1978 4415 ac
2014 4368 2060 4423 1)
2154 4358 2375 4426 Quibus
2416 4374 2485 4415 ac
2540 4361 2827 4418 similibus
2876 4369 3098 4418 constat
3148 4361 3255 4418 hoc
3302 4364 3617 4433 praesertim
3668 4377 3779 4419 saa-

280 4452 608 4525 ponderatis
632 4449 814 4520 (quod
845 4463 974 4505 mox
1008 4464 1212 4505 sumus
1254 4448 1782 4519 commonstraturi)
1827 4463 1976 4518 pon-

283 4543 421 4599 tifex
450 4541 705 4608 demum,
735 4545 858 4608 post
902 4537 1096 4594 varias
1124 4551 1191 4593 ac
1221 4537 1475 4607 prolixas
1504 4537 1756 4606 partium
1787 4537 1974 4593 disce-

279 4630 581 4702 ptationes,
628 4627 895 4684 abbatem
942 4634 999 4682 et
1048 4626 1363 4681 monachos
1414 4624 1469 4681 S.
1524 4625 1787 4692 Valerici,
1833 4626 1974 4696 quia

279 4726 405 4790 post
435 4716 734 4774 hominum
788 4714 1125 4771 memoriam
1174 4727 1209 4769 a
1235 4713 1368 4785 jure
1413 4713 1720 4784 episcopali
1769 4728 1972 4770 exem—

275 4815 403 4879 ptos
451 4806 650 4862 arbitri
702 4808 1119 4873 compererant,
1195 4801 1252 4857 in
1308 4802 1655 4871 possessione
1712 4802 1966 4859 retinuit.

273 4895 466 4966 Atque
524 4894 666 4950 adeo
723 4890 1147 4947 evidentissima
1212 4889 1425 4945 Nicolai
1480 4890 1902 4946 conclusionem
1953 4905 1967 4944 :

278 5004 308 5033 α
338 4984 428 5038 Ex
456 4996 522 5038 eo
565 4989 818 5050 tempore
860 4978 1094 5035 abbatia
1132 4976 1188 5034 S.
1234 4977 1476 5035 Valerici
1523 4985 1683 5046 paret
1711 4978 1970 5047 episcopo

274 5068 670 5135 Ambianensi,
725 5088 752 5117 ››
801 5065 1243 5137 supposititiam,
1290 5065 1399 5121 nisi
1444 5065 1727 5135 impotens
1767 5065 1968 5136 animi,

272 5162 432 5227 puto,
466 5156 570 5211 ibit
600 5154 840 5210 inﬁcias.

340 5243 587 5300 Tametsi
637 5256 921 5314 parergon
951 5243 1103 5299 istud
1143 5244 1412 5300 omnibus
1444 5242 1585 5298 mihi
1610 5242 1809 5299 videar
1850 5257 1968 5299 nu-

270 5332 446 5389 meris
473 5330 802 5398 absolvisse,
848 5339 905 5387 et
933 5339 1129 5401 aperte
1163 5331 1297 5387 boni
1330 5331 1485 5387 illius
1512 5331 1645 5397 viri,
1681 5330 1962 5410 ﬁctitiam,

269 5434 448 5492 quam
496 5420 654 5477 haud
700 5418 874 5476 dubie
919 5419 994 5475 ab
1040 5418 1452 5489 impostoribus
1496 5426 1811 5489 acceperat,
1873 5419 1965 5474 di-

267 5509 443 5567 luisse
472 5508 1011 5573 narratiuncnlam;
1066 5517 1257 5565 tamen
1297 5508 1453 5579 quod
1486 5508 1777 5565 crambem
1802 5506 1966 5564 toties

267 5604 552 5656 recoctam
580 5598 654 5655 ab
683 5596 945 5655 osoribus
987 5596 1116 5666 illis,
1148 5596 1367 5667 quibus
1411 5595 1647 5653 minime
1671 5594 1965 5652 stomacho

2082 4446 2246 4512 culo,
2315 4462 2450 4504 cum
2518 4448 2907 4519 imperatores,
2970 4458 3095 4506 tum
3153 4464 3316 4521 reges
3374 4452 3725 4508 Francorum
3759 4494 3775 4520 ,

2081 4534 2305 4605 imperii
2332 4536 2452 4592 sive
2478 4539 2639 4608 regni
2670 4552 2854 4594 annos
2883 4552 2916 4593 a
2945 4538 3036 4594 die
3078 4538 3545 4609 inaugurationis
3581 4539 3778 4596 solitos

2081 4626 2368 4695 auspicari
2400 4641 2847 4697 nonnunquam.
2881 4626 3157 4697 Sequitur
3185 4628 3415 4684 tandem

2258 4713 2552 4770 Sententia
2575 4713 2895 4770 decretoria
2923 4715 3252 4771 Alexandri
3277 4731 3446 4788 papa
3470 4718 3594 4772 III.

2149 4802 2479 4858 Alexander
2510 4803 2831 4873 episcopus,
2863 4818 3069 4859 servus
3119 4818 3418 4860 servorum
3470 4806 3589 4873 Dei,
3631 4805 3771 4862 dile-

2078 4889 2183 4945 ctis
2213 4889 2345 4945 ﬁliis
2394 4890 2650 4947 Asselino
2689 4891 2905 4957 abbati,
2949 4900 3005 4947 et
3051 4891 3326 4949 fratribus
3372 4892 3565 4950 Sancti
3607 4894 3775 4950 Wal-

2076 4977 2257 5045 lerici,
2309 4979 2553 5035 salutem
2609 4986 2665 5035 et
2714 4980 3079 5050 apostolicam
3136 4981 3607 5038 benedictionem.
3670 4982 3773 5037 Di-

2076 5080 2258 5135 gnum
2297 5075 2381 5122 est
2416 5075 2472 5123 et
2515 5067 2723 5123 rationi
2761 5068 3109 5125 conveniens
3157 5077 3239 5137 ut,
3289 5085 3423 5127 cum
3471 5070 3541 5126 ad
3579 5070 3773 5126 sedem

2075 5154 2445 5224 apostolicam
2509 5157 2849 5225 quaestiones
2927 5156 3140 5227 aliqua;
3211 5158 3582 5225 deferuntur,
3658 5166 3769 5215 etc.

2073 5242 2317 5315 Reliqua
2342 5243 2469 5299 vide
2495 5243 2659 5311 infra
2689 5243 2751 5298 in
2784 5245 3117 5301 Alexandro
3142 5248 3270 5315 III,
3301 5246 3378 5301 ad
3403 5263 3502 5301 an.
3540 5249 3695 5302 1181.

2148 5331 2228 5386 Ad
2279 5331 2403 5387 haec
2473 5332 2720 5401 pertinet
2794 5333 3164 5405 privilegium
3233 5334 3489 5405 ejusdem
3559 5336 3771 5391 summi

2074 5424 2232 5489 pont.
2283 5419 2484 5475 datum
2530 5420 2728 5477 eodem
2776 5421 3117 5489 anno.Quod
3168 5423 3317 5479 inter
3354 5423 3468 5479 alia
3522 5423 3773 5481 continet

2073 5520 2209 5576 quae
2263 5514 2595 5577 sequuntur
2652 5522 2666 5562 :
2720 5528 2749 5557 «
2793 5509 2882 5564 Ad
2932 5510 3229 5581 exemplar
3287 5511 3771 5582 praedecessorum

2071 5601 2408 5652 nostrorum
2464 5594 2571 5666 piae
2630 5596 3045 5655 recordationis
3109 5604 3261 5655 an
3320 5600 3648 5668 Benedicti,
3714 5608 3771 5657 et
