3946 6392
144 411 162 463 Ἰ
178 412 284 465 037

1402 412 1619 468 DOMNI
1661 411 1719 467 L.
1756 410 2099 465 D’ACHERY
2140 410 2362 466 ΝΟΤᾹΞ.

3512 415 3651 472 1038

140 540 436 597 Paschalis
482 539 872 596 Romanorum
925 539 1280 609 pontificum,
1323 542 1431 598 sub
1491 542 1554 597 B.
1606 541 1751 597 Petri
1796 548 1852 596 et
1889 545 1930 598 Α
2028 537 2117 611 (¹⁴)
2177 540 2311 596 CAP.
2379 540 2475 607 Ill,
2533 540 2561 611 §
2617 556 2693 596 ιιι.
2740 570 2814 583 -
2868 541 3017 596 Dum
3063 558 3195 597 ossa
3234 543 3501 615 vulgaria
3544 563 3651 617 pro

140 638 343 685 nostra
396 628 743 698 protectione
799 628 1166 697 suscipimus,
1223 636 1278 685 et
1324 638 1628 700 przesentes
1676 629 1848 699 privi-

139 717 293 789 legio
332 718 776 791 communimus.
822 716 1131 785 Imprimis,
1178 738 1199 765 ι
1241 725 1347 773 etc.
1391 719 1605 774 Deinde
1648 718 1844 773 multis

145 806 461 877 interjectis
492 820 505 859 :
547 826 568 853 ι
603 804 895 860 Sententia
927 819 1163 875 quoque
1204 805 1351 862 inter
1390 820 1488 862 vos
1523 814 1578 862 et
1610 805 1843 861 Ambia-

143 908 384 950 nensem
454 893 769 948 Ecclesiam
849 908 1022 962 super
1086 894 1449 964 impositione
1497 894 1721 951 abbatis
1786 894 1845 948 in

144 983 481 1038 cathedram
545 980 836 1037 electionis
896 989 1171 1051 tempore,
1229 990 1284 1037 et
1330 982 1398 1038 de
1443 996 1586 1038 cura
1630 982 1846 1037 anima-

146 1086 304 1139 rum,
353 1085 573 1126 necnon
622 1076 678 1125 et
716 1071 785 1125 de
834 1071 992 1126 omni
1038 1072 1171 1141 jure
1212 1071 1526 1141 parochiali
1575 1072 1745 1127 castri
1788 1070 1842 1126 S.

145 1160 416 1223 Valerici,
468 1173 502 1214 a
541 1159 705 1215 nobis
758 1159 970 1214 auditis
1021 1160 1156 1215 hinc
1212 1160 1344 1215 inde
1391 1160 1711 1216 rationibus
1757 1160 1845 1215 al-

144 1248 649 1319 legationibusque
700 1254 754 1303 et
807 1247 1136 1317 juratorum
1186 1248 1414 1304 testium
1465 1248 1846 1318 dispositioni-

146 1337 261 1393 bus
277 1337 345 1391 de
357 1337 648 1392 communi
668 1337 913 1391 fratrum
938 1345 1262 1392 nostrorum
1285 1336 1666 1403 consiliolata,
1693 1337 1846 1392 unde

144 1439 252 1481 vos
280 1424 650 1491 absolvimus,
709 1432 763 1480 et
803 1424 1172 1481 Ambianensi
1206 1425 1472 1480 Ecclesiae
1505 1432 1844 1494 perpetuum

144 1512 437 1569 silentium
500 1512 899 1583 imposuimus.
961 1513 1135 1569 Vobis
1192 1521 1243 1568 et
1298 1512 1565 1569 Ecclesiae
1619 1521 1842 1575 vestrae,

145 1601 298 1656 sicut
337 1601 397 1656 in
440 1601 647 1669 scripto
694 1608 886 1655 nostro
931 1600 1139 1656 exinde
1186 1601 1330 1655 facto
1377 1600 1633 1655 noscitur
1673 1600 1847 1656 conti-

145 1700 303 1752 nere,
334 1686 673 1741 auctoritate
701 1685 1008 1754 apostolica
1038 1687 1469 1750 confirmamus,
1505 1706 1532 1734 »
1558 1693 1664 1740 etc.

221 1773 527 1844 Privilegia
553 1781 607 1828 et
646 1773 1039 1828 immunitates
1080 1773 1657 1828 Sanvallericensium
1700 1788 1847 1829 com-

147 1863 471 1933 probarunt
525 1862 737 1917 summi
792 1861 988 1930 pontif.
1042 1861 1409 1917 Innocentius
1473 1862 1569 1927 Ill,
1627 1860 1842 1932 Grego-

147 1952 273 2007 rius
303 1952 402 2017 IX,
438 1960 493 2005 et
522 1949 639 2017 alii,
675 1964 821 2019 quos
863 1963 1156 2005 recensere
1201 1963 1317 2004 non
1361 1949 1529 2005 modo
1570 1950 1845 2019 prolixior

147 2040 470 2109 descriptio,
528 2040 620 2093 sed
680 2046 734 2094 et
802 2038 995 2093 lectori
1061 2037 1354 2093 onerosior
1408 2037 1692 2105 evaderet,
1753 2038 1845 2092 fie-

148 2136 353 2197 retque
405 2127 652 2182 fastidio.
711 2127 911 2195 Itaque
963 2127 1031 2181 de
1083 2125 1170 2181 his
1226 2126 1323 2192 ita,
1391 2134 1452 2182 ut
1505 2126 1607 2195 qui
1662 2125 1845 2181 sancti

147 2216 390 2272 Valerici
443 2213 756 2285 privilegiis
804 2215 1079 2283 derogare
1134 2214 1375 2282 (Nicolai
1434 2222 1658 2270 tantum
1717 2212 1845 2269 fulti

144 2304 500 2373 narratione)
559 2311 614 2359 et
674 2303 833 2358 toties
896 2302 1183 2357 oblatrare
1241 2316 1308 2358 ac
1363 2301 1468 2357 sibi
1529 2310 1846 2371 temperare

144 2400 466 2463 nequeunt.
514 2391 723 2446 Saltem
767 2405 826 2446 se
880 2392 938 2445 in
987 2390 1206 2446 lumine
1256 2390 1463 2459 positos
1508 2404 1623 2446 non
1682 2403 1847 2459 posse

143 2481 345 2537 videre
393 2480 752 2545 erubescant,
783 2479 856 2549 iet
900 2478 985 2533 vel
1040 2478 1243 2534 amodo
1282 2478 1556 2533 claudant
1604 2491 1725 2545 ora,
1776 2491 1848 2533 ne

145 2578 371 2625 rectum
402 2582 725 2637 verumque
751 2567 1083 2623 amantibus
1108 2566 1415 2637 opprobrio
1448 2567 1606 2622 fiant.

224 2654 320 2725 (‘3)
364 2654 496 2711 CAP.
551 2655 642 2718 Ill,
684 2655 711 2720 §
759 2668 837 2708 ιιι.
871 2684 939 2692 -
990 2655 1175 2707 Tanla
1214 2650 1647 2708 indissimiliter
1686 2651 1850 2715 facta

145 2742 356 2814 ubique
397 2740 508 2797 loci
545 2739 830 2796 memoriae
867 2756 1005 2795 mea
1050 2738 1383 2810 subjiciunt.
1428 2740 1711 2795 Fraudem
1740 2740 1848 2794 im-

145 2834 304 2903 piam
362 2831 656 2890 Adelberti
709 2829 877 2885 deﬂet
942 2836 1177 2885 sanctus
1230 2828 1558 2883 Bonifacius
1615 2828 1852 2898 Mogun-

145 2922 407 2978 tinorum
449 2918 810 2988 archiepisc.,
874 2918 1035 2987 epist.
1085 2917 1207 2984 135,
1255 2917 1327 2972 ad
1372 2917 1708 2972 Zachariam
1764 2928 1854 2985 pa-

145 3025 328 3082 pam:
395 3030 417 3058 ι
454 3011 514 3064 Ιιι
575 3009 849 3078 primaeva
902 3014 1067 3062 aetate
1120 3004 1421 3076 hypocrita
1473 3005 1600 3072 fuit,
1657 3005 1852 3060 dicens

144 3097 306 3169 quod
380 3096 487 3152 sibi
559 3095 802 3166 angelus
863 3094 1107 3157 Domini,

1952 631 2287 683 sanctorum
2315 628 2653 699 pignoribus
2681 630 3064 685 emundanda
3085 624 3450 703 disperliunt.
3482 634 3652 691 Noles

1954 718 2125 773 velim
2177 717 2520 787 sacrilegum
2573 717 2678 773 hoc
2721 732 2843 774 aevo
2891 720 2960 774 de
3011 720 3190 776 sacris
3237 720 3328 776 SS.
3391 722 3652 793 reliquiis

1955 805 2282 860 venditione
2325 819 2516 859 usum.
2565 805 2725 860 Unde
2773 819 2877 861 nec
2926 806 3139 862 mirum
3187 809 3235 863 si
3279 819 3482 865 auctor
3536 811 3653 880 ipse

1957 899 2069 947 tam
2111 892 2318 947 acriter
2371 906 2466 947 eos
2513 892 2613 961 qui
2665 891 2948 962 ejusmodi
2999 894 3263 962 pestifero
3309 899 3650 955 commercio

1954 979 2368 1035 incumbebant
2421 979 2812 1049 insequatur:
2880 981 3115 1050 proinde
3182 984 3385 1040 merito
3442 987 3646 1042 concil.

1956 1067 2291 1122 Pictavense
2321 1082 2379 1135 ιι,
2413 1081 2479 1122 ea
2512 1076 2846 1138 tempestate
2877 1076 3092 1137 actum,
3126 1084 3278 1125 anno
3321 1074 3475 1140 1109,
3519 1088 3645 1145 cap.

1957 1158 2022 1209 12
2064 1156 2265 1211 statuit
2292 1173 2320 1206 ‹‹
2373 1156 2444 1212 Ut
2482 1155 2822 1212 sanctorum
2858 1157 3132 1227 reliquias
3173 1172 3350 1215 causa
3390 1163 3648 1230 pecuniae

1953 1250 2009 1298 et
2051 1252 2309 1313 quaestus
2362 1244 2846 1311 circumferentes,
2900 1246 2971 1300 ad
3018 1246 3481 1316 praadicationem
3530 1264 3647 1306 non

1954 1332 2353 1388 admittantur.
2392 1354 2413 1381 ι
2470 1333 2539 1388 Ει
2594 1347 2719 1404 cap.
2787 1337 2923 1390 Cum
2983 1350 3052 1388 ea:
3105 1350 3192 1403 eo,
3257 1337 3333 1392 De
3377 1337 3540 1409 reliq.
3591 1345 3648 1394 et

1955 1427 2209 1475 venerat.
2260 1428 2637 1477 sanctorum:
2695 1442 2722 1471 α
2773 1423 2915 1478 Cum
2960 1436 3034 1478 ex
3089 1437 3156 1479 eo
3198 1425 3352 1494 quod
3409 1425 3646 1495 quidam

1954 1515 2285 1563 sanctorum
2336 1508 2615 1578 reliquias
2655 1518 2956 1578 exponunt
2994 1510 3244 1578 venales,
3285 1520 3339 1567 et
3380 1526 3474 1568 eas
3527 1526 3649 1583 pas-

1953 1596 2058 1651 sim
2105 1596 2433 1664 ostendunt,
2485 1597 2823 1653 Christianae
2876 1597 3138 1669 religioni
3196 1601 3515 1657 detractum
3576 1604 3648 1657 sit

1954 1683 2196 1751 saepius;
2253 1698 2324 1739 ne
2386 1684 2762 1755 imposterum
2814 1686 3172 1756 detrahatur,
3231 1691 3496 1758 praesenti
3551 1691 3647 1745 de-

1955 1778 2108 1826 creto
2155 1773 2467 1828 statuimus
2510 1780 2574 1829 ut
2624 1773 2879 1843 antiquze
2930 1774 3187 1845 reliquiae
3238 1777 3442 1833 amodo
3482 1785 3650 1834 extra

1954 1872 2184 1928 capsam
2227 1860 2559 1917 nullatenus
2605 1861 3001 1930 ostendantur,
3042 1869 3096 1917 et
3140 1873 3507 1934 exponantur
3550 1881 3648 1922 ve—

1954 1947 2133 2015 nales,
2165 1967 2192 1999 »
2226 1957 2333 2004 etc.

2026 2038 2117 2105 (‘5)
2151 2038 2283 2092 CAP.
2317 2037 2412 2105 1V,
2443 2039 2469 2104 §
2507 2053 2543 2091 ι.
2578 2066 2649 2079 -
2677 2040 3002 2111 Nunquam
3045 2039 3250 2113 legisse
3294 2058 3384 2095 me
3413 2042 3652 2096 memini

1952 2125 2111 2194 quod
2160 2123 2365 2179 (oculis
2413 2125 2608 2180 aureis
2659 2143 2761 2181 seu
2813 2131 3103 2199 argenlet's
3154 2145 3455 2185 marmora
3502 2146 3651 2202 pura

1953 2214 2265 2266 mutarent.
2299 2211 2437 2279 Quae
2476 2214 2675 2270 hacin
2718 2229 2776 2270 re
2814 2216 3068 2272 Guiberti
3120 2231 3281 2273 mens
3321 2218 3492 2274 fuerit
3534 2233 3650 2274 non

1955 2299 2137 2355 habeo
2187 2308 2567 2369 perspectum,
2618 2316 2817 2357 verum
2857 2303 2903 2357 si
2958 2303 3320 2374 conjecturas
3365 2319 3650 2374 exponere

1954 2384 2138 2453 liceat,
2201 2387 2417 2456 duplici
2475 2389 2543 2443 de
2596 2403 2773 2445 causa
2836 2391 3103 2461 capsulas
3175 2407 3384 2448 aureas
3441 2408 3647 2464 argen-

1957 2480 2141 2530 teasve
2196 2475 2521 2545 improbare
2578 2478 2845 2533 videtur:
2907 2480 2996 2534 vel
3062 2480 3215 2536 enim
3264 2481 3406 2550 quia
3458 2483 3650 2537 statim

1957 2571 2133 2633 atque
2163 2578 2237 2619 ex
2270 2564 2378 2619 hac
2416 2565 2737 2622 colluvione
2783 2567 2841 2621 in
2887 2568 3093 2623 coelum
3133 2568 3511 2625 discesserant
3547 2584 3653 2625 suo

1958 2658 2210 2722 tempore
2285 2653 2363 2722 pii
2423 2653 2555 2721 viri,
2629 2654 2887 2724 ipsorum
2948 2669 3189 2726 corpora
3259 2656 3317 2711 in
3375 2657 3654 2727 sepulcris

1959 2741 2151 2796 aureis
2182 2748 2238 2795 et
2287 2743 2572 2811 argenteis
2610 2743 3106 2813 recondebantur;
3157 2745 3312 2814 quod
3356 2759 3650 2816 nusquam

1960 2826 2020 2882 in
2059 2827 2314 2883 Ecclesia
2356 2837 2668 2898 receptum,
2709 2852 2729 2878 ι
2764 2830 2907 2886 Cum
2947 2831 3042 2886 Dei
3095 2832 3271 2888 iiilius
3316 2847 3457 2889 saxo
3504 2833 3655 2888 vilis-

1960 2916 2102 2970 simo
2151 2916 2506 2983 obstruatur,
2566 2918 2673 2972 fert
2718 2926 2937 2974 auctor.
2985 2918 3090 2985 Qui
3138 2927 3193 2975 et
3242 2921 3491 2990 idipsum
3537 2935 3653 2976 non

1961 3003 2039 3059 ita
2064 3003 2307 3059 obscure
2337 3004 2549 3059 indicat
2589 3005 2676 3060 his
2716 3006 2906 3061 verbis
2939 3020 2952 3059 :
2992 3028 3013 3055 ι
3048 3006 3185 3073 Qua:
3230 3007 3328 3063 Dei
3358 3009 3650 3064 aamulatio

1200 3094 1257 3148 in
1336 3093 1522 3163 specie
1579 3092 1846 3159 hominis,
1888 3126 1928 3184 ε
1959 3100 2063 3160 est,
2104 3100 2235 3159 etc.,
2287 3101 2480 3147 nostro
2526 3100 2773 3163 tempore
2818 3103 3254 3158 commentetur,
3302 3096 3456 3167 quod
3506 3096 3651 3152 nulli

142 3187 397 3256 reliquia
441 3184 739 3249 attulisset,
789 3190 844 3238 et
886 3183 1094 3238 exinde
1144 3180 1416 3252 potuisset
1453 3182 1646 3236 omnia
1691 3195 1851 3251 quae—
1899 3180 1927 3184 '
1955 3194 2261 3251 nunquam
2292 3180 2575 3251 religioni,
2610 3182 2783 3237 nullis
2810 3195 3057 3252 usquam
3088 3183 3304 3238 divitiis
3329 3183 3656 3240 exhibitum

143 3288 385 3346 cunque
428 3280 679 3344 posceret
728 3286 762 3327 a
805 3273 919 3327 Deo
969 3272 1293 3340 impetrare.
1330 3271 1399 3325 Et
1433 3277 1573 3326 tunc
1616 3269 1849 3325 demum

144 3376 253 3431 per
326 3361 481 3417 illam
545 3358 992 3425 simulationem,
1055 3360 1204 3413 sicut
1277 3357 1569 3427 apostolus
1637 3357 1851 3412 Paulus

146 3449 437 3521 praedixit,
489 3448 806 3518 penetravit
857 3446 1175 3502 multorum
1227 3445 1445 3511 domos,
1493 3452 1547 3500 et
1598 3444 1852 3513 captivas

149 3540 323 3597 duxit
383 3545 506 3608 post
574 3551 632 3592 se
697 3535 1090 3602 mulierculas,
1156 3542 1423 3589 oneratas
1470 3535 1730 3603 peccatis,
1798 3540 1853 3589 et

150 3627 581 3685 multitudinem
613 3626 982 3691 rusticorum,
1023 3623 1336 3678 dicentium
1376 3622 1531 3692 quod
1568 3622 1686 3692 ipse
1709 3627 1855 3677 esset

150 3716 249 3771 vir
269 3713 591 3783 apostolicae
628 3711 967 3774 sanctitatis,
999 3718 1054 3766 et
1083 3711 1250 3781 signa
1291 3717 1345 3766 et
1384 3710 1642 3780 prodigia
1670 3708 1855 3765 multa

154 3802 399 3859 fecisset.
446 3822 468 3849 ι
514 3801 584 3856 Et
620 3799 791 3869 paulo
829 3805 954 3868 post
988 3813 1000 3852 :
1039 3819 1060 3847 ι
1114 3796 1371 3867 Ungulas
1415 3809 1570 3863 suas,
1602 3803 1657 3852 et
1687 3796 1856 3865 capil-

153 3892 242 3948 los
288 3904 422 3947 suos
464 3888 617 3945 dedit
658 3888 731 3943 ad
781 3886 1205 3952 honorandum,
1238 3891 1292 3941 et
1332 3885 1679 3955 portandum
1708 3884 1852 3954 lcum

154 3979 420 4050 reliquiis
477 3977 531 4033 S.
606 3976 755 4032 Petri
829 3974 1108 4045 principis
1181 3973 1591 4043 apostolorum,
1654 3993 1675 4020 ι
1744 3980 1850 4028 etc.

157 4068 388 4139 Legeris
437 4074 493 4123 et
542 4066 664 4121 haec
710 4066 857 4120 inter
896 4062 1137 4119 concilia
1186 4061 1294 4117 sub
1338 4061 1537 4118 eodem
1578 4060 1856 4116 Zacharia

157 4156 462 4213 celebrata.
507 4154 751 4225 Magnus
783 4153 954 4208 etiam
1000 4150 1310 4221 Gregorius
1334 4148 1623 4205 Bonifacio
1666 4148 1856 4204 senior

158 4246 260 4302 lib.
316 4259 395 4309 ιιι,
454 4243 618 4313 epist.
674 4244 762 4301 30.
823 4241 892 4296 de
945 4239 1157 4296 Graecis
1207 4252 1404 4309 agens,
1463 4237 1566 4308 qui
1618 4251 1857 4306 corpora

158 4340 524 4390 mortuorum
582 4329 642 4385 in
696 4342 899 4398 campo
939 4325 1191 4398 jacentia
1235 4324 1601 4387 eil‘odiebant,
1653 4338 1856 4379 recon-

1958 3282 1993 3322 a
2047 3267 2257 3323 saculo
2312 3269 2712 3338 comperimus.
2773 3291 2795 3317 ι
2862 3270 2953 3325 Vel
3008 3270 3080 3326 ob
3134 3285 3472 3340 perversum
3530 3279 3649 3328 tum

1954 3357 2260 3426 probatum
2301 3355 2589 3427 plerisque
2635 3372 2872 3426 morem,
2916 3366 2970 3414 et
3011 3367 3319 3429 quaestum.
3360 3359 3513 3426 Quos
3552 3360 3650 3415 Dei

1956 3446 2074 3501 zelo
2104 3459 2378 3500 accensus
2416 3459 2664 3515 magnus
2703 3447 3029 3503 Bernardus
3069 3461 3245 3519 quam
3287 3448 3654 3506 vehementer

1957 3532 2248 3604 objurgat,
2310 3534 2573 3605 apologia
2627 3535 2700 3590 ad
2755 3534 3125 3592 Guillelmum
3184 3536 3471 3603 abbatem,
3543 3536 3652 3592 sub

1961 3622 2131 3677 ﬁnem
2168 3636 2181 3676 :
2216 3642 2245 3670 ‹‹
2279 3624 2350 3679 Ει
2393 3630 2457 3678 ut
2502 3630 2694 3693 aperte
2725 3622 2949 3694 loquar,
3000 3637 3074 3679 an
3123 3624 3229 3681 hoc
3289 3631 3471 3680 totum
3524 3625 3657 3684 facit

1960 3709 2228 3777 avaritia,
2262 3724 2393 3781 quae
2422 3718 2507 3766 est
2542 3710 2823 3766 idolorum
2866 3713 3131 3779 servitus,
3171 3720 3226 3768 et
3269 3727 3385 3768 non
3416 3715 3660 3783 requiri-

1961 3813 2096 3855 mus
2125 3798 2398 3866 fructum,
2430 3799 2527 3854 sed
2559 3799 2800 3855 datum?
2831 3797 2885 3854 Si
2911 3800 3126 3869 quaeris
3149 3802 3457 3872 quomodo,
3489 3802 3655 3871 miro,

1962 3888 2224 3958 inquam,
2278 3887 2463 3942 modo.
2513 3886 2634 3941 Tali
2668 3887 2923 3957 quadam
2962 3894 3081 3943 arte
3128 3889 3419 3959 spargitur
3469 3905 3546 3946 aes
3592 3899 3658 3948 ut

1963 3975 2394 4046 multiplicetur,
2448 3974 2796 4044 expenditur
2842 3983 2907 4032 ut
2979 3983 3284 4047 augeatur,
3344 3984 3398 4033 et
3453 3977 3657 4035 effusio

1960 4063 2185 4134 copiam
2214 4064 2379 4132 parit.
2424 4062 2554 4132 Ipso
2593 4064 2810 4133 quippe
2840 4063 2973 4119 visu
3010 4070 3506 4134 sumptuosarum,
3559 4068 3657 4123 sed

1963 4152 2364 4209 mirandarum
2402 4150 2727 4207 vanitatum
2757 4152 3155 4208 accenduntur
3188 4151 3447 4209 homines
3476 4155 3661 4226 magis

1964 4240 2035 4294 ad
2073 4237 2430 4295 offerendum
2482 4251 2658 4307 quam
2708 4238 2780 4293 ad
2845 4237 3228 4293 adorandum.
3289 4238 3447 4295 Auro
3501 4242 3661 4298 tectis

1965 4326 2229 4397 reliquiis
2290 4326 2636 4397 saginantur
2687 4325 2857 4393 oculi,
2932 4334 3023 4382 ρι’
3060 4325 3229 4381 loculi
3292 4326 3657 4396 aperiuntur.

158 4422 532 4491 debantque:
579 4441 601 4469 ε
667 4418 939 4485 Quicum
988 4414 1353 4485 deprehensi,
1417 4434 1438 4463 ι
1483 4419 1683 4468 narrat
1739 4411 1852 4478 ille,
1894 4401 1938 4456 Ι)
1967 4415 2302 4471 Ostenditur
2333 4414 2721 4485 pulcherrima
2763 4413 2949 4470 forma
2986 4414 3165 4470 sancti
3217 4415 3305 4470 vel
3346 4423 3576 4484 sanctae,
3607 4423 3661 4473 et

165 4531 195 4560 ‹‹
224 4518 281 4567 et
331 4523 440 4566 cur
478 4509 585 4564 hoc
638 4507 909 4573 facerent,
956 4504 1262 4575 diligenter
1308 4502 1549 4558 fuissent
1592 4501 1854 4567 discussi,

161 4599 404 4657 confessi
460 4604 598 4654 sunt
655 4595 810 4666 quod
871 4594 969 4649 illa
1023 4605 1153 4649 ossa
1210 4591 1283 4647 ad
1337 4590 1617 4648 Graeciam
1670 4591 1861 4645 essent

160 4695 444 4757 tanquam
483 4692 812 4741 sanctorum
858 4680 1134 4751 reliquias
1166 4678 1480 4750 portaturi!
1519 4698 1547 4728 ι
1578 4678 1859 4732 Praetereo

162 4775 451 4831 nefarium
497 4772 805 4843 quemdam
842 4770 1230 4840 impostorem,
1270 4768 1440 4838 cujus
1474 4765 1860 4822 exsecrandas

163 4862 653 4935 pseudomartyris
704 4860 847 4916 Iusti
904 4858 1285 4928 reliquiarum
1342 4856 1655 4921 nundinas,
1705 4853 1861 4909 testis

164 4952 451 5023 oculatus,
540 4948 816 5020 graphica
891 4945 1270 5015 descriptione
1353 4942 1587 5014 sugillat
1656 4942 1862 4998 Glaber

164 5039 508 5110 Rodulphus
553 5037 652 5093 lib.
702 5051 775 5104 tv,
824 5049 948 5104 cap.
984 5036 1015 5089 3
1059 5047 1072 5087 :
1108 5054 1130 5082 ι
1173 5031 1335 5098 Quod
1382 5031 1627 5101 peccatis
1677 5030 1860 5087 homi-

163 5142 306 5185 num
361 5126 746 5198 exigentibus,
811 5123 1046 5179 Domino
1102 5121 1479 5192 permittente,
1515 5134 1550 5175 a
1609 5133 1862 5191 nequam

166 5216 463 5287 spiritibus
517 5213 832 5285 aliquando
880 5211 1020 5266 fiant
1068 5208 1368 5265 miracula.
1415 5230 1442 5257 »
1494 5208 1739 5265 Abunde
1792 5207 1865 5263 ad

168 5305 327 5363 hunc
366 5304 602 5362 modum
641 5301 909 5370 exempla
943 5298 1271 5369 suppeditat
1320 5296 1627 5354 Menardus
1670 5302 1866 5351 noster

174 5393 233 5449 in
287 5408 415 5464 cap.
477 5395 508 5448 3
557 5389 835 5449 Concord.
884 5402 1005 5459 reg.
1056 5399 1188 5457 pag.
1252 5388 1370 5452 l25,
1429 5398 1604 5456 quem
1658 5383 1772 5452 adi,
1818 5383 1864 5439 si

168 5481 346 5551 lubet,
394 5495 500 5538 nec
544 5494 662 5535 non
701 5476 1004 5534 Amulonis
1057 5474 1239 5545 Lugd.
1279 5472 1532 5542 archiep.
1581 5471 1742 5542 epist.
1793 5471 1865 5526 ad

171 5569 479 5629 Theobald.
529 5569 770 5639 Lingon,
828 5565 1075 5635 episcop.
1127 5576 1162 5619 a
1217 5561 1547 5619 Camuzatio
1602 5558 1868 5616 Trecensi

173 5660 449 5718 canonico
469 5658 683 5716 editam
714 5657 874 5710 1633.

1965 4518 2034 4560 eo
2081 4503 2336 4559 creditur
2382 4503 2655 4571 sanctior,
2714 4517 2832 4574 quo
2876 4502 3194 4559 coloratior.
3250 4503 3509 4561 Currunt
3555 4505 3663 4561 ho-

1966 4591 2151 4648 mines
2181 4605 2247 4647 ae
2283 4591 2686 4658 osculandum,
2723 4590 3047 4647 invitantur
3092 4591 3163 4646 ad
3194 4592 3575 4661 adorandum,
3611 4602 3665 4650 et

1965 4680 2151 4751 magis
2205 4678 2494 4735 mirantur
2520 4678 2761 4748 pulchra
2797 4692 2971 4749 quam
3015 4688 3370 4735 venerantur
3412 4693 3596 4736 sacra.
3634 4702 3663 4729 »

1968 4767 2055 4822 Ab
2143 4766 2251 4823 hoc
2334 4767 2561 4823 doctore
2626 4766 3008 4831 sanctissimo,
3068 4766 3337 4834 Alvarus,
3409 4781 3473 4822 eo
3533 4767 3663 4824 licet

1967 4853 2203 4910 inferior
2247 4854 2447 4923 multo,
2483 4854 2718 4910 minime
2772 4855 3053 4924 discrepat
3096 4853 3195 4909 lib.
3228 4869 3268 4908 ιι
3316 4854 3394 4910 De
3430 4854 3664 4924 planctu

1965 4942 2233 4999 Ecclesiae
2285 4957 2411 5012 cap.
2469 4945 2536 4997 76
2592 4964 2613 4991 ε
2678 4942 2841 4999 Multi
2896 4947 3044 4997 5‘33
3108 4941 3366 4998 homines
3421 4943 3667 5001 veniunt

1969 5032 2041 5087 ad
2081 5030 2378 5087 ecclesiam
2434 5031 2619 5102 magis
2674 5038 2739 5087 ut
2793 5031 3148 5087 delectentur
3196 5038 3250 5086 et
3300 5031 3666 5089 admirentur

1967 5118 2211 5190 pulchra
2260 5118 2503 5174 aedificia
2554 5127 2608 5175 et
2664 5108 3195 5190 imagines,’quam
3254 5126 3319 5174 ut
3371 5119 3666 5190 corrigant

1969 5208 2127 5263 vitia.
2177 5208 2401 5263 Aurum
2451 5206 2627 5263 trahit
2674 5220 2906 5274 aurum,
2959 5207 3169 5277 politus
3220 5206 3394 5277 lapsis
3449 5208 3666 5277 lapides

1970 5296 2245 5367 pretiosos
2293 5296 2485 5351 trahit.
2546 5295 2728 5366 Magis
2773 5294 3011 5351 offertur
3064 5295 3328 5366 reliquiis
3373 5295 3669 5354 deauratis

1974 5398 2152 5455 quam
2182 5384 2475 5454 pannosis,
2507 5404 2529 5432 ι
2565 5390 2669 5440 etc.

2047 5473 2151 5529 Hic
2191 5473 2553 5542 perversitas,
2607 5485 2723 5527 non
2769 5471 2967 5540 pietas,
3018 5471 3350 5530 damnatur.
3393 5472 3668 5545 Alioquin

1974 5560 2220 5617 inficiari
2276 5569 2457 5631 potest
2512 5574 2697 5628 nemo,
2758 5558 2921 5616 cultu
2968 5559 3164 5617 divino
3229 5561 3506 5633 impulsos
3567 5563 3673 5635 qui

1974 5649 2210 5720 primas,
2273 5657 2392 5707 tum
2448 5650 2767 5719 sanctitate,
2817 5657 2942 5706 tum
2997 5649 3277 5721 dignitate
3334 5658 3672 5720 tenuerunt,
