3946 6422
271 365 411 423 1039

1308 362 1403 419 AD
1442 353 1594 419 OPP.
1637 360 1793 420 VEN.
1835 359 2159 417 GUIBERTI
2202 358 2290 413 DE
2330 357 2728 415 NOVIGENTO

3636 356 3793 413 1040

267 509 599 560 sanctorum
625 500 872 557 exuvias
909 499 1217 556 identidem
1249 506 1506 568 argento,
1537 510 1697 561 auro,
1732 495 1972 568 gemmis
2009 500 2056 550 A
2154 493 2535 550 Nihilosecius
2562 492 2697 549 olim
2725 500 2779 548 et
2810 492 2868 548 in
2908 491 3067 548 hunc
3097 506 3282 563 usque
3320 490 3469 548 diem
3518 491 3793 549 diversas

266 589 724 647 circumvestisse
780 595 836 644 et
894 588 1224 642 adornasse.
1301 583 1582 654 Exempla
1648 589 1965 653 suppetunt

263 680 608 744 innumera;
650 691 781 748 qua
836 674 1132 731 brevitatis
1172 688 1307 744 ergo
1337 680 1591 728 attexere
1622 671 1964 742 supersede-

264 782 415 824 mus.
470 768 659 821 Instar
714 764 831 819 sint
882 763 1142 819 omnium
1201 760 1255 816 8.
1316 759 1543 816 Salvius
1591 759 1960 815 Ambianens.

267 875 296 908 α
326 855 433 921 Qui
480 853 810 923 sepulcrum
842 851 897 908 S.
952 850 1188 906 Firmini
1234 863 1377 905 auro
1418 848 1777 919 gemmisque
1807 846 1965 902 nobi-

264 944 394 1001 liter
438 942 748 999 decoravit.
782 960 810 989 »
857 939 1002 995 Vita
1041 938 1095 994 S.
1148 936 1319 993 Salvii
1361 949 1487 1006 cap.
1532 938 1579 990 3.
1632 936 1704 991 Et
1744 934 1797 991 S.
1839 934 1961 992 Au-

264 1032 484 1089 doenus
512 1029 572 1084 in
602 1029 733 1086 Vita
763 1027 817 1083 8.
870 1025 1042 1097 Eligii
1076 1025 1170 1081 lib.
1205 1040 1244 1087 ι.
1276 1038 1401 1093 cap.
1457 1026 1524 1078 32
1558 1038 1570 1077 :
1604 1044 1632 1073 ‹‹
1681 1021 1785 1080 Hic
1814 1021 1960 1077 idem

260 1121 353 1177 vir
382 1120 604 1184 beatus,
653 1117 799 1172 inter
830 1123 1033 1172 catera
1075 1114 1360 1170 bonorum
1399 1125 1638 1183 operum
1694 1110 1959 1181 insignia,

260 1207 446 1264 multa
476 1212 807 1261 sanctorum
841 1216 985 1257 auro
1015 1209 1373 1272 argentoque
1404 1208 1458 1256 et
1481 1199 1763 1271 genmmis
1792 1197 1963 1253 fabri-

261 1295 416 1351 cavit
460 1292 745 1362 sepulcra,
797 1290 853 1345 id
892 1297 978 1345 est
1017 1288 1306 1356 Germani,
1364 1286 1641 1354 Severini,
1693 1285 1961 1349 Piatonis,

259 1380 539 1450 Quintini,
575 1378 751 1446 Lucii,
786 1377 1106 1443 Genovefa,
1164 1376 1474 1443 Columba,
1522 1373 1860 1431 Maximiani
1906 1381 1961 1428 et

259 1470 501 1537 Loliani,
557 1475 613 1524 et
660 1465 899 1532 Iuliani,
948 1465 1141 1521 adhuc
1195 1472 1251 1520 et
1309 1464 1557 1520 aliorum
1620 1462 1956 1529 multorum,

259 1559 355 1615 sed
414 1557 705 1628 pracipue
753 1553 985 1611 Martini
1035 1552 1282 1609 Turonis
1339 1551 1591 1619 civitate,
1645 1558 1750 1606 etc.
1803 1550 1958 1606 Pra-

258 1654 415 1702 terea
458 1642 683 1714 Eligius
745 1640 1053 1696 fabricavit
1088 1646 1143 1694 et
1196 1638 1556 1694 mausoleum
1595 1637 1648 1694 8.
1696 1638 1962 1708 Martyris

259 1731 515 1803 Dionysii
570 1730 826 1787 Parisius
884 1728 1135 1796 civitate,
1189 1735 1244 1783 et
1290 1728 1597 1797 tugurium
1646 1740 1820 1796 super
1870 1725 1957 1796 ip-

2075 597 2175 653 per
2216 583 2499 639 Ecclesias
2541 583 2715 639 unius
2766 578 3014 651 alicujus
3059 580 3239 637 sancti
3278 594 3404 637 ossa
3451 580 3784 650 dispertire,

2073 685 2191 742 quo
2220 672 2276 725 in
2309 670 2576 727 eumdem
2617 669 2811 740 populi
2843 677 3156 740 augeretur
3198 669 3421 725 devotio
3467 677 3521 725 et
3558 670 3784 737 cultus,

2070 759 2330 815 stabilem
2352 757 2730 829 permansisse
2752 756 3226 813 consuetudinem
3251 757 3501 826 produnt
3518 757 3787 814 Evodius

2070 849 2150 902 De
2180 848 2378 902 mirae.
2409 846 2462 902 S.
2494 846 2788 916 Stephani,
2822 845 2919 901 lib.
2955 860 2992 911 ι,
3021 859 3147 914 cap.
3173 848 3237 914 2;
3269 844 3424 915 apud
3443 846 3684 915 August.
3720 845 3785 901 in

2071 934 2330 1005 Append.
2362 943 2497 991 tom.
2527 934 2573 990 X
2599 951 2615 1002 ;
2647 934 2981 989 Theodoret.
3019 932 3161 988 Hist.
3193 932 3290 988 lib.
3318 948 3373 1000 v,
3398 947 3519 1003 cap.
3554 936 3654 1002 36;
3678 933 3785 990 Ni-

2069 1024 2298 1093 cephor.
2325 1022 2423 1079 lib.
2450 1038 2547 1085 vn,
2565 1037 2690 1092 cap.
2712 1022 2799 1076 49.
2816 1020 2967 1086 Quin
2980 1021 3152 1077 etiam
3164 1018 3470 1090 scriptores
3487 1028 3783 1077 testantur

2067 1111 2222 1167 viros
2276 1111 2551 1180 religione
2609 1109 2948 1179 conspicuos
2999 1122 3228 1165 summa
3279 1123 3414 1164 cum
3470 1109 3783 1166 devotione

2068 1205 2399 1253 sanctorum
2453 1204 2702 1269 gestasse
2754 1195 3049 1266 reliquias,
3117 1195 3276 1252 velut
3333 1194 3387 1252 8.
3447 1196 3781 1252 Germanus

2068 1285 2577 1341 Antissiodorensis
2602 1292 2742 1340 teste
2775 1283 2953 1353 ipsius
2984 1283 3303 1355 biographo
3333 1284 3489 1354 apud
3531 1283 3775 1340 Surium

2069 1376 2137 1429 30
2173 1374 2286 1430 Jul.
2338 1373 2429 1428 SS.
2467 1374 2806 1429 Benedictus
2844 1380 2899 1429 et
2946 1374 3199 1442 Maurus,
3251 1372 3527 1429 referente
3558 1373 3778 1430 Fausto

2069 1464 2129 1519 in
2160 1463 2289 1520 Vita
2329 1462 2382 1518 S.
2419 1462 2628 1529 Mauri,
2658 1475 2784 1533 cap.
2836 1464 2888 1529 3,
2938 1470 3114 1533 atque
3173 1461 3269 1517 alii
3303 1476 3482 1532 quam
3512 1461 3769 1532 plurimi.

2068 1551 2141 1607 At
2200 1566 2353 1617 vero,
2418 1573 2439 1600 ι
2496 1551 2603 1607 Per
2651 1552 2757 1606 hoc
2821 1551 3082 1621 (gemens
3159 1550 3359 1606 scribit
3425 1549 3516 1605 hic
3572 1557 3772 1606 noster

2068 1640 2398 1708 Guibertus)
2458 1640 2613 1710 quod
2658 1654 2689 1695 e
2746 1638 2987 1695 tumulis
3035 1647 3344 1706 eruuntur,
3406 1638 3771 1696 membratim

2068 1728 2185 1784 huc
2243 1728 2498 1798 illucque
2553 1727 2839 1793 feruntur,
2904 1734 2958 1783 et
3017 1741 3150 1783 cum
3214 1726 3438 1797 pietatis
3496 1727 3775 1783 obtentus.

257 1836 386 1878 sum
411 1792 827 1877 'marmoreum
855 1817 1013 1889 [miro
1052 1830 1221 1886 opere
1276 1816 1346 1873 de
1393 1829 1537 1871 auro
1566 1822 1621 1870 et
1671 1815 1957 1886 gemmis:
2000 1792 2041 1846 Β
2071 1816 2293 1872 occasio
2349 1815 2799 1872 circumlationis
2835 1815 3134 1883 exstiterit,
3189 1816 3262 1871 ad
3320 1815 3427 1871 hoc
3482 1816 3774 1872 subeunte

256 1910 491 1965 cristam
524 1921 760 1979 quoque
786 1913 842 1962 et
878 1906 1093 1975 species
1123 1904 1193 1959 de
1222 1904 1408 1960 fronte
1454 1903 1759 1973 magniﬁce
1806 1916 1958 1957 com-

256 1998 483 2068 posuit;
516 2010 624 2052 nec
647 2009 761 2050 non
792 2001 847 2050 et
878 2007 1018 2049 axes
1046 1992 1105 2048 in
1136 1992 1386 2049 circuitu
1423 1991 1640 2060 altaris,
1678 2012 1701 2039 ι
1734 1998 1841 2047 etc.
1874 1991 1960 2047 lta

253 2100 360 2141 ms.
395 2085 576 2141 codex
606 2083 932 2141 Corbeiens.

327 2175 501 2230 Porro
554 2172 612 2227 id
663 2184 848 2242 genus
893 2170 1189 2225 thecarum
1244 2182 1392 2223 auro
1438 2174 1493 2224 et
1539 2174 1778 2238 argento
1817 2180 1959 2222 con-

254 2263 561 2329 fectarum,
596 2268 773 2330 atque
821 2258 1065 2329 gemmis
1108 2258 1350 2327 sparsim
1399 2264 1760 2322 ornatarum,
1800 2254 1958 2311 anti-

254 2350 454 2421 quitus
506 2350 562 2403 in
608 2347 863 2403 Ecclesia
909 2359 1081 2402 usum
1125 2344 1437 2399 invaluisse
1492 2342 1730 2398 tradunt
1785 2345 1958 2398 Sozo-

254 2450 460 2493 menus
498 2436 600 2491 lib.
650 2450 728 2502 1x,
777 2448 902 2503 cap.
943 2438 997 2498 2,
1043 2432 1098 2488 in
1152 2433 1302 2502 ﬁne;
1343 2431 1641 2500 Nicephor.
1692 2430 1788 2486 lib.
1839 2445 1955 2497 xxv,

255 2538 381 2594 cap.
418 2526 527 2594 45;
559 2522 866 2578 Aimoinus
903 2521 984 2577 De
1017 2521 1214 2576 mirac.
1255 2519 1541 2575 Benedict.
1581 2518 1679 2574 lib.
1728 2534 1787 2585 ιι,
1828 2531 1954 2587 cap.

259 2614 325 2666 l9
356 2611 467 2667 sub
500 2610 693 2666 ﬁnem.

328 2699 518 2755 Solere
565 2705 759 2754 autem
813 2697 1063 2752 Francos
1109 2695 1168 2749 in
1216 2693 1411 2750 abside
1457 2693 1708 2749 ecclesia
1757 2706 1959 2762 capsas

255 2794 591 2843 sanctorum
664 2784 930 2855 reliquiis
999 2782 1238 2838 refertas
1300 2782 1599 2849 collocare,
1671 2781 1837 2851 queis
1902 2790 1958 2836 et

253 2875 456 2942 lintea,
524 2886 593 2929 ac
652 2873 836 2929 serica
888 2870 1063 2941 pallia
1108 2869 1602 2940 supponcbantur,
1666 2868 1820 2924 testis
1875 2875 1959 2923 est

254 2962 557 3034 Eginhart.
605 2974 730 3030 cap.
793 2960 897 3016 ult.
959 2958 1058 3014 lib.
1116 2958 1196 3013 De
1246 2957 1505 3014 translat.
1563 2955 1655 3012 SS.
1709 2956 1855 3011 Petri
1903 2962 1958 3010 et

255 3050 592 3117 Marcellini,
622 3048 777 3119 apud
812 3047 1044 3104 Surium
1072 3046 1142 3102 ad
1172 3045 1321 3102 diem
1348 3048 1381 3099 2
1408 3044 1586 3102 Junii.

325 3139 409 3195 Ad
465 3137 607 3209 quid
665 3137 896 3193 demum
958 3134 1301 3206 ejuscemodi
1354 3133 1413 3189 in
1468 3132 1720 3202 capsulis
1778 3147 1954 3188 sacra

254 3226 514 3298 reliquia
541 3232 927 3292 asserventur,
970 3224 1132 3279 docet
1161 3221 1501 3277 Theofridus
1535 3222 1714 3277 abbas
1769 3235 1954 3276 sermo

254 3318 324 3372 de
352 3314 629 3385 reliquiis,
665 3321 797 3369 ante
830 3312 1043 3367 finem:
1083 3333 1103 3359 ι
1142 3312 1205 3366 In
1246 3309 1616 3379 dispositione
1667 3323 1806 3365 sane
1855 3308 1955 3364 Dei

250 3413 411 3461 tanta
463 3402 630 3475 quasi
698 3399 1128 3471 patrisfamilias
1179 3399 1367 3463 domo,
1424 3411 1565 3453 vasa
1621 3397 1680 3452 in
1739 3398 1954 3453 honore

248 3507 372 3555 esse
423 3505 492 3546 ac
541 3490 719 3546 fuisse
780 3487 942 3543 electi
1000 3486 1365 3555 creduntur;
1434 3486 1560 3541 ideo
1631 3493 1687 3541 et
1751 3500 1952 3542 eorum

246 3580 507 3651 reliquia
563 3578 621 3633 in
652 3577 809 3632 vasis
860 3575 1052 3631 aureis
1095 3582 1270 3644 atque
1326 3574 1639 3645 argenteis,
1689 3580 1745 3629 et
1801 3587 1955 3644 gem-

246 3669 436 3735 matis,
469 3681 536 3721 ac
564 3665 625 3720 in
666 3663 935 3720 omnibus
963 3676 1094 3733 qua
1135 3662 1383 3732 pretiosa
1426 3667 1581 3727 sunt,
1627 3662 1953 3717 recondun-

247 3764 367 3824 tur,
404 3777 424 3804 ι
459 3763 565 3811 etc.
623 3752 738 3809 Nec
796 3752 868 3808 ab
917 3752 1005 3807 his
1054 3750 1356 3807 dissimilia
1412 3748 1621 3806 effatus
1673 3758 1755 3805 est
1817 3757 1951 3805 ante

244 3836 618 3901 Theofridum
646 3841 698 3897 S.
755 3841 957 3897 Petrus
988 3840 1274 3907 Damiani,
1320 3853 1582 3895 sermone
1613 3840 1680 3895 de
1711 3838 1949 3894 transla-

251 3935 401 3991 tione
433 3931 485 3988 8.
523 3929 747 3998 Hilarii,
785 3929 966 3985 initio.

317 4021 404 4093 (¹⁶)
432 4022 566 4078 CAP.
617 4018 770 4085 IV,§
816 4033 850 4073 ι.
886 4047 955 4057 -
1003 4018 1175 4070 Certe
1229 4013 1285 4069 εἰ
1326 4018 1658 4069 sanctorum
1706 4029 1952 4085 corpora

241 4126 351 4165 sua
399 4108 567 4176 iuxta
616 4109 837 4161 natura
910 4104 1163 4159 debitum
1218 4102 1367 4169 loca,
1423 4102 1485 4157 id
1538 4105 1624 4156 est
1678 4102 1950 4173 sepulcra

141 4246 144 4253 .
238 4197 587 4262 servat-seni,
619 4203 724 4251 etc.
778 4195 859 4248 Eo
888 4193 993 4248 loci
1028 4196 1256 4263 propter
1284 4191 1525 4261 impium
1552 4190 1949 4246 tantummodo

241 4284 672 4350 commercium,
726 4290 782 4337 et
836 4281 1038 4345 falsam
1091 4280 1394 4336 hominum
1460 4279 1820 4350 religionem,
1876 4292 1950 4334 ac

241 4373 528 4439 fraudem,

239 4458 663 4525 translationes,
744 4456 1214 4526 divisionesque:
1293 4469 1471 4526 quam
1549 4455 1622 4511 ob
1704 4468 1939 4511 causam

241 4550 444 4606 beatus
485 4546 853 4619 Augustinus
885 4544 954 4600 de
1001 4559 1171 4615 opere
1212 4545 1622 4601 Monachorum
1663 4557 1787 4614 cap.
1820 4546 1936 4598 28:

244 4659 272 4687 ‹‹
303 4636 511 4695 Multos
540 4634 869 4706 hypocritas
897 4632 1006 4689 sub
1038 4632 1240 4689 habitu
1269 4632 1684 4687 monachorum
1722 4645 1941 4701 usque-

239 4740 476 4798 quaque
504 4724 771 4794 dispersit
823 4721 1091 4794 (damon)
1135 4721 1560 4777 circumeuntes
1591 4719 1937 4789 provincias,

238 4829 532 4888 nusquam
565 4813 784 4881 missos,
820 4824 1113 4881 nusquam
1148 4810 1313 4876 ﬁxos,
1356 4822 1650 4879 nusquam
1704 4816 1939 4875 stantes,

237 4917 529 4975 nusquam
550 4903 848 4969 sedentes;
883 4899 978 4956 alii
1006 4898 1263 4956 membra
1294 4905 1635 4968 martyrum,
1671 4896 1715 4952 si
1750 4906 1940 4954 tamen

237 4999 559 5061 martyrum
640 4989 921 5056 membra,
1027 4987 1347 5050 venditant,
1455 4993 1562 5041 etc.
1648 4984 1943 5056 Siquidem

239 5077 647 5134 callidissimus
697 5077 873 5133 hostis
913 5076 1193 5146 (loquitur
1235 5074 1540 5144 Baronius)
1581 5073 1806 5130 studuit
1854 5073 1941 5129 in-

237 5164 457 5220 famare
503 5164 891 5220 clarissimum
949 5162 1364 5218 monachorum
1415 5174 1644 5217 nomen.
1701 5182 1722 5210 ι
1780 5160 1941 5227 Quod

236 5252 548 5308 Theodosio
606 5251 738 5319 imp.
801 5250 1123 5307 sancienda
1190 5249 1433 5319 hujusce
1487 5249 1632 5320 legis
1681 5248 1788 5305 fuit
1848 5263 1942 5305 oc-

236 5341 389 5396 casio
419 5354 485 5394 ε’(
523 5340 838 5394 Humatum
878 5352 1086 5407 corpus
1128 5351 1295 5394 nemo
1341 5338 1411 5393 ad
1459 5337 1704 5394 alterum
1753 5337 1942 5394 locum

237 5427 589 5486 transferat:
644 5439 810 5482 nemo
854 5434 1171 5496 martyrem
1219 5424 1522 5491 distrahat,
1571 5439 1741 5482 nemo
1779 5439 1943 5482 mer-

233 5524 415 5585 cetur,
456 5535 478 5563 ι
510 5522 617 5572 etc.
650 5511 710 5569 C.
763 5513 801 5569 1.
835 5513 939 5570 ult.
983 5514 1060 5569 De
1106 5511 1356 5582 sepulcr.
1402 5513 1596 5570 violat.
1641 5513 1700 5568 C.
1752 5513 1939 5570 Theo-

234 5605 451 5663 dosius.

2069 1904 2329 1974 nequitia
2358 1904 2688 1974 detorqueri
2720 1911 2905 1973 capta
2932 1912 3015 1959 est
3044 1903 3373 1959 intentionis
3400 1903 3701 1959 rectitudo.
3744 1926 3766 1951 ι

2067 1991 2257 2059 Quare
2311 1992 2566 2063 synodus
2621 1992 2849 2047 Bracar.
2904 2007 2982 2058 ιιι,
3044 2005 3169 2061 cap.
3200 1994 3273 2045 6:
3332 2009 3361 2042 α
3409 1991 3773 2061 Agnovimus

2068 2081 2348 2150 quosdam
2430 2080 2501 2137 de
2583 2080 2873 2150 episcopis,
2942 2081 3099 2150 quod
3172 2080 3229 2134 in
3312 2078 3773 2135 solemnitatibus

2069 2178 2389 2238 martyrum
2440 2168 2514 2223 ad
2559 2168 2856 2224 ecclesiam
2906 2168 3267 2239 progressuri
3310 2167 3587 2238 reliquias
3623 2167 3769 2224 collo

2067 2271 2174 2312 suo
2218 2257 2537 2326 imponant,
2584 2264 2639 2310 et
2692 2263 2756 2311 ut
2806 2256 3041 2327 majoris
3083 2255 3264 2311 fastus
3305 2256 3461 2326 apud
3507 2256 3770 2312 homines

2068 2344 2249 2415 gloria
2311 2344 2697 2407 intumescant
2771 2344 2956 2413 (quasi
3014 2344 3121 2413 ipsi
3187 2344 3302 2399 sint
3385 2341 3767 2413 reliquiarum

2068 2434 2224 2501 arca)
2253 2431 2458 2487 Levita
2505 2431 2652 2487 albis
2680 2430 2865 2487 induti
2929 2432 2986 2486 in
3029 2431 3248 2487 sellulis
3301 2447 3395 2488 eos
3424 2432 3763 2511 ‘dcportant.

2066 2521 2203 2584 Qua
2255 2519 2590 2575 detestanda
2648 2519 3021 2589 prasumptio
3085 2519 3353 2590 abrogari
3421 2535 3521 2590 per
3570 2520 3770 2576 omnia

2067 2608 2252 2675 debet,
2300 2621 2372 2663 ne
2422 2608 2531 2663 sub
2588 2607 2908 2663 sanctitatis
2963 2609 3149 2678 specie
3205 2608 3478 2665 simulata
3536 2608 3769 2664 vanitas

2068 2695 2188 2751 sola
2218 2695 2549 2765 pravaleat,
2602 2718 2622 2745 ι
2667 2704 2773 2751 etc.
2826 2696 3059 2751 Minime
3102 2704 3294 2751 autem
3335 2696 3505 2752 hocce
3539 2696 3767 2752 decreto

2068 2783 2348 2853 reliquias
2376 2798 2410 2839 a
2437 2783 2649 2853 populo
2679 2783 2807 2845 coli,
2844 2784 2929 2840 vel
2964 2785 3115 2852 ipsas
3142 2785 3349 2840 deferri
3379 2784 3452 2840 ab
3489 2784 3771 2854 episcopis

2067 2873 2448 2943 improbatur.
2510 2894 2529 2921 α
2587 2872 2748 2938 Quod
2803 2872 2850 2927 si
2895 2872 3066 2928 etiam
3113 2874 3418 2942 episcopus
3465 2872 3768 2942 (subinfert

2067 2961 2323 3030 synodus
2360 2961 2580 3027 eadem)
2619 2960 2896 3030 reliquias
2936 2975 3036 3031 per
3079 2976 3139 3017 se
3173 2961 3472 3030 deportare
3508 2961 3762 3032 elegerit,

2068 3063 2181 3104 non
2216 3049 2333 3119 ipse
2374 3062 2409 3103 a
2457 3048 2796 3105 diaconibus
2831 3049 2888 3104 in
2935 3049 3172 3116 sellulis,
3208 3049 3304 3104 sed
3343 3049 3533 3120 potius
3576 3050 3765 3119 pedis-

2065 3152 2249 3208 sequa
2293 3152 2378 3206 eo,
2435 3151 2554 3193 una
2610 3152 2744 3194 cum
2801 3138 3029 3207 populis
3104 3138 3498 3208 progressione
3549 3152 3765 3208 prace-

2063 3224 2251 3291 dente,
2314 3245 2334 3271 ι
2390 3231 2498 3279 etc.
2574 3223 2797 3280 Videsis
2859 3224 2933 3279 ad
3007 3224 3195 3295 ipsum
3277 3232 3452 3294 caput
3527 3224 3765 3280 adnota-

2066 3312 2298 3366 tionem.

2133 3400 2306 3455 Abest
2349 3414 2527 3470 quam
2572 3399 2903 3471 longissime
2941 3400 3014 3456 ab
3049 3399 3252 3469 synodi
3294 3399 3447 3456 illius
3487 3400 3763 3471 religione

2061 3494 2118 3543 et
2172 3488 2289 3543 zelo
2348 3502 2511 3543 mens
2568 3502 2769 3543 eorum
2830 3488 2933 3558 qui
2995 3488 3460 3556 ecclesiasticam,
3522 3490 3637 3546 imo
3705 3498 3762 3546 et

2062 3577 2365 3632 arctiorem
2397 3578 2572 3631 vitam
2618 3575 2870 3646 professi,
2915 3577 3103 3631 nescio
3144 3590 3264 3646 qua
3313 3578 3539 3646 pietate,
3583 3592 3762 3648 prope

2061 3664 2322 3720 dixeram
2354 3664 2663 3734 impietate,
2697 3664 2876 3728 ducti,
2919 3664 3225 3734 purissima
3252 3665 3761 3736 sacratissimaque

2060 3757 2394 3809 sanctorum
2435 3767 2564 3808 ossa
2588 3754 2928 3808 minutatim
2978 3754 3328 3823 discerpunt,
3371 3762 3435 3810 ut
3484 3769 3627 3810 auro
3657 3761 3763 3810 aut

2060 3848 2316 3911 argento,
2398 3854 2465 3896 ac
2536 3842 2777 3912 gemmis
2854 3849 3114 3897 contecta
3186 3841 3545 3898 mulierculis
3618 3842 3760 3898 ﬁant

2059 3936 2420 3996 ornamenta,
2469 3929 2729 3991 monilia,
2785 3929 3058 3996 ludibria,
3107 3937 3162 3986 et
3204 3930 3437 4000 perditis
3473 3944 3539 3986 ac
3578 3930 3759 3986 disso-

2060 4016 2197 4073 lutis
2221 4031 2367 4087 sape
2396 4017 2539 4072 viris
2581 4017 2865 4074 scelerum
2918 4018 3138 4088 species
3166 4026 3221 4073 et
3266 4018 3551 4074 obtentus.
3600 4017 3754 4075 Heul

2058 4105 2263 4175 ecquid
2312 4112 2527 4176 ageret,
2583 4105 2800 4175 quibus
2856 4106 3048 4162 verbis
3105 4111 3253 4160 674
3307 4106 3488 4162 abbas
3542 4116 3753 4175 noster,

2059 4193 2370 4263 Patresque
2410 4192 2624 4264 prafati
2679 4194 2901 4264 synodi,
2949 4208 3067 4265 quo
3113 4194 3390 4251 nefariam
3447 4195 3587 4251 adeo
3636 4210 3755 4251 rem

2056 4296 2087 4337 e
2115 4282 2299 4337 medio
2330 4281 2611 4351 tollerent,
2647 4290 2969 4339 uterentur.
2996 4284 3171 4340 Pareo
3202 4283 3448 4354 scriptis,
3497 4298 3570 4339 ne
3613 4283 3756 4354 quid

613 4369 887 4426 Guiberto
960 4383 1075 4423 non
1169 4369 1488 4438 probantur
1569 4366 1950 4437 reliquiarum
1986 4370 2315 4441 Dgravius.

2123 4459 2393 4515 Audeant
2434 4458 2821 4517 nihilominus
2846 4460 2947 4531 qui
2980 4468 3095 4517 tam
3145 4460 3373 4517 funesta
3414 4468 3569 4531 peste
3608 4459 3754 4517 labo-

2061 4555 2212 4612 rant,
2287 4555 2342 4604 et
2416 4548 2585 4603 corde
2654 4548 2994 4618 percipiant,
3069 4550 3137 4605 de
3213 4557 3367 4606 recto
3420 4557 3748 4605 sanctorum

2053 4634 2398 4704 pignoribus
2428 4634 2594 4690 cultu
2621 4636 2972 4705 exhibendo,
3019 4651 3316 4708 quamque
3345 4637 3603 4708 religiose
3638 4638 3752 4693 sint

2051 4723 2406 4779 asservanda
2453 4723 2591 4794 quid
2658 4726 2955 4794 edoceant,
3011 4726 3441 4796 decernantque
3488 4725 3746 4793 concilia,

2049 4819 2105 4867 et
2145 4813 2353 4867 summi
2398 4812 2650 4868 ecclesia
2714 4820 2976 4869 rectores.
3027 4814 3239 4870 Concil.
3300 4815 3634 4884 Epaonense
3680 4815 3748 4869 A.

2051 4900 2111 4956 C.
2146 4902 2248 4954 5l7
2278 4900 2650 4968 celebratum,
2693 4915 2818 4971 cap.
2866 4904 2980 4957 25:
3026 4923 3047 4951 ι
3095 4902 3437 4958 Sanctorum
3493 4902 3750 4972 reliquia

2050 4988 2109 5043 in
2160 4989 2424 5045 oratoriis
2467 4989 2772 5045 villaribus
2817 5005 2931 5046 non
2998 4999 3311 5060 ponantur,
3344 4991 3454 5046 nisi
3514 4990 3747 5048 forsitan

2049 5075 2283 5131 clericos
2356 5075 2760 5147 cujuscunque
2812 5077 3100 5147 parochia
3157 5080 3377 5135 vicinos
3433 5079 3744 5149 contingat,

2050 5163 2153 5233 qui
2198 5163 2377 5219 sacris
2421 5164 2713 5222 cineribus
2758 5167 3037 5236 psallendi
3086 5167 3412 5237 frequentia
3461 5166 3747 5223 famulen-

2050 5259 2165 5307 tur.
2228 5272 2256 5300 »
2306 5251 2492 5308 Caroli
2551 5253 2746 5324 Magni
2793 5256 2964 5325 capit.
3023 5258 3054 5310 3
3125 5256 3337 5312 Eccles.
3402 5270 3528 5326 cap.
3593 5277 3615 5304 ι
3674 5256 3744 5314 Ut

2051 5338 2461 5409 unusquisque
2516 5342 2782 5397 sacerdos
2838 5343 3134 5400 ecclesiam
3188 5358 3352 5400 suam
3403 5345 3559 5400 omni
3610 5343 3742 5399 dili-

2051 5426 2244 5497 gentia
2273 5426 2535 5493 adiﬁcet,
2569 5438 2623 5485 et
2662 5429 2939 5499 reliquias
2976 5440 3309 5488 sanctorum
3347 5447 3479 5490 cum
3520 5446 3741 5489 summo

2051 5514 2242 5570 studio
2290 5514 2622 5587 vigiliarum
2676 5518 2857 5574 noctis
2910 5526 2966 5576 et
3024 5518 3238 5576 divinis
3279 5519 3481 5577 ofﬁciis
3515 5534 3741 5577 conser-

2053 5606 2167 5657 vet.
2206 5621 2228 5649 ι
2261 5599 2571 5673 Gregorius
2613 5604 2763 5675 Mag.
2822 5604 2920 5662 lib.
2966 5620 3024 5676 v,
3069 5607 3233 5678 epist.
3273 5611 3364 5679 5i,
3404 5608 3593 5666 missis
3646 5607 3734 5665 SS.
