3946 6388
158 409 318 463 1041

1454 407 1667 463 DOMNI
1709 408 1768 462 L.
1809 405 2153 462 D’ACHERY
2195 407 2415 462 NOTJE.

3557 409 3698 464 1042

155 541 327 596 Petri
364 547 418 596 et
451 539 610 594 Pauli
650 537 928 607 reliquiis,
982 538 1063 592 sic
1113 538 1466 594 Brunichildi
1520 539 1873 594 Francorum
1912 537 2227 594 Acrimine
2300 536 2548 593 aliorum
2621 537 2952 610 prospexit;
3017 537 3428 608 prolatumque
3483 551 3694 608 corpus

153 630 399 699 regina
426 628 625 685 scribit
659 642 669 681 :
704 651 725 676 ι
758 627 862 710 sed
918 635 981 683 ut
1027 627 1084 682 in
1135 628 1296 683 vobis
1349 628 1534 698 magis
1583 627 1885 697 magisque

152 714 491 772 laudabilis
519 724 573 772 et
602 715 866 785 religiosa
907 716 1083 784 possit
1130 716 1347 771 clarere
1389 717 1636 782 devotio,
1690 715 1882 785 provi-

152 804 434 860 dendum
469 804 630 860 vobis
654 811 735 858 est
767 811 828 858 ut
858 812 1189 859 sanctorum
1224 804 1501 859 beneficia
1549 820 1678 860 cum
1729 819 1882 859 reve-

154 893 366 946 rentia
423 901 477 946 et
537 893 750 946 honore
804 891 1147 957 condantur,
1197 899 1251 946 et
1299 892 1609 947 servientes
1674 893 1880 947 ibidem

154 978 359 1033 nullis
397 978 688 1042 oneribus,
735 977 1031 1046 nullisque
1083 977 1353 1032 molestiis
1399 977 1756 1049 afﬂigantur,
1810 993 1883 1032 ne

150 1067 414 1122 forsitan
500 1068 830 1122 necessitate
910 1066 1167 1120 exterius
1242 1065 1576 1121 imminente
1663 1068 1719 1120 in
1778 1066 1876 1121 Dei

148 1156 410 1210 servitio
459 1155 691 1210 inutiles
746 1163 801 1209 et
852 1168 1055 1224 segnes
1100 1154 1436 1220 reddantur,
1478 1162 1532 1210 et
1580 1154 1874 1224 injuriam,

146 1243 328 1311 quod
398 1242 584 1298 absit!
673 1242 1114 1312 neglectumque
1190 1243 1464 1298 beneficia
1542 1252 1878 1298 sanctorum

146 1330 448 1385 collocata
481 1329 822 1395 sustineant,
865 1352 885 1377 ι
940 1339 1046 1385 etc.
1105 1331 1238 1384 Item
1279 1331 1375 1386 lib.
1430 1347 1524 1386 vu.
1576 1333 1735 1400 epist.
1791 1335 1875 1393 l2,

147 1419 227 1474 de
295 1418 574 1488 Reliquiis
627 1417 718 1474 SS.
774 1419 1078 1487 Hermetis,
1123 1419 1452 1487 Hyacinthi,
1505 1427 1560 1474 et
1617 1419 1872 1487 Maximi,

149 1506 526 1562 collocandis
584 1507 652 1562 in
691 1507 928 1562 ecclesia
980 1507 1033 1561 8.
1093 1507 1284 1563 Maria
1335 1508 1694 1576 Spoletana:
1751 1531 1771 1556 «
1808 1510 1877 1564 Et

149 1593 315 1659 ideo,
389 1591 566 1647 frater
610 1593 962 1658 charissime,
999 1594 1045 1648 si
1093 1594 1145 1648 in
1196 1596 1393 1650 eodem
1463 1596 1584 1650 loco
1647 1595 1874 1650 nullum

148 1697 383 1751 corpus
429 1689 653 1737 constat
714 1681 1040 1748 humatum,
1094 1683 1426 1737 sanctuaria
1470 1683 1872 1752 pradictorum

151 1778 493 1838 martyrum
521 1783 653 1823 cum
685 1769 1007 1822 reverentia
1032 1769 1155 1823 sine
1185 1770 1563 1839 ambiguitate
1609 1777 1871 1838 suscepta

149 1855 476 1926 diligenter
526 1855 908 1910 consecrabis.
950 1877 969 1903 ι
1014 1856 1168 1910 Idem
1214 1857 1510 1911 constituit
1540 1857 1733 1912 eodem
1771 1857 1866 1913 lib.

154 1959 262 2007 vn,
318 1943 482 2012 epist.
533 1943 620 1996 8'7.
663 1950 716 1998 et
766 1943 862 1998 lib.
927 1959 984 2006 ιι,
1039 1959 1127 2012 ep.
1170 1946 1258 1997 20.
1312 1945 1570 2014 Denique
1621 1945 1717 2000 lib.
1772 1962 1868 2013 vn,

153 2031 330 2100 epist.
388 2033 474 2094 88,
540 2030 610 2085 ad
679 2030 1119 2086 Constantinum
1177 2033 1650 2088 Mediolanensem
1701 2034 1869 2102 episc.

159 2139 187 2166 ‹‹
227 2116 586 2172 Fraternitas
631 2131 768 2188 ergo
816 2126 1002 2172 vestra
1052 2118 1217 2173 solito
1273 2119 1460 2174 studio
1520 2121 1872 2190 perscrutari

160 2222 283 2264 non
323 2207 571 2274 dill‘crat,
607 2215 897 2277 quatenus
945 2207 1000 2261 in
1054 2207 1189 2261 locis
1237 2207 1451 2276 quibus
1497 2209 1870 2265 recondenda

155 2302 300 2350 sunt
349 2293 631 2364 (reliquia
684 2293 775 2349 SS.
829 2293 1010 2359 Pauli,
1056 2297 1189 2361 etc.)
1242 2293 1572 2362 luminaria,
1629 2296 1717 2350 vel
1767 2296 1869 2350 ali-

154 2381 371 2436 monia
403 2381 611 2437 ibidem
664 2381 777 2437 Deo
821 2381 1214 2445 servientium,
1267 2385 1398 2436 ante
1446 2381 1864 2437 dedicationem

156 2469 267 2523 loci
344 2468 524 2537 ipsius
597 2469 842 2524 debeant
907 2469 1153 2538 erogari,
1229 2477 1283 2524 et
1346 2477 1485 2525 tunc
1540 2469 1596 2524 in
1651 2470 1868 2525 eisdem

157 2555 302 2610 locis
347 2555 562 2610 directa
602 2556 954 2618 sanctuaria,
1000 2555 1091 2610 sui
1142 2570 1274 2610 cum
1327 2557 1647 2612 reverentia
1692 2557 1864 2613 collo-

157 2649 390 2698 ςρηῐιπ.
425 2664 451 2691 ›)

232 2729 322 2784 Ex
355 2729 572 2800 quibus
603 2730 840 2800 planum
887 2738 971 2786 est
1015 2739 1346 2786 sanctorum
1396 2731 1637 2787 exuvias
1687 2733 1868 2788 haud-

161 2831 464 2886 quaquam
498 2817 557 2872 in
587 2817 724 2874 locis
756 2818 1025 2888 profanis,
1060 2818 1421 2873 solummodo
1463 2819 1518 2874 in
1565 2819 1700 2875 locis
1749 2822 1864 2876 Deo

159 2907 420 2968 sacratis,
473 2906 570 2962 ubi
624 2906 835 2962 divina
881 2906 1079 2960 laudes
1131 2906 1350 2960 soleant
1407 2905 1507 2961 diu
1569 2915 1864 2976 noctuque

160 2993 474 3060 decantari,
543 3009 665 3048 esse
734 2993 1544 3062 recondendas,,quanquam
1615 2995 1863 3050 insolens

1994 625 2052 680 in
2113 625 2366 680 medium
2431 625 2853 695 inspiciendum
2909 625 3197 693 exhibuit,
3245 625 3362 696 ipso
3402 640 3438 681 a
3486 627 3692 697 capite,

1994 716 2272 770 monacho
2298 729 2402 770 suo
2440 729 2472 770 a
2527 715 2766 784 pedibus
2827 714 3108 770 trahente.
3139 735 3166 763 »
3204 716 3270 771 Et
3305 722 3429 785 post
3459 729 3646 785 pauca
3675 731 3688 770 :

1994 803 2167 860 «Vix
2213 805 2525 858 orationem
2577 802 2822 867 ﬁnierat,
2868 818 2998 858 cum
3036 817 3163 858 ecce
3215 804 3522 860 ambarum
3565 819 3694 860 ma-

1991 904 2174 944 nuum
2209 890 2391 960 digiti,
2422 889 2510 944 vel
2535 897 2685 944 retro
2721 888 3122 944 miserabiliter
3153 891 3368 956 retorti,
3408 890 3499 946 vel
3549 890 3690 946 vola

1991 978 2390 1033 miserabiliter
2424 978 2606 1042 infixi,
2661 991 2846 1046 pana,
2893 991 3068 1046 quam
3119 986 3444 1047 rogaverat,
3496 979 3690 1035 virum

1987 1067 2353 1122 mulctavere.
2437 1067 2565 1122 Post
2625 1066 2793 1121 etiam
2850 1065 2977 1120 aliis
3036 1066 3424 1123 debilitatibus
3492 1081 3690 1123 corre-

1990 1162 2142 1223 ptus,
2171 1175 2198 1203 ››
2231 1163 2338 1210 etc.
2383 1156 2482 1210 His
2513 1154 2861 1223 astipulatur
2882 1155 3202 1209 Florentius
3226 1155 3461 1224 Vigorn.
3488 1157 3557 1210 ad
3589 1170 3684 1210 an.

1992 1244 2143 1297 4097.
2207 1243 2330 1298 Non
2390 1258 2627 1313 prorsus
2672 1242 2935 1297 absimile
2985 1243 3276 1297 Auxentio
3313 1243 3575 1312 episcopo
3627 1243 3687 1298 in

1984 1330 2110 1384 Vita
2139 1333 2194 1386 S.
2223 1330 2430 1386 Niceta
2476 1338 2644 1385 mart.
2688 1331 2843 1399 apud
2891 1329 3126 1385 Surium
3177 1330 3268 1384 die
3317 1333 3380 1384 15
3430 1328 3684 1399 Septem-

1987 1415 2126 1483 bris,
2191 1418 2422 1472 evenit:
2503 1416 2704 1472 «Cum
2779 1416 2931 1470 enim
3011 1427 3318 1486 aggressus
3366 1424 3511 1472 esset
3559 1417 3687 1488 ejus

1985 1504 2499 1574 (Niceta)corporis
2554 1502 2773 1573 aliquid
2824 1503 3096 1569 dividere,
3149 1511 3203 1559 et
3259 1504 3534 1572 accipere,
3604 1504 3685 1560 nil

1985 1592 2218 1662 quidem
2279 1592 2496 1660 accepit
2548 1606 2747 1647 eorum
2792 1605 2923 1661 qua
2971 1592 3230 1658 volebat;
3301 1605 3435 1647 eum
3489 1599 3682 1647 autem

1984 1694 2096 1735 non
2160 1694 2375 1750 parvus
2422 1679 2634 1734 invasit
2694 1686 2900 1744 metus,
2956 1693 3062 1734 nec
3104 1679 3404 1749 ejusmodi,
3458 1684 3521 1734 ut
3567 1692 3682 1734 non

1983 1775 2243 1838 apertum
2275 1768 2546 1838 prodiret,
2583 1775 2683 1823 aut
2714 1765 2938 1836 lateret,
2976 1767 3074 1822 sed
3121 1767 3247 1838 ejus
3288 1767 3485 1821 anima
3532 1781 3678 1837 quo-

1983 1870 2096 1927 que
2126 1856 2294 1912 fuerit
2345 1855 2514 1912 valde
2559 1855 2796 1928 agitata,
2842 1863 2896 1911 et
2939 1855 3080 1912 alios
3125 1855 3383 1912 docuerit
3424 1854 3491 1910 iis
3547 1869 3680 1926 qua

1981 1945 2124 2000 vidit
2156 1953 2210 2000 et
2241 1952 2456 2000 terrore
2482 1959 2599 2015 quo
2647 1951 2732 2000 est
2784 1942 3043 2009 aﬂ'ectus,
3095 1952 3158 1999 ut
3205 1956 3371 1999 nemo
3415 1943 3681 2014 deinceps

1983 2036 2221 2089 manum
2276 2034 2555 2089 audacem
2606 2034 3184 2104 porrigeret,.neque
3227 2031 3406 2088 ullam
3458 2040 3679 2102 partem

1978 2121 2104 2192 ejus
2177 2122 2452 2192 corporis,
2501 2136 2634 2177 cum
2682 2129 2828 2177 esset
2895 2129 3100 2191 prater
3145 2120 3270 2191 ejus
3311 2120 3676 2186 sententiam,

1978 2210 2268 2275 avelleret,
2307 2231 2326 2257 ι
2358 2219 2463 2265 etc.
2497 2208 2618 2276 Quo
2646 2209 2768 2278 ipso
2808 2223 2980 2263 sensu
3029 2206 3243 2262 affatur
3286 2206 3678 2262 Constantiam

1977 2299 2298 2368 Augustam
2327 2297 2379 2352 S.
2414 2297 2724 2368 Gregorius
2753 2310 2919 2366 papa,
2964 2295 3058 2352 lib.
3091 2311 3171 2356 ιιι.
3215 2294 3380 2365 epist.
3419 2297 3507 2349 30.
3556 2295 3676 2349 «In

1979 2385 2253 2442 Romanis
2322 2398 2595 2454 namque,
2664 2383 2753 2438 vel
2809 2383 2981 2438 totius
3022 2382 3344 2439 Occidentis
3390 2381 3672 2452 partibus,

1973 2474 2208 2531 omnino
2270 2473 2627 2528 intolerabile
2670 2479 2752 2528 est
2813 2478 2987 2541 atque
3033 2470 3397 2540 sacrilegum,
3453 2469 3498 2524 si
3548 2482 3676 2524 san-

1973 2569 2199 2619 ctorum
2271 2574 2514 2631 corpora
2579 2560 2894 2630 quisquam
2951 2567 3188 2628 tangere
3254 2557 3494 2612 fortasse
3571 2571 3673 2611 vo-

1974 2649 2165 2706 luerit.
2202 2671 2230 2698 »

2007 2740 2100 2794 AD
2142 2738 2406 2794 LIBRUM
2448 2738 2524 2793 IIl
2566 2738 2664 2793 DE
2704 2735 3129 2793 PIGNORIBUS
3169 2733 3624 2791 SANCTORUM.

2041 2827 2232 2881 Tertio
2262 2826 2369 2881 hoc
2417 2825 2475 2880 in
2524 2825 2715 2881 libello
2767 2824 2960 2881 lectori
3010 2822 3408 2878 vehementius
3450 2821 3673 2878 fortean

1971 2920 2025 2968 et
2077 2913 2442 2969 amulatione
2490 2927 2787 2979 accensus,
2838 2912 3360 2969 Sanmedardenses
3403 2910 3672 2966 insectari

1969 3000 2260 3056 videbitur
2321 3007 2540 3066 auctor,
2597 3015 2664 3056 ac
2721 3000 2926 3056 limites
2980 2998 3350 3070 pratergredi
3403 2997 3671 3054 fraterna

161 3081 514 3152 quibusdam
582 3082 863 3152 singulari
940 3095 1166 3136 morum
1238 3081 1516 3150 probitate
1574 3083 1860 3154 insignitis
1903 3107 1943 3162 ρ
1974 3087 2328 3143 dilectionis:
2362 3101 2562 3142 verum
2597 3089 2641 3142 si
2677 3087 2748 3142 ad
2779 3086 3095 3142 sanctuarii
3128 3085 3352 3155 pondus
3381 3099 3671 3140 sermones

167 3170 443 3240 reliquias
474 3169 712 3236 deferre,
742 3169 918 3225 nolim
949 3183 1221 3234 asserere,
1252 3183 1384 3224 cum
1417 3185 1506 3226 me
1536 3186 1651 3226 non
1691 3171 1865 3227 lateat

163 3259 406 3327 probare
450 3265 715 3313 sanctum
763 3257 1060 3323 Thomam,
1112 3257 1260 3312 inter
1304 3257 1465 3323 alios,
1519 3261 1607 3327 22,
1655 3267 1858 3329 quast.

162 3349 253 3414 96,
287 3347 446 3401 artic.
484 3347 536 3412 4,
569 3346 638 3401 ad
671 3349 722 3412 3,
758 3345 810 3401 id
844 3345 1034 3401 licere.

232 3432 320 3505 (ιτ)
353 3435 487 3489 ῙΒΙΙ).
521 3464 589 3472 -
621 3433 796 3504 Apud
823 3430 1355 3503 splendidissimum
1378 3449 1599 3505 papam
1642 3435 1860 3506 Grego-

161 3521 329 3577 rium.
359 3523 513 3578 Libri
545 3523 712 3587 tertii,
747 3523 907 3591 epist.
961 3520 1048 3588 30,
1094 3521 1432 3592 dignissima
1477 3537 1608 3592 qua
1648 3530 1861 3578 attente

162 3611 510 3678 revolvatur,
545 3610 617 3665 ab
649 3608 758 3664 illis
789 3609 1070 3678 pracipue
1091 3609 1192 3679 qui
1215 3617 1542 3666 sanctorum
1588 3610 1861 3681 reliquias

163 3699 432 3770 sacrilege
462 3698 902 3766 nundinantur;
947 3711 1148 3754 eorum
1181 3697 1537 3771 pruriginem
1576 3699 1860 3769 mitigabit

167 3785 320 3840 haud
351 3784 543 3840 dubie.

237 3873 330 3943 (⁸⁸)
360 3875 489 3929 lem.
517 3904 575 3913 —
615 3874 752 3928 Non
804 3876 936 3940 Deo,
996 3889 1113 3927 non
1163 3873 1384 3928 sanctis
1427 3872 1571 3945 ipsis
1605 3891 1855 3947 unquam

158 3961 344 4028 fuisse
371 3959 676 4034 placitum.
712 3961 974 4028 Consule,
1011 3961 1058 4017 si
1105 3961 1308 4032 placet,
1359 3963 1588 4019 beatum
1642 3963 1855 4036 Grego-

168 4064 310 4120 rium
349 4050 469 4105 loco
499 4049 692 4104 citato.

237 4135 321 4208 ('9)
353 4137 488 4193 IBID.
523 4167 590 4176 ——
621 4137 692 4193 Se
731 4152 968 4207 prorsus
1019 4135 1080 4191 id
1119 4153 1232 4192 non
1280 4137 1493 4192 audere
1537 4139 1852 4210 respondit.

171 4247 196 4275 ‹‹
226 4225 364 4281 Nam
404 4232 568 4280 vetus
595 4225 867 4281 Romana
901 4223 1166 4280 Ecclesia
1197 4226 1555 4281 consuetudo
1587 4241 1700 4281 non
1735 4235 1857 4282 tan-

173 4322 285 4370 tum
323 4313 628 4370 abhorruit
673 4320 736 4369 ut
775 4327 1016 4383 corpora
1057 4321 1390 4369 sanctorum
1443 4315 1621 4370 Roma
1661 4323 1856 4371 trans-

1972 3173 2156 3242 ipsius
2200 3174 2574 3242 reducantur,
2625 3175 2673 3230 si
2724 3188 2929 3244 nempe
2978 3173 3367 3244 quorumdam
3411 3172 3672 3229 ecclesia-

1971 3261 2248 3317 sticorum
2299 3263 2534 3316 Patrum
2602 3269 3054 3331 sanctorumque
3126 3264 3279 3314 5'75
3345 3259 3664 3326 doctorum,

1976 3349 2324 3418 Hieronymi,
2397 3347 2726 3418 Augustini,
2784 3345 3060 3402 Bernardi
3128 3344 3401 3413 maxime,
3455 3351 3668 3400 attente

1970 3437 2183 3505 scripta
2212 3435 2624 3503 revolvantur;
2654 3449 2772 3505 qua
2802 3442 3008 3501 mente,
3042 3448 3158 3504 quo
3202 3432 3341 3499 zelo,
3382 3433 3668 3501 perversis

1971 3525 2246 3592 moribus,
2282 3524 2659 3594 nefandisque
2684 3521 3204 3578 consuetudinibus
3241 3533 3466 3590 sponsa
3503 3521 3664 3576 Chri-

1968 3612 2040 3668 sti
2094 3613 2394 3677 unitatem,
2452 3612 2784 3682 puritatem,
2834 3610 3100 3680 pietatem
3164 3608 3662 3676 labefactantibus,

1969 3706 2091 3755 tum
2127 3698 2310 3765 dictis,
2359 3706 2483 3754 tum
2535 3696 2762 3767 scriptis
2813 3696 3216 3764 occurrebant,
3272 3695 3660 3752 conabantur-

1968 3802 2082 3858 que
2112 3802 2180 3843 ea
2209 3788 2331 3858 ipsa
2361 3787 2638 3844 radicitus
2679 3784 2940 3854 evellere,
2994 3785 3054 3841 in
3102 3787 3438 3842 memoriam
3493 3786 3660 3842 redu-

1966 3884 2151 3944 catur,
2187 3890 2290 3932 nec
2335 3887 2452 3931 non
2495 3874 2805 3944 sacrilegas
2852 3873 2978 3929 illas
3024 3873 3406 3944 reliquiarum
3455 3874 3666 3931 nundi-

1967 3966 2226 4021 nationes
2273 3963 2455 4034 (velut
2512 3963 2649 4019 satis
2700 3974 2992 4032 superque
3039 3968 3332 4018 ostensum
3375 3961 3480 4031 est)
3531 3977 3663 4032 qua

1966 4053 2072 4110 hoc
2135 4051 2344 4108 saculo
2411 4051 2637 4122 pietatis
2701 4049 2971 4120 equidem
3047 4049 3255 4119 specie,
3317 4049 3414 4105 sed
3467 4063 3663 4120 reapse
3755 4078 3762 4083 -

1964 4143 2152 4212 turpis
2212 4141 2359 4197 lucri
2426 4140 2614 4212 gratia
2653 4139 3096 4205 exercebantur,
3144 4137 3348 4194 merito
3395 4151 3530 4194 suos
3583 4139 3662 4194 De

1964 4229 2303 4301 pignoribus
2363 4235 2694 4284 sanctorum
2755 4225 2952 4292 libros,
3017 4225 3250 4281 tertium
3316 4226 3658 4295 prasertim,

1963 4326 2117 4374 casto
2189 4315 2369 4372 divini
2441 4314 2635 4373 cultus
2691 4327 2886 4370 amore
2938 4313 3182 4370 edidisse
3237 4313 3403 4370 fateri
3455 4327 3660 4370 neces-

172 4403 296 4459 ferri
326 4409 636 4472 pateretur,
687 4415 892 4457 verum
940 4416 1045 4457 nec
1092 4408 1293 4458 tenues
1337 4402 1614 4473 reliquias
1658 4418 1731 4460 ex
1771 4404 1852 4460 eis
1891 4401 1935 4454 D
1966 4420 2094 4462 sum
2125 4413 2228 4461 est.

171 4489 378 4546 detrahi
419 4503 657 4560 quoquo
704 4489 871 4544 modo
921 4489 1259 4559 permisit.»
1309 4490 1501 4546 Refert
1547 4491 1850 4556 Baronius,

170 4580 225 4634 in
257 4579 374 4634 Not.
421 4577 792 4648 martyrolog.
825 4577 897 4632 ad
927 4577 1074 4632 diem
1110 4581 1130 4632 t
1168 4578 1344 4646 Junii,
1387 4579 1542 4648 quod
1591 4580 1854 4648 pluribus

173 4666 368 4736 probat
395 4665 626 4730 ibidem,
662 4666 913 4720 maxime
952 4679 1024 4721 ex
1071 4665 1306 4735 epistola
1355 4666 1539 4722 sancti
1583 4666 1852 4724 Germani

171 4768 233 4810 ac
281 4755 402 4824 ejus
456 4753 704 4824 collega,
757 4753 1078 4823 legatorum
1131 4753 1423 4823 apostolic.
1485 4755 1552 4810 ad
1602 4756 1856 4811 Hormis-

172 4843 292 4898 dam
320 4854 523 4910 papam
555 4854 649 4895 an.
697 4843 837 4895 520:
894 4841 1295 4912 Reliquiarum
1331 4842 1450 4898 loco
1497 4843 1696 4912 lintea,
1750 4859 1852 4900 seu

174 4929 465 4994 velamina,
507 4928 780 4992 brandea,
831 4937 1190 4999 nuncupata,
1241 4929 1544 4986 mittebant
1586 4931 1852 4988 Ecclesia

172 5017 444 5074 catholica
497 5017 810 5087 pontiﬁces.
861 5016 1009 5085 Quid
1060 5018 1429 5074 brandeum?
1477 5019 1721 5090 explicat
1762 5019 1852 5076 ille

174 5121 232 5162 eo
259 5105 390 5161 loco.

239 5193 318 5263 (³ο)
349 5195 482 5248 lum.
514 5221 586 5234 —
613 5193 777 5248 Abba
795 5191 1031 5264 quidam
1057 5194 1182 5263 ejus
1213 5194 1324 5250 loci
1346 5193 1480 5266 plus
1497 5211 1652 5267 aquo
1670 5195 1853 5250 curio-

175 5297 274 5337 sus.
327 5281 592 5336 Leftanus
649 5282 897 5337 nomine.
956 5283 1281 5352 Historiam,
1342 5297 1462 5354 qua
1511 5283 1582 5340 de
1632 5284 1846 5356 agitur,

178 5371 246 5425 ita
277 5369 503 5424 exhibet
527 5368 868 5425 Guillelmus
899 5371 1192 5428 Malmesb.
1235 5373 1312 5427 De
1365 5372 1564 5442 pontif.
1616 5373 1846 5445 Anglo.,

179 5457 265 5512 lib.
334 5473 391 5522 ιι,
453 5457 509 5510 in
572 5457 856 5527 episcopis
906 5459 1166 5514 oriental.
1223 5461 1429 5530 Anglo.
1489 5461 1596 5517 sub
1653 5461 1847 5518 finem.

182 5566 205 5595 ι(
234 5545 340 5610 Hic,
376 5542 666 5609 Leftanus,
701 5546 1049 5614 quibusdam
1083 5548 1151 5602 (le
1200 5548 1626 5618 incorruptione
1667 5549 1848 5605 sancti

181 5632 490 5702 (Edmundi)
533 5633 680 5688 male
722 5634 971 5689 credulis
1020 5635 1166 5691 male
1209 5636 1532 5702 consulens,
1582 5651 1687 5693 suo
1734 5638 1848 5693 dis-

2035 4495 2314 4550 Praterea
2345 4491 2425 4548 nil
2452 4505 2616 4561 opus,
2648 4498 2713 4548 ut
2733 4490 2966 4562 quidem
2995 4489 3197 4558 sentio,
3231 4496 3333 4547 aut
3361 4490 3662 4547 necessita-

1967 4582 2038 4638 tis
2068 4594 2316 4637 asserere
2346 4580 2445 4636 Dei
2474 4579 2747 4647 Verbum,
2775 4585 2971 4634 nostra
3023 4576 3383 4634 humanitate
3411 4578 3660 4635 circum-

1964 4670 2249 4737 volutum,
2314 4668 2510 4724 morbo
2577 4667 2671 4723 illo
2735 4665 3102 4736 septennium
3156 4665 3488 4732 infantium,
3542 4681 3659 4736 quo

1963 4759 2159 4816 dentes
2189 4757 2375 4825 lactei,
2410 4765 2473 4813 ut
2503 4763 2728 4822 vocant,
2758 4753 3037 4810 excidunt
3083 4760 3456 4824 recentesque
3496 4753 3661 4809 vicis-

1963 4847 2071 4903 sim
2119 4852 2512 4911 succrescunt,
2562 4845 2893 4913 laborasse;
2940 4841 3084 4912 quin
3135 4839 3342 4910 potius,
3391 4841 3656 4910 quando-

1964 4935 2198 5006 quidem
2257 4933 2329 4990 sit
2377 4933 2637 4989 omnium
2684 4932 2921 4987 Patrum
2968 4935 3238 4985 constans
3289 4929 3507 5000 opinio,
3553 4929 3654 4984 do-

1964 5023 2168 5089 ctrina,
2203 5021 2360 5089 fides,
2394 5020 2602 5077 Filium
2657 5019 2780 5088 Dei,
2823 5018 2967 5088 lapsi
3017 5016 3267 5072 hominis
3314 5030 3657 5087 quanquam

1963 5111 2239 5178 miserias,
2272 5117 2566 5180 peccatum
2609 5108 2656 5164 si
2705 5107 2981 5177 excipias,
3027 5105 3421 5175 assumpserit,
3479 5105 3659 5175 ipsius

1963 5209 2154 5257 tamen
2185 5213 2396 5269 corpus
2430 5195 2895 5270 agritudinibus,
2947 5193 3113 5265 queis
3159 5193 3349 5249 cateri
3396 5192 3659 5250 homines

1962 5286 2290 5344 addemnati
2325 5286 2482 5342 fuere
2522 5299 2621 5355 per
2667 5282 3085 5354 protoparentis
3125 5281 3655 5352 pravaricationcm

1963 5389 2256 5444 nusquam
2295 5373 2611 5430 obnoxium
2659 5370 2963 5428 exstitisse.
3019 5370 3330 5426 Enimvero
3379 5369 3656 5426 vicariam

1961 5463 2113 5519 illam
2142 5462 2402 5518 dentium
2431 5463 2868 5524 succretionem,
2892 5457 3128 5528 aliquod
3154 5457 3518 5528 agritudiuis
3537 5473 3658 5516 esse

1963 5564 2164 5621 genus,
2195 5557 2279 5604 est
2308 5549 2462 5618 apud
2493 5548 2743 5604 medicos
2775 5547 2830 5600 in
2859 5547 3135 5613 confesso,
3169 5545 3432 5615 nihilque
3456 5547 3514 5600 in
3537 5546 3658 5600 dies

1963 5652 2076 5694 non
2103 5637 2496 5708 experimento
2529 5636 2825 5707 probatur.
2882 5633 3024 5690 Paul
3071 5633 3356 5704 zEgineta,
3408 5633 3486 5690 De
3535 5642 3658 5689 arte
