3946 6394
261 351 400 408 1043

1296 355 1392 410 AD
1429 355 1581 410 OPP.
1623 353 1780 409 VEN.
1821 351 2148 408 GUIBERTI
2185 351 2276 406 DE
2311 349 2718 408 NOVIGENTO

3626 351 3803 408 1044

263 485 548 554 medendi,
581 485 679 543 lib.
717 503 755 554 ι,
803 499 930 558 cap.
986 489 1058 558 9;
1119 486 1347 544 Aristot.
1409 489 1485 544 De
1529 493 1784 559 generat.
1835 486 1954 543 ani-
1987 486 2400 544 Asententiam
2439 499 2602 557 papa:
2651 485 2972 542 Innocentii
3022 485 3118 553 ΠΙ,
3167 485 3266 542 lib.
3318 501 3394 542 ιν.
3451 487 3530 543 De
3577 487 3796 544 missae

264 573 543 645 malglib.
582 587 638 642 ν,
693 587 818 646 cap.
866 573 968 632 ult.
995 591 1012 646 ;
1064 575 1412 646 Hippocrat.,
1460 584 1594 632 sect.
1643 575 1740 632 lib.
1787 590 1849 632 ιιι
1880 576 1958 632 De

265 663 558 732 carnibus,
590 670 721 720 ante
749 663 897 720 med.

341 751 468 807 Huc
497 751 742 820 pertinet
793 750 947 821 quod
999 751 1238 807 tradunt
1279 759 1542 808 auctores
1593 751 1722 822 ipsi,
1773 752 1958 808 haud-

267 852 566 910 quaquam
589 839 783 895 dentes
803 838 1077 908 quosdam
1101 837 1410 894 infantium
1433 840 1766 896 necessitate
1797 847 1964 897 natu-

265 926 396 994 rali,
466 928 564 984 sed
639 928 1034 984 tantummodo
1089 941 1162 982 ex
1213 927 1616 984 alimentorum
1646 929 1964 986 mutatione

269 1015 711 1084 corruptioneve
738 1014 1016 1070 excidere.
1049 1014 1194 1082 Quid
1228 1015 1405 1087 igitur
1432 1031 1640 1082 causa),
1681 1018 1822 1088 quid
1856 1031 1963 1073 ne-

271 1101 544 1157 cessitatis
573 1101 780 1158 Christi
821 1102 878 1157 in
909 1117 1162 1172 corpore,
1215 1103 1308 1159 cui
1359 1104 1458 1160 illa
1503 1107 1795 1176 corruptio
1845 1119 1962 1161 non

270 1189 641 1260 competebat,
701 1203 910 1246 novam
955 1189 1210 1246 dentium
1260 1191 1466 1248 factam
1531 1193 1963 1262 productionem

271 1277 568 1332 asserere?
607 1277 689 1332 Ac
719 1277 957 1346 proinde
985 1277 1297 1334 Guibertus
1325 1281 1563 1337 minime
1609 1289 1693 1336 est
1743 1281 1798 1336 in
1848 1281 1967 1337 cul-

269 1377 400 1434 pam
425 1371 480 1420 et
525 1363 743 1420 crimen
781 1364 1178 1432 adducendus,
1227 1368 1328 1437 qui
1378 1368 1605 1424 dentem
1655 1369 1966 1426 Salvatoris

269 1451 456 1510 ullum
503 1451 563 1508 in
615 1451 1092 1510 Sanmedardensi
1145 1455 1406 1511 coenobio
1470 1455 1629 1512 baud
1702 1471 1967 1528 unquam

187 1609 192 1613 _
268 1540 570 1608 exstitisse,
625 1548 684 1597 at
735 1540 900 1597 falso-
935 1541 1040 1598 hoc
1083 1543 1314 1598 nomine
1378 1553 1718 1601 veneratum
1781 1545 1968 1616 potius

273 1629 438 1685 beato
467 1629 718 1700 cuipiam
749 1629 1184 1694 attribuendum
1215 1631 1525 1688 contendit.

341 1715 432 1786 (²¹)
455 1716 588 1772 CAP.
612 1717 657 1784 Ι,
683 1715 711 1788 §
734 1733 794 1773 ιι.
813 1747 883 1757 -
898 1717 1203 1790 Capillum
1217 1718 1288 1772 de
1300 1717 1492 1789 capite
1501 1725 1696 1774 nostra
1715 1736 1828 1774 non
1838 1737 1971 1791 per-

267 1803 484 1860 iturum
502 1804 749 1863 dixerat.
775 1807 840 1861 In
862 1806 1204 1862 sententiam
1232 1807 1312 1862 ire
1335 1807 1562 1864 videtur
1582 1808 1733 1864 beati
1756 1811 1964 1879 Augu-

271 1892 428 1959 stini,
451 1893 740 1950 Enchirid.
773 1908 900 1964 cap.
925 1897 992 1950 87
1013 1901 1068 1950 et
1089 1908 1229 1964 seq..
1259 1895 1548 1965 praecipue
1571 1910 1705 1952 vero
1725 1895 1822 1952 lib.
1847 1911 1966 1952 xxu

277 1980 353 2036 De
381 1981 621 2038 Civitate
653 1982 770 2050 Dei,
803 1995 930 2052 cap.
967 1984 1032 2036 19
1060 1990 1114 2038 et
1143 1985 1229 2038 20.
1265 1983 1486 2040 Scilicet
1518 1999 1631 2039 non
1675 1984 1966 2040 membro-

272 2082 424 2137 rum,
451 2085 563 2126 non
588 2071 836 2142 partium
851 2071 1105 2141 corporis
1125 2073 1526 2142 quantitatem,
1545 2073 1641 2128 sed
1657 2087 1966 2129 numerum

279 2155 544 2213 instituta
567 2171 673 2214 sua
702 2157 972 2228 professis
999 2158 1261 2215 Christus
1288 2174 1347 2215 se
1396 2158 1507 2215 illis
1547 2159 1737 2216 verbis
1787 2160 1970 2216 reddi-

277 2252 477 2302 turum
523 2245 840 2316 pollicetur.
889 2246 1143 2316 Corpora
1189 2247 1474 2316 siquidem
1539 2247 1842 2304 beatorum
1911 2249 1966 2302 in

278 2334 715 2402 resurrectione,
747 2349 883 2390 cum
911 2335 1027 2390 sint
1068 2333 1330 2390 ultimam
1382 2335 1782 2404 perfectionem
1828 2350 1968 2391 con-

279 2424 568 2484 secutura,
601 2425 658 2473 et
689 2419 744 2472 in
780 2417 1102 2474 substantia
1145 2418 1370 2488 integra
1413 2426 1752 2488 reparentur
1797 2433 1964 2488 opor-

278 2512 378 2573 tet,
430 2512 605 2576 atque
657 2505 798 2560 adeo
842 2505 1010 2577 longe
1055 2505 1257 2576 potiori
1290 2505 1422 2576 jure
1475 2506 1580 2562 hoc
1625 2507 1682 2562 in
1747 2505 1970 2562 Christo

278 2593 628 2664 completum
676 2601 760 2649 est
807 2595 1044 2664 quando
1087 2594 1422 2661 resurrexit,
1471 2603 1665 2665 utpote
1710 2596 1972 2652 omnium

279 2681 577 2750 exemplar
628 2679 1128 2760 perfectissimum.
1177 2683 1232 2738 S.
1279 2683 1478 2738 Thom.
1533 2685 1590 2738 in
1641 2684 1674 2737 4
1719 2690 1864 2740 sent.
1911 2684 1968 2738 d.

279 2770 368 2838 44,
399 2785 458 2840 q.
515 2773 586 2836 l.,
636 2769 801 2825 artic.
851 2771 904 2824 2.
952 2769 1270 2840 Caeterique
1319 2771 1375 2826 in
1433 2771 1701 2828 eumdem
1757 2771 1972 2828 librum

281 2855 548 2928 theologi.

349 2945 526 3001 Porro
591 2945 730 3002 dens
789 2945 881 3002 ille
937 2945 1252 3002 Salvatoris
1321 2947 1589 3004 in-terra
1643 2947 1972 3012 derelictus,

2068 575 2391 646 mysteriis:
2472 595 2492 622 ι
2525 573 2673 642 Quid
2747 574 2817 630 de
2873 573 3311 630 circumcisione
3373 575 3646 645 praeputii
3687 575 3793 631 vel

2069 664 2326 722 umbilici
2387 663 2718 734 praecisione
2767 663 3040 720 dicetur?
3095 677 3170 720 an
3225 663 3284 719 in
3351 665 3796 720 resurrectione

2067 754 2274 812 Christi
2317 753 2580 809 similiter
2626 752 2793 808 rediit
2840 752 2911 806 ad
2963 753 3259 807 veritatem
3309 751 3580 807 humanae
3621 751 3794 807 sub—

2069 843 2339 902 stantiae?
2368 843 2630 899 Creditur
2666 841 2817 896 enim
2879 842 2936 896 in
2988 841 3350 897 Lateranensi
3401 840 3642 898 basilica
3694 853 3796 896 re-

2067 933 2304 999 servari,
2339 932 2467 987 licet
2495 945 2529 985 a
2559 931 2772 1000 quibus
2797 933 2905 984 Iurn
2952 931 3179 986 dicatur
3219 931 3374 1000 quod
3414 929 3792 1000 praeputium

2071 1023 2179 1079 fuit
2208 1022 2263 1076 in
2299 1019 2653 1076 Hierusalem
2682 1019 2934 1074 delatum
2961 1019 3034 1074 ab
3068 1019 3276 1089 Angelo
3305 1017 3506 1074 Carolo
3532 1017 3786 1088 Magno,

2070 1110 2174 1181 qui
2205 1107 2498 1165 transtulit
2537 1105 2679 1162 illud
2719 1105 3104 1176 Aquisgrani;
3155 1107 3250 1162 sed
3305 1114 3424 1175 post
3475 1119 3510 1160 a
3558 1103 3788 1159 Carolo

2071 1198 2244 1256 Calvo
2275 1197 2524 1266 positum
2552 1194 2612 1250 in
2641 1194 2876 1251 ecclesia
2905 1193 3220 1250 Salvatoris
3249 1193 3403 1263 apud
3431 1191 3776 1248 Carosium.

2073 1284 2276 1342 Melius
2303 1290 2387 1338 est
2417 1289 2606 1337 tamen
2646 1281 2758 1336 Deo
2805 1287 2984 1335 totum
3033 1281 3386 1336 committere
3431 1293 3606 1350 quam
3665 1277 3786 1333 ali-

2075 1373 2214 1442 quid
2261 1379 2470 1426 temere
2512 1369 2782 1424 detinere.
2815 1389 2836 1417 ι
2887 1367 3131 1424 Consule
3176 1369 3364 1424 Titum
3412 1367 3790 1423 Bostrensem

2073 1467 2129 1516 et
2157 1456 2560 1527 Theophylact.
2598 1454 2657 1510 in
2690 1469 2817 1525 cap.
2864 1469 2901 1510 ιι
2934 1457 3120 1522 Lucae,
3169 1469 3236 1510 ac
3287 1455 3646 1521 Bollandum,
3697 1455 3791 1510 De

2075 1547 2232 1602 Actis
2262 1553 2616 1611 sanctorum,
2665 1553 2799 1600 tom.
2848 1546 2892 1612 Ι,
2945 1545 3016 1600 ad
3066 1545 3215 1599 diem
3267 1547 3288 1598 1
3346 1542 3631 1609 Januarii,
3671 1557 3786 1612 qui

2076 1633 2400 1691 testimonia
2455 1634 2512 1688 in
2571 1632 2722 1688 hanc
2765 1646 2885 1688 rem
2930 1632 3303 1703 antiquorum
3357 1638 3412 1687 et
3455 1630 3790 1686 recentium

2078 1722 2365 1794 permulta
2397 1721 2617 1778 retexit.

2150 1808 2242 1880 (⁸³)
2265 1808 2400 1864 CAP.
2433 1809 2528 1876 III,
2562 1807 2590 1880 §
2619 1822 2695 1864 tv.
2726 1837 2796 1850 —
2833 1807 2997 1862 Sicut
3022 1806 3288 1862 Laudum’
3330 1807 3488 1878 apud
3531 1823 3640 1862 nos
3682 1807 3789 1862 lac

2073 1896 2258 1968 ipsius
2289 1894 2609 1951 Benedicta
2633 1894 2697 1949 in
2723 1895 2986 1952 columba
3009 1894 3360 1950 cristallina.
3392 1895 3516 1950 Non
3552 1895 3658 1950 abs
3704 1909 3773 1950 re

2077 1987 2278 2054 utique
2311 1985 2404 2040 hic
2433 1984 2695 2040 nonnihil
2721 1985 2996 2039 adnotare
3025 1983 3348 2039 absterreor
3377 1997 3445 2038 ac
3477 1983 3779 2052 detrecto;

2075 2072 2286 2130 etenim
2319 2071 2585 2142 plurimis
2611 2072 2666 2127 in
2699 2071 2952 2126 ecclesiis
2996 2070 3354 2126 Gallicanum
3403 2084 3502 2140 per
3547 2070 3776 2138 orbem,

2075 2169 2131 2216 et
2160 2159 2315 2226 alibi,
2358 2159 2616 2229 guttulas
2660 2158 2820 2214 lactis
2858 2163 3008 2212 ὅτε
3050 2159 3304 2227 Deiparm
3352 2157 3611 2228 religiose
3663 2157 3778 2214 coli

2077 2249 2250 2305 audio
2308 2248 2568 2318 legoque.
2627 2245 2940 2302 Guibertus
3005 2254 3240 2300 econtra
3306 2252 3633 2301 constanter
3709 2246 3776 2301 Β.

2075 2334 2368 2406 Virginem
2400 2347 2645 2404 usquam
2672 2349 2704 2389 e
2731 2333 2906 2389 sacris
2933 2333 3208 2390 uberibus
3259 2334 3346 2390 lac
3393 2333 3772 2402 expressisse,

2079 2422 2234 2493 quod
2265 2420 2618 2477 venerationi
2643 2419 2785 2476 foret
2805 2420 3141 2490 aliquando,
3167 2429 3356 2490 negat.
3385 2420 3566 2487 Quam
3592 2420 3783 2488 igitur

2081 2509 2140 2564 in
2190 2516 2409 2578 partem
2467 2505 2865 2578 propendam‘?
2916 2507 3232 2576 Utrobique
3279 2521 3418 2562 sane
3455 2507 3778 2576 negotium,

2081 2597 2391 2667 utrobique
2419 2595 2731 2665 scrupulus
2761 2609 2954 2650 meum
2986 2593 3240 2649 lancinat
3267 2593 3548 2648 animum.

2150 2685 2359 2739 Verum
2388 2682 2543 2737 enim
2576 2695 2710 2738 vero
2739 2681 2942 2736 volunt
2973 2679 3175 2749 aliqui,
3208 2687 3264 2735 et
3292 2679 3524 2750 quidem
3557 2680 3785 2750 gravis-

2080 2769 2210 2826 simi
2235 2769 2557 2838 scriptores,
2591 2768 2678 2824 lac
2709 2767 2848 2824 illud
2874 2774 3277 2823 conservatum
3300 2765 3778 2823 candidissimum

2080 2873 2201 2916 esse
2247 2857 2550 2927 liquorem,
2592 2855 2693 2926 qui
2743 2869 2779 2910 a
2833 2855 2893 2910 Β.
2938 2853 3172 2924 Virgine
3215 2853 3338 2924 jam
3388 2853 3445 2907 in
3495 2853 3635 2909 coelo
3685 2868 3778 2908 re-

2083 2955 2317 3019 gnante,
2341 2946 2463 3002 suis
2481 2959 2540 3001 se
2557 2945 2725 3001 unice
2746 2943 3078 3000 amantibus
3095 2941 3369 2998 diffusum
3389 2948 3491 2996 est.
3515 2943 3584 2996 Et
3598 2940 3703 2996 hoc
3717 2940 3781 2996 in

278 3031 370 3088 vel
404 3039 688 3102 putrescet
716 3033 1030 3104 aliquando
1059 3034 1232 3100 (sicut
1260 3043 1464 3105 argute
1495 3035 1698 3105 probat
1723 3035 1968 3106 auctor),
2010 3055 2052 3111 ς,
2082 3045 2270 3092 vetere
2299 3025 3162 3101 Carnotensium'eplscoporum
3179 3028 3323 3085 serie
3343 3029 3776 3099 consignatum,

279 3119 370 3176 vel
397 3135 532 3177 eum
561 3130 812 3178 resumet
841 3123 1102 3179 Christus
1131 3130 1254 3192 post
1299 3132 1621 3180 extremum
1659 3124 1966 3194 judicium,

280 3214 340 3264 at
369 3208 705 3266 utrumlibet
733 3210 1050 3266 absurdum
1086 3209 1204 3265 fore
1235 3223 1336 3280 per
1363 3224 1422 3266 se
1452 3219 1624 3280 patet.

347 3297 473 3354 Non
504 3311 641 3354 sane
671 3312 776 3368 par
799 3306 883 3354 est
911 3298 1056 3354 ratio
1091 3297 1161 3353 de
1203 3296 1413 3354 Christi
1458 3305 1632 3368 atque
1679 3297 1748 3353 de
1800 3306 1974 3354 caete-

277 3395 480 3438 rorum
505 3383 804 3440 hominum
835 3383 1212 3454 corporibus;
1245 3383 1335 3440 ille
1369 3397 1622 3454 namque
1669 3385 1975 3456 resumptis

281 3482 396 3524 non
425 3469 592 3525 modo
623 3486 754 3541 quae
783 3471 854 3526 ad
902 3470 1306 3540 integritatem,
1357 3471 1455 3526 sed
1499 3471 1670 3528 etiam
1721 3488 1852 3542 quae
1900 3474 1973 3530 ad

278 3557 552 3628 majorem
581 3558 673 3614 sui
702 3571 958 3628 corporis
1005 3558 1404 3629 perfectionem
1458 3559 1974 3629 pulchritudinem-

280 3658 394 3714 que
423 3645 686 3712 attinent,
719 3647 966 3715 seipsum
1001 3660 1035 3702 a
1060 3646 1302 3702 mortuis
1345 3647 1545 3702 divina
1588 3647 1804 3706 virtute
1847 3663 1974 3706 sus-

279 3731 497 3788 citavit.
535 3733 604 3789 Hi
635 3747 770 3789 vero
799 3749 932 3791 cum
961 3735 1220 3791 nondum
1268 3747 1301 3790 a
1331 3735 1574 3791 mortuis
1599 3735 1852 3804 excitati,
1884 3735 1976 3791 id—

281 3817 433 3874 circo
475 3819 761 3890 quidquid
807 3821 1060 3892 corporis
1105 3820 1298 3890 fuerit,
1341 3829 1478 3877 sunt
1520 3830 1683 3877 extra
1729 3822 1973 3878 dubium

279 3906 563 3975 recepturi
587 3907 647 3962 in
672 3906 874 3978 judicii
907 3909 1034 3978 die;
1071 3922 1139 3965 ac
1165 3916 1466 3979 propterea
1495 3924 1804 3979 corporum
1836 3924 1975 3980 par-

279 3999 362 4048 tes
412 3993 698 4051 universze
743 3995 803 4050 in
859 3995 1116 4052 futuram
1169 3995 1263 4051 hic
1309 4004 1683 4052 asservantur
1727 4011 1978 4054 resurre-

282 4081 544 4139 ctionem.

349 4167 440 4241 (²¹)
492 4169 626 4228 CAP.
681 4170 724 4238 1,
761 4169 789 4240 §
824 4185 901 4226 ιιι.
952 4201 1020 4212 -
1048 4171 1186 4226 Non
1215 4169 1406 4226 minus
1435 4169 1641 4225 etenim
1667 4171 1739 4226 de
1787 4171 1973 4226 umbi-

279 4254 408 4323 lico,
441 4259 496 4311 et
525 4257 597 4312 de
620 4255 839 4312 caeteris
865 4273 987 4328 quae
1009 4257 1080 4312 de
1105 4258 1234 4328 ipso
1258 4258 1471 4313 habere
1489 4256 1779 4325 dicuntur,
1801 4274 1976 4330 quam

279 4339 351 4394 de
371 4341 540 4396 dente
567 4343 725 4412 apud
747 4360 853 4398 nos
879 4347 1092 4416 agitur.
1126 4345 1224 4401 Nae
1259 4360 1366 4417 ego
1397 4344 1536 4414 quid
1591 4346 1661 4402 de
1704 4345 1975 4402 umbilico

281 4429 564 4498 proferam
594 4443 698 4486 nec
744 4431 947 4498 habeo,
1003 4447 1107 4488 nec
1153 4433 1338 4488 video.
1389 4433 1619 4501 Verum,
1678 4440 1742 4489 ut
1790 4433 1978 4488 dicam

283 4517 436 4586 quod
485 4518 685 4581 sentio.
737 4519 970 4588 quando
1013 4535 1128 4576 non
1173 4521 1373 4576 eadem
1423 4521 1518 4576 via
1569 4534 1688 4592 qua
1733 4520 1980 4576 infantes

281 4603 397 4672 alii,
429 4618 502 4660 ex
537 4605 794 4677 virgineo
813 4607 1062 4664 claustro
1092 4609 1150 4664 in
1176 4608 1362 4664 lucem
1395 4607 1664 4678 prodierit
1693 4608 1974 4674 Christus,

279 4693 574 4750 dissonum
605 4701 660 4750 et
711 4694 1028 4752 abhorrens
1069 4695 1212 4752 mihi
1257 4697 1506 4760 videtur,
1560 4705 1686 4754 tum
1731 4709 1766 4752 a
1802 4697 1977 4754 Matre

277 4781 527 4854 Virgine,
563 4790 684 4838 tum
713 4782 888 4838 etiam
933 4783 1006 4840 ab
1056 4783 1430 4840 immaculata
1475 4785 1976 4855 mundissimaque

280 4869 404 4926 Filii
461 4869 777 4938 nativitate,
833 4871 1095 4928 excisum
1137 4886 1169 4928 e
1221 4885 1460 4942 corpore
1509 4873 1690 4942 ipsius
1737 4872 1974 4929 umbili-

277 4973 410 5014 cum
435 4958 675 5016 edicere.
707 4959 954 5030 Ecquid,
980 4973 1078 5016 oro
1111 4969 1182 5027 te,
1212 4960 1332 5016 haec
1374 4959 1498 5030 ipsa
1550 4959 1807 5017 umbilici
1849 4974 1972 5018 am-

278 5047 518 5116 putatio,
549 5047 835 5116 siquidem
875 5047 999 5117 ipse
1024 5047 1159 5104 solis
1184 5047 1366 5105 instar
1391 5049 1536 5104 radii
1559 5048 1776 5106 vitrum
1808 5063 1976 5119 pene-

277 5133 502 5202 trantis,
552 5147 627 5190 ex
691 5141 853 5189 utero
897 5133 1147 5204 Virginis
1183 5135 1542 5191 sanctissimo
1581 5135 1802 5206 absque
1852 5135 1972 5192 ulla

275 5221 544 5291 puritatis
574 5219 802 5277 laesione
827 5221 1076 5278 exierit?
1106 5221 1194 5278 Ab
1221 5221 1311 5278 bis
1341 5237 1478 5293 ergo
1515 5237 1757 5280 manum
1796 5229 1972 5280 retra-

276 5309 508 5366 hamus.

346 5397 426 5452 De
452 5395 736 5468 praeputio
762 5397 996 5466 pariter,
1027 5398 1180 5468 quod
1215 5398 1402 5470 ipsum
1451 5414 1509 5456 se
1560 5399 1772 5456 habere
1820 5413 1966 5456 non-

274 5485 418 5542 nulli
450 5485 788 5558 glorientur,
816 5485 1188 5556 scribantque
1215 5495 1478 5544 auctores
1505 5502 1620 5544 non
1661 5489 1828 5558 pauci
1873 5487 1966 5544 di-

274 5573 454 5630 versis
481 5575 540 5630 in
565 5572 706 5629 locis
730 5573 1012 5630 asservari
1076 5582 1327 5632 statuere
1371 5575 1452 5632 nil
1502 5575 1715 5638 ausim.
1758 5584 1968 5646 praeter

2081 3137 2151 3179 ex
2183 3136 2302 3194 qua
2327 3121 2737 3192 fragmentum,
2772 3118 3044 3176 beneficio
3071 3120 3279 3174 Joann.
3311 3117 3474 3187 Bapt.
3508 3115 3780 3173 Soucheti

2081 3213 2238 3269 omni
2268 3213 2594 3268 litteratura
2621 3210 2790 3276 docti,
2823 3209 3138 3265 emittimus
3180 3207 3240 3262 in
3291 3206 3475 3263 lucem
3509 3221 3521 3260 :
3575 3227 3603 3256 ‹‹
3632 3205 3779 3262 Ful-

2083 3302 2300 3366 bertus,
2331 3307 2461 3365 etc.,
2515 3299 2700 3369 ipsum
2749 3298 2810 3353 B.
2867 3298 3036 3369 Virgo
3084 3303 3362 3366 tanquam
3416 3295 3779 3366 praecipuum

2077 3386 2382 3442 alumnum
2417 3384 2475 3438 in
2507 3383 2760 3454 quadam
2788 3381 3135 3452 aegritudine
3175 3379 3548 3450 personaliter
3578 3379 3778 3434 visita-

2081 3473 2184 3541 vit,
2217 3479 2274 3528 et
2314 3471 2578 3542 linguam
2622 3470 2750 3541 ejus
2793 3469 2916 3540 jam
2963 3481 3122 3524 sacro
3175 3467 3305 3538 igne
3352 3473 3774 3535 consumptam,

2080 3559 2246 3616 lactis
2274 3558 2344 3614 de
2385 3555 2638 3612 mamilla
2657 3562 2924 3611 recenter
2952 3553 3193 3610 extracti
3221 3553 3503 3610 infusione
3533 3551 3776 3608 sanavit.

2085 3647 2246 3705 Unde
2275 3645 2482 3702 accidit
2520 3652 2636 3700 tres
2689 3651 2884 3715 guttas
2929 3643 3091 3698 lactis
3139 3656 3311 3710 super
3363 3641 3506 3696 facie
3555 3654 3777 3696 reman-

2080 3735 2238 3800 sisse,
2273 3746 2422 3803 quas
2473 3729 2782 3800 recollegit,
2839 3736 2896 3786 et
2949 3728 3008 3784 in
3068 3729 3312 3798 pretioso
3357 3741 3492 3783 vase
3547 3727 3619 3782 ad
3663 3727 3772 3782 hoc

2084 3830 2218 3893 apto
2242 3820 2502 3891 reponit;
2529 3833 2660 3890 quae
2688 3832 2876 3890 usque
2901 3817 2972 3872 ad
3007 3816 3334 3887 praesensin
3363 3815 3611 3872 Ecclesia
3657 3830 3776 3872 cer-

2084 3912 2158 3968 tis
2188 3908 2542 3979 temporibus
2572 3913 2944 3962 venerantur.
2978 3926 2999 3953 ι
3036 3903 3183 3960 Huic
3221 3903 3302 3960 rei
3338 3903 3622 3960 calculum
3667 3903 3774 3959 ad-

2081 3999 2206 4072 jicit
2230 3995 2456 4054 Guillel.
2487 3992 2892 4055 Malmesburi.,
2924 3991 3025 4047 lib.
3058 4006 3119 4048 ιιι
3145 3991 3222 4047 De
3244 3999 3390 4061 gest.
3430 3990 3768 4062 Anglorum.

2156 4085 2278 4140 Non
2317 4081 2590 4138 dissimile
2630 4079 2774 4152 quid
2820 4080 3036 4136 factum
3081 4079 3179 4135 lib.
3231 4079 3665 4135 membranaceo
3693 4080 3770 4134 De

2086 4169 2383 4229 miraculis
2413 4171 2474 4226 Β.
2507 4167 2722 4235 Mariae,
2741 4181 2893 4224 anno
2927 4167 3151 4223 circiter
3177 4168 3310 4220 1100
3359 4166 3582 4236 scriptis
3602 4179 3766 4220 man-

2087 4261 2307 4324 datum,
2358 4275 2484 4331 cap.
2527 4262 2630 4314 76:
2675 4263 2752 4315 De
2805 4256 3082 4313 monacho
3135 4255 3300 4324 cujus
3344 4253 3543 4308 ulcera
3599 4251 3768 4326 Virgo

2017 4350 2057 4404 ι)
2085 4351 2252 4406 beata
2276 4350 2426 4404 lacte
2453 4364 2558 4403 mo
2585 4347 2812 4419 rigavit.
2855 4368 2875 4395 ι
2911 4346 3050 4400 Erat
3080 4344 3314 4414 quidam
3349 4343 3523 4398 frater
3569 4341 3666 4412 qui
3708 4342 3767 4398 in

2085 4439 2343 4496 ctenobio
2370 4437 2652 4494 militabat
2679 4435 2954 4492 ccelorum
2987 4434 3242 4501 Domino,
3288 4433 3388 4488 Dei
3431 4431 3594 4487 Matri
3639 4438 3765 4486 tan-

2085 4539 2263 4597 quam
2295 4534 2350 4582 et
2377 4525 2539 4587 Filio,
2572 4524 2904 4580 decreverat
2932 4521 3148 4578 servire
3187 4519 3404 4576 sedulo.
3458 4519 3600 4575 Cum
3644 4531 3765 4572 con-

2083 4620 2294 4669 ventus
2324 4611 2419 4668 illa
2449 4611 2674 4668 finierat
2713 4625 2844 4681 quze
2894 4615 3129 4664 cantare
3170 4613 3334 4663 nocte
3380 4612 3760 4670 consueverat,

2082 4715 2274 4758 coram
2307 4715 2410 4758 ara
2440 4700 2536 4757 hic
2558 4700 2715 4757 solus
2744 4699 2962 4760 aderat,
2993 4697 3144 4754 herae
3182 4709 3303 4752 suae
3347 4695 3574 4751 solvens
3617 4693 3761 4763 quod

2082 4796 2340 4846 voverat.
2364 4789 2461 4846 Die
2480 4803 2618 4846 vero
2641 4801 2742 4858 per
2762 4787 2931 4843 horas
2951 4783 3232 4856 singulas,
3259 4790 3385 4853 post
3403 4781 3654 4852 expletas
3673 4780 3762 4836 ho-

2080 4892 2176 4936 ras
2210 4878 2536 4944 canonicas,
2579 4874 2842 4947 gloriosae
2889 4874 3084 4930 Marias
3125 4871 3389 4943 proprias
3433 4869 3758 4928 decantabat

2079 4964 2280 5021 laudes
2307 4971 2361 5020 et
2416 4962 2650 5034 gratias.
2699 4963 2872 5017 Multo
2907 4959 3141 5030 quidem
3189 4959 3297 5015 hoc
3333 4957 3450 5030 egit
3497 4965 3752 5026 tempore,

2078 5066 2196 5108 non
2225 5052 2541 5122 negligens,
2577 5050 2672 5106 sed
2703 5047 3088 5113 devotissime,
3107 5046 3291 5102 donec
3311 5045 3562 5116 quadam
3584 5051 3756 5100 tentus

2077 5141 2393 5212 gravedine
2461 5153 2580 5195 non
2623 5136 2852 5193 valebat
2905 5135 3178 5207 debitum
3206 5133 3473 5202 reddere;
3537 5131 3756 5188 morbus

2077 5227 2293 5298 quippe
2315 5227 2559 5284 nimium
2591 5225 2858 5290 afﬂuens,
2894 5223 2972 5279 ita
3001 5230 3205 5294 guttur
3245 5229 3413 5278 extra
3463 5222 3754 5278 interiusve

2074 5321 2473 5384 occupaverat,
2524 5321 2589 5370 ut
2633 5326 2824 5382 neque
2863 5311 3004 5367 cibis
3050 5323 3238 5379 neque
3289 5309 3516 5378 potibus
3558 5314 3754 5378 pateret

2074 5401 2304 5467 aditus;
2363 5400 2460 5456 sed
2507 5408 2562 5456 et
2615 5407 2807 5470 partes
2855 5397 3030 5454 totius
3078 5395 3332 5466 corporis
3389 5393 3542 5451 infra
3599 5395 3752 5451 breve

2074 5489 2326 5558 spatium
2357 5489 2628 5559 temporis
2654 5487 3005 5543 videbantur
3042 5486 3206 5556 quasi
3256 5485 3575 5550 exanimes,
3611 5493 3753 5556 tanta

2071 5585 2198 5633 erat
2226 5577 2313 5632 vis
2341 5575 2722 5648 aegritudinis.
2757 5573 3110 5630 Praevalente
3137 5573 3334 5630 dolore
3384 5573 3630 5630 febrium
3675 5573 3753 5629 la-

2977 6369 3410 6380 __-——‘._
