3946 6400
140 350 343 429 ιο45“

1438 376 1653 433 DOMNI
1696 377 1753 432 L.
1797 373 2145 431 D'ACHERY
2184 375 2399 431 NOTAE.

3534 374 3669 429 1046

135 505 401 561 borabat
431 505 522 562 vir
550 506 642 562 Dei
676 506 945 573 nimium,
974 514 1038 562 ut
1068 507 1323 563 dicerent
1348 505 1847 563 circumstantium
1889 510 1935 562 A
1966 506 2053 561 vel
2103 505 2302 575 aliqua
2348 506 2591 562 dulcedo
2648 519 2916 576 superna
2975 505 3475 575 contemplationis
3525 505 3668 562 solet

135 593 399 662 quidam
433 608 445 648 :
479 594 585 649 [ste
612 592 733 664 jam
780 594 978 649 reddet
1005 594 1310 664 spiritum;
1346 596 1517 666 cujus
1546 596 1626 650 rei
1660 595 1858 650 audito

136 680 387 748 nuntio,
419 688 573 738 totus
611 690 933 738 conventus
962 682 1118 739 adest
1150 684 1318 751 illico,
1352 692 1407 740 et
1455 697 1556 753 pro
1590 683 1764 739 fratre
1796 690 1861 739 ut

138 771 332 825 morti
369 770 632 840 proximo
664 769 801 826 flent
826 778 881 826 et
908 779 1096 838 orant,
1132 780 1412 843 ungenles
1441 786 1573 827 eum
1605 772 1749 827 oleo.

226 876 260 905 «ι
296 857 554 927 Expletis
598 856 705 923 his,
753 867 1051 927 caperunt
1100 859 1358 929 psallere,
1394 867 1459 915 ut
1498 859 1557 914 in
1591 859 1689 914 tali
1741 873 1861 914 mos

136 952 237 999 est
296 946 665 1010 discrimine,
721 945 1075 1001 admirantes
1144 947 1348 1002 tandiu
1425 947 1618 1002 vivere
1684 961 1857 1017 quem

139 1047 265 1088 nec
311 1032 509 1089 ﬂatum
563 1033 836 1089 videbant
880 1034 1124 1090 trahere.
1160 1034 1474 1091 Oculorum
1520 1035 1736 1090 defecto
1770 1036 1857 1090 lu-

140 1121 317 1175 mine
348 1122 635 1177 desierant
664 1121 879 1177 moveri
912 1123 1218 1192 palpebra,
1246 1124 1366 1192 jam
1408 1123 1620 1193 pallore
1654 1124 1861 1179 infecta

142 1207 326 1274 facie,
376 1209 634 1266 membra
664 1211 862 1265 mortis
890 1210 1155 1280 rigebant
1198 1211 1431 1281 frigore.
1466 1210 1527 1266 In
1556 1225 1689 1267 arca
1717 1226 1860 1267 con-

141 1309 357 1366 sperso
400 1298 591 1352 cinere
637 1295 988 1353 festinabant
1035 1299 1241 1355 fratres
1288 1307 1540 1355 sternere
1585 1300 1857 1369 cilicium,

143 1384 259 1439 ubi
294 1398 329 1438 a
363 1399 597 1454 corpore
643 1386 896 1456 egressio
927 1387 1079 1442 fieret
1114 1387 1339 1443 anima.
1388 1388 1698 1444 Dicebatur
1743 1386 1860 1445 fere

141 1471 225 1527 ab
261 1472 575 1528 omnibus:
614 1474 767 1529 Heu!
802 1487 978 1544 quam
1012 1474 1160 1529 male
1193 1475 1572 1541 tardavimus,
1605 1490 1720 1531 non
1756 1476 1857 1531 ha-

145 1560 358 1616 bentes
403 1562 558 1630 quod
592 1576 739 1630 opus
783 1570 865 1617 est
916 1562 1038 1617 istis
1086 1562 1467 1632 patrantibus.
1500 1562 1625 1617 Non
1655 1562 1860 1618 videtis

142 1646 299 1716 quia
330 1656 414 1703 est
440 1656 703 1704 mortuus
728 1649 756 1704 ‘f

224 1751 258 1787 α
293 1735 518 1791 Interea
558 1736 781 1792 cunctis
827 1736 1191 1792 ululantibus
1235 1744 1291 1792 et
1322 1751 1423 1807 pro
1476 1737 1612 1793 boni
1661 1735 1857 1793 fratris

140 1836 398 1879 excessu
435 1838 596 1879 voces
643 1824 921 1895 lugubres
960 1825 1373 1893 emittentibus,
1401 1840 1472 1879 en
1501 1838 1680 1880 causa
1722 1826 1852 1881 uni-

145 1911 399 1966 versalis
449 1912 694 1980 pietatis,
729 1912 895 1968 beata
924 1912 1138 1967 scilicet
1168 1913 1330 1983 virgo
1358 1913 1557 1980 Maria,
1605 1912 1855 1983 gloriosa

142 2005 338 2052 mater
393 1998 824 2066 misericordia,
885 2000 975 2055 sui
1023 1999 1302 2069 capellam
1367 2009 1520 2055 mota
1568 2000 1850 2069 suspiriis,

142 2085 387 2156 indigne
418 2086 523 2141 fert
554 2086 716 2143 illum
748 2088 847 2143 tali
878 2088 1099 2143 diutius
1130 2090 1409 2158 languore
1445 2088 1667 2143 vexari.
1702 2090 1850 2144 Dum

141 2174 306 2229 enim
362 2174 482 2231 hac
527 2176 737 2231 ﬁunta
784 2176 1083 2242 fratribus,
1137 2191 1265 2232 ecce
1299 2176 1517 2232 interea
1569 2176 1706 2232 felix
1758 2177 1854 2233 illa

145 2276 461 2332 puerpera,
495 2264 671 2319 nullis
702 2264 1051 2327 videntibus,
1085 2272 1322 2333 excepto
1351 2279 1417 2319 eo
1447 2264 1549 2333 qui
1582 2264 1853 2320 morieba-

144 2357 270 2412 tur,
303 2364 363 2405 se
399 2350 637 2406 collocat
662 2351 835 2421 juxta
866 2352 992 2422 ejus
1021 2352 1255 2419 cubilia,
1305 2353 1558 2421 speciosa
1588 2351 1762 2407 nimis
1793 2351 1854 2407 in

64 2490 85 2495 ρ
143 2445 308 2493 veste
357 2438 622 2504 candida,
674 2446 752 2507 et,
800 2448 863 2496 ut
913 2439 1017 2495 sibi
1070 2440 1395 2506 videbatur,
1442 2454 1563 2495 sua
1622 2439 1853 2495 admota

144 2525 324 2580 fronti
371 2526 627 2592 dextera,
672 2527 1018 2596 loquebatur
1064 2541 1259 2583 secum
1294 2527 1428 2582 talia
1465 2542 1478 2581 :
1512 2527 1581 2582 Mi
1628 2527 1848 2595 dilecte,

145 2614 292 2683 quid
326 2613 505 2669 facis?
532 2614 723 2670 Nimia
755 2616 990 2671 attritus
1017 2629 1076 2670 es
1109 2615 1210 2670 diu
1243 2616 1523 2671 molestia.
1558 2615 1848 2686 lnjustum

143 2708 231 2756 est
277 2709 339 2757 ut
368 2702 458 2758 his
486 2702 778 2759 doloribus
810 2711 861 2759 te
912 2703 1098 2773 patiar
1130 2703 1325 2758 vexari
1370 2703 1641 2772 amplius,
1674 2718 1846 2774 quem

142 2798 201 2845 et
258 2804 364 2861 ego
418 2800 473 2846 et
532 2806 696 2848 meus
750 2792 929 2848 Filius
986 2800 1100 2847 tam
1160 2792 1432 2848 devotum
1487 2791 1651 2847 nobis
1707 2807 1849 2847 con-

144 2878 460 2948 speximus.
523 2881 643 2951 Ego
694 2881 872 2937 Mater
930 2881 1331 2937 misericordia
1374 2881 1671 2950 capellano
1723 2894 1848 2937 meo

144 2981 485 3024 succurrere
518 2969 631 3024 huc
672 2970 900 3034 adveni,
952 2985 1111 3025 nunc
1142 2970 1214 3024 ad
1265 2984 1351 3024 tne
1384 2970 1617 3039 respice,
1653 2983 1724 3025 ne
1773 2969 1841 3025 ti-

146 3069 323 3123 meas,
355 3057 563 3113 evades
606 3059 835 3127 optime.
890 3059 997 3114 Res
1030 3058 1294 3113 miranda
1322 3066 1376 3112 et
1406 3059 1629 3113 cunctis
1670 3071 1848 3114 sacu-

149 3144 219 3199 lis
267 3145 556 3215 prioribus
601 3146 897 3202 inaudita!
945 3146 1087 3202 Nam
1131 3154 1195 3202 ut
1233 3146 1342 3201 sibi
1388 3146 1693 3202 videbatur
1722 3146 1847 3216 ipsa

147 3242 330 3290 mater
359 3236 473 3305 pia,
521 3250 653 3305 qua
706 3244 791 3291 est
821 3236 1163 3291 miserorum
1218 3235 1509 3291 miseratio
1563 3242 1842 3303 materna,

147 3325 456 3380 extrahens
500 3325 667 3394 quasi
714 3338 745 3379 e
777 3324 910 3380 sinu
960 3325 1161 3390 ubera,
1203 3338 1335 3393 qua
1386 3325 1538 3379 circa
1567 3338 1630 3379 os
1681 3331 1847 3381 erant

148 3412 505 3482 perhorrida,
550 3426 716 3469 sacro
747 3412 914 3479 lacte,
948 3412 1107 3483 agri,
1143 3413 1358 3468 scilicet
1397 3411 1682 3481 capellani
1729 3412 1841 3480 sui,

146 3500 374 3570 rigabat
423 3501 634 3557 ulcera.
691 3500 815 3568 Quo
864 3500 1032 3568 facto,
1093 3500 1283 3556 statim
1336 3501 1564 3556 recessit
1623 3509 1839 3568 mater,

147 3602 318 3659 seque
368 3590 424 3645 in
471 3589 780 3660 stelligera,
829 3589 999 3659 quasi
1038 3589 1353 3645 tumultum
1402 3589 1647 3644 fratrum
1698 3589 1844 3645 ferre

148 3691 260 3733 non
288 3678 615 3745 sustinens,
652 3678 863 3748 recepit
892 3677 1123 3747 palatia.
1180 3675 1348 3733 Prius
1401 3680 1596 3733 tamen
1635 3677 1843 3749 adjecit

150 3766 451 3836 paululum
505 3767 633 3834 hoc,
691 3766 964 3837 inquiens
1005 3766 1219 3822 :Nunc
1275 3765 1481 3822 habeto
1538 3766 1841 3835 pramium

148 3855 219 3911 ob
248 3855 566 3925 impensum
619 3856 758 3911 mihi
799 3854 1120 3921 servitium,
1158 3868 1527 3925 possessurus
1574 3869 1688 3910 non
1719 3862 1843 3924 post

149 3943 390 4000 multum
449 3958 698 4015 perenne
746 3944 1047 4016 gaudium.
1109 3943 1254 3999 Nam
1300 3944 1400 4013 qui
1449 3958 1572 3999 meo
1627 3943 1842 4000 servire

151 4029 284 4085 Filio
327 4030 658 4087 studuerint
700 4039 755 4087 et
792 4031 935 4087 mihi
966 4030 1185 4096 sedulo,
1240 4031 1423 4086 securi
1457 4030 1571 4086 sint
1611 4032 1680 4086 de
1708 4029 1839 4087 facti

146 4118 353 4174 servitii
387 4120 640 4188 pramio,
677 4120 795 4175 vita
824 4121 1023 4175 vivent
1054 4134 1185 4190 qua
1213 4127 1368 4175 caret
1395 4120 1655 4175 termino.

217 4225 245 4258 ι
274 4207 409 4262 Tam
449 4207 804 4263 admiranda
835 4209 916 4264 rei
966 4207 1166 4263 audito
1196 4208 1423 4273 nuntio,
1471 4209 1703 4264 animus
1733 4222 1837 4278 pa-

150 4309 278 4351 vore
326 4295 675 4365 percellitur,
725 4296 1077 4366 obstupescit
1124 4296 1363 4352 auditus
1399 4303 1454 4351 et
1499 4297 1604 4352 hoc
1632 4310 1837 4352 verum

150 4397 264 4439 esse
313 4397 472 4439 mens
520 4383 939 4440 inconsiderata
973 4384 1235 4454 trepidat,
1290 4399 1355 4439 eo
1401 4384 1555 4455 quod
1606 4384 1835 4440 miseri-

152 4472 366 4528 cordem
435 4472 710 4528 Altissimi
775 4472 1120 4529 Genitricem
1184 4473 1272 4530 sui
1335 4472 1617 4543 capellani
1674 4486 1837 4528 sacro

153 4561 287 4616 lacte
328 4561 544 4632 rigasse
585 4561 704 4616 dixi
738 4562 953 4629 ulcera,
1005 4562 1147 4632 quia
1176 4576 1281 4616 nec
1326 4568 1500 4617 tanta
1541 4560 1837 4632 dignitatis

153 4662 402 4720 persona,
446 4663 549 4705 nec
598 4657 760 4705 tanta
788 4649 1164 4720 philosophia
1208 4648 1299 4705 vel
1332 4664 1568 4719 precum
1619 4648 1837 4705 accedit

152 4738 487 4808 eloquentia,
535 4753 666 4808 qua
704 4738 778 4794 ab
806 4738 1292 4794 excellentissima
1334 4739 1514 4793 Matre
1560 4738 1656 4793 Dei
1692 4737 1835 4808 quid

155 4826 257 4883 tale
291 4826 493 4905 debeat
542 4827 895 4897 promereri;
944 4827 1041 4882 sed
1090 4826 1135 4882 si
1168 4827 1241 4881 ad
1274 4826 1606 4881 memoriam
1654 4825 1834 4881 dedu-

155 4915 345 4982 cimus,
404 4914 690 4985 quomodo
746 4914 1067 4970 Altissimus
1096 4915 1275 4970 Filius
1332 4914 1459 4985 ejus
1506 4914 1835 4986 virgineum

156 5003 482 5059 descendere
529 5003 803 5074 dignatus
842 5010 927 5059 est
974 5003 1033 5059 in
1064 5012 1297 5059 uterum
1327 5010 1383 5059 et
1412 5011 1609 5074 postea
1653 5003 1833 5070 nasci,

157 5089 494 5158 circumcidi,
564 5091 793 5159 tentari,
861 5105 895 5146 a
954 5092 1372 5147 Pharisaorum
1435 5091 1656 5147 insidiis
1701 5104 1835 5160 per-

158 5180 327 5250 sequi,
361 5192 429 5235 ac
456 5179 687 5235 demum
718 5193 821 5248 pro
858 5180 1254 5250 peccatoribus
1298 5181 1583 5252 crucifigi,
1631 5180 1836 5237 deinde

159 5267 384 5338 sepeliri,
441 5281 743 5339 resurgere
796 5281 831 5323 a
880 5269 1125 5325 mortuis
1175 5277 1350 5339 atque
1401 5270 1473 5325 ad
1532 5269 1833 5325 dexteram

160 5355 325 5411 Patris
387 5356 747 5412 ascendendo
793 5356 1069 5412 collocare
1129 5357 1403 5428 dignatus
1438 5364 1536 5414 'est
1591 5357 1834 5413 formam

161 5451 349 5500 nostra
401 5444 778 5510 mortalitatis,
825 5459 994 5501 omne
1035 5445 1273 5501 discedit
1302 5447 1668 5517 ambiguum,
1699 5458 1834 5501 cum

162 5546 249 5603 pro
276 5532 667 5602 peccatoribus
692 5539 851 5587 tanta
879 5533 1073 5589 fecisse
1102 5534 1406 5590 recolimus
1435 5535 1634 5590 Deum.

225 5644 249 5673 «ι
300 5621 509 5677 Verum
562 5622 795 5678 nomine
847 5622 1010 5679 lactis
1063 5623 1378 5694 aliquando
1423 5623 1834 5692 misericordia,

1966 593 2238 663 exprimi.
2298 594 2460 650 Unde
2499 603 2553 650 et
2600 595 2906 664 Apostolus
2940 599 3085 650 57'!
3134 595 3214 650 ait
3246 608 3258 649 :
3294 615 3323 645 ‹‹
3363 595 3667 666 Tanquam

1968 682 2229 753 parvulis
2280 682 2337 737 in
2403 682 2628 739 Christo
2688 682 2774 738 lac
2849 683 3011 739 vobis
3067 691 3265 753 potum
3324 684 3491 750 dedi,
3555 696 3670 738 non

1966 783 2191 837 escam;
2225 789 2250 821 ι)
2286 770 2341 825 id
2383 780 2466 827 est
2516 771 2962 826 misericordiam
3022 771 3241 827 leviora
3286 770 3667 842 pracipiendo

1969 859 2202 915 indulsi.
2239 858 2384 925 Quid
2420 858 2597 930 igitur
2648 860 2859 915 mirum
2892 859 2939 914 si
2970 860 3221 929 gloriosa
3266 860 3432 931 virgo
3462 859 3665 925 Maria,

1967 955 2151 1003 mater
2181 947 2367 1002 omnis
2417 948 2641 1016 pietatis
2668 954 2723 1002 et
2752 948 3177 1015 misericordia,
3213 962 3315 1017 per
3338 946 3667 1003 similitudi-

1969 1050 2098 1092 nem
2134 1035 2297 1091 lactis
2353 1035 2530 1091 ubere
2575 1050 2679 1091 suo
2727 1049 2908 1102 sacro,
2959 1035 3037 1090 ita
3069 1036 3518 1092 misericordiam
3570 1035 3668 1091 de-

1968 1132 2100 1179 voto
2124 1138 2232 1179 suo
2278 1124 2554 1193 impendit
2600 1124 2833 1191 famulo,
2883 1124 3052 1193 cujus
3095 1138 3258 1179 sacro
3290 1124 3432 1179 lacte
3470 1132 3668 1179 tenera

1971 1213 2152 1283 ipsius
2207 1213 2653 1277 misericordia,
2713 1212 2847 1267 Jesu
2904 1211 3111 1268 Christi
3167 1211 3379 1267 scilicet
3435 1211 3663 1267 Domini

1967 1301 2188 1368 nostri,
2236 1302 2495 1356 nutritur
2523 1300 2786 1366 infantia,
2818 1299 2920 1370 qui
2961 1300 3131 1355 etiam
3166 1307 3361 1369 postea
3392 1300 3667 1369 dignatus

1966 1397 2050 1445 est
2084 1404 2186 1459 pro
2219 1389 2614 1459 peccatoribus
2641 1388 3084 1444 misericorditer
3127 1388 3316 1444 crucis
3355 1388 3499 1443 ferre
3525 1402 3665 1458 sup-

1968 1478 2135 1548 plicia
2156 1477 2184 1531 ?

2040 1588 2067 1616 ‹
2102 1567 2308 1622 Fertur
2353 1579 2587 1636 quoque
2634 1564 2688 1619 in
2738 1564 2918 1621 Gestis
2952 1564 3101 1620 beati
3131 1564 3386 1635 Dionysii
3441 1571 3665 1635 marty-

1965 1653 2065 1721 ris,
2098 1654 2337 1709 Athena
2385 1653 2620 1723 quidem
2664 1653 2845 1723 prins,
2876 1660 3068 1722 postea
3100 1666 3233 1709 vero
3275 1652 3387 1708 Deo
3414 1651 3665 1709 donante

1964 1742 2313 1799 Parisiorum
2374 1741 2824 1812 archiprasulis,
2885 1741 3007 1811 ipso
3062 1741 3226 1797 beato
3275 1741 3545 1811 Dionysio
3602 1741 3664 1797 in

1894 1800 1935 1854 Β
1963 1832 2087 1888 suis
2114 1830 2367 1901 epistolis
2405 1800 2704 1898 referente,
2735 1800 2875 1899 quia
2908 1800 3061 1885 .dum
3087 1842 3122 1884 a
3144 1800 3494 1900 quibusdam
3523 1829 3664 1886 fides

1963 1926 2175 1976 sancta
2202 1918 2415 1975 violata
2464 1917 2664 1974 fuisset
2712 1915 2997 1982 Ecclesia,
3043 1916 3247 1974 beatus
3290 1916 3512 1988 Carpus
3541 1931 3665 1987 pre-

1963 2008 2159 2078 sbyter
2187 2006 2507 2083 benignum
2527 2007 2718 2062 Jesum
2759 2005 3053 2062 Christum
3088 2011 3421 2075 precaretur
3449 2012 3513 2061 ut
3541 2018 3663 2062 sua

1961 2095 2252 2166 potestatis
2278 2095 2586 2150 vindictam
2643 2093 2701 2149 in
2743 2092 2870 2149 illos
2900 2093 3170 2157 vibraret,
3218 2092 3488 2164 apparuit
3515 2092 3567 2148 ei
3607 2099 3663 2148 et

1963 2186 2248 2257 benignus
2286 2186 2449 2240 Jesus
2494 2184 2552 2239 in
2582 2183 2942 2238 orationibus
2970 2189 3256 2251 soporato,
3301 2194 3430 2237 sum
3461 2180 3659 2235 multi-

1960 2275 2161 2331 tudine
2193 2273 2555 2343 angelorum,
2608 2271 2708 2341 qui
2740 2284 2978 2326 manum
3029 2284 3150 2326 sua
3179 2278 3391 2326 sancta
3429 2268 3661 2325 miseri-

1960 2362 2168 2420 cordia
2218 2362 2355 2432 ipsis
2432 2360 2671 2426 miseris,
2722 2359 2891 2430 quasi
2951 2359 3010 2414 in
3061 2358 3307 2415 carceris
3367 2357 3658 2428 profunda

1958 2450 2213 2520 dilapsis,
2263 2449 2584 2519 porrigens,
2616 2456 2791 2519 atque
2833 2446 3175 2519 angelorum
3223 2446 3556 2513 ministerio,
3591 2459 3659 2501 ea

1959 2544 2309 2602 sustentans,
2358 2537 2439 2591 ait
2467 2536 2632 2592 beato
2681 2536 2861 2605 Carpo
2895 2551 2908 2589 :
2939 2537 3141 2605 Carpe,
3192 2548 3373 2589 manu
3403 2534 3462 2588 in
3504 2534 3656 2599 istos,

1957 2624 2481 2682 immisericorditer
2529 2624 2860 2690 constituta,
2906 2630 2961 2679 et
3009 2636 3123 2677 non
3181 2636 3283 2693 per
3326 2621 3658 2676 misericor-

1956 2714 2117 2770 diam.
2159 2720 2423 2779 retracta,
2459 2718 2693 2781 percute
2739 2711 3048 2767 adversum
3082 2724 3191 2765 me.
3227 2710 3373 2766 Nam
3420 2716 3659 2778 paratus

1954 2815 2085 2858 sum
2111 2814 2213 2871 pro
2255 2800 2587 2856 hominibus
2628 2799 2986 2856 resalvandis
3018 2804 3224 2854 iterum
3256 2797 3395 2868 pati,
3426 2804 3483 2853 et
3511 2811 3661 2853 com-

1955 2889 2148 2959 placeo
2194 2902 2368 2958 super
2422 2887 2510 2943 his
2563 2888 2747 2959 magis
2795 2901 2972 2957 quam
3004 2900 3180 2956 super
3221 2885 3349 2941 aliis
3400 2885 3504 2956 qui
3536 2899 3653 2942 non

1957 2984 2359 3048 peccaverunt.
2418 2974 2567 3042 Quid
2613 2990 2750 3046 ergo
2795 2975 3022 3030 dubitat
3074 2974 3243 3029 homo
3293 2973 3657 3030 miserrimus

1886 3066 2258 3151 Cgloriosam
2314 3064 2548 3129 Matrem
2603 3062 3048 3143 misericordia,
3106 3062 3166 3117 in
3215 3060 3653 3118 similitudinem

1956 3154 2119 3211 lactis
2179 3153 2630 3209 m.sericordiam
2690 3159 2964 3222 prastare
3017 3151 3174 3217 suis,
3236 3150 3473 3220 quando
3533 3150 3656 3221 ipsa

1957 3241 2369 3308 misericordia,
2404 3241 2692 3311 benignus
2720 3240 2931 3296 scilicet
2960 3241 3124 3295 Jesus
3156 3238 3433 3295 Dominus
3462 3246 3656 3295 noster

1954 3330 2057 3402 qui
2090 3331 2244 3386 sedet
2291 3330 2362 3385 ad
2394 3330 2688 3385 dexteram
2719 3328 2921 3392 Patris,
2976 3327 3074 3399 qui
3119 3335 3358 3383 mortem
3382 3326 3518 3382 vicit
3549 3341 3655 3382 nec

1948 3420 2070 3491 jam
2116 3418 2368 3489 amplius
2419 3418 2572 3474 valet
2617 3417 2782 3482 mori,
2842 3417 2987 3472 mori
3015 3430 3075 3472 se
3128 3415 3272 3471 velle
3302 3415 3504 3471 asserit
3548 3429 3651 3485 pro

1954 3508 2186 3578 perfidis
2204 3508 2232 3562 ‘I
2254 3507 2466 3562 Verum
2498 3507 2603 3562 hoc
2625 3506 2837 3561 dixisse
2862 3504 3112 3560 sufficiat
3133 3504 3204 3560 ad
3226 3502 3653 3573 comprobanda

1953 3597 2052 3653 Dei
2104 3595 2284 3651 nostri
2343 3602 2397 3651 et
2451 3609 2571 3651 sua
2618 3602 2831 3650 sancta
2879 3592 3072 3649 Matris
3131 3589 3440 3662 magnalia.
3482 3590 3652 3647 Nunc

1949 3684 2131 3757 igitur
2177 3684 2481 3741 redeamus
2522 3683 2594 3739 ad
2624 3683 3016 3738 narrationem
3063 3688 3348 3749 nostram,
3391 3679 3485 3736 ubi
3519 3680 3647 3750 glo-

1950 3774 2159 3831 riosam
2192 3773 2429 3830 Matrem
2461 3772 2718 3828 diximus
2749 3778 2874 3842 post
2904 3770 3288 3827 visitationem
3322 3768 3413 3825 sui
3444 3766 3647 3824 famuli

1948 3877 2008 3919 se
2038 3862 2315 3932 recepisse
2342 3860 2400 3916 in
2434 3861 2668 3916 athera.

2025 3972 2047 4000 α
2080 3951 2254 4021 Εεθτ
2301 3963 2434 4005 vero
2494 3947 2809 4018 plurimum
2858 3945 3213 4002 confortatus
3258 3953 3343 4001 est
3390 3959 3424 4000 a
3467 3945 3647 4000 Matre

1950 4039 2196 4105 Domini,
2232 4051 2365 4093 mox
2397 4044 2574 4107 caput
2598 4035 2787 4108 erigit,
2822 4050 2925 4091 nec
2945 4036 3065 4105 jam
3095 4047 3251 4105 ager
3279 4047 3313 4088 a
3346 4033 3484 4090 lecto
3516 4048 3643 4102 pro-

1947 4126 2080 4194 silit,
2112 4135 2167 4182 et
2199 4125 2604 4182 medicandum
2648 4138 2941 4195 nusquam
2969 4122 3218 4193 respicit,
3269 4122 3392 4178 hac
3419 4122 3646 4192 ejnlans

1950 4216 2244 4271 Fratribus
2296 4214 2490 4270 intulit
2524 4229 2537 4268 :
2577 4213 2681 4269 Hic
2710 4212 2893 4269 adfuit
2927 4212 3148 4283 Regina
3186 4210 3382 4282 gloria
3411 4225 3643 4267 servum

1945 4318 2118 4359 suum
2151 4318 2239 4359 me
2289 4302 2519 4359 salvum
2568 4300 2774 4360 facere.
2807 4308 2862 4356 et
2906 4314 3008 4355 vos
3037 4298 3178 4354 nihil
3207 4298 3259 4354 ei
3306 4296 3642 4354 reverentia

1874 4393 1918 4447 D
1946 4391 2302 4458 exhibentes,
2342 4390 2613 4461 peccastis
2644 4390 2868 4460 utique,
2897 4388 3037 4444 dum
3072 4386 3292 4443 vidistis
3324 4386 3467 4457 quid
3499 4386 3643 4441 mihi

1944 4480 2172 4547 faceret,
2227 4488 2282 4537 et
2333 4478 2668 4551 neglexistis
2721 4491 2924 4548 parare
2976 4477 3077 4533 ubi
3130 4475 3506 4533 recumberet.
3566 4475 3637 4532 Et

1947 4571 2157 4634 putans
2186 4564 2337 4635 quod
2393 4564 2497 4634 ipsi
2540 4563 2822 4629 similiter,
2853 4562 3002 4618 sicut
3046 4560 3166 4632 ipse
3193 4560 3415 4616 viderat
3462 4559 3638 4616 visio-

1946 4667 2098 4720 nem,
2143 4652 2437 4719 vidissent,
2489 4652 2614 4708 ait:
2649 4652 2776 4707 Heu
2825 4665 2915 4707 me
2965 4648 3278 4706 miserum!
3336 4647 3477 4718 quia
3524 4663 3638 4704 non

1946 4740 2025 4797 fui
2082 4741 2280 4795 valens
2342 4739 2646 4797 Salvatrici
2702 4753 2842 4796 mea
2916 4751 3120 4808 parare
3178 4735 3411 4806 aliquod
3465 4736 3643 4792 sedile

1944 4827 2423 4899 pulcherrimum,
2474 4843 2607 4899 qua
2639 4828 2923 4884 immerito
2965 4824 3109 4881 mihi
3138 4830 3310 4880 tanta
3352 4823 3641 4893 sospitatis

1943 4916 2222 4987 impendit
2279 4916 2596 4973 solatium:
2635 4916 2681 4971 si
2730 4915 2883 4972 enim
2942 4912 3230 4970 tumultus
3284 4919 3470 4968 vester
3523 4925 3640 4968 non

1943 5003 2122 5071 ﬁeret,
2156 5018 2269 5060 non
2301 5011 2412 5059 tam
2444 5005 2555 5060 cito
2587 5004 2780 5060 forsan
2816 5002 3121 5059 recederet.

2016 5111 2044 5143 α
2076 5092 2321 5158 Fratres,
2356 5092 2478 5148 viso
2520 5092 2675 5163 quod
2713 5092 2793 5147 sic
2822 5096 3157 5147 surrexerat
3200 5103 3375 5159 quem
3422 5087 3638 5144 defun-

1942 5188 2099 5237 ctum
2132 5180 2381 5251 quisque
2426 5188 2748 5250 putaverat,
2793 5187 2979 5236 terror
3022 5178 3225 5249 ingens
3259 5190 3459 5233 omnes
3488 5191 3643 5247 pra-

1942 5277 2203 5340 occupat,
2233 5270 2567 5339 ignorantes
2597 5269 2752 5340 quod
2784 5268 3000 5324 factum
3047 5267 3252 5323 fuerat.
3288 5266 3479 5323 Verba
3506 5267 3641 5321 Fra-

1943 5359 2049 5414 tris
2073 5358 2272 5414 nullus
2311 5358 2707 5428 perpenderat,
2739 5364 2937 5413 tantus
2980 5369 3271 5427 quemque
3301 5362 3505 5425 stupor
3550 5356 3636 5411 in-

1943 5454 2185 5504 vaserat.
2216 5446 2547 5503 Psalmodia
2567 5460 2682 5501 vox
2702 5445 2865 5501 nulla
2889 5452 3136 5511 resonat,
3159 5444 3260 5514 qui
3285 5458 3441 5500 nunc
3467 5443 3641 5501 ﬂebat

1945 5549 2062 5606 pra
2089 5543 2245 5592 metu
2294 5543 2539 5592 resonat.
2574 5535 2800 5591 Interea
2841 5541 3179 5605 recuperata
3227 5533 3440 5589 virtute
3485 5547 3639 5603 ager

1950 5624 2008 5679 in
2036 5639 2095 5681 se
2130 5624 2313 5690 rediit,
2364 5632 2419 5681 et
2464 5624 2604 5695 quid
2631 5637 2772 5695 erga
2816 5638 2875 5680 se
2905 5623 3117 5680 factum
3149 5622 3221 5678 sit
3263 5623 3634 5693 recognoscit,
