3930 6400
285 352 424 408 1047
1321 352 1416 406 AD
1452 352 1608 408 OPP.
1648 352 1806 407 VEN.

2289 352 2309 404 Ξ
2349 348 2753 407 NOVIGENTO
3664 349 3841 405 1048

283 496 459 559 atque
498 486 775 544 fratribus
803 485 1003 544 recitat
1049 500 1150 556 per
1180 486 1459 554 ordinem,
1487 486 1637 543 sicut
1666 502 1756 543 res
1792 486 1973 543 conti-
2010 488 2058 541 A
2158 485 2240 555 (η)
2272 484 2406 541 CAP.
2458 485 2558 551 III,
2618 486 2646 553 §
2698 499 2773 541 1v.
2830 514 2901 524 —
2945 484 3091 550 Quid
3132 487 3262 556 post
3309 483 3835 539 resurrectionem

286 582 469 645 gerat,
500 575 698 645 sicque
725 582 944 630 mentes
970 588 1171 631 eorum
1216 583 1462 630 revocat.
1494 574 1870 645 Superfluum
1897 583 1982 630 est
2086 573 2325 629 vulnera
2338 572 2450 628 illa
2467 573 3193 644 reemataporlenderenl.
3218 573 3604 644 Nequaquam
3626 574 3833 643 plane

286 662 453 718 nobis
483 677 745 733 quaerere
796 664 842 719 si
874 678 1022 734 quas
1062 663 1261 719 laudes
1307 664 1376 719 de
1404 667 1563 719 tanta
1598 663 1833 735 Virgine
1867 670 1983 719 stu-
2091 676 2251 717 mens
2289 660 2549 718 Guiberti
2595 668 2699 728 est,
2735 669 2797 717 ut
2838 661 2897 716 in
2933 661 3143 716 Christi
3195 676 3431 731 corpore
3474 661 3829 716 vulnerum

288 751 544 808 duerunt
605 752 663 807 hi
722 759 862 808 tunc
915 765 1203 818 exercere,
1263 752 1364 821 qui
1428 752 1699 807 videbant
1745 752 1982 807 fratrem
2091 750 2383 805 cicatrices
2419 750 2781 815 remansisse,
2814 750 2910 804 sed
2942 764 3064 805 eam
3104 750 3500 805 tantummodo
3529 749 3604 805 ob
3651 763 3831 804 cau-

289 839 586 908 dilectum,
614 854 789 911 quem
819 848 1114 896 mortuum
1146 846 1512 909 putaverant,
1540 839 1680 896 satis
1710 838 1983 895 membris
2090 851 2213 892 sam
2246 846 2430 908 neget,
2482 851 2601 907 qua
2634 839 2903 892 niuiirrzvn
2948 837 3103 892 Patri
3136 838 3250 893 sint
3298 837 3474 893 veluti
3512 837 3695 907 signa
3746 850 3827 891 ac

288 927 506 985 vivere.
2093 926 2311 981 stimuli
2351 926 2421 980 ad
2475 926 2806 981 memoriam
2850 939 3049 980 corum
3099 925 3479 980 refricandam
3524 939 3667 994 quae
3709 924 3826 979 Fi-

2094 1014 2208 1069 lius
2236 1014 2422 1085 gratia
2454 1012 2679 1084 generis
2709 1013 2948 1069 humani
2975 1013 3227 1083 pertulit,
3256 1022 3310 1069 et
3342 1014 3409 1068 ad
3442 1021 3828 1082 extorquen-

2093 1102 2227 1157 dam
2258 1102 2332 1157 ab
2362 1116 2427 1156 eo
2475 1100 2927 1156 misericordiam
2962 1115 2974 1154 :
3009 1122 3037 1149 «
3068 1101 3191 1157 Non
3222 1101 3373 1155 enim
3419 1100 3829 1170 cogitationes

2096 1204 2257 1256 meae,
2305 1189 2677 1260 cogitationes
2722 1197 2923 1245 vestrae
2956 1204 2969 1243 :
3001 1203 3189 1258 neque
3241 1190 3349 1244 via;
3401 1196 3626 1254 vestrae,
3699 1187 3828 1243 viae

2095 1291 2255 1345 meae,
2291 1299 2318 1326 »
2355 1292 2366 1332 :
2401 1291 2499 1333 ore
2524 1277 2818 1347 quondam
2852 1277 3010 1332 Isaiae
3041 1292 3165 1346 cap.
3203 1291 3273 1333 Lv
3314 1276 3610 1346 inquiebat
3646 1276 3829 1332 Deus

2100 1366 2235 1435 ipse.
2267 1365 2397 1421 Sola
2438 1366 2565 1435 ejus
2605 1364 2829 1420 infinita
2876 1366 3123 1433 bonitas,
3157 1365 3277 1421 sola
3323 1364 3531 1420 Christi
3581 1363 3827 1420 sufficit

2098 1455 2450 1521 humanitas,
2502 1468 2618 1523 quo
2664 1462 2900 1522 paterne
2951 1454 3180 1509 veniam
3226 1453 3626 1523 peccatoribus
3682 1452 3827 1508 lar-

2099 1540 2311 1613 giatur,
2341 1538 2557 1610 gratias
2584 1545 2733 1593 578
2766 1537 2979 1595 affatim
3013 1539 3272 1594 effundat
3299 1538 3655 1594 hominibus.

2168 1629 2367 1698 Neque
2416 1628 2629 1698 pariter
2669 1627 2825 1698 quod
2871 1627 3233 1697 objectabant
3278 1626 3826 1682 Sanmedardenses

2101 1717 2395 1786 approbat,
2427 1729 2633 1786 nempe
2658 1715 2903 1771 vulnera
2933 1715 3142 1771 idcirco
3173 1724 3295 1785 post
3322 1714 3823 1770 resurrectionem

2032 1779 2518 1876 Bperseverasse,
2573 1804 2850 1874 quoniam
2916 1803 3125 1860 Christi
3195 1817 3406 1873 corpus
3464 1802 3824 1857 omnimoda

2099 1894 2368 1950 ultimum
2415 1900 2540 1962 post
2561 1892 2845 1963 judicium
2892 1892 3072 1962 gloria
3102 1893 3175 1947 sit
3215 1892 3569 1947 donandum.
3607 1889 3821 1946 Refel—

2100 1981 2164 2038 lit
2193 1989 2246 2038 et
2280 1981 2669 2051 quarumdam
2714 1980 2918 2035 deliria
2944 1980 3293 2046 vetularum,
3345 1994 3475 2049 quae
3505 1978 3820 2049 ﬁngebant

2100 2070 2410 2127 Saivatoris
2465 2069 2563 2124 illa
2615 2069 2739 2138 ipsa
2788 2068 3062 2124 continuo
3108 2082 3230 2123 esse
3286 2076 3481 2137 aperta
3527 2066 3814 2134 vulnera,

2099 2159 2437 2229 saniemque
2468 2171 2724 2212 manare.

2172 2247 2322 2315 Non,
2356 2246 2615 2317 inquam,
2668 2244 2965 2315 praefracte
2995 2244 3276 2299 diffitetur
3324 2250 3543 2309 auctor,
3600 2242 3814 2298 Domi-

2103 2350 2246 2392 num
2303 2335 2485 2390 instar
2540 2334 2991 2406 margaritarum
3061 2332 3345 2402 passionis
3400 2332 3677 2402 stigmata
3746 2331 3813 2385 in

2102 2424 2243 2481 coelo
2270 2438 2427 2479 nunc
2472 2423 2720 2492 habere;
2771 2420 3032 2491 alioquin
3078 2421 3136 2476 in
3167 2420 3259 2476 SS.
3311 2421 3505 2475 Patres
3543 2434 3669 2475 sese
3700 2420 3816 2474 eri-

2104 2527 2255 2584 gere,
2291 2525 2358 2567 ac
2389 2526 2555 2567 suam
2581 2510 2921 2567 sententiam
2950 2510 3230 2565 anteferre
3251 2509 3544 2563 videretur
3569 2507 3753 2576 (absit
3772 2508 3812 2576 ')

371 2601 683 2668 [lucusque
705 2598 883 2653 codex
914 2612 1019 2652 ms.
1055 2598 1412 2654 Corbeiensis
1442 2600 1797 2654 monasterii.
2104 2600 2317 2655 sanctis
2363 2598 2624 2654 videlicet
2672 2596 2989 2659 Ambrosio,
3050 2596 3148 2651 lib.
3210 2610 3245 2651 χ
3296 2597 3351 2650 in
3411 2595 3620 2649 Lucam
3673 2609 3809 2664 cap.

372 2689 483 2742 Lac
521 2694 575 2742 et
617 2686 678 2741 B.
735 2686 1023 2741 Bernardo
1071 2685 1475 2742 Clarevallensi
1521 2687 1777 2743 eamdem
1823 2687 1999 2744 coelo-
2104 2702 2241 2743 xxw
2270 2695 2403 2742 ante
2434 2686 2624 2751 linem,
2657 2685 2849 2752 Leoni,
2882 2699 3144 2741 sermone
3178 2689 3227 2747 1.
3271 2684 3339 2739 de
3367 2684 3720 2749 Resurrect.,
3752 2690 3815 2739 et

301 2790 435 2833 rum
479 2775 760 2845 Reginam
810 2774 1085 2831 infudisse
1133 2775 1327 2831 ferunt
1360 2776 1664 2844 scriptores
1696 2776 1997 2847 nonnulli,
2106 2777 2253 2832 aliis.
2316 2774 2504 2842 Quare
2550 2788 2689 2845 ergo
2744 2774 3051 2830 vulnerum
3110 2772 3448 2828 cicatrices?
3509 2772 3579 2828 Ut
3631 2770 3809 2826 fidem

300 2864 396 2919 sed
430 2878 548 2933 quo
598 2861 911 2918 fulciautur
950 2875 1083 2917 vero
1124 2862 1403 2932 judicent,
1441 2861 1541 2932 qui
1595 2870 1753 2933 gesta
1784 2863 1937 2920 illius
1964 2877 1999 2919 a
2106 2865 2394 2929 roborent,
2427 2863 2684 2918 solentur
2715 2862 2929 2931 fideles,
2962 2861 3121 2931 impii
3150 2860 3465 2930 aliquando
3488 2858 3813 2929 ignominia

303 2951 488 3007 tribus
543 2949 887 3021 synchronis
937 2949 1271 3006 auctoribus
1324 2958 1565 3006 exarata
1621 2950 1996 3021 (quibuscum
2106 2951 2539 3009 suffundantur.
2576 2951 2662 3006 Ita
2701 2955 2946 3021 August.
2995 2950 3095 3005 lib.
3126 2963 3244 3004 χχιι
3281 2948 3350 3003 de
3389 2948 3632 3002 Civitate
3678 2947 3809 3012 Dei,

301 3052 586 3128 perquam,
647 3038 1014 3128 familiariter
1075 3038 1401 3128 Bernardus
1460 3047 1545 3094 est
1603 3042 1996 3110 conversatus)
2037 3071 2078 3128 ρ
2108 3055 2232 3111 cap.
2271 3042 2334 3094 19
2380 3048 2434 3095 et
2464 3042 2561 3106 20;
2607 3039 2820 3095 Euseb.
2853 3038 3130 3105 Gallican,
3163 3039 3283 3093 sive
3325 3038 3669 3103 Eucherius,
3703 3052 3809 3092 seu

300 3126 676 3183 excusserint.
711 3124 838 3192 Quo
869 3125 1079 3181 etenim
1109 3126 1278 3182 modo
1312 3126 1433 3181 fieri
1479 3134 1661 3196 potest
1690 3135 1754 3183 ut
1785 3127 1996 3195 relatis,
2050 3124 2077 3128 ’⁷
2107 3129 2277 3184 etiam
2332 3128 2526 3183 Faust.
2584 3128 2845 3197 Regiens.
2879 3126 3076 3181 homil.
3125 3125 3279 3181 feriae
3308 3127 3338 3179 3
3386 3132 3507 3194 post
3560 3125 3804 3192 Pascha,

302 3215 455 3271 ultra
485 3222 736 3282 centum,
791 3214 1103 3282 miraculis,
1153 3214 1259 3269 hoc
1308 3222 1423 3269 tam
1472 3215 1695 3286 insigne
1726 3214 2002 3271 oblivioni
2110 3215 2390 3271 Caesarius
2418 3215 2652 3281 Arelat.,
2707 3214 2901 3270 bomil.
2933 3215 3021 3269 23.
3060 3212 3162 3268 Sed
3195 3221 3250 3269 et
3294 3214 3604 3270 Guibertus
3636 3227 3810 3282 aper-

301 3303 690 3360 tradideriut?
736 3303 821 3359 Ita
848 3303 1015 3358 Joan.
1064 3302 1343 3359 Bertelius
1374 3303 1450 3359 lib
1485 3318 1583 3358 VIII
1616 3304 1673 3358 in
1721 3304 2000 3375 Regulam
2110 3302 2321 3360 tissime
2349 3302 2406 3358 id
2437 3300 2689 3358 affirmat
2729 3315 2854 3370 cap.
2886 3304 2916 3355 3
2944 3301 3197 3371 epistolae
3227 3302 3304 3356 De
3342 3302 3582 3357 veritate
3614 3299 3804 3355 Domi-

304 3390 355 3446 S.
420 3389 700 3446 Benedicti
729 3405 746 3459 ;
796 3404 970 3460 quem
1027 3390 1411 3459 Chrysostom.
1466 3391 1821 3461 Heuricquez
1866 3405 2001 3447 con-
2111 3392 2221 3446 nici
2253 3390 2526 3461 corporis,
2563 3403 2695 3460 pag.
2748 3389 2870 3444 284.
2908 3389 2966 3443 C.
3002 3408 3030 3441 α
3058 3388 3202 3456 Quid
3235 3389 3388 3459 quod
3436 3388 3493 3442 in
3522 3388 3664 3444 cmlo
3696 3402 3806 3457 po-

303 3478 450 3535 futat
478 3478 537 3533 in
571 3477 887 3548 Menologio
920 3477 1142 3533 Cistert.
1176 3477 1249 3532 ad
1279 3477 1428 3533 diem
1467 3481 1528 3532 13
1559 3478 1713 3545 Maii,
1744 3486 1799 3534 et
1820 3482 2004 3549 Auge-
2111 3480 2257 3536 situs
2285 3491 2359 3534 ne
2387 3478 2634 3534 vulnera
2662 3478 2895 3548 quidem
2939 3490 3046 3532 sua
3072 3477 3374 3543 obducere,
3408 3484 3510 3531 aut
3536 3475 3803 3531 servilem

305 3565 397 3623 lus
424 3565 749 3636 Maurique,
780 3564 988 3620 Annal.
1020 3564 1367 3621 Cistertiens.
1404 3572 1539 3622 tom.
1575 3567 1645 3634 ll,
1678 3581 1814 3622 ann.
1842 3570 1999 3635 1153,
2110 3568 2354 3624 formam
2378 3609 2391 3635 ,
2449 3580 2625 3637 quam
2686 3567 2744 3621 in
2798 3565 2996 3622 futuro
3048 3564 3479 3635 repraesentabit
3543 3563 3760 3636 judicio
3782 3604 3800 3632 ,

304 3667 429 3724 cap.
468 3656 555 3709 l2.
2110 3670 2327 3714 exuere
2349 3655 2552 3724 voluit,
2584 3675 2613 3705 »
2645 3662 2751 3711 etc.

436 1081 465 1109 «
498 1060 793 1116 Benedicta
819 1059 892 1114 sit
920 1058 1051 1114 talis
1081 1060 1343 1128 Domina,

431 1148 569 1215 Qum
598 1147 679 1204 sic
707 1146 829 1203 suis
857 1147 961 1203 fert
994 1148 1397 1215 medicamina,

430 1237 558 1304 Ipsa
587 1234 751 1291 nobis
782 1235 878 1289 fiat
908 1235 1155 1305 propitia

433 1324 664 1379 Donans
691 1324 858 1379 nobis
887 1323 1020 1379 vitae
1052 1323 1303 1379 remedia

434 1411 563 1468 Nati
594 1411 704 1478 sui,
735 1426 986 1481 suosque
1012 1412 1293 1476 servulos,

434 1503 483 1556 A
516 1501 761 1570 peccatis
792 1500 963 1555 faciat
993 1499 1231 1565 liberos;

432 1589 663 1658 Nosque
686 1602 785 1657 per
814 1595 1154 1643 cunctorum
1182 1589 1408 1644 dierum
1439 1588 1751 1655 curricula,

437 1675 567 1730 Suis
590 1674 882 1744 obsequiis
911 1674 1114 1729 reddat
1142 1674 1374 1729 idoneos
1406 1689 1419 1729 :

433 1763 547 1819 Deo
577 1777 727 1833 pura
754 1776 859 1817 nos
891 1762 1244 1829 habitacula,

437 1851 607 1919 Aptet
634 1850 885 1905 mundos
913 1849 987 1905 ab
1018 1849 1175 1905 omni
1209 1849 1456 1917 macula,

440 1939 511 1995 Ut
543 1946 665 2007 post
690 1937 869 2008 hujus
908 1939 1038 1993 vitae
1060 1936 1374 2002 curricula,

436 2027 804 2084 Gaudeamus
830 2042 1023 2083 secum
1051 2026 1108 2082 in
1141 2028 1372 2083 secula.

444 2117 584 2183 Ejus
612 2130 737 2186 ope,
772 2116 897 2185 ejus
926 2115 1199 2181 antidoto,

439 2205 653 2260 Mundo
681 2205 839 2260 salus
870 2205 1034 2260 rediit
1062 2205 1319 2273 perdito;

441 2291 556 2361 Ipsi
586 2291 731 2359 laus,
766 2306 885 2347 una
910 2306 1044 2347 cum
1077 2292 1321 2362 glorioso
1348 2306 1454 2347 suo
1481 2291 1646 2357 Filio,

440 2379 655 2444 Honor,
682 2378 888 2443 virtus,
922 2385 1097 2447 atque
1120 2378 1407 2446 jubilatio,

438 2467 718 2536 Tempore
746 2473 1039 2536 perpetuo.
1071 2469 1274 2522 Amen.
1313 2487 1340 2516 ι

768 3950 955 4051 AD
1027 3949 1546 4056 LIBROS
1623 3952 2306 4056 GUIBERTI
2387 3951 2574 4054 DE
2641 3952 2978 4053 VITA
3043 3948 3343 4055 SUA.

381 4255 542 4322 Quod
592 4253 1118 4325 splendidissimum
1164 4255 1321 4312 orbis
1362 4256 1596 4313 oculum
1628 4258 1688 4313 Β.
1738 4258 2010 4329 Augusti-
2045 4259 2089 4313 D
2122 4258 2567 4328 baereticamque
2602 4258 2963 4328 pravitatem,
3001 4256 3447 4316 Manichaeorum
3483 4256 3613 4313 faece
3648 4256 3792 4312 exci-

312 4356 456 4399 num
514 4341 691 4397 fuerit
741 4340 1051 4398 Guibertus
1103 4343 1365 4413 exemplo
1432 4346 1693 4414 proxime
1750 4354 2002 4413 secutus,
2117 4353 2317 4414 tatam,
2366 4345 2653 4413 evelleret,
2704 4353 2760 4402 et
2795 4359 2990 4402 coram
3044 4345 3376 4416 disputavit,
3427 4353 3482 4400 et
3532 4353 3794 4401 tractatus

310 4429 447 4486 vita:
486 4427 666 4498 ipsius
711 4429 954 4499 priorem
990 4429 1204 4487 librum
1256 4432 1358 4502 qui
1409 4432 1624 4503 legerit,
1662 4433 1829 4503 plane
1879 4433 2006 4489 ani-
2116 4434 2314 4491 edidit.

313 4518 652 4574 madvertet.
699 4517 1063 4589 Augustinus
1097 4518 1240 4575 libro
1282 4522 1376 4576 cui
1426 4521 1660 4577 titulum
1706 4522 1834 4578 fecit
1867 4523 2007 4579 Con-
2188 4523 2472 4579 therum
2512 4536 2632 4579 non
2677 4521 2909 4579 defuere
2957 4521 3209 4578 celebres
3257 4530 3312 4578 et
3341 4521 3437 4578 alii
3483 4522 3787 4591 scriptorcs,

295 4605 611 4675 fessionee,
670 4604 803 4661 vitae
855 4620 976 4662 suae
1028 4606 1245 4663 deﬂens
1297 4616 1461 4664 actus
1516 4610 1800 4678 percurrit
1852 4626 1869 4663 :
1918 4610 2011 4665 hic
2118 4611 2221 4682 qui
2281 4625 2350 4667 ea
2430 4625 2563 4681 quae
2638 4618 2930 4681 gesserant
3005 4611 3351 4680 scripserant
3416 4609 3787 4679 potissimum,

314 4694 531 4766 pariter
578 4693 740 4750 libris
785 4695 855 4750 de
909 4694 1029 4750 vita
1075 4709 1201 4764 sua,
1254 4696 1429 4766 priori
1490 4696 1760 4766 maxime,
1811 4712 2010 4769 geme-
2120 4698 2431 4769 posteritati
2476 4699 2927 4768 consignarunt;
2958 4698 3118 4754 velut
3149 4698 3547 4766 Hieronymus,
3579 4696 3790 4752 Genna-

314 4782 547 4839 bundus
601 4783 776 4838 vitam
829 4782 1023 4839 recolit
1069 4790 1429 4853 anteactam;
1465 4784 1556 4840 ille
1599 4799 1856 4841 summas
1897 4786 2010 4841 Deo
2120 4786 2271 4853 dius,
2305 4786 2476 4852 Beda,
2512 4785 2859 4857 Sigebertus,
2887 4794 3020 4852 etc.,
3054 4786 3110 4841 id
3141 4794 3413 4856 praestare
3443 4799 3558 4841 non
3585 4784 3679 4841 abs
3712 4798 3786 4844 re.

312 4879 502 4942 grates
532 4885 635 4944 pro
676 4871 916 4929 infinitis
948 4871 1007 4927 in
1036 4886 1097 4927 se
1145 4871 1366 4928 collatis
1409 4872 1699 4929 beneficiis
1741 4875 1858 4945 agit
1889 4889 1901 4928 :
1933 4874 2009 4930 si-
2120 4875 2384 4946 quinimo
2410 4873 2780 4945 profuturum
2813 4875 3052 4929 duxere.

312 4960 521 5016 militer
561 4967 615 5015 et
648 4960 787 5030 iste;
820 4959 993 5016 matri
1025 4959 1062 5016 S
1131 4960 1499 5032 Augustinus
1531 4961 1602 5017 ab
1654 4962 1915 5032 improba
1957 4969 2013 5018 et
2596 4964 2691 5017 AD
2732 4963 2995 5020 LIBRUM
3034 4961 3337 5018 PRIMUM.

313 5046 585 5103 haeretica
604 5047 1024 5104 consuetudine
1041 5056 1377 5105 revocatum
1399 5063 1539 5115 sese,
1552 5046 1663 5105 fert
1678 5057 2006 5121 acceptum:
2192 5052 2276 5123 (ιδ)
2304 5052 2437 5108 CAP.
2468 5051 2512 5107 Ι.
2540 5081 2608 5091 -
2642 5053 2790 5104 Cum
2817 5050 2967 5121 quod
2994 5065 3254 5117 emanas,
3302 5047 3564 5103 omnibus
3587 5046 3782 5102 debeas.

313 5132 627 5190 Guibertus
678 5133 737 5190 in
770 5136 927 5191 hunc
975 5136 1229 5204 modum,
1266 5137 1421 5207 quod
1451 5151 1482 5193 e
1528 5139 1813 5208 corruptis
1845 5141 2012 5194 mori-
2123 5141 2241 5197 Hoc
2285 5148 2384 5202 est,
2419 5138 2623 5210 gratia;
2668 5153 2738 5194 ac
2764 5138 3055 5202 beneficia,
3100 5151 3232 5208 quae
3279 5150 3351 5193 ex
3383 5136 3603 5191 decreto
3630 5142 3783 5205 atque

316 5221 427 5278 bus
472 5235 507 5277 a
560 5229 742 5278 matre
817 5223 1120 5279 traductus
1172 5224 1364 5288 fuerit,
1441 5225 1691 5297 ingenue
1757 5226 2009 5295 fatetur;
2118 5241 2195 5284 ex
2222 5239 2499 5298 congruo,
2531 5239 2647 5281 non
2671 5238 2745 5281 ex
2774 5224 3058 5296 condigno
3081 5224 3169 5290 (ut
3199 5224 3519 5293 loquuntur
3545 5222 3780 5293 theologi)

318 5309 475 5378 prior
516 5316 758 5365 matrem
810 5310 953 5365 mire
1009 5310 1245 5382 laudat;
1295 5312 1374 5369 ita
1402 5321 1456 5368 et
1488 5315 1763 5383 posterior
1807 5328 2010 5386 suam;
2121 5316 2181 5371 in
2213 5314 2471 5370 homines
2518 5313 2744 5368 infinita
2779 5319 2878 5368 tua
2907 5312 3152 5379 bonitas,
3202 5311 3503 5367 clementia
3534 5311 3781 5366 immensa

316 5395 506 5452 verbis
548 5403 724 5466 atque
754 5396 985 5465 scriptis
1025 5396 1221 5453 doctor
1256 5398 1346 5455 ille
1388 5400 1732 5457 Manichaaos
1767 5408 1823 5457 et
1853 5410 2015 5460 caete-
2121 5402 2396 5459 continuo
2459 5401 2666 5457 emittit
2722 5400 2983 5470 (verbum
3043 5402 3280 5455 emanat
3337 5414 3402 5455 eo
3461 5398 3564 5455 loci
3624 5398 3783 5455 active

318 5497 431 5553 ros,
462 5484 564 5555 qui
595 5498 700 5540 suo
729 5484 941 5540 saeculo
970 5496 1341 5552 emerseram,
1375 5487 1666 5544 haeretices
1698 5490 2012 5546 insectatus
2124 5491 2462 5560 usurpatur)
2521 5496 2575 5545 et
2622 5487 2885 5555 effundit,
2946 5489 3217 5544 omnibus
3282 5487 3451 5557 plane
3508 5486 3778 5543 debentur.

315 5578 400 5627 est
432 5586 444 5626 :
478 5571 659 5627 abbas
710 5585 946 5642 quoque
984 5576 1179 5625 noster
1225 5582 1286 5628 ut
1337 5574 1637 5631 Iudaicam
1687 5577 2009 5647 perfidiam,
2121 5578 2324 5635 Nonne
2359 5576 2613 5634 universi
2660 5577 2818 5633 orbis
2854 5576 3126 5632 Conditor
3165 5590 3299 5631 cum
3348 5575 3441 5643 sit,
3476 5575 3641 5631 rebus
3678 5588 3783 5633 asc
