3930 6402
79 375 238 428 1049

1389 379 1609 436 ΒΟΜΝΙ
1649 381 1708 434 L.
1749 377 2094 436 D’ACHERY
2132 381 2353 438 NOT/E.

3464 389 3604 443 1050

71 507 304 564 creatis
336 521 451 564 non
481 508 975 564 conservationem
1019 509 1204 577 modo,
1239 509 1381 580 quin
1405 518 1458 566 et
1489 510 1791 581 perfectio-
1830 512 1877 565 Α
1903 511 2169 567 scientias
2201 512 2367 578 Galli,
2398 512 2590 580 Angli,
2636 513 2777 580 Itali,
2813 521 2868 570 et
2899 515 2996 571 alii
3028 516 3268 572 hausere
3299 515 3606 587 quamplu-

75 611 229 652 nem
293 605 494 666 sponte
541 597 746 652 debere
811 598 988 652 Deum
1043 599 1253 654 clamat
1305 607 1536 665 natura,
1585 600 1796 654 divinae

77 685 414 754 Scripturae
463 684 832 739 asseverant?
864 686 936 740 At
981 685 1038 740 in
1076 700 1269 741 rerum
1317 695 1526 742 natura
1571 687 1617 742 si
1669 700 1798 758 gra-

79 774 316 828 tuitum
347 773 697 842 ejuscemodi
729 773 984 829 debitum
1016 776 1368 842 agnoscitur,
1419 791 1557 831 num
1600 774 1798 844 potiori

78 861 326 916 ratione
352 862 408 915 in
441 869 594 916 statu
653 861 872 932 gratiae,
915 877 1045 918 cum
1079 863 1149 918 sit
1181 864 1322 929 fons,
1357 865 1546 934 inquit
1579 872 1798 928 auctor,

83 969 116 998 ‹‹
155 963 193 1004 a
224 964 347 1019 quo
367 949 561 1004 omnia
587 951 738 1004 bona
762 951 1098 1019 procedunt,
1135 974 1162 999 ››
1193 952 1476 1022 quidquid
1503 954 1801 1008 hominum

78 1037 270 1092 saluti
299 1036 745 1108 perfectionique
766 1039 1052 1105 convenit,
1098 1040 1282 1106 illum,
1313 1065 1333 1089 ι
1386 1043 1555 1111 cujus
1591 1051 1804 1097 natura

81 1125 353 1190 bonitas,
382 1126 550 1194 cujus
573 1125 966 1182 miserationes
985 1141 1159 1197 super
1183 1129 1377 1196 omnia
1405 1141 1581 1198 opera
1610 1131 1755 1200 ejus,
1775 1151 1796 1178 ι

80 1227 376 1268 emanare
409 1215 746 1280 necessario,
794 1215 933 1284 quia
981 1215 1037 1270 id
1095 1231 1286 1272 secum
1324 1217 1395 1273 ab
1427 1225 1639 1273 aeterno
1681 1227 1802 1272 sta-

83 1302 300 1367 tuerit,
346 1301 506 1356 fateri
536 1317 830 1357 necessum
863 1302 995 1358 est?

164 1389 240 1442 Et
290 1388 412 1444 haec
459 1403 596 1444 sane
646 1405 760 1444 non
819 1389 897 1444 ita
947 1391 1189 1446 obscure
1256 1392 1445 1448 innuit
1493 1392 1805 1450 Guibertus

82 1474 193 1530 lib.
235 1491 336 1529 VIII
385 1475 441 1530 in
487 1475 686 1532 Genes.
739 1491 862 1546 cap.
915 1493 1048 1533 xxxr
1097 1480 1167 1534 ad
1215 1493 1364 1534 vers.
1412 1483 1464 1533 7.
1510 1499 1537 1531 α
1567 1481 1668 1536 Sed
1705 1495 1799 1550 pa-

84 1571 179 1618 ter
233 1571 426 1618 vester
472 1565 852 1620 circumvenit
901 1581 1010 1631 me,
1050 1588 1070 1613 »
1121 1575 1222 1621 etc.
1268 1568 1402 1622 Ait:
1443 1589 1462 1615 ε
1516 1569 1638 1623 Non
1673 1584 1800 1638 per-

84 1651 254 1706 misit
286 1666 420 1706 eum
475 1653 624 1707 Deus
649 1660 709 1708 ut
755 1662 983 1709 noceret
1024 1654 1183 1719 mihi,
1217 1655 1271 1709 id
1302 1663 1404 1722 est,
1443 1671 1575 1711 cum
1607 1657 1677 1711 sit
1704 1672 1800 1711 es-

83 1739 418 1795 sentialiter
466 1741 634 1807 Deus,
685 1741 1100 1812 propriumque
1151 1743 1262 1796 Deo
1306 1743 1376 1797 sit
1421 1751 1484 1798 ut
1525 1743 1596 1798 sit
1647 1744 1798 1813 pius,

85 1829 222 1898 ipsa
250 1843 361 1883 sua
395 1829 678 1884 naturalis
703 1829 888 1898 gratia
929 1844 1043 1884 non
1076 1829 1209 1884 sinit
1239 1844 1372 1885 eum
1401 1837 1466 1886 ut
1496 1831 1802 1887 imminens

86 1917 434 1972 tentationis
510 1917 773 1987 praelium
848 1918 1199 1987 permitteret
1258 1918 1404 1974 verti
1457 1919 1514 1973 in
1557 1920 1800 1975 exitium

91 2006 233 2059 mei.
273 2026 302 2052 »
1471 2055 1474 2060 .

171 2090 270 2162 (²⁶)
307 2093 444 2147 ῙΒίθο
478 2121 547 2132 ·-·
569 2091 800 2158 Quoties
827 2109 930 2163 per
950 2093 1228 2164 peccandi
1246 2094 1645 2149 necessitatem
1669 2113 1800 2167 pec-

90 2197 237 2234 care
266 2181 600 2252 compellor.
629 2183 708 2236 Ea
738 2182 1068 2238 necessitate
1090 2198 1267 2253 quam
1286 2185 1540 2254 gentium
1574 2187 1798 2241 Doctor.

95 2269 172 2324 ad
209 2270 373 2324 Rom.
409 2285 483 2324 vu
536 2270 704 2325 deflet
732 2285 744 2324 :
773 2290 800 2321 α
831 2270 955 2325 Non
1004 2273 1156 2326 enim
1210 2273 1367 2341 quod
1417 2273 1544 2328 volo
1585 2275 1801 2332 bonum

94 2357 213 2412 hoc
259 2357 449 2413 facio:
483 2358 581 2412 sed
615 2359 770 2428 quod
817 2359 946 2414 nolo
1003 2359 1219 2414 malum
1281 2359 1388 2415 hoc
1435 2374 1565 2432 ago.
1627 2384 1646 2410 ι
1685 2365 1798 2419 Et:

97 2465 127 2496 ‹‹
171 2446 351 2501 Video
379 2445 547 2501 aliam
598 2446 776 2516 legem
830 2447 885 2500 in
923 2448 1196 2503 membris
1240 2459 1659 2520 repugnantem
1693 2452 1801 2522 legi

98 2534 314 2590 mentis
341 2549 498 2602 meae,
531 2542 585 2590 et
616 2535 908 2604 captivum
956 2550 1044 2591 me
1082 2535 1382 2591 ducentem
1419 2537 1476 2592 in
1519 2539 1640 2608 lege
1671 2554 1804 2609 pec-

97 2625 238 2688 cati,
300 2644 320 2671 ι
365 2632 471 2678 etc.
521 2623 682 2680 Unde
747 2624 1111 2694 Augustinus
1165 2624 1556 2694 Simpliciano,
1603 2628 1700 2683 lib.
1764 2646 1800 2696 ι,

98 2718 312 2780 quaest.
349 2713 368 2765 1
451 2711 559 2766 sub
604 2711 856 2767 medium
902 2712 1274 2781 respondens,
1309 2714 1469 2769 Pauli
1501 2717 1676 2770 verba
1701 2731 1801 2771 ex-

98 2800 340 2868 planat:
381 2821 400 2848 ε
460 2800 577 2854 Hoc
609 2808 801 2855 autem
842 2799 966 2854 ideo
999 2808 1181 2856 totum
1213 2801 1441 2868 dicitur,
1479 2811 1539 2858 ut
1567 2805 1803 2859 demon-

97 2899 323 2946 stretur
380 2890 596 2946 homini
651 2891 875 2959 captivo
927 2905 1038 2946 non
1072 2905 1194 2947 esse
1231 2895 1698 2962 praesumendum
1738 2896 1805 2952 de

99 2979 336 3033 viribus
376 2979 515 3045 suis,
566 2987 671 3033 etc.
728 2979 844 3033 Hoc
897 2980 1048 3034 enim
1091 2988 1264 3035 restat
1313 2981 1369 3035 in
1428 2982 1533 3037 ista
1581 2984 1802 3039 mortali

1907 600 2037 655 rimi
2075 601 2228 656 haud
2273 601 2530 671 vulgaris
2576 603 2851 658 doctrinae
2893 603 3231 674 pietatisque
3271 604 3400 670 viri,
3447 619 3598 674 quo-

1909 704 2036 744 rum
2069 689 2137 744 ad
2170 704 2296 759 cap.
2331 695 2361 743 7
2395 690 2638 758 praefatae
2671 691 2813 747 Vitae
2841 693 3150 749 nonnullos
3173 693 3490 764 attigimus.

1982 778 2221 833 Posthac
2249 778 2306 832 in
2343 777 2524 834 Gallia
2580 780 2870 834 restitutas
2919 795 3038 836 esse
3091 780 3605 850 ﬂoruissequellit—

1908 874 2059 922 teras
2095 867 2345 936 produnt
2373 867 2678 936 scriptores
2711 883 2722 920 :
2762 868 2855 922 sed
2891 869 3142 923 maxime
3176 868 3439 924 Lauduni
3472 867 3606 924 Cla-

1910 954 2048 1020 vati,
2122 954 2350 1008 doctore
2437 953 2726 1022 Anselmo,
2786 955 2994 1010 Glossae
3066 956 3446 1011 interlinearis
3492 969 3604 1010 au-

1909 1049 2080 1105 ctore;
2167 1042 2268 1111 qui
2339 1041 2528 1112 Magni
2605 1041 2875 1109 Anselmi,
2948 1043 3252 1098 Lanfranci
3318 1041 3603 1111 discipuli,

1909 1130 2139 1185 auditor
2186 1127 2501 1185 exstiterat.
2559 1130 2788 1185 Parisiis
2835 1145 3067 1200 quoque
3114 1130 3473 1196 Abaelardus,
3539 1144 3608 1185 ac

1910 1219 2191 1274 Robertus
2226 1219 2444 1284 Pullus,
2497 1226 2622 1287 post
2671 1220 2903 1274 modum
2956 1217 3267 1273 cardinalis
3295 1225 3349 1273 et
3379 1215 3606 1272 cancel—

1912 1306 2090 1360 larius
2120 1304 2174 1360 S.
2209 1305 2280 1360 R.
2320 1307 2382 1360 E.
2429 1306 2537 1360 sub
2569 1306 2863 1360 Innocent.
2899 1307 2963 1360 ll.
3000 1305 3120 1371 Quo
3150 1305 3320 1360 etiam
3354 1313 3606 1374 tempore

1909 1393 2116 1449 scholae
2144 1393 2197 1448 S.
2237 1394 2474 1450 Victoris
2527 1394 2705 1449 Paris.
2749 1394 3088 1450 celebriores
3134 1407 3386 1449 evasere.
3439 1393 3603 1449 Abae-

1911 1482 2078 1543 lard.,
2136 1481 2296 1551 epist.
2336 1485 2385 1542 1.
2420 1481 2550 1538 Vita
2582 1481 2635 1537 S.
2669 1481 2929 1550 Gosuini,
2990 1495 3115 1551 cap.
3168 1482 3219 1535 4.
3271 1482 3348 1536 De
3399 1480 3607 1536 scholis

1911 1569 2390 1622 monasteriorum
2441 1567 2549 1622 late
2578 1569 2805 1639 egimus
2833 1569 3117 1636 observat,
3151 1567 3221 1622 ad
3251 1581 3373 1636 cap.
3405 1567 3439 1620 4
3465 1567 3605 1622 Vitae

1909 1654 2062 1710 beati
2096 1655 2418 1723 Lanfranci,
2453 1671 2582 1726 pag.
2618 1660 2704 1711 35.

1982 1742 2070 1813 (ιθ)
2106 1744 2239 1799 CAP.
2275 1745 2397 1800 VII.
2435 1775 2503 1784 —
2532 1745 2913 1801 Contendebat
2957 1745 3204 1816 denique
3248 1749 3437 1800 mater
3477 1758 3607 1797 mea

1909 1831 2317 1888 ecclesiasticis
2379 1832 2664 1900 beneﬁciis
2711 1848 2806 1888 me
2849 1849 3071 1904 quoquo
3119 1832 3282 1886 modo
3327 1830 3604 1886 inserere.

1910 1921 2070 1987 Quod
2126 1922 2286 1976 virus
2337 1913 2547 1977 mirum
2594 1922 2650 1976 in
2697 1922 2928 1977 modum
2960 1921 3219 1990 serpebat
3251 1920 3360 1976 sub
3409 1919 3606 1974 eadem

1911 2019 2166 2080 tempora
2197 2024 2209 2063 :
2237 2023 2305 2064 ac
2336 2018 2633 2080 propterea
2664 2010 2935 2067 Urbanus
2965 2011 3013 2064 Il
3045 2009 3258 2066 Concil.
3295 2009 3492 2064 Roma.
3521 2021 3605 2073 ιιι,

1911 2111 2047 2152 ann.
2103 2099 2236 2153 1099
2276 2098 2576 2164 celebrato,
2608 2097 2850 2152 sancivit
2882 2098 3016 2166 jcap.
3051 2099 3080 2149 5
3115 2112 3126 2151 :
3162 2097 3252 2163 Ut,
3287 2117 3315 2145 «
3349 2096 3605 2165 quicun-

1912 2202 2024 2256 que
2055 2186 2364 2256 cupiditate
2397 2194 2722 2256 parentum,
2753 2200 2884 2241 cum
2915 2185 3106 2240 adhuc
3134 2191 3322 2240 essent
3356 2182 3606 2253 parvuli,

1911 2273 2177 2329 ecclesias
2237 2274 2324 2329 vel
2388 2275 2760 2329 ecclesiarum
2823 2274 3098 2329 beneﬁcia
3166 2287 3266 2342 per
3331 2271 3607 2342 pecunias

1913 2363 2098 2431 adepti
2159 2371 2314 2429 sunt,
2378 2371 2682 2431 postquam
2723 2375 2820 2416 eas
2862 2361 3096 2417 omnino
3149 2361 3513 2426 dimiserunt,
3564 2357 3611 2414 si

1916 2451 1972 2504 in
2002 2450 2069 2505 iis
2097 2450 2368 2505 canonice
2390 2450 2583 2504 vivere
2609 2449 2915 2514 voluerint,
2950 2463 3051 2518 pro
3083 2447 3471 2504 misericordia
3499 2445 3610 2502 ibi-

1913 2537 2041 2592 dem
2073 2551 2170 2592 eos
2199 2550 2320 2591 esse
2363 2537 2748 2603 concedimus,
2790 2559 2810 2585 ι
2846 2545 2951 2592 etc.
2985 2536 3090 2592 Sed
3130 2536 3302 2590 libeat
3331 2533 3610 2588 strenuis-

1913 2627 2124 2680 simum
2156 2625 2548 2680 ecclesiasticae
2595 2625 2904 2694 disciplinae
2956 2631 3432 2695 propugnatorem
3475 2623 3606 2675 Ber-

1913 2714 2184 2780 nardum,
2245 2713 2519 2769 Guiberto
2568 2714 2868 2784 aequalem,
2918 2713 3120 2769 audire
3165 2712 3328 2782 epist.
3369 2711 3458 2776 4'2,
3490 2709 3610 2764 sive

1915 2809 2139 2856 tractat.
2179 2802 2255 2856 De
2287 2801 2541 2856 moribus
2569 2810 2624 2856 et
2653 2802 2838 2856 ofﬁcio
2867 2801 3042 2870 episc.
3077 2800 3285 2856 «Nunc
3318 2812 3449 2853 vero
3470 2796 3610 2867 quia

1913 2891 2033 2945 sola
2107 2890 2422 2945 attenditur
2487 2890 2686 2960 gloria,
2729 2898 2782 2945 et
2833 2905 2945 2944 non
2986 2902 3172 2959 ptena,
3229 2901 3443 2958 purum
3490 2899 3611 2941 esse

1913 2980 2183 3035 clericum
2225 2979 2588 3034 erubescitur
2645 2979 2701 3033 in
2742 2977 3011 3042 Ecclesia,
3039 2992 3216 3047 seque
3243 2976 3386 3030 viles
3414 2982 3468 3030 et
3514 2973 3611 3028 in-

99 3067 225 3122 vita
262 3067 438 3122 libero
488 3067 746 3134 arbitrio,
797 3082 910 3122 non
973 3075 1034 3122 ut
1068 3067 1298 3137 impleat
1333 3069 1801 3140 homojustitiam
1843 3094 1884 3148 C
1915 3067 2124 3138 glorios
2196 3067 2298 3136 qui
2351 3081 2702 3137 quocunque
2765 3067 3127 3121 eminentiori
3186 3067 3243 3120 in
3302 3065 3422 3118 loco
3494 3075 3610 3116 non

97 3170 242 3212 cum
276 3155 539 3217 voluerit,
567 3156 663 3210 sed
696 3163 758 3210 ut
784 3169 842 3210 se
895 3156 1138 3225 supplici
1170 3157 1382 3228 pietate
1411 3167 1706 3215 convertat
1737 3161 1808 3215 ad

99 3257 244 3300 eum
274 3243 442 3314 cujus
467 3243 616 3298 dono
671 3257 797 3298 eam
839 3244 1012 3313 possit
1044 3243 1296 3313 implere.
1335 3266 1355 3291 ι
1391 3245 1462 3301 Ει
1501 3246 1812 3305 Primasius

108 3331 167 3387 in
209 3346 333 3400 cap.
393 3346 470 3386 vn
519 3331 590 3385 ad
642 3331 801 3386 Rom.
871 3353 897 3380 ‹‹
927 3331 1049 3386 Non
1095 3333 1249 3386 enim
1283 3335 1436 3401 quod
1479 3335 1624 3402 volo,
1675 3346 1807 3403 etc,

109 3421 385 3478 Vincente
435 3420 849 3476 consuetudine
899 3421 1052 3490 quod
1089 3421 1220 3476 nolo
1251 3421 1412 3477 facio.
1448 3424 1653 3479 Facere
1673 3440 1810 3496 ergo

112 3525 168 3565 se
190 3510 352 3577 dixit,
388 3519 440 3564 et
479 3509 724 3579 operari,
769 3524 880 3564 non
915 3506 1122 3565 affectu
1178 3512 1569 3567 consentiendi
1617 3522 1670 3568 et
1705 3515 1808 3569 im-

116 3598 324 3668 plendi,
358 3598 454 3652 sed
491 3598 610 3666 ipso
634 3605 793 3652 motu
828 3598 1293 3666 concupiscendi.
1340 3599 1467 3654 Non
1511 3614 1634 3670 ego,
1672 3602 1812 3671 quia

115 3685 362 3752 invitus;
389 3685 486 3740 sed
516 3699 621 3755 ego
651 3684 791 3755 quia
811 3685 925 3753 ipse
953 3685 1089 3740 mihi
1116 3686 1284 3753 hanc,
1319 3701 1418 3756 per
1442 3687 1555 3742 vim
1578 3703 1814 3746 consue-

116 3773 350 3839 tudinis,
389 3774 634 3843 imposui
688 3774 1098 3828 necessitatem.
1140 3795 1158 3820 -
1194 3774 1367 3829 Suam
1403 3775 1639 3844 ipsemet
1669 3777 1810 3833 Gui-

116 3860 308 3915 bertus
358 3868 602 3916 mentem
652 3861 831 3929 aperit
889 3860 985 3916 lib.
1037 3877 1097 3916 ιιι
1155 3861 1212 3916 in
1246 3861 1528 3931 Genesim,
1575 3879 1699 3935 cap.
1729 3880 1808 3932 γι,

119 3962 261 4004 vers.
325 3953 388 4002 19
425 3968 435 4006 :
479 3971 499 3996 ι
548 3948 721 4015 Quasi
755 3949 1026 4005 femineos
1079 3950 1272 4006 carnis
1322 3959 1530 4019 motus,
1586 3967 1659 4008 ex
1705 3969 1811 4009 ne-

122 4036 370 4091 cessitate
452 4037 746 4105 peccandi,
814 4037 1058 4093 velimus
1139 4039 1479 4109 plerumque
1538 4041 1807 4109 nolimus,

124 4124 306 4178 animo
331 4124 736 4180 admovemus:
771 4125 868 4179 sed
922 4133 1112 4180 tamen
1148 4125 1297 4181 illico
1344 4127 1465 4197 juri
1499 4128 1650 4184 illius
1691 4144 1808 4184 ma-

125 4211 258 4268 sculi
291 4213 708 4282 mancipamus,
751 4217 903 4266 6'39
941 4213 1181 4269 rationis
1230 4214 1514 4282 videlicet,
1547 4216 1716 4286 cujus
1755 4218 1808 4272 vi

127 4299 192 4355 ad
223 4301 476 4370 regulam
503 4303 954 4371 constringatur,
993 4322 1015 4348 ι
1049 4309 1156 4357 etc.

193 4386 274 4458 ('7)
317 4390 448 4444 CAP.
511 4389 599 4444 IV.
649 4420 718 4429 —
761 4392 902 4444 Erat
960 4390 1138 4461 paulo
1185 4393 1320 4444 ante
1360 4389 1422 4444 id
1467 4396 1710 4462 tempus,
1759 4395 1815 4446 et

127 4477 308 4531 adhuc
347 4477 562 4548 partim
613 4478 715 4531 sub
773 4493 898 4532 meo
976 4480 1229 4550 tempore
1298 4479 1817 4534 Grammaticorum

127 4565 390 4633 Charitas,
421 4575 527 4621 etc.
584 4567 748 4629 Quod
794 4567 941 4621 inter
977 4576 1208 4623 caeteros
1245 4576 1653 4623 commemorat
1686 4569 1816 4625 Milo

129 4653 411 4723 Crispinus
451 4655 584 4709 Vitae
624 4654 685 4708 B.
740 4653 1064 4716 Lanfranci,
1097 4654 1366 4724 operibus
1397 4655 1577 4724 ipsius
1618 4657 1818 4727 praeti-

129 4755 229 4797 xae.
253 4741 432 4810 capite
467 4747 528 4796 1:
569 4763 590 4790 ι
635 4742 768 4797 Fuit
812 4741 902 4796 vir
950 4755 1198 4813 magnus
1230 4743 1394 4798 Italia
1423 4751 1601 4811 ortus,
1645 4759 1815 4813 quem

131 4828 390 4885 Latinitas
420 4830 475 4884 in
514 4830 821 4900 antiquum
852 4830 1102 4886 scientiae
1124 4838 1336 4886 statum
1357 4831 1430 4887 ab
1460 4846 1526 4886 eo
1555 4832 1818 4887 restituta

133 4924 252 4979 tota,
274 4932 609 4987 supremum
656 4919 843 4975 debito
891 4933 1024 4975 cum
1057 4933 1252 4974 amore
1298 4928 1354 4975 et
1388 4920 1602 4975 honore
1638 4936 1816 4991 agno-

132 5007 224 5062 scit
269 5008 629 5078 magistrum,
687 5009 918 5063 nomine
971 5008 1371 5074 Lanfrancum,
1425 5017 1531 5064 etc.
1571 5011 1635 5064 Et
1685 5023 1813 5078 per-

133 5097 419 5159 transiens,
455 5097 756 5151 Franciam
798 5096 995 5165 plures
1028 5096 1219 5167 magni
1252 5097 1500 5152 nominis
1530 5097 1817 5152 scholares

135 5196 309 5239 secum
385 5185 622 5251 habens,
683 5185 740 5239 in
791 5185 1272 5240 Northmanniam
1319 5185 1610 5254 pervenit;
1670 5195 1724 5240 et
1756 5185 1812 5240 in

137 5271 512 5328 Abrincatensi
542 5272 769 5328 civitate
801 5273 1153 5338 demoratus,
1191 5287 1292 5342 per
1328 5273 1562 5344 aliquod
1594 5282 1818 5344 tempus

137 5357 328 5416 docuit.
371 5381 391 5407 ι
421 5361 678 5429 Itemque
707 5374 833 5430 cap.
885 5362 953 5414 4:
1008 5380 1037 5409 «
1084 5360 1440 5416 Lanfrancus
1481 5376 1716 5432 quoque
1747 5361 1814 5417 li-

138 5448 306 5504 centia
332 5447 556 5502 abbatis
603 5448 714 5514 sui,
782 5451 988 5504 iterum
1037 5448 1264 5503 scholas
1323 5449 1520 5504 tenuit.
1577 5451 1642 5504 In
1687 5452 1815 5504 Bec-

139 5537 270 5590 censi
321 5535 578 5591 videlicet
645 5537 985 5592 monasterio
1055 5536 1341 5592 ctenobita
1398 5536 1603 5592 factus.
1650 5559 1670 5584 ι
1724 5539 1813 5592 Ex

138 5635 239 5691 qua
299 5625 560 5679 Becoensi
626 5624 819 5680 schola
881 5625 1035 5680 velut
1081 5639 1112 5680 e
1161 5623 1560 5694 limpidissimo
1635 5625 1811 5694 fonte,

1919 3152 2132 3208 fuerint
2183 3153 2494 3209 sublimati.
2564 3154 2859 3210 Scholares
2921 3154 3103 3224 pueri,
3178 3162 3232 3208 et
3287 3151 3612 3221 impuberes

1918 3240 2320 3296 adolescentuli
2352 3242 2424 3297 ob
2481 3243 2782 3312 sanguinis
2827 3241 3159 3311 dignitatem
3187 3240 3614 3308 [promoventur

1919 3328 1989 3382 ad
2036 3329 2444 3384 ecclesiasticas
2487 3330 2812 3400 dignitates,
2873 3337 2927 3383 et
2955 3342 2985 3382 e
3036 3327 3144 3382 sub
3189 3326 3373 3381 ferula
3403 3328 3612 3394 λιι-διιε-

1919 3415 2187 3471 teruntur
2232 3417 2303 3472 ad
2357 3415 2800 3486 principandum
2833 3414 3211 3484 presbyteris:
3245 3413 3488 3468 laetiores
3521 3411 3612 3465 in-

1919 3505 2084 3560 terim
2126 3505 2283 3574 quod
2327 3507 2522 3575 virgas
2549 3505 2854 3570 evaserint,
2897 3517 3074 3573 quam
3121 3501 3273 3572 quod
3305 3499 3614 3555 metuerint

1919 3594 2332 3663 principatum,
2381 3614 2410 3643 »
2441 3601 2547 3648 etc.
2597 3594 2779 3660 Quam
2811 3601 2942 3661 apte
2981 3591 3176 3647 istbaec
3225 3597 3434 3645 nostrae
3464 3601 3610 3660 qua-

1919 3681 2090 3736 drant
2120 3681 2269 3736 aetati
2297 3681 2310 3734 l

1992 3768 2085 3840 (’9)
2120 3771 2254 3824 IBID.
2292 3801 2352 3809 —
2380 3771 2532 3824 Erat
2560 3785 2632 3822 ea
2668 3771 3005 3839 tempestate
3033 3783 3178 3822 nova
3206 3782 3378 3838 super
3403 3779 3612 3820 πονα-

1919 3857 1994 3911 tis
2028 3856 2710 3930 presbyterisapostolicae
2737 3855 2890 3910 sedis
2916 3855 3175 3910 invectio.
3211 3854 3447 3910 Concilii
3474 3852 3616 3909 Mel-

1921 3947 2079 4002 ﬁtani
2134 3962 2260 4017 cap.
2320 3949 2433 4003 2et
2494 3950 2578 4014 12,
2637 3946 2723 4002 vel
2789 3944 3205 4000 Ilaromontani
3249 3957 3373 4012 cap.
3437 3945 3490 4010 9,
3541 3941 3615 3996 ab

1920 4035 2151 4091 Urbano
2183 4037 2230 4090 ll
2290 4035 2647 4104 habitorum;
2701 4033 2820 4088 sive
2849 4034 3021 4088 etiam
3059 4032 3263 4088 concil.
3306 4029 3617 4086 Pictavien-

1919 4124 1997 4180 sis
2030 4142 2063 4191 ι,
2098 4139 2220 4194 cap.
2254 4127 2284 4179 9
2313 4132 2368 4180 et
2419 4126 2502 4190 10,
2551 4124 2659 4179 sub
2709 4121 2964 4178 Paschali
3015 4122 3079 4175 ll.
3129 4121 3302 4176 Porro
3351 4118 3613 4184 antehac,

1919 4213 2025 4268 hoc
2068 4221 2152 4268 est
2199 4228 2294 4268 an.
2342 4215 2494 4280 1074,
2526 4219 2803 4268 statuerat
2836 4211 3015 4266 multa
3039 4209 3350 4279 Gregorius
3380 4207 3478 4264 VII
3515 4206 3616 4262 ad-

1920 4315 2122 4356 versus
2191 4301 2526 4356 clericorum
2601 4298 3090 4355 incontinentiam.
3153 4297 3207 4351 S.
3261 4297 3462 4352 Petrus
3517 4295 3620 4348 Da-

1853 4389 2127 4455 Dmian.,
2185 4391 2349 4459 epist.
2406 4392 2468 4443 16
2526 4389 2598 4444 ad
2659 4387 2958 4444 Nicolaum
3025 4385 3620 4457 pontif.;0rdericus

1928 4478 2100 4533 Vital.
2137 4478 2234 4533 lib.
2267 4493 2306 4534 v
2351 4478 2559 4533 Histor.
2606 4491 2672 4532 ac
2706 4476 2802 4532 lib.
2858 4491 2960 4544 xu,
2993 4490 3124 4547 pag.
3159 4476 3261 4530 866
3317 4481 3373 4530 et
3410 4477 3533 4541 888,
3565 4480 3621 4529 et

1926 4566 2064 4621 alibi
2095 4581 2264 4637 saepe.

1997 4655 2359 4724 Presbyteros
2433 4653 2873 4708 concubinarios
2937 4651 3192 4723 graviter
3256 4649 3622 4720 reprehendit

1929 4743 2128 4797 beatus
2204 4742 2528 4797 Bernardus
2590 4739 3156 4810 protocoenobiarcha
3249 4737 3616 4808 Tyronensis,

1926 4829 2030 4883 hoc
2081 4829 2276 4884 eodem
2329 4828 2558 4896 saeculo,
2619 4827 2845 4883 circiter
2891 4841 2986 4881 an.
3056 4828 3206 4893 I108,
3239 4834 3300 4881 ut
3341 4825 3495 4880 testis
3535 4832 3620 4881 est

1923 4916 2211 4974 Gotfridus
2262 4920 2504 4973 Grossus
2559 4917 2701 4974 Vitae
2744 4916 2895 4970 illius
2925 4929 3046 4984 cap.
3080 4914 3109 4968 7
3147 4955 3160 4968 .
3200 4936 3220 4962 ι
3256 4915 3361 4968 Pro
3387 4927 3623 4968 consue-

1924 5008 2122 5062 tudine
2169 5016 2308 5062 tunc
2347 5008 2616 5076 temporis
2645 5020 2744 5075 per
2771 5013 2943 5059 totam
2977 5003 3480 5071 Northmanniam,
3514 5002 3620 5058 hoc

1921 5105 2065 5161 erat,
2102 5103 2164 5151 ut
2192 5094 2508 5164 presbyteri
2556 5093 2781 5164 publice
2817 5106 3024 5147 uxores
3056 5093 3350 5158 ducerent,
3388 5091 3621 5161 nuptias

1921 5185 2294 5249 celebrarent,
2335 5197 2402 5238 ac
2436 5183 2578 5238 lllios
2626 5188 3006 5251 procrearent,
3056 5179 3272 5249 quibus
3312 5179 3621 5234 haeredita-

1923 5273 2007 5328 rio
2045 5273 2178 5342 jure
2215 5280 2338 5342 post
2397 5271 2617 5326 obitum
2668 5283 2839 5326 suum
2885 5269 3152 5324 ecclesias
3201 5268 3616 5338 relinquerent,

1921 5369 2027 5417 etc.
2057 5361 2268 5416 Contra
2313 5360 2464 5415 hanc
2511 5359 2861 5414 mortiferam
2913 5356 3385 5412 consuetudinem
3421 5369 3624 5412 servus

1926 5450 2018 5504 Dei
2049 5448 2374 5505 Bernardus
2415 5449 2473 5502 in
2518 5445 2932 5502 conventiculis
2959 5445 3321 5500 sacerdotum
3371 5445 3624 5500 studiose

1922 5537 2272 5607 disputabat,
2304 5545 2358 5590 et
2415 5543 2477 5591 ut
2529 5550 2656 5589 eam
2697 5534 3089 5603 relinquerent
3132 5546 3479 5603 magnopere
3513 5539 3624 5587 sat-

1923 5627 2149 5698 agebat,
2181 5633 2288 5681 etc.
2320 5624 2579 5694 Quadam
2630 5623 2721 5678 die
2749 5622 2889 5677 dum
2930 5621 2990 5676 in
3033 5621 3381 5679 Constantiis
3408 5619 3624 5692 populo
