3930 6410
322 362 451 418 1051

1360 356 1457 412 AD
1498 356 1650 413 OPP.
1688 354 1838 409 VEN.
1880 351 2216 410 GUIBERTI
2253 352 2343 407 DE
2381 350 2783 408 NOVIGENTO

3697 360 3855 412 1052

316 497 545 569 publice
584 496 942 567 pradicaret,
995 494 1232 566 quidam
1287 491 1729 549 archidiaconus
1770 503 2011 546 uxorem
2047 490 2096 543 Α
2122 495 2333 543 sancta
2391 485 2843 543 conversationis
2900 494 3173 555 astuans,
3207 487 3263 544 8.
3322 488 3564 561 Eligius,
3606 491 3850 548 deside-

318 587 556 651 habens,
590 593 646 641 et
688 584 852 648 filios,
901 598 1034 639 cum
1083 596 1292 654 magno
1338 580 1798 651 presbyterorum
1843 578 2017 634 comi-

317 679 444 730 tatu
484 673 740 739 advenit,
800 681 855 728 et
907 686 1014 727 cur
1066 673 1180 741 ipse
1251 670 1590 734 monachus,
1640 669 1739 739 qui
1798 668 2016 724 mundo

321 768 585 817 mortuus
632 767 774 826 erat,
824 757 1155 814 viventibus
1186 758 1539 828 praedicaret.
1573 757 1893 827 requisivit.
1945 760 2017 811 At

321 848 646 904 Bernardus
698 847 883 916 lepide
936 847 1267 916 respondit:
1320 847 1543 912 Nonne,
1591 846 1765 902 frater
1789 845 2014 901 charis—

319 937 481 1001 sime,
521 936 575 990 in
607 935 901 1004 Scriptura
944 933 1132 1004 legisti
1173 934 1325 1003 quod
1376 932 1613 989 Samson
1648 934 1740 989 ille
1786 931 2019 990 fortissi-

319 1038 449 1080 mus
499 1023 568 1077 de
608 1022 943 1077 mandibula
975 1022 1118 1077 asini
1153 1021 1361 1077 mortui
1396 1022 1655 1077 inimicos
1678 1036 1815 1077 suos
1850 1022 2019 1078 inter-

319 1108 545 1167 fecit?»
605 1108 768 1176 (Jud.
834 1123 937 1176 xv,
998 1110 1101 1177 45.)
1154 1109 1224 1163 Et
1282 1117 1405 1178 post
1465 1123 1683 1179 pauca:
1732 1132 1753 1159 ι
1805 1110 2019 1167 Asinus

320 1205 581 1253 mortuus
644 1196 959 1265 simplicem
1011 1198 1288 1267 populum
1357 1199 1737 1265 obedientem,
1804 1200 2016 1269 jugum

318 1298 497 1340 suave
529 1284 760 1348 Christi.
802 1292 857 1339 et
895 1299 1044 1340 onus
1072 1285 1199 1355 ejus
1243 1285 1366 1341 leve
1398 1294 1737 1356 portantem,
1790 1284 2020 1341 humili-

325 1374 453 1429 tatis
483 1374 605 1428 vias
650 1381 984 1438 sectantem,
1029 1375 1247 1429 mundo
1295 1384 1612 1440 mortuum,
1676 1376 1729 1429 id
1771 1382 1856 1430 est
1888 1388 2014 1443 pec-

315 1462 458 1518 catis
486 1469 541 1517 et
572 1461 728 1515 vitiis
758 1460 1195 1528 mortilicatum,
1220 1469 1285 1517 ut
1321 1462 1402 1517 ait
1431 1462 1728 1531 Scriptura
1759 1477 1771 1516 :
1808 1461 2015 1517 Mortui

318 1548 469 1605 enim
505 1548 659 1613 estis,
679 1556 734 1604 et
765 1550 884 1604 vita
914 1558 1103 1606 vestra
1134 1550 1465 1606 abscondita
1499 1558 1583 1606 est
1624 1564 1758 1606 cum
1793 1550 2017 1607 Christo

320 1638 377 1692 in
429 1638 543 1692 Deo
604 1638 740 1705 (Col.
801 1653 879 1705 Ill,
927 1641 1003 1704 3),
1041 1660 1061 1686 ι
1105 1646 1207 1695 etc.
1244 1639 1427 1696 Viden
1469 1640 1537 1695 ad
1566 1640 1709 1710 quid
1749 1637 2017 1695 monachi

319 1726 537 1781 mundo
565 1727 679 1783 sint
712 1727 967 1783 mortui?

390 1814 477 1884 (³ο)
513 1816 651 1871 leto.
678 1845 747 1855 —
775 1816 893 1871 Sub
911 1815 1337 1882 prastolatione
1370 1817 1519 1872 enim
1554 1817 1759 1873 aliena
1785 1816 2005 1872 mortis.

319 1899 731 1958 Beneficiorum
779 1902 1031 1959 nefanda
1074 1905 1283 1974 cupido
1335 1910 1455 1960 non‘
1508 1903 2014 1962 Guiberti'saculo

318 1994 563 2054 tantum,
614 2003 817 2046 verum
885 1992 1057 2047 etiam
1119 1992 1180 2048 in
1223 1993 1405 2049 multa
1453 1993 1889 2063 subsequentia,
1941 1992 2013 2048 ad

316 2074 582 2131 Ecclesia
620 2076 865 2133 dedecus
894 2080 1235 2147 maximum,
1298 2080 1541 2149 irrepsit,
1593 2082 1706 2136 imo
1743 2087 1797 2135 et
1851 2092 2010 2151 gras-

315 2169 440 2218 sata
494 2172 595 2219 est.
644 2164 807 2231 Quod
860 2167 1216 2223 mercimonii
1261 2182 1465 2237 genus,
1513 2176 1708 2237 postea
1748 2180 2011 2223 reserva-

316 2250 535 2307 tionum
567 2259 621 2307 et
654 2254 974 2323 gratiarum
1003 2256 1527 2325 exspectativarum
1560 2257 1809 2322 nomine,
1850 2269 1886 2310 a
1922 2254 2014 2311 be-

316 2338 653 2397 neﬁciorum
715 2342 1045 2412 aucupibus
1117 2351 1201 2399 est
1270 2344 1609 2400 factitatum.
1681 2344 1805 2410 Qua
1847 2344 1904 2400 in
1950 2358 2011 2399 re

315 2425 601 2484 Antonius
631 2429 701 2483 de
721 2429 1088 2499 Raymundia
1108 2430 1451 2487 Benedictini
1478 2431 1600 2487 0rd.
1638 2446 1752 2487 non
1774 2431 2013 2501 ignarus

313 2516 536 2579 Asceta,
591 2515 869 2570 Tractatu
912 2521 1118 2572 contra
1158 2518 1572 2573 reserva/iane:
1646 2520 1929 2590 speciale:
1956 2522 2013 2574 et

312 2602 638 2658 nominate:
660 2604 918 2660 omnium
940 2609 1063 2675 fere
1089 2607 1553 2675 pralalurarum,
1596 2617 1704 2664 etc.
1731 2623 1744 2663 :
1788 2608 2013 2679 plangit

314 2690 385 2744 ad
437 2690 594 2747 hunc
677 2694 913 2749 modum
1000 2695 1388 2752 miserandum
1456 2696 1720 2753 Ecclesia
1773 2705 2007 2763 statum,

314 2798 343 2825 «
377 2778 509 2834 Hac
539 2780 711 2849 pestis
740 2788 879 2836 esta
922 2782 1134 2837 nostris
1175 2782 1358 2838 invisa
1387 2784 1681 2853 patribus;
1718 2784 1846 2841 licet
1875 2784 2012 2839 olim

314 2865 455 2923 nixa
476 2866 646 2925 fuerit
674 2870 742 2925 de
770 2870 1107 2940 corporibus
1134 2872 1308 2929 aridis
1337 2873 1637 2930 hominum
1670 2874 1815 2931 velle
1846 2873 2007 2929 emit-

314 2963 432 3011 tere
461 2955 770 3025 plantulas,
807 2966 860 3014 et
891 2959 1150 3028 palmites
1203 2960 1587 3017 infructuosos
1615 2962 1855 3027 coalere,
1891 2961 2010 3031 ipso

2128 576 2229 637 rio.
2270 576 2389 644 ipse
2418 589 2652 645 quoque
2680 575 3020 644 properabat
3057 576 3130 631 ad
3161 577 3424 633 coenobio.
3456 580 3849 651 maximeque

2126 662 2463 718 Lnssedium
2484 663 2856 733 [Luxovium]
2888 663 3043 733 quod
3065 671 3189 719 erat
3215 679 3281 719 eo
3314 672 3566 736 tempore
3598 670 3849 725 cunctis

2123 749 2469 806 eminentius
2495 759 2669 821 atque
2697 751 3036 817 districtius,
3075 773 3095 799 ι
3126 759 3232 807 etc.

2195 840 2440 908 Insuper
2512 839 2888 895 Luxoviensis
2968 840 3300 895 monasterii
3378 840 3849 910 primordiorum

2126 926 2403 997 graphice
2430 935 2514 982 est
2571 926 2874 996 descriptio
2930 926 2988 981 in
3044 928 3387 998 perantiqua
3443 932 3625 985 sancti
3678 930 3852 1001 Agili

2125 1015 2352 1071 abbatis
2398 1014 2769 1071 Resbacensis
2803 1015 2932 1070 Vita
2964 1030 3069 1070 ms.
3108 1039 3129 1065 ι
3178 1017 3260 1072 Eo
3292 1025 3541 1087 tempore
3570 1019 3663 1074 vir
3694 1019 3847 1075 reli-

2126 1103 2312 1174 gionis
2355 1103 2718 1169 veneranda,
2768 1103 3162 1160 Columbanus
3213 1106 3461 1173 nomine,
3516 1107 3588 1162 ab
3623 1108 3844 1163 Hiber-

2128 1191 2243 1257 nia,
2276 1190 2499 1247 Christo
2529 1190 2794 1259 ducente,
2855 1191 2911 1246 in
2942 1191 3155 1247 Gallias
3210 1193 3541 1261 advenerat,
3597 1195 3846 1251 deside-

2126 1292 2260 1334 rans
2289 1288 2437 1334 nutu
2496 1278 2694 1333 divino
2748 1292 2778 1333 a
2810 1279 3115 1335 serenitate
3148 1280 3365 1349 prafati
3401 1282 3556 1351 regis
3584 1282 3844 1352 adipisci

2126 1368 2336 1433 locum,
2365 1381 2481 1437 quo
2523 1367 2933 1423 monasterium
2986 1367 3297 1424 adilicaret
3345 1372 3677 1427 monastica
3707 1372 3849 1427 reli-

2127 1456 2334 1526 gionis,
2416 1463 2523 1510 etc.
2611 1455 2817 1511 Audito
2900 1457 3221 1512 vehementi
3282 1458 3472 1514 studio
3550 1459 3847 1530 principis

2124 1544 2427 1615 Agnoaldi,
2458 1558 2592 1599 eum
2631 1544 2792 1599 adire
2847 1544 3125 1602 deliberat
3178 1561 3356 1616 seque
3383 1562 3670 1618 suamque
3709 1563 3846 1618 pre-

2124 1647 2245 1689 cem
2328 1632 2401 1687 illi
2476 1633 2892 1688 commendat:
2969 1634 3070 1703 qui
3144 1649 3276 1690 mox
3358 1636 3487 1692 talis
3561 1636 3839 1692 desiderii

2123 1731 2425 1784 arcanum,
2458 1733 2525 1775 ac
2554 1722 2599 1775 si
2628 1721 2909 1777 divinitus
2945 1723 3051 1778 sibi
3091 1724 3456 1780 commissum
3484 1725 3834 1794 suscipiens,

2123 1808 2469 1877 quantocius
2553 1810 2670 1880 regi
2743 1818 3063 1879 opportune
3138 1811 3381 1879 intimat,
3440 1814 3838 1883 eamdemque

2122 1895 2548 1952 Columbanum
2620 1897 2699 1952 illi
2753 1898 3070 1969 gratiosum
3126 1900 3343 1969 efficit;
3399 1916 3504 1956 nec
3551 1916 3666 1957 non
3720 1903 3834 1972 qui

2121 1983 2428 2053 optabilem
2459 1983 2642 2053 ipsius
2673 1999 2898 2055 precem
2928 1987 3222 2052 exaudiat,
3255 1988 3578 2043 submissus
3604 1988 3836 2060 efflagi-

2124 2078 2223 2127 tat.
2257 2071 2331 2126 At
2359 2084 2460 2126 rex
2484 2071 2977 2141 magnanimitatis
2999 2073 3271 2129 modestia
3290 2075 3625 2145 jucundans
3646 2089 3833 2145 super

2122 2174 2383 2217 sermone
2413 2161 2767 2232 hujusmodi,
2801 2162 3083 2232 postulata
3118 2163 3490 2219 libentissime
3511 2164 3777 2235 indulget
3809 2182 3825 2233 ;

2122 2249 2358 2318 insuper
2414 2250 2662 2306 necdum
2701 2252 2877 2320 petita
2927 2250 3127 2322 largiri
3158 2251 3462 2323 magniﬁce
3502 2252 3823 2322 promittit:

2121 2349 2374 2396 castrum
2452 2354 2707 2411 namque
2776 2342 2926 2398 inter
2982 2351 3147 2399 vasta
3203 2343 3379 2399 eremi
3453 2352 3631 2413 septa,
3688 2359 3824 2413 qua

2122 2427 2377 2484 Vosacus
2431 2426 2661 2494 dicitur,
2731 2426 2919 2483 fuerat
2978 2428 3358 2485 fanaticorum
3413 2428 3595 2485 cultui
3652 2430 3824 2485 olim-

2120 2514 2469 2581 dedicatum,
2503 2515 2598 2571 sed
2631 2524 2770 2571 tunc
2794 2516 2865 2571 ad
2896 2516 3081 2572 solum
3108 2531 3291 2587 usque
3316 2517 3577 2574 dirutum
3609 2534 3623 2583 ;
3662 2517 3851 2591 quod,

2121 2602 2302 2658 saltus
2347 2602 2523 2673 hujus
2582 2602 2800 2669 incola,
2859 2618 3218 2675 quamquam
3273 2606 3469 2677 ignoto
3516 2607 3823 2677 prasagio,

2122 2690 2451 2747 Luxovium
2479 2692 2871 2747 nominavere.

2197 2802 2219 2829 ι
2253 2779 2402 2835 Illud
2428 2780 2698 2849 equidem
2730 2781 3104 2838 considerans
3131 2781 3579 2853 benignissimus
3618 2783 3824 2853 Agno-

2122 2867 2287 2925 aldus
2332 2868 2586 2924 velocius
2641 2883 2801 2939 posse
2866 2870 3203 2939 restaurari,
3264 2879 3319 2927 et
3366 2885 3606 2928 cernens
3641 2874 3823 2929 situm

2121 2956 2226 3012 loci
2302 2957 2715 3014 monachorum
2770 2958 2992 3028 agmini
3048 2968 3269 3029 aptum,
3330 2959 3442 3015 imo
3494 2960 3822 3031 intelligens

313 3051 445 3100 ortu
496 3059 528 3100 a
573 3045 808 3102 Patrum
865 3055 1194 3104 sanctorum
1248 3049 1556 3119 prudentia
1615 3050 1684 3105 de
1717 3050 1839 3120 ipso
1869 3062 2009 3119 agro
2048 3056 2091 3111 c
2122 3046 2507 3116 praerogativa
2558 3046 2709 3114 ﬁdei,
2754 3055 2809 3102 et
2856 3048 3153 3117 sapientia
3206 3048 3423 3104 lumine
3470 3048 3817 3116 illustratus,

313 3131 596 3200 Ecclesia,
630 3140 765 3204 tanq
777 3148 909 3191 nam
930 3136 1101 3191 arbor
1121 3137 1370 3205 spinosa,
1401 3137 1664 3206 protinus
1691 3145 1776 3193 est
1805 3136 2010 3193 avulsa

313 3218 600 3287 (videlicet
647 3224 957 3280 reservatio
1029 3224 1400 3295 dignitatum,
1463 3225 1909 3295 pralaturarum
1954 3231 2010 3279 et

310 3306 556 3363 aliorum
619 3309 1047 3379 beneﬁciorum,
1079 3313 1350 3381 (quorum
1400 3312 1644 3370 ministri
1694 3327 1761 3369 ac
1788 3312 2006 3384 pralati

310 3394 503 3451 adhuc
529 3396 738 3453 vivunt
781 3398 838 3453 in
889 3400 1168 3468 corpore),
1206 3406 1359 3454 580
1394 3401 1535 3471 quia
1584 3402 1879 3457 materiam
1921 3415 2010 3471 pa-

310 3482 474 3538 rabat
502 3484 808 3550 scandalis,
839 3493 895 3541 et
932 3494 1133 3541 votum
1172 3488 1343 3544 dabat
1369 3490 1698 3546 hominibus
1737 3489 2009 3560 captandi

308 3570 545 3628 alterius
596 3582 857 3635 mortem.
908 3574 966 3629 in
1020 3588 1183 3631 sacro
1230 3576 1595 3634 Lateranensi
1639 3580 1879 3635 concilio
1932 3579 2006 3635 ab

309 3658 639 3715 Alexandro
689 3661 763 3716 III
802 3660 1084 3718 celebrato
1138 3674 1426 3733 perpetua
1474 3666 1584 3723 fuit
1636 3667 2005 3737 prohibitioni

308 3748 585 3817 subjecta,
613 3748 874 3833 videlicet
907 3749 965 3805 in
985 3764 1111 3821 cap.
1144 3755 1178 3806 2
1207 3753 1276 3808 de
1296 3755 1659 3811 concessione
1688 3756 2001 3825 prabend.,

306 3842 408 3890 etc.
443 3835 642 3892 Miram
676 3837 827 3892 enim
877 3852 998 3894 rem
1043 3841 1251 3897 nostris
1298 3842 1631 3912 lacrymosis
1660 3853 1714 3899 et
1740 3844 2005 3901 infaustis

306 3923 678 3993 temporibus,
710 3925 891 3982 oculis
929 3927 1327 3997 perspicimus,
1359 3931 1514 4000 quod
1544 3931 1742 4002 aliquo
1767 3932 2004 4002 pralato

304 4011 856 4083 quinquagesimum
900 4016 1000 4071 vix
1057 4031 1279 4073 annum
1328 4019 1664 4089 attingente,
1694 4022 1821 4088 ejus
1851 4034 2002 4089 pra-

302 4096 494 4155 latura
541 4100 628 4155 vel
679 4100 928 4171 dignitas
976 4103 1036 4158 in
1083 4104 1337 4160 favorem
1367 4105 1605 4161 alterius
1653 4116 1997 4174 reservetur,

301 4193 501 4242 contra
556 4188 817 4257 regulam
903 4189 1199 4246 charitatis
1267 4191 1440 4247 dandi
1500 4192 1582 4248 illi
1628 4195 2000 4263 exspectandi

302 4274 646 4331 desiderium
703 4277 900 4332 mortis
945 4277 1166 4342 aliena,
1213 4287 1278 4335 ut
1320 4280 1494 4350 possit
1536 4281 1594 4336 in
1657 4281 1843 4339 locum
1870 4283 1999 4352 ejus

298 4361 588 4417 substitui.
651 4362 829 4433 Magis
866 4372 1057 4420 tamen
1108 4356 1459 4433 mirandum,
1515 4369 1802 4438 quomodo
1838 4371 1996 4440 prin-

299 4448 453 4519 cipes
528 4450 837 4505 Christiani
921 4466 1022 4521 pro
1073 4461 1185 4509 tam
1264 4454 1499 4510 scelesta
1574 4456 1815 4513 materia
1880 4471 1996 4513 non

299 4545 575 4595 verentur
625 4553 798 4595 aures
852 4542 1063 4598 summi
1112 4542 1401 4612 pontificis
1430 4558 1532 4614 per
1560 4544 1920 4615 importunas
1940 4555 1996 4602 et

298 4627 369 4697 (si
401 4628 485 4685 fas
511 4635 598 4685 est
642 4628 848 4697 dicere)
900 4630 1230 4687 inhonestas
1270 4645 1481 4688 vexare
1514 4647 1723 4703 preces,
1758 4634 1997 4690 mirabi-

294 4717 522 4790 liusque
595 4718 748 4788 quod
802 4719 917 4788 ipse
964 4733 1227 4776 summus
1271 4720 1601 4790 reipublica
1656 4722 1995 4780 Christiana

296 4805 617 4872 hierarcha,
649 4814 705 4863 et
734 4806 837 4877 qui
880 4808 1031 4863 vices
1087 4808 1235 4878 gerit
1286 4808 1588 4879 justissimi
1615 4809 1828 4880 judicis
1857 4812 1993 4868 Iesu

291 4892 500 4951 Christi
549 4894 763 4952 talibus
810 4895 1009 4965 inique
1058 4896 1377 4965 postulatis,
1431 4904 1634 4953 contra
1686 4913 1854 4955 omne
1884 4900 1989 4968 fas,

286 4980 403 5049 jus,
435 4989 491 5038 et
548 4982 828 5038 rationem
880 4983 1204 5039 naturalem
1266 4992 1321 5040 et
1350 4984 1654 5054 positivam
1688 4999 1987 5043 assensum

290 5067 523 5136 prabet,
556 5089 577 5116 ι
611 5076 717 5124 etc.
756 5070 1042 5127 Hactenus
1094 5071 1292 5128 doctor
1349 5071 1440 5128 ille
1481 5072 1579 5127 Dei
1625 5074 1992 5131 amulatione

289 5162 637 5211 exaestuans.

361 5243 451 5315 (³³)
504 5243 637 5300 CAP.
696 5244 836 5300 VIII.
887 5274 957 5286 -—
1013 5247 1325 5302 Luzovium
1366 5247 1433 5303 in
1477 5247 1693 5305 Gallia.
1743 5250 1824 5306 De
1870 5264 1989 5321 quo

286 5332 459 5388 Jonas
507 5332 652 5389 Vita
692 5332 745 5388 8.
794 5333 1136 5390 Columbani
1184 5348 1310 5405 cap.
1349 5338 1457 5391 t0:
1507 5336 1738 5393 Celebre
1790 5351 1988 5393 mona-

288 5420 526 5477 sterium
574 5422 934 5481 Luxoviense
982 5425 1159 5482 veluti
1206 5429 1451 5497 paradisi
1502 5429 1629 5485 fons
1677 5437 1850 5486 totam
1881 5444 1989 5487 sua

291 5510 511 5576 pietate,
557 5511 852 5582 religione,
910 5513 1174 5570 doctrina
1232 5515 1475 5573 Galliam
1529 5519 1810 5589 irrigavit.
1844 5518 1986 5574 San-

287 5606 415 5655 ctus
445 5599 757 5657 Audoenus
792 5604 936 5658 Vita
975 5602 1030 5657 S.
1067 5602 1237 5673 Eligii
1264 5618 1390 5673 cap.
1422 5608 1512 5674 2f,
1551 5607 1649 5663 lib.
1676 5622 1711 5661 ι.
1750 5629 1770 5654 ι
1803 5607 1987 5662 Nimis

2114 3134 2380 3190 eumdem
2420 3133 2608 3189 locum
2670 3135 2782 3191 Deo
2843 3136 3064 3192 sacrari
3118 3145 3390 3205 oportere,
3420 3144 3477 3193 et
3524 3137 3619 3192 ubi
3676 3137 3817 3193 olim

2114 3222 2351 3291 profano
2379 3222 2494 3277 ritu
2524 3230 2743 3277 veteres
2792 3222 3098 3279 coluerunt
3136 3224 3289 3291 fana,
3325 3224 3400 3280 ibi
3432 3223 3639 3280 Christi
3674 3224 3813 3295 fige-

2115 3318 2321 3366 rentur
2350 3325 2487 3377 ara,
2525 3311 2888 3381 erigerentur
2918 3312 3152 3378 vexilla,
3177 3320 3353 3382 atque
3381 3313 3815 3369 celebrarentur

2114 3397 2406 3468 mysteria,
2440 3398 2693 3471 obtinuit
2724 3400 2846 3455 suis
2885 3400 3151 3468 precibus
3176 3413 3210 3455 a
3255 3400 3607 3456 sublimitate
3637 3400 3808 3470 regis,

2113 3493 2179 3542 ut
2211 3500 2312 3556 per
2357 3488 2553 3556 scripti
2592 3486 2816 3553 seriem,
2868 3488 3263 3543 habitaculum
3297 3490 3408 3545 Deo
3438 3488 3813 3544 militantium

2112 3575 2439 3643 perenniter
2458 3574 2819 3645 delegaretur
2851 3591 2868 3643 ;
2899 3591 3015 3645 quo
3036 3576 3315 3632 adversus
3340 3590 3535 3633 aereas
3559 3584 3811 3647 potesta-

2109 3670 2206 3727 tes,
2240 3664 2299 3718 Β.
2365 3663 2723 3720 Columbano
2766 3665 3120 3730 instituente,
3178 3665 3522 3721 dimicarent
3567 3664 3808 3735 superni

2111 3752 2264 3820 regis
2311 3759 2559 3821 tyrones,
2615 3766 2760 3821 quos
2807 3752 3041 3808 demum
3090 3757 3215 3822 post
3254 3755 3481 3809 diversa
3536 3752 3811 3809 exercitia

2109 3840 2418 3907 virtutum,
2454 3848 2516 3896 ut
2565 3840 2830 3896 robustos
2860 3840 3161 3897 bellatores
3200 3841 3306 3898 lux
3340 3849 3617 3912 perpetua
3648 3842 3808 3896 Chri-

2106 3936 2191 3985 sto
2265 3942 2398 3984 cum
2470 3929 2661 3999 palma
2733 3929 2929 4000 gloria
2979 3944 3087 3986 suo
3147 3931 3486 4001 conspicuos
3545 3930 3805 3986 redderet

2107 4016 2391 4086 paradiso.

2182 4105 2279 4172 (⁸³)
2344 4105 2478 4159 Ιυιι).
2538 4104 2804 4170 Quaedam
2859 4104 3035 4159 aliam
3060 4104 3123 4160 in
3169 4105 3465 4161 Naustria.
3516 4105 3803 4162 Nimirum

2106 4193 2401 4261 Beccense,
2460 4193 2814 4249 Cadomense
2868 4197 2923 4249 S.
2976 4195 3271 4264 Stephani,
3312 4195 3580 4267 Sagiense
3611 4193 3801 4250 Sancti

2108 4280 2355 4349 Martini,
2434 4288 2540 4337 etc.
2627 4281 2780 4351 (qua
2838 4282 2950 4338 illis
3023 4284 3378 4355 temporibus
3435 4290 3801 4353 sumpserunt

2039 4350 2289 4438 Dinitia)
2318 4376 2373 4424 et
2422 4350 2891 4426 SanctiEbrulti
2950 4350 3354 4440 Gcmeticense,
3411 4350 3603 4428 Sancti
3644 4371 3797 4428 Van-

2104 4456 2392 4527 dregesili,
2423 4464 2554 4524 etc.,
2607 4456 2961 4527 postliminio
2990 4460 3062 4514 ad
3094 4460 3401 4529 pristinum
3444 4459 3799 4529 splendorem

2104 4552 2388 4613 revocata,
2444 4554 2501 4601 et
2555 4545 2669 4601 alia
2713 4547 3167 4617 quamplurima,
3210 4562 3342 4618 qua
3382 4548 3438 4602 in
3470 4547 3696 4603 Roberti
3727 4545 3796 4601 de

2103 4633 2292 4689 Monte
2318 4641 2568 4690 tractatu
2620 4635 2698 4690 De
2756 4635 3152 4693 immutatione
3202 4637 3325 4692 ord.
3363 4636 3790 4692 monachorum.

2100 4728 2230 4788 etc.,
2291 4730 2733 4778 enumerantur.
2782 4723 2923 4779 Vide
2983 4731 3111 4793 post
3159 4724 3546 4794 Appendicem
3576 4736 3610 4777 a
3638 4721 3794 4777 nobis

2099 4809 2332 4865 editam.
2422 4809 2746 4866 Chronicon
2818 4811 3094 4868 Beccense
3154 4812 3411 4868 meminit
3469 4809 3794 4867 eorumdem

2099 4899 2533 4967 canobiorum;
2609 4898 2863 4956 Orderic.
2960 4899 3132 4957 Vital.
3233 4900 3443 4955 Hister.
3513 4898 3609 4955 lib.
3694 4898 3790 4965 Ill,

2100 5001 2232 5057 pag.
2261 4990 2383 5043 46L

2170 5078 2256 5147 (⁸³)
2316 5078 2453 5132 IBID.
2498 5105 2571 5118 —
2628 5077 2849 5132 Sancta
2902 5075 3352 5132 conversationis
3389 5075 3623 5145 refrixit
3653 5074 3791 5129 cha-

2096 5164 2263 5231 ritar,
2289 5168 2343 5221 et
2372 5180 2569 5220 rerum
2624 5164 2923 5237 epulantia
2964 5165 3244 5236 quasdam
3292 5164 3651 5237 postmodum
3670 5179 3789 5217 ren-

2094 5253 2207 5308 sim
2250 5252 2497 5309 deseruit
2546 5252 2838 5308 ecclesias.
2886 5254 3111 5311 Morum
3167 5268 3306 5324 ergo
3338 5253 3674 5324 perversitas
3714 5253 3788 5323 gi-

2097 5341 2221 5413 gnit
2294 5349 2626 5411 egestatem,
2711 5342 2770 5398 in
2827 5343 3225 5399 ecclesiasticis
3279 5343 3530 5398 maxime
3600 5341 3782 5408 viris;

2095 5438 2299 5486 contra
2350 5443 2486 5486 vero
2537 5430 2876 5487 facultatum
2924 5432 3265 5501 productrix
3325 5432 3510 5487 virtus
3554 5437 3654 5486 est.
3696 5429 3788 5484 Ec-

2094 5518 2444 5574 clesiasticus
2512 5520 2693 5587 capite
2744 5533 2868 5585 xm,
2902 5523 2989 5575 30.
3029 5542 3050 5569 ι
3106 5521 3259 5577 Bona
3308 5528 3393 5576 est
3453 5519 3783 5599 substantia,

2093 5608 2186 5662 cui
2218 5621 2332 5662 non
2390 5614 2474 5662 est
2526 5614 2820 5677 peccatum
2854 5608 2913 5663 in
2946 5608 3314 5676 conscientia,
3341 5613 3397 5664 et
3442 5606 3789 5678 nequissima
