3930 6422
51 370 216 424 1053

1358 368 1574 426 DOMNI
1618 368 1674 422 L.
1718 364 2061 422 D'ACHERY
2102 364 2326 420 NOTAE.

3464 360 3600 416 1054

47 512 399 574 paupertas
424 505 482 560 in
510 519 606 560 ore
638 505 817 574 impii.
851 525 878 552 ι)
909 504 992 559 Ad
1025 505 1352 564 haecverba
1381 505 1621 561 Strabus
1655 503 1786 558 Ful-
1826 505 1872 556 A
1901 509 2116 568 scatur,
2178 515 2281 556 nos
2341 502 2487 570 ipsos
2545 499 3006 556 remuneratione
3056 499 3228 554 etiam
3297 497 3599 567 temporali

47 594 278 649 densis
313 594 502 665 glossa
531 594 828 650 ordinaria
869 613 881 646 :
919 616 938 642 α
977 593 1200 649 Divitiae
1224 593 1431 650 habitae
1456 594 1610 664 juste
1660 599 1796 646 sunt

49 682 336 738 materia
373 683 706 738 exercendae
751 681 982 736 virtutis
1030 696 1128 751 per
1172 695 1343 750 opera
1395 681 1795 736 misericordiae

50 777 116 824 et
151 770 552 826 liberalitatis.
595 792 615 818 ι
653 770 755 824 Cui
799 769 1155 824 simillimum
1187 778 1268 824 est
1305 770 1443 825 illud
1476 769 1621 824 beati
1655 772 1795 823 Am-

55 859 262 913 brosii
299 858 560 914 effatum.
607 875 632 909 ι
677 857 896 911 Divitiae
943 866 1004 911 ut
1047 857 1455 926 impedimenta
1502 856 1792 926 improbis,

57 946 150 1000 ita
184 946 366 1002 bonis
398 953 533 1001 sunt
564 946 901 1015 adjumenta
941 945 1191 1010 virtutis,
1230 964 1257 994 ιο
1299 945 1369 999 ad
1411 959 1535 1014 cap.
1574 956 1716 1000 xvm
1741 951 1796 999 et

54 1046 194 1086 xrx.
248 1033 391 1086 Luc.
430 1031 525 1086 lib.
555 1046 672 1085 vm.
706 1030 857 1095 Quin
883 1030 1149 1084 Juvenal.
1184 1029 1365 1098 Satyr.
1398 1033 1428 1084 3
1458 1047 1470 1084 :

223 1126 348 1180 Nil
374 1127 542 1180 habet
569 1127 777 1192 infelix
805 1129 1120 1196 paupertas
1151 1125 1207 1180 in
1239 1144 1320 1188 se,

227 1199 422 1262 Quam
452 1197 600 1268 quod
623 1197 902 1252 ridiculos
927 1196 1183 1251 homines
1197 1197 1368 1264 facit.

60 1295 134 1347 Et
197 1292 552 1348 Guillelmus
608 1293 990 1348 Flaviacensis
1029 1295 1203 1349 abbas
1253 1294 1348 1365 (de
1379 1309 1494 1365 quo
1537 1295 1686 1349 infra
1735 1295 1792 1349 in

57 1380 430 1449 compendio
471 1381 611 1435 Hist.
656 1381 913 1449 ejusdem
954 1381 1220 1450 emnobii)
1261 1382 1562 1437 consulens
1604 1382 1793 1451 proba:

55 1476 119 1524 et
152 1469 456 1523 constanti
488 1469 899 1523 monachorum
950 1469 1395 1536 conversationi,
1438 1470 1556 1525 ait:
1597 1492 1616 1518 ε
1654 1471 1794 1539 Ege-

60 1564 195 1610 stas
244 1555 406 1610 enim
458 1557 796 1622 murmuris,
845 1564 899 1610 et
949 1557 1334 1626 impatientize,
1397 1564 1570 1627 atque
1619 1558 1790 1613 etiam

60 1643 422 1712 cupiditatis
449 1657 875 1714 nonnunquam
927 1654 1009 1699 est
1040 1646 1281 1699 occasio.
1323 1667 1342 1693 ι

142 1735 349 1802 Atque
381 1731 521 1787 adeo
554 1731 709 1787 haud
742 1733 1025 1787 bonorum
1060 1733 1460 1802 temporalium
1499 1733 1793 1802 opulentia

66 1819 444 1874 Benedictini
471 1818 688 1875 ordinis
735 1819 1026 1888 perniciei,
1060 1821 1214 1889 quod
1244 1820 1559 1890 obgannire
1611 1821 1793 1876 solent

68 1906 353 1976 gurgites
405 1905 486 1960 illi
538 1915 592 1961 et
643 1905 936 1963 helluones
989 1921 1185 1962 rerum
1247 1908 1359 1962 Deo
1409 1901 1820 1976 sacratarum,

69 2007 267 2048 causa
299 1993 535 2061 exstitit,
587 1995 698 2048 imo
729 2008 763 2048 a
803 2002 999 2050 sancta
1033 1996 1465 2050 conversatione
1504 1996 1788 2067 deviatio;

73 2082 264 2138 simul
321 2082 474 2137 enim
514 2089 688 2151 atque
727 2082 1070 2151 paenitentiae
1118 2083 1339 2152 pertaesi
1377 2083 1595 2152 decepti
1646 2084 1793 2139 deli-

75 2171 209 2236 ciis,
243 2179 372 2240 post
415 2170 906 2240 concupiscentias
943 2185 1079 2226 suas
1119 2170 1234 2226 fere
1278 2172 1563 2237 monachi,
1604 2187 1789 2227 saecu—

75 2257 452 2326 laribusque,
509 2258 764 2314 solitaria
810 2266 865 2313 et
911 2266 1071 2312 arcta
1124 2261 1218 2312 via
1270 2259 1613 2328 posthabita,
1675 2275 1792 2317 sese

76 2345 243 2402 ultro
299 2345 657 2400 immiscuere
701 2347 960 2415 negotiis,
1005 2365 1030 2396 «
1076 2354 1288 2401 sanctae
1342 2349 1793 2404 conversationis

79 2432 319 2489 refrixit
360 2433 644 2498 charitas;
684 2455 703 2481 ι
737 2443 791 2487 et
839 2434 1116 2503 corrupti,
1157 2441 1333 2504 atque
1380 2435 1794 2492 abominabiles

80 2521 220 2576 facti
248 2529 616 2577 evanuerunt
641 2522 695 2575 in
723 2522 1167 2592 cogitationibus
1192 2523 1330 2589 suis,
1364 2539 1613 2594 quasque
1634 2525 1793 2594 prius

86 2625 208 2664 non
243 2611 350 2665 sibi
384 2618 608 2666 tantum
655 2611 725 2665 ad
769 2611 982 2665 victum
1027 2619 1081 2666 et
1122 2612 1388 2667 vestitum
1434 2613 1638 2668 collata
1669 2614 1788 2669 fue-

85 2707 246 2758 rant.
294 2700 390 2754 sed
440 2707 495 2754 et
541 2700 610 2754 ad
659 2698 923 2769 gloriam,
960 2715 1078 2769 quo
1120 2714 1235 2755 non
1281 2715 1443 2756 secus
1482 2716 1548 2757 ac
1577 2702 1790 2757 domini

85 2793 234 2841 58!
309 2795 583 2856 potentes,
652 2795 706 2842 et
771 2788 1059 2856 principes
1131 2789 1358 2853 terreni,
1422 2803 1489 2844 ea
1553 2792 1787 2846 caeteris.

86 2876 290 2946 egenis
339 2875 640 2944 praecipue,
693 2874 912 2930 affatim
966 2884 1290 2946 erogarent,
1335 2891 1499 2933 versa
1553 2886 1690 2934 sunt
1734 2879 1790 2934 in

88 2977 380 3020 venenum
411 2972 465 3018 et
491 2965 887 3033 opprobrium,
921 2973 1320 3034 veneruntque
1351 2965 1520 3021 alieni
1554 2975 1607 3022 et
1637 2982 1792 3022 com-

1909 603 2304 656 remunerare;
2347 604 2478 644 cum
2527 596 2580 645 et
2626 589 2916 658 apostolici
2978 601 3138 658 reges
3187 595 3241 643 et
3287 585 3594 655 principes,

1907 677 2272 733 felicitatibus
2319 677 2583 732 Ecclesize
2626 676 3017 746 congratulari
3058 675 3312 740 delectet,
3343 687 3598 744 gemma-

1905 780 2037 820 rum
2071 767 2472 835 pretiosarum,
2505 764 2635 818 auri
2666 771 2719 818 et
2749 763 2992 832 argenti,
3032 762 3335 832 palliorum
3367 769 3421 816 et
3452 759 3600 814 alio-

1905 869 2036 909 rum
2083 853 2594 909 ecclesiasticorum
2645 861 3114 906 ornamentorum
3145 849 3442 905 affluentia
3497 862 3599 903 ex-

1908 943 2038 997 inde
2084 943 2382 1007 exuberet,
2449 950 2510 996 ut
2563 948 2709 995 recte
2763 940 2950 994 dicere
3007 940 3347 993 valeamus:
3413 937 3600 990 Vene-

1903 1031 2038 1082 runt
2068 1027 2208 1082 mihi
2236 1025 2433 1082 omnia
2459 1025 2604 1079 bona
2621 1022 2848 1094 pariter
2867 1039 3002 1078 cum
3020 1022 3129 1076 illa
3155 1021 3315 1092 (Sap.
3351 1036 3450 1087 vn,
3491 1020 3593 1088 fl).

1901 1116 2025 1183 Quo
2070 1116 2464 1185 experimento
2515 1113 2710 1183 gloriae
2766 1112 2976 1168 futurze
3046 1111 3166 1174 Dei,
3223 1110 3429 1164 fratres
3487 1122 3600 1162 no-

1903 1215 2049 1260 stros
2087 1217 2444 1260 successores
2493 1211 2714 1256 nostros
2754 1200 3090 1256 obtestando
3135 1213 3232 1267 per
3277 1197 3373 1252 Dei
3425 1195 3599 1250 mise-

1905 1292 2232 1357 ricordiam,
2289 1299 2344 1346 et
2397 1289 2648 1344 terribile
2699 1289 2826 1359 ejus
2863 1287 3148 1357 judicium
3200 1284 3592 1339 sollicitamus.

1904 1397 1974 1436 ne
2022 1388 2278 1435 sanctam
2331 1377 2682 1448 religionem,
2735 1391 2866 1446 quae
2913 1383 2967 1430 et
3015 1375 3275 1430 homines
3319 1380 3375 1427 et
3416 1372 3599 1426 Deum

1901 1469 2184 1534 conciliat,
2245 1467 2536 1522 confracta
2600 1464 2936 1529 consolidat,
2997 1461 3218 1532 perdita
3282 1462 3592 1521 restaurat,

1905 1565 2296 1626 paupertatem
2371 1556 2608 1625 opimat,
2696 1563 2978 1623 tepescere
3038 1549 3384 1620 permittant,
3452 1543 3593 1614 quia

1903 1645 2051 1700 sicut
2103 1645 2436 1700 timentibus
2474 1643 2780 1698 Dominum
2824 1640 2964 1696 nihil
3013 1640 3188 1702 deest,
3230 1651 3344 1691 non
3384 1634 3595 1690 timen-

1903 1735 2057 1790 tibus
2101 1734 2272 1789 etiam
2317 1732 2552 1802 regibus
2601 1730 2813 1796 omnia,
2873 1728 2972 1798 ipsi
3020 1739 3254 1797 quoque
3294 1723 3399 1778 sibi
3451 1720 3590 1776 defi-

1901 1823 2080 1877 ciunt.
2118 1843 2145 1870 ››

1971 1910 2236 1966 Rationes
2276 1917 2467 1965 autem
2509 1905 2838 1964 assertionis
2881 1904 3130 1974 praefata:
3186 1915 3324 1957 mea;
3378 1895 3592 1954 submi—

1900 1997 2104 2052 nistrat
2161 2004 2394 2051 sanctus
2453 1994 2811 2060 Benedictus,
2857 1991 3137 2061 siquidem
3191 1989 3311 2058 ipse
3340 1999 3592 2054 evange-

1899 2085 2020 2140 licae
2053 2083 2409 2154 perfectionis
2449 2084 2820 2147 instaurator,
2864 2078 3396 2145 monachorumque
3428 2071 3594 2130 Occi-

1900 2173 2083 2228 dentis
2136 2172 2445 2236 institutor,
2497 2171 2781 2238 praecipue
2829 2165 3100 2231 decrevit,
3164 2176 3368 2231 nempe
3441 2166 3596 2214 ante-

1899 2273 2076 2328 quam
2107 2259 2506 2327 professionem
2547 2259 2758 2313 tirones
2796 2258 3078 2319 emittant,
3126 2260 3188 2307 ut
3218 2264 3291 2306 ex
3323 2248 3594 2303 omnibus

1900 2361 2031 2416 quae
2082 2347 2446 2416 possidebant
2494 2345 2571 2400 nil
2621 2346 2724 2400 sibi
2778 2350 3087 2408 reservent,
3143 2355 3266 2409 cap.
3317 2340 3403 2391 58.
3455 2337 3594 2390 Item

1899 2449 2024 2504 cap.
2081 2437 2363 2505 sequenti,
2423 2435 2492 2490 de
2559 2434 2687 2488 filiis
2744 2447 2920 2503 agens
2972 2429 3269 2494 nobilium,
3331 2432 3594 2496 parentes

1901 2527 2236 2590 obtestatur,
2274 2545 2295 2572 ι
2331 2523 2667 2579 Promittant
2704 2523 2813 2577 sub
2850 2519 3232 2591 jurejurando
3264 2515 3404 2584 quia
3434 2526 3594 2568 nun-

1901 2627 2079 2682 quam
2133 2627 2233 2683 per
2279 2628 2356 2681 se,
2409 2621 2540 2678 etc.,
2590 2612 2718 2666 filiis
2762 2611 3020 2666 tribuant
3069 2607 3423 2662 occasionem
3484 2601 3592 2655 ha-

1901 2701 2102 2769 bendi;
2141 2722 2166 2747 »
2200 2715 2322 2769 cap.
2367 2703 2456 2765 33,
2502 2699 2580 2754 nil
2621 2699 2917 2768 proprium
2964 2695 3173 2750 habere
3215 2692 3349 2747 sinit
3391 2701 3594 2745 mona—

1901 2791 2099 2858 chum,
2151 2812 2170 2837 ι
2215 2789 2408 2845 omnia
2448 2803 2580 2843 vero
2624 2787 2944 2844 necessaria
2993 2799 3025 2840 a
3065 2785 3229 2839 Patre
3267 2775 3592 2835 monasterii

1901 2891 2166 2948 sperare;
2198 2899 2226 2925 »
2258 2892 2379 2946 cap.
2418 2878 2485 2930 34
2521 2891 2532 2929 :
2570 2897 2596 2924 ‹‹
2641 2876 3009 2930 lnlirmorum
3048 2885 3190 2928 cura
3221 2877 3352 2924 ante
3377 2865 3590 2929 omnia,

1898 2976 1954 3022 et
1982 2981 2157 3036 super
2184 2965 2379 3020 omnia
2418 2964 2744 3020 adhibenda
2781 2971 2885 3028 est,
2933 2970 3061 3026 etc.,
3109 2957 3373 3014 carnium
3429 2967 3591 3018 usus,

87 3053 335 3109 ederunt
404 3053 582 3107 robur
648 3067 870 3107 eorum.
934 3053 1001 3107 Ut
1059 3055 1260 3108 merito
1324 3069 1457 3109 cum
1526 3056 1789 3122 Jeremia,
1832 3063 1955 3128 Cet
2006 3055 2361 3120 balneorum,
2403 3073 2431 3100 ››
2480 3059 2534 3107 et
2584 3049 2869 3120 quidquid
2921 3048 3165 3102 infirmis
3205 3040 3592 3099 necessarium

92 3140 306 3193 Thren.
353 3154 409 3204 v,
457 3142 507 3203 2,
553 3141 604 3204 3,
639 3143 690 3201 7,
731 3137 989 3192 occinere
1027 3137 1379 3194 debeamus:
1419 3161 1445 3186 «
1482 3141 1793 3197 Haereditas

94 3234 292 3282 nostra
323 3240 488 3281 versa
516 3231 599 3281 est
629 3226 698 3281 ad
731 3225 964 3292 alienos,
1009 3227 1212 3282 domus
1253 3233 1459 3284 nostrae
1492 3229 1562 3284 ad
1593 3237 1792 3285 extra-

97 3330 254 3370 neos.
296 3315 501 3385 Pupilli
545 3315 672 3370 facti
714 3329 916 3370 sumus
953 3315 1173 3384 absque
1219 3323 1396 3386 patre,
1441 3326 1650 3374 matres
1688 3335 1793 3374 no—

97 3411 232 3459 straa
258 3404 421 3473 quasi
455 3403 664 3458 viduze.
702 3404 894 3458 Patres
927 3405 1104 3458 nostri
1140 3414 1542 3472 peccaverunt,
1583 3417 1634 3462 et
1678 3423 1792 3463 non

98 3499 272 3558 sunt;
305 3500 358 3547 et
398 3506 500 3546 nos
531 3491 862 3561 iniquitates
889 3505 1087 3548 eorum
1115 3494 1493 3561 portavimus.
1537 3514 1564 3544 ν

173 3579 382 3634 Verum
425 3579 520 3635 ubi
571 3581 720 3647 viget
767 3580 1052 3650 regularis
1103 3582 1494 3650 observantia,
1536 3597 1608 3638 ex
1661 3599 1790 3639 scn-

101 3667 276 3723 tentia
302 3667 551 3722 affluunt
579 3667 879 3736 universa;
909 3669 1061 3737 quod
1088 3669 1260 3737 probe
1299 3671 1598 3726 adnotavit
1626 3673 1792 3741 Hugo

105 3756 545 3811 Flaviniacensis
589 3757 646 3810 in
691 3757 973 3812 Chronico
1035 3757 1293 3812 nondum
1341 3759 1510 3824 edito,
1563 3760 1632 3814 ad
1694 3775 1790 3816 an.

109 3846 261 3909 1078,
309 3852 465 3914 gesta
515 3845 794 3900 exhibens
827 3845 1053 3900 abbatis
1097 3845 1480 3916 Divionensis,
1525 3847 1576 3902 S.
1631 3849 1790 3905 Guil-

108 3931 274 3998 lelmi,
327 3933 429 4002 qui
484 3941 671 4001 postea
730 3933 1069 3988 Fiscanense
1120 3935 1269 3988 rexit
1329 3937 1787 3991 monasterium:

117 4043 136 4068 ι
191 4019 432 4075 Noverat
488 4020 628 4089 quia
679 4035 811 4076 cum
869 4030 1145 4076 cresceret
1199 4022 1440 4078 interius
1498 4023 1791 4093 religionis

110 4107 374 4171 studium,
452 4107 753 4163 exterioris
834 4123 1065 4179 quoque
1093 4110 1428 4165 substantiae
1502 4112 1794 4167 accederet

111 4195 582 4264 supplementum.
616 4217 643 4243 »
677 4197 742 4251 Et
789 4197 860 4251 ad
895 4210 990 4251 an.
1044 4200 1177 4251 1088
1211 4211 1223 4249 :
1265 4220 1284 4246 ι
1328 4198 1568 4268 Vigebat
1629 4199 1683 4253 in
1725 4215 1791 4255 eo

113 4283 287 4338 virtus
318 4284 633 4350 charitatis,
680 4299 810 4353 quze
851 4292 1009 4340 tanta
1050 4293 1191 4349 erat,
1246 4295 1309 4340 ut
1352 4301 1692 4356 quanquam
1727 4302 1791 4343 eo

112 4385 272 4436 anno,
311 4371 524 4441 ubique
562 4373 912 4442 tempestatis
955 4373 1243 4438 violentia,
1292 4383 1531 4430 maturae
1574 4383 1792 4444 segetes

113 4459 168 4514 in
211 4460 393 4528 spicis,
443 4467 498 4515 et
559 4461 760 4516 vinum
813 4461 872 4516 in
926 4461 1185 4527 racemis,
1245 4463 1440 4518 omnia
1482 4471 1786 4532 prostrata,

113 4555 163 4603 et
199 4561 423 4616 prorsus
461 4548 734 4603 damnata
771 4557 978 4611 essent.
1032 4550 1112 4604 nil
1147 4558 1336 4606 tamen
1388 4551 1579 4606 minus
1634 4552 1792 4607 fieret

115 4635 170 4692 in
215 4635 497 4692 refectorio
543 4643 598 4691 et
645 4637 1024 4706 eleemosyna,
1077 4653 1210 4693 cum
1264 4639 1466 4694 fratres
1516 4649 1790 4695 centena-

116 4724 253 4779 rium
301 4723 416 4780 fere
458 4724 797 4780 excederent
839 4739 1170 4793 numerum,
1224 4746 1250 4777 υ
1289 4734 1394 4782 etc.
1455 4728 1578 4782 Huc
1614 4729 1789 4796 perti-

115 4819 239 4867 nent
267 4827 392 4882 quaa
433 4813 506 4868 de’
542 4827 601 4868 se
643 4812 810 4868 refert
851 4813 1130 4884 Sugerius
1181 4814 1236 4869 in
1288 4815 1562 4871 Ludovici
1593 4815 1783 4871 Grossi

118 4901 252 4966 Vita,
305 4907 440 4956 tom.
502 4901 575 4956 lV
646 4902 787 4956 Hist.
875 4903 1079 4958 Franc.
1149 4903 1394 4958 Andreae
1465 4904 1785 4967 Duchcsne,

115 5004 230 5060 pag.
289 4991 409 5044 3H.
485 5010 512 5038 ‹‹
568 4989 838 5045 Ordinem
892 4999 1156 5046 sanctum
1216 4991 1380 5060 plene
1429 4991 1786 5055 reformavit,

117 5085 304 5134 sancta
359 5077 650 5148 religionis
682 5079 1034 5147 propositum
1065 5095 1180 5148 quo
1239 5080 1310 5134 ad
1371 5081 1549 5135 Deum
1601 5081 1790 5136 fruen-

117 5166 241 5222 dum
278 5165 626 5235 pervenitur,
677 5167 896 5236 absque
951 5168 1221 5224 seandalo
1245 5172 1301 5223 et
1357 5169 1788 5238 perturbatione

118 5255 361 5319 fratrum,
418 5255 546 5310 licet
588 5269 701 5310 non
743 5256 1168 5323 consueverint,
1205 5258 1435 5325 pacifice
1468 5259 1783 5313 constituit.

119 5343 276 5414 Cujus
301 5342 617 5399 voluntatis
645 5342 858 5399 divinae
887 5344 1222 5411 efficaciam,
1268 5353 1440 5400 tantae
1485 5345 1781 5414 libertatis,

119 5433 260 5489 bona
308 5432 491 5499 famaa,
561 5439 617 5486 et
676 5438 916 5488 terrenae
983 5433 1286 5503 opulentize
1345 5434 1653 5490 subsecuta
1702 5441 1788 5490 est

117 5521 406 5588 affluentia,
444 5528 505 5576 ut
534 5521 706 5576 etiam
749 5520 1267 5590 impresentiarum,
1298 5537 1413 5592 quo
1461 5523 1644 5593 magis
1677 5537 1785 5576 no—

116 5619 218 5668 stra
252 5609 530 5676 excitetur
576 5608 1041 5678 pusillanimitas,
1095 5610 1518 5680 quodammodo
1565 5625 1784 5681 cogno-

1904 3145 2094 3209 fuerit,
2128 3143 2509 3206 concedatur;
2535 3153 2659 3210 cap.
2711 3141 2798 3204 39,
2848 3137 2918 3191 40
2951 3146 3006 3192 et
3050 3139 3136 3190 55.
3190 3133 3379 3188 Victus
3411 3139 3466 3186 et
3497 3143 3593 3184 ve-

1902 3235 2170 3289 stimenta
2228 3231 2694 3299 suppeditentur;
2753 3240 2877 3296 cap.
2935 3227 3001 3278 53
3051 3231 3106 3278 et
3149 3224 3261 3275 56:
3307 3243 3334 3270 «
3385 3219 3594 3274 Omnes

1903 3319 2370 3390 supervenientes
2431 3316 2678 3385 hospites
2739 3323 3019 3382 tanquam
3087 3310 3347 3366 Christus
3405 3305 3594 3362 susci-

1907 3409 2219 3477 piantur.»
2270 3407 2340 3460 Et
2387 3405 2612 3458 tandem
2664 3418 2788 3472 cap.
2848 3404 2951 3455 66:
2986 3421 3012 3448 ‹‹
3074 3395 3482 3454 Monasterium
3517 3391 3594 3446 ita

1903 3495 2070 3551 debet
2121 3493 2395 3559 construi,
2451 3499 2512 3546 ut
2559 3492 2752 3547 omnia
2796 3486 3135 3552 necessaria,
3185 3484 3238 3538 id
3284 3489 3369 3536 est
3415 3492 3590 3548 aqua,

1903 3584 2118 3645 hortus,
2156 3582 2484 3652 pistrinum,
2519 3581 2605 3636 vel
2640 3588 2792 3634 artes
2829 3579 3068 3632 diversae
3115 3576 3264 3629 intra
3297 3577 3592 3626 monaste-

1903 3672 2054 3727 rium
2107 3678 2506 3727 exerceantur.
2556 3677 2620 3724 ut
2669 3683 2785 3723 non
2837 3667 2908 3722 sit
2953 3663 3256 3720 necessitas
3300 3656 3595 3714 monachis

1903 3760 2154 3830 vagandi
2189 3759 2360 3825 foras,
2409 3757 2545 3828 quia
2591 3757 2824 3812 omnino
2865 3768 2979 3810 non
3029 3749 3258 3820 expedit
3289 3745 3597 3802 animabus

1900 3862 2122 3905 eorum.
2154 3866 2182 3899 It

1973 3935 2250 4005 Nunquid
2292 3935 2378 3990 his
2425 3948 2496 3989 ex
2545 3934 2683 3988 locis
2713 3931 3047 3986 'necessario
3087 3923 3473 3995 colligendum
3511 3927 3596 3975 est

1901 4024 2160 4080 ccrnobia
2191 4037 2382 4079 rerum
2414 4023 2573 4092 copia
2606 4021 2723 4076 fore
2753 4019 3021 4083 dotanda,
3056 4022 3352 4086 quatenus
3378 4010 3447 4066 ad
3477 4023 3594 4064 un-

1903 4127 2074 4183 guem
2101 4113 2438 4167 observetur
2471 4109 2710 4180 regula?
2757 4107 3032 4162 nimirum
3077 4112 3136 4160 ut
3182 4103 3384 4162 victus,
3419 4097 3592 4154 vesti-

1905 4209 2113 4270 tusque
2146 4201 2462 4269 unicuique
2496 4199 2816 4266 tribuatur;
2852 4216 2879 4244 «
2911 4193 3163 4249 Infirmis
3203 4192 3350 4246 sicut
3395 4199 3596 4244 revera

1904 4289 2146 4348 Christo.
2191 4289 2267 4343 ita
2305 4287 2622 4353 serviatur;
2660 4308 2686 4335 ››
2732 4298 3011 4356 pauperes
3052 4294 3252 4338 omnes
3292 4276 3469 4349 (quod
3511 4290 3596 4330 so-

1831 4370 1872 4422 D
1907 4379 2089 4433 lemne
2142 4391 2208 4431 ac
2249 4377 2578 4446 religiosum
2638 4375 2694 4429 in
2752 4373 2970 4439 ordine,
3031 4367 3314 4440 quamdiu
3375 4365 3594 4422 reditus

1903 4465 2378 4521 monasteriorum
2434 4479 2468 4518 a
2515 4461 2890 4519 saecularibus
2935 4459 3074 4514 viris
3121 4457 3352 4513 minime
3393 4455 3595 4510 distra-

1901 4555 2209 4614 hebantur,
2243 4567 2465 4621 semper
2499 4550 2737 4616 exstitit)
2772 4549 2928 4604 velut
2977 4547 3241 4604 Christus
3286 4543 3594 4612 excipian-

1903 4650 2016 4708 tur,
2077 4641 2474 4705 sublevantur,
2531 4639 2782 4703 alantur,
2844 4637 3165 4691 vestiantur
3231 4633 3324 4703 (de
3379 4630 3596 4700 quibus

1900 4745 2033 4786 mox
2077 4729 2266 4799 infra).
2328 4728 2686 4797 Quapropter
2733 4727 2786 4781 S.
2848 4724 3139 4781 Junianus
3196 4736 3230 4776 a
3283 4735 3415 4790 rege
3461 4717 3592 4773 Clo-

1901 4818 2045 4874 tario
2094 4819 2135 4882 Ι,
2195 4818 2364 4888 cujus
2424 4815 2789 4886 professionis
2853 4829 2920 4868 ac
2978 4812 3149 4866 studii
3197 4817 3362 4872 esset,
3408 4807 3595 4862 scisci-

1900 4915 2073 4974 tatus,
2115 4905 2194 4961 sic
2239 4904 2645 4975 conquerendo
2705 4901 2994 4971 respondit
3046 4915 3058 4953 :
3121 4919 3148 4947 «
3200 4899 3267 4953 Se
3309 4897 3419 4953 sub
3469 4909 3594 4951 mo-

1901 4997 2116 5051 nastico
2146 4994 2346 5050 ordine
2377 4995 2552 5049 vitam
2575 4992 2814 5061 ldegere,
2852 5000 2906 5046 et
2948 4987 3240 5044 monachis
3285 4985 3592 5056 praelatum

1897 5093 1950 5140 et
2009 5083 2235 5139 beatiss.
2297 5081 2580 5138 Benedicti
2641 5083 2900 5137 instituta
2958 5093 3203 5142 servare,
3264 5075 3590 5146 regularem

1897 5173 2025 5243 ejus
2053 5173 2229 5227 vitam
2265 5172 2591 5234 observare,
2634 5171 2741 5226 nisi
2790 5171 2949 5240 quod
2992 5177 3224 5239 propter
3259 5164 3589 5237 angustiam

1898 5259 2004 5314 loci
2062 5274 2174 5314 non
2221 5274 2347 5315 eam
2403 5260 2725 5328 plenissime
2757 5259 3044 5314 custodire
3095 5271 3226 5312 cum
3267 5254 3389 5310 suis
3433 5252 3590 5308 vale-

1899 5355 2001 5402 ret.
2041 5368 2068 5396 »
2115 5348 2184 5403 Et
2221 5348 2422 5417 paucis
2470 5347 2821 5417 interjectis:
2869 5368 2896 5395 ‹‹
2947 5345 3169 5409 Quibus
3215 5342 3449 5407 auditis,
3489 5355 3593 5396 rex

1897 5436 2087 5490 statim
2129 5435 2254 5491 ait:
2308 5436 2364 5492 Si
2409 5451 2481 5492 ex
2525 5437 2734 5506 praedio
2767 5436 2884 5490 fisci
2929 5433 3106 5490 nostri
3159 5431 3378 5502 aliquid
3427 5430 3592 5486 vobis

1897 5524 2153 5580 vicinum
2195 5532 2297 5589 est,
2327 5533 2381 5580 et
2411 5525 2516 5581 loci
2559 5525 2986 5595 opportunitate
3017 5535 3364 5592 congruum,
3399 5535 3588 5589 quan-

1899 5619 2016 5666 tum
2061 5619 2173 5668 tuae
2220 5615 2507 5670 sanctitati
2550 5614 2752 5685 placet,
2794 5620 2847 5668 et
2882 5612 3005 5679 tibi,
3053 5611 3284 5680 tuisque
3327 5607 3591 5664 sufficere
