3930 6456
326 397 463 452 1055

322 528 516 598 possit,
568 535 685 584 tam
725 527 783 584 in
828 529 1098 585 exercitio
1138 528 1340 599 operis,
1378 540 1558 599 quam
1596 526 1765 582 etiam
1808 526 1867 582 in
1913 540 2011 597 pa-
2050 532 2091 584 Α

322 630 462 672 seua
506 618 904 689 jumentorum
951 626 1007 674 et
1056 631 1326 687 pecorum
1378 618 1768 672 necessarium
1812 631 2013 673 conce-

322 705 532 772 dimus,
583 706 653 761 ad
712 721 850 762 usus
898 706 1159 762 videlicet
1202 717 1500 760 servorum
1544 704 1663 771 Dei,
1706 712 1812 760 etc.
1848 725 1875 754 ››
1926 704 2017 760 Sic

324 794 445 850 vita
484 808 661 851 manu
686 803 943 851 exarata.

395 883 485 954 (“)
520 884 654 939 IBID.
690 912 754 924 -—
780 884 937 937 Bene
963 880 1443 949 conversantium,
1476 888 1613 937 dum
1641 885 1696 936 et
1723 882 1851 954 ipse
1881 897 2017 940 ma-

322 987 500 1026 nuum
545 972 714 1027 labor
762 970 984 1026 sorduit
1014 970 1189 1037 facta
1244 974 1326 1026 es!
1378 970 1617 1025 raritas.
1672 992 1700 1021 ‹‹
1750 971 2017 1028 Otiositas

324 1060 477 1114 enim
507 1060 739 1115 inimica
775 1068 858 1115 est
894 1060 1100 1115 animae
1134 1075 1147 1114 :
1179 1067 1235 1115 et
1282 1059 1406 1115 ideo
1450 1060 1618 1115 certis
1658 1061 2018 1130 temporibus

324 1147 589 1215 occupari
625 1147 829 1201 debent
866 1147 1070 1201 fratres
1112 1147 1166 1202 in
1212 1147 1405 1203 labore
1456 1161 1734 1203 manuum
1778 1167 1805 1199 ιο
1854 1148 2017 1204 docet

325 1234 378 1289 8.
415 1233 752 1289 Benedictus
792 1235 927 1305 Reg.
968 1248 1091 1304 cap.
1135 1236 1227 1289 48.
1276 1235 1412 1290 Inde
1458 1234 1735 1303 inferunt,
1778 1236 2018 1292 volunt—

324 1335 436 1392 que
490 1321 752 1376 nonnulli
807 1322 1137 1388 monachos,
1180 1337 1311 1393 quo
1361 1325 1491 1379 vitae
1544 1324 1865 1380 necessaria
1924 1324 2013 1380 lu-

321 1414 578 1472 crentur,
640 1422 921 1464 manuum
981 1409 1158 1465 teneri
1220 1409 1433 1465 labore.
1492 1414 1560 1466 At
1615 1410 2017 1482 objurgatores

320 1493 668 1564 ejuscemodi
699 1497 947 1553 multum
988 1497 1356 1565 hallucinari,
1391 1498 1724 1569 duplicique
1756 1506 2013 1555 tantum-

323 1581 490 1637 modo
527 1582 596 1638 de
626 1596 801 1639 causa
835 1599 969 1639 suos
1006 1584 1323 1656 astringere
1364 1584 1501 1640 huic
1538 1585 1695 1654 operi
1734 1584 1796 1639 Β.
1833 1584 2019 1640 Bene—

296 1669 560 1738 .dictum,
593 1672 901 1743 indigitant
935 1674 1225 1743 Rupertus
1255 1674 1453 1738 abbas,
1486 1675 1807 1744 Petrusque
1840 1674 2019 1731 Vene-

321 1754 542 1821 rabilis,
595 1763 658 1812 ut
697 1756 994 1828 segnitiem
1046 1757 1295 1828 fugiant,
1349 1756 1658 1813 sublevent
1699 1766 2016 1828 pauperta-

323 1849 435 1898 tem
444 1882 457 1897 .

393 1931 555 1987 Prior
584 1931 780 2002 itaque
808 1932 905 1989 lib.
941 1949 1019 1998 tu,
1052 1933 1123 1989 ad
1156 1947 1279 2004 cap.
1315 1933 1456 1990 illud
1483 1932 1739 2004 Regulae,
1772 1947 1896 2004 cap.
1937 1938 1957 1989 l
2002 1950 2016 1990 :

323 2036 353 2070 α
380 2018 627 2089 Capituli
658 2021 835 2092 hujus
866 2022 1076 2079 idcirco
1109 2021 1363 2091 memini,
1396 2037 1529 2077 cum
1579 2022 1648 2076 de
1700 2022 2018 2080 ministerio

321 2104 517 2162 altaris
564 2106 751 2163 dicere
795 2109 1208 2179 proposuerim,
1268 2122 1375 2165 cur
1431 2109 1764 2165 Benedictus
1815 2110 1875 2165 in
1924 2125 2020 2167 re-

325 2193 463 2265 gula
510 2194 651 2250 nihil
700 2195 1080 2266 ordinaverit;
1140 2198 1279 2268 quia
1344 2196 1602 2252 videlicet
1660 2197 1825 2253 hodie
1874 2213 2018 2254 non-

325 2282 517 2339 nullas
545 2283 771 2339 animas
801 2284 1129 2355 ignorantia
1168 2284 1259 2340 sui
1295 2285 1650 2356 negligentes
1688 2285 1820 2342 facit
1866 2286 2021 2344 illius

324 2369 567 2427 internae
647 2372 1116 2441 pulchritudinis,
1197 2379 1427 2442 propter
1499 2386 1675 2442 quam
1743 2377 1891 2427 581
1948 2362 2039 2428 ad"

326 2458 474 2513 sacri
507 2458 706 2515 altaris
746 2459 1001 2515 officium
1049 2467 1388 2516 meruerunt
1428 2460 1661 2515 ascisci.-
1693 2459 1836 2516 Nam
1882 2459 2021 2531 quia

328 2546 593 2601 monachi
643 2555 798 2615 sunt,
847 2555 901 2603 et
948 2548 1151 2604 beatus
1201 2548 1544 2604 Benedictus
1592 2548 1890 2603 monachis
1935 2563 2023 2604 or-

325 2633 549 2689 dinavit
605 2649 752 2705 opus
812 2649 1117 2702 manuum,
1183 2650 1324 2706 pene
1377 2636 1805 2693 obliviscuntur
1863 2637 2019 2707 quod

325 2722 645 2779 sacerdotes
682 2732 838 2789 sunt,
887 2732 994 2780 etc.
1044 2724 1444 2795 Relinquenda
1486 2724 1597 2780 illis
1635 2733 1782 2805 esset
1829 2734 2020 2781 nostro

323 2810 546 2866 silentio
589 2825 697 2867 sua
751 2812 1010 2881 intentio,
1061 2813 1200 2884 quia
1246 2813 1443 2869 intenti
1509 2813 1661 2870 circa
1707 2828 1853 2884 opus
1898 2827 2019 2870 ma-

324 2912 532 2967 nuum,
578 2900 648 2955 de
693 2900 1031 2971 quotidiana
1073 2902 1454 2958 celebratione
1500 2902 1829 2968 missarum,
1882 2916 2021 2972 par-

325 3001 465 3043 vum
512 2995 614 3044 aut
663 2988 777 3045 fere
837 2990 1063 3047 nullum
1112 2990 1312 3047 dicunt
1353 2990 1563 3047 habere
1610 2990 1867 3046 studium
1909 2989 2019 3047 nisi

322 3077 711 3134 sollicitarent.
749 3100 777 3129 »
805 3080 952 3135 Tum
992 3094 1116 3150 cap.
1158 3084 1192 3134 2
1226 3097 1239 3135 :
1278 3101 1306 3130 «
1329 3080 1514 3151 Igitur
1543 3095 1910 3151 quacunque
1939 3095 2016 3149 es,

323 3165 603 3222 oanima!
651 3182 784 3237 quae
827 3167 1148 3224 sollicitaris
1193 3182 1228 3223 a
1277 3167 1643 3224 dicentibus:
1687 3167 1810 3224 Non
1861 3176 2017 3238 potes

324 3252 417 3310 hic
461 3253 694 3321 salvari,
751 3255 891 3327 quia
932 3256 1003 3313 de
1052 3256 1247 3312 labore
1294 3270 1576 3312 manuum
1619 3264 1851 3312 tuarum
1901 3271 2017 3312 non

326 3342 473 3398 vivis
505 3351 734 3413 propter
764 3351 818 3400 te
857 3344 965 3401 hoc
1006 3358 1040 3401 a
1080 3359 1169 3400 me
1207 3344 1423 3400 dictum
1465 3352 1606 3414 puta
1641 3359 1653 3398 :
1699 3343 1752 3401 Si
1787 3344 2019 3416 ignoras

324 3435 396 3494 te,
453 3442 486 3484 o
525 3429 917 3498 pulcherrima
953 3431 1106 3487 inter
1152 3431 1440 3498 mulieres,
1490 3431 1778 3503 egredere,
1818 3439 1872 3487 et
1922 3431 2017 3487 abi

323 3524 445 3586 post
493 3518 736 3590 vestigia
785 3533 1051 3590 gregum,
1092 3527 1147 3575 et
1193 3533 1359 3589 pasce
1399 3520 1592 3575 hmdos
1625 3519 1798 3589 juxta
1838 3520 2022 3576 taber-

323 3606 535 3662 uacula
563 3615 881 3676 pastorum,
920 3628 941 3656 ι
964 3615 1073 3663 etc.
1107 3609 1178 3664 Et
1212 3608 1380 3675 infra,
1409 3622 1536 3678 cap.
1570 3608 1619 3663 4.
1646 3625 1660 3663 :
1689 3629 1719 3657 «ι
1750 3609 1828 3664 De
1850 3622 2019 3678 opere

324 3706 629 3764 manuum,
657 3709 792 3771 _quo
835 3694 1085 3751 maxime
1126 3695 1314 3751 victus
1361 3695 1705 3766 acquiritur,
1747 3697 1900 3767 quod
1936 3702 2021 3751 est

325 3794 512 3850 arare,
559 3784 863 3851 seminare,
917 3791 972 3840 et
1030 3792 1260 3852 metere,
1320 3784 1634 3855 sylvasque
1704 3785 2017 3852 succidere,

326 3872 693 3942 perspicuum
738 3880 822 3930 est
861 3873 1002 3944 quia
1035 3887 1152 3928 non
1191 3880 1276 3928 est
1309 3871 1595 3928 Benedicti
1646 3879 2018 3943 przeceptum,

326 3961 420 4016 sed
480 3962 877 4018 tantummodo
936 3961 1299 4032 permissum,
1360 3960 1480 4017 sive
1533 3959 1822 4031 patientiae
1878 3960 2023 4016 sola-

326 4048 495 4118 tium,
553 4071 582 4099 »
634 4058 742 4107 etc.
814 4052 1066 4121 Denique
1151 4064 1277 4120 cap.
1345 4053 1376 4103 7
1444 4049 1740 4119 Exemplis
1814 4048 2019 4119 probat

326 4138 419 4195 SS.
452 4138 731 4211 Gregorii,
761 4139 971 4206 Mauri,
1008 4146 1114 4195 etc.
1159 4158 1187 4188 «
1227 4136 1337 4204 Qui
1377 4135 1740 4193 monasteriis
1783 4137 1905 4192 suis
1943 4144 2024 4194 tot

324 4234 380 4284 et
413 4234 575 4283 tanta
613 4228 830 4300 praedia
876 4227 1275 4298 providerunt,
1320 4226 1407 4282 vel
1456 4232 1855 4296 susceperunt,
1904 4240 2019 4281 non

325 4314 445 4372 fore
472 4316 867 4372 necessitatem
910 4314 1205 4371 monachis
1242 4315 1459 4371 victum
1500 4313 1612 4370 sibi
1648 4327 1908 4385 querere
1952 4315 2022 4370 de

2054 1820 2097 1876 B

1312 396 1409 451 AD
1445 396 1597 452 OPP.
1636 396 1806 452 VEN.
1850 394 2180 451 GUIBERTI
2218 394 2308 450 DE
2348 395 2739 452 NOVIGENTO

3710 394 3872 451 1056

2124 526 2430 599 implendo,
2462 528 2549 584 vel
2582 526 2696 584 alia
2725 526 2995 599 quaelibet
3034 526 3371 598 hujusmodi
3409 528 3561 584 bona
3589 528 3855 599 agendo

2123 618 2352 673 animus
2401 623 2737 686 occupatur,
2786 614 2987 686 regula
3039 614 3281 683 perfecte
3327 622 3615 671 servatur.
3686 637 3712 663 ι
3790 616 3865 671 Et

2123 714 2248 775 post
2272 705 2386 760 alia
2416 706 2484 760 de
2512 713 2710 760 sancto
2740 704 2937 759 Mauro
2974 717 3171 774 agens,
3218 704 3461 774 ejusque
3502 706 3859 771 monachis,

2125 794 2243 850 haec
2286 793 2567 850 subinfert
2598 808 2610 847 :
2645 815 2665 842 ι
2730 793 2800 849 Ut
2851 792 2986 862 quia
3039 791 3122 847 eis
3171 792 3292 847 sine
3345 792 3572 862 proprio
3628 792 3861 848 labore

2122 889 2331 939 cuncta
2372 881 2694 937 necessaria
2736 881 3204 951 suppeditabant,
3267 880 3475 935 omisso
3535 894 3859 937 manuum

2126 971 2336 1039 labore,
2389 969 2791 1039 spiritualibus
2850 968 3172 1035 exercitati,
3227 968 3388 1023 otiosi
3439 983 3553 1024 non
3600 977 3855 1039 essent;

2122 1058 2320 1129 sicque
2365 1058 2473 1114 sibi
2514 1071 2697 1127 nuper
2736 1070 2769 1111 a
2810 1064 3007 1112 sancto
3054 1056 3355 1111 Benedicto
3396 1056 3670 1111 traditam
3740 1057 3859 1112 Be-

2125 1146 2341 1216 gulam,
2379 1147 2526 1201 bona
2570 1159 2793 1215 semper
2827 1145 3138 1214 operando.
3181 1145 3392 1214 optime
3436 1152 3780 1201 servarent.
3822 1166 3848 1193 ι

2125 1235 2207 1289 ita
2234 1234 2609 1298 Venerabilis,
2642 1234 2744 1304 qui
2775 1241 2989 1289 statuto
3020 1247 3124 1288 suo
3155 1235 3243 1299 38,
3274 1240 3335 1288 ut
3380 1233 3851 1299 monachorum,

2123 1336 2324 1378 eorum
2384 1323 2635 1378 maxime
2695 1322 2794 1393 qui
2855 1321 3112 1376 conversi
3178 1320 3472 1388 dicuntur,
3542 1321 3853 1377 desidiam

2124 1411 2483 1481 propelleret,
2518 1410 2765 1467 laborem
2794 1423 3072 1464 manuum
3105 1407 3366 1478 imperat.

2195 1502 2376 1563 Quam
2428 1500 2485 1555 in
2534 1513 2653 1555 rem
2685 1506 2920 1555 sanctus
2959 1498 3344 1566 Hieronymus
3373 1496 3443 1552 ad
3472 1496 3795 1553 Rusticum
3828 1512 3845 1551 :

2126 1607 2153 1640 α
2183 1588 2587 1659 Egyptiorum
2635 1586 2979 1643 monasteria
3026 1586 3185 1641 hunc
3233 1599 3444 1640 morem
3497 1592 3717 1652 tenent,
3774 1593 3847 1641 ut

2125 1677 2355 1732 nullum
2408 1676 2627 1745 absque
2673 1674 2860 1744 operis
2902 1673 3095 1729 labore
3151 1674 3486 1743 suscipiant,
3538 1685 3657 1726 non
3709 1676 3843 1724 tam

2126 1771 2354 1834 propter
2391 1764 2581 1819 victus
2629 1762 3043 1823 necessitatem,
3094 1774 3270 1831 quam
3326 1767 3553 1830 propter
3612 1759 3843 1814 anima:

2126 1852 2392 1918 salutem,
2453 1866 2524 1909 ne
2582 1858 2828 1920 vagetur
2878 1849 3208 1919 perniciosis
3269 1847 3722 1920 cogitationibus
3783 1854 3843 1902 et

2127 1939 2310 1995 instar
2351 1938 2687 1995 fornicantis
2730 1936 3047 1993 Jerusalem
3099 1935 3259 1992 omni
3304 1934 3625 1992 transeunti
3668 1934 3843 1989 diva-

2129 2029 2268 2084 ricet
2298 2027 2465 2097 pedes
2493 2040 2644 2083 suos.
2685 2045 2706 2072 ι
2741 2023 2973 2080 Clericis
3013 2022 3191 2079 nimio
3226 2023 3339 2079 otio
3388 2037 3457 2077 ne
3488 2021 3832 2089 afﬂuerent,

2128 2130 2196 2172 ac
2221 2121 2533 2186 torperent,
2573 2127 2739 2183 aeque
2776 2126 2843 2168 ac
2883 2112 3179 2167 monachis
3218 2110 3353 2166 olim
3406 2123 3689 2165 manuum
3740 2109 3840 2163 in-

2128 2205 2317 2260 dictus
2338 2203 2507 2259 labor
2535 2202 2647 2257 aS.
2694 2200 2980 2257 Clemente
3022 2200 3298 2266 Romano,
3343 2198 3530 2255 Const.
3587 2201 3635 2265 l,
3692 2211 3826 2266 cap.

2125 2295 2217 2360 ‘76,
2257 2291 2460 2348 concil.
2510 2289 2782 2361 Carthag.
2836 2303 2911 2357 1v,
2957 2301 3086 2344 can.
3131 2291 3188 2342 51
3229 2294 3285 2344 et
3315 2287 3431 2357 52;
3466 2286 3519 2342 8.
3569 2287 3823 2357 August.

2128 2383 2181 2449 2,
2216 2387 2444 2436 retract.
2477 2382 2567 2444 2t,
2591 2384 2647 2434 et
2674 2377 2820 2433 aliis.

2200 2466 2291 2540 (³⁸)
2317 2469 2453 2524 leto.
2489 2497 2556 2509 —
2589 2468 2806 2521 Rerum
2831 2463 3151 2537 antiquitus
3178 2463 3453 2520 datarum
3480 2461 3833 2517 exuberante

2126 2555 2313 2628 copia.
2379 2555 2561 2623 Quam
2606 2554 2678 2611 ob
2731 2567 2962 2610 causam
3018 2552 3513 2608 Benedictinorum
3561 2550 3836 2606 ccenobia

2129 2644 2400 2700 maximis
2441 2643 2648 2714 opibus
2689 2641 2905 2698 fuerint
2949 2641 3172 2708 orbata,
3219 2639 3576 2696 ostendimus
3620 2652 3825 2707 supra.

2133 2735 2335 2790 Paucis
2382 2746 2539 2789 nunc
2571 2745 2691 2802 qua
2719 2730 2940 2786 ratione
2980 2729 3039 2785 in
3077 2736 3301 2784 tantum
3350 2726 3566 2783 divitiis
3595 2740 3833 2783 crevere

2128 2822 2457 2879 dicendum.
2508 2817 2761 2875 Diversis
2807 2815 3122 2872 attribuere
3167 2814 3346 2870 solent
3388 2811 3576 2869 causis
3618 2820 3832 2868 aucto-

2129 2925 2259 2967 res:
2301 2909 2396 2965 alii
2441 2922 2644 2980 regum
2701 2906 3100 2977 principumve
3136 2902 3442 2970 beneﬁciis,
3495 2901 3829 2972 opulentio-

2128 3000 2292 3056 ribus
2320 2998 2431 3054 illis
2461 2998 2577 3062 alii,
2618 2996 2718 3067 qui
2756 2995 3105 3051 monacbum
3139 2993 3440 3049 induentes
3479 2990 3828 3047 monasterio

2058 3116 2100 3173 ρ
2131 3087 2343 3158 praedia
2377 3085 2677 3155 complura
2724 3083 3127 3173 acquirebant;
3178 3080 3444 3173 nonnulli
3486 3083 3825 3173 Ascetarum

2129 3173 2387 3246 diligenti
2422 3186 2489 3229 ac
2512 3171 2725 3228 sedulae
2758 3169 3273 3239 administrationi;
3308 3182 3422 3224 non
3468 3167 3633 3237 pauci
3684 3180 3824 3221 vero

2128 3261 2214 3329 iis,
2247 3261 2348 3331 qui
2399 3260 2682 3332 singulari
2704 3259 2964 3315 doctrina
2999 3257 3305 3322 ﬂorebant,
3339 3255 3565 3327 publice
3601 3254 3825 3311 scholas

2126 3350 2424 3420 tenebant;
2463 3348 2651 3406 caeteri
2696 3347 2926 3404 tandem
2964 3346 3211 3425 integrae
3259 3344 3688 3401 mundanorum
3731 3343 3824 3399 ab

2127 3439 2417 3506 dicationi,
2473 3452 2541 3493 ac
2583 3436 2845 3506 perfectae
2882 3434 3302 3490 monachorum
3348 3431 3401 3488 8.
3465 3430 3679 3503 regulae
3719 3432 3819 3486 ob-

2128 3526 2438 3583 servationi
2486 3524 2664 3595 (quod
2717 3531 2772 3579 et
2829 3536 2863 3578 a
2921 3521 3086 3578 nobis
3143 3520 3411 3591 superius
3453 3520 3817 3575 observatum

2126 3610 2254 3681 est).
2310 3611 2383 3667 At
2453 3610 2809 3681 potissimum
2871 3606 3183 3663 solemnem
3239 3613 3412 3676 atque
3476 3603 3822 3676 religiosissi-

2129 3713 2285 3756 mam
2315 3698 2474 3754 illam
2504 3710 2637 3753 cum
2679 3695 2879 3752 ordine
2913 3702 3108 3750 natam
3140 3691 3634 3758 consuetudinem,
3669 3704 3819 3761 pau-

2129 3786 2366 3859 peribus
2441 3784 2868 3856 erogandarum
2954 3782 3229 3839 continuo
3301 3780 3811 3850 eleemosynarum,

2128 3876 2539 3947 hospitumque
2576 3871 3095 3943 suscipiendorum,
3123 3871 3296 3942 juxta
3327 3868 3543 3941 regulae
3576 3865 3818 3938 praescri-

2132 3974 2317 4036 ptum,
2388 3962 2744 4019 occasionem
2794 3960 3079 4018 exstitisse
3138 3957 3278 4014 mihi
3329 3957 3693 4027 perspicuum
3723 3955 3817 4010 vi-

2130 4054 2297 4111 detur
2330 4067 2342 4107 :
2389 4052 2607 4124 quippe
2644 4057 2879 4107 sanctus
2919 4048 3259 4105 Benedictus
3300 4044 3608 4115 discipulos
3653 4043 3817 4099 haece

2130 4141 2390 4199 doctrina
2442 4140 2773 4196 imbuerat:
2829 4160 2850 4187 ι
2918 4136 3209 4206 Pauperes
3263 4147 3544 4199 recreare,
3601 4131 3816 4187 nudum

2131 4230 2359 4297 vestire,
2402 4236 2697 4284 mortuum
2744 4225 3004 4297 sepelire,
3060 4244 3088 4272 »
3136 4238 3253 4294 reg.
3318 4236 3445 4292 cap.
3500 4222 3563 4288 4;
3613 4219 3809 4275 instru.

2134 4318 2219 4385 14,
2275 4320 2359 4384 15,
2424 4318 2531 4370 16;
2594 4336 2622 4364 α
2675 4327 2874 4370 omnes
2929 4310 3181 4382 hospites
3230 4318 3509 4380 tanquam
3567 4306 3814 4363 Christus

328 4404 529 4461 labore
575 4419 856 4460 manuum
897 4417 1160 4470 suarum,
1197 4411 1253 4459 et
1299 4417 1415 4459 non
1456 4403 1626 4475 argui
1670 4402 1779 4458 hoc
1820 4410 2024 4459 contra
2059 4394 2104 4449 D
2135 4405 2548 4475 suscipiantur,
2579 4409 2684 4460 etc.
2719 4401 3048 4471 Pauperum
3073 4407 3128 4455 et
3161 4398 3596 4469 peregrinorum
3634 4393 3812 4449 maxi-

328 4493 388 4547 B.
423 4491 708 4548 Benedicti
741 4492 934 4549 fecisse
961 4490 1315 4548 institutum.
1344 4511 1373 4541 »

399 4580 661 4638 Secundo
693 4580 814 4638 loco
860 4581 1060 4638 Petrus
1103 4580 1195 4636 ille
1225 4578 1506 4637 Venerab.
1554 4578 1737 4635 abbas
1763 4579 2020 4635 Cluniae.

325 4668 780 4727 Cistertiensium
867 4667 1289 4739 objectionibus
1367 4666 1692 4737 respondet,
1784 4666 1882 4723 lib.
1968 4682 2021 4735 1,

325 4758 489 4829 epist.
520 4760 628 4813 28:
674 4775 703 4809 α
745 4757 1076 4825 Videamus,
1120 4756 1331 4827 inquit,
1377 4768 1492 4811 non
1525 4763 1748 4811 tantum
1782 4755 1925 4826 quid
1955 4755 2025 4812 de

326 4860 497 4916 opere
527 4849 823 4904 'manuum
870 4845 1073 4918 regula
1124 4843 1444 4916 pracipiat;
1488 4843 1585 4899 sed
1623 4842 1796 4900 etiam
1843 4857 2026 4914 quare

328 4935 469 4991 illud
520 4936 830 5005 praecipiat.
884 4933 1170 5001 Otiositas,
1222 4932 1323 5001 ait,
1371 4931 1605 4987 inimica
1659 4938 1745 4987 est
1791 4930 2020 5000 animae,

326 5032 382 5080 et
447 5024 570 5080 ideo
632 5024 802 5081 certis
875 5024 1232 5095 temporibus
1300 5024 1505 5080 debent
1572 5022 1845 5092 occupari
1902 5021 2024 5077 fra-

330 5118 462 5179 tres,
496 5130 525 5162 ι)
577 5118 682 5168 etc.
745 5111 959 5167 Deinde
1013 5120 1137 5182 post
1194 5125 1381 5182 pauca
1438 5153 1450 5164 .
1501 5129 1529 5162 α
1581 5110 1633 5167 Si
1685 5110 1814 5166 aliis
1861 5110 2025 5167 bonis

328 5198 603 5269 operibus
640 5213 924 5269 occupare
968 5213 1195 5270 semper
1233 5200 1408 5257 totius
1446 5199 1556 5257 diei
1605 5199 1853 5270 spatium
1898 5213 2025 5254 mo-

331 5286 498 5342 nachi
544 5295 803 5356 possunt,
854 5300 987 5342 cum
1034 5287 1106 5342 ad
1153 5287 1258 5344 hoc
1307 5295 1533 5343 tantum
1586 5301 1658 5342 ne
1699 5285 1861 5343 otiosi
1912 5286 2026 5341 sint

330 5374 558 5444 operari
600 5374 1047 5444 praecipiantur;
1090 5388 1281 5431 nonne
1321 5375 1416 5431 illa
1444 5383 1677 5447 agentes
1713 5389 1749 5430 a
1797 5387 2022 5445 praeva-

330 5461 607 5517 ricatione
651 5463 867 5534 regulae
925 5462 1163 5517 omnino
1211 5463 1381 5519 alieni
1429 5462 1806 5534 permanent?
1851 5462 2025 5517 Plane

330 5548 432 5618 ita,
485 5558 633 5606 certe
678 5551 798 5607 ita:
849 5550 1046 5614 velint,
1101 5552 1281 5607 nolint
1324 5552 1662 5617 adversarii,
1713 5560 1820 5606 etc.
1873 5552 2025 5621 Ergo

331 5637 379 5694 si
433 5638 669 5708 orando,
734 5639 997 5712 legendo.
1058 5639 1366 5708 psallendo,
1444 5641 1709 5712 injuncta
1763 5638 2028 5711 religiose

2135 4508 2224 4550 me
2261 4491 2545 4563 susceptio
2591 4490 2747 4546 omni
2794 4502 2937 4545 cura
2989 4485 3225 4543 sollicite
3274 4485 3633 4548 exhibeatur,
3680 4481 3811 4553 quia

2135 4582 2319 4655 magis
2350 4582 2408 4637 in
2448 4580 2530 4637 eis
2575 4578 2839 4637 Christus
2884 4576 3201 4647 suscipitur
3243 4596 3264 4623 ι
3317 4588 3442 4644 cap.
3494 4576 3580 4640 53,
3627 4586 3658 4626 a
3705 4583 3813 4626 ma-

2135 4672 2312 4744 gistro
2336 4670 2489 4727 enim
2520 4667 2783 4724 omnium
2815 4680 2881 4722 ac
2909 4664 3149 4720 Domino
3190 4663 3467 4719 didicerat
3510 4675 3521 4714 :
3550 4680 3578 4709 «
3607 4660 3730 4715 Date
3758 4665 3810 4715 et

2132 4760 2366 4816 dabitur
2410 4758 2592 4825 vobis,
2645 4777 2665 4804 ι
2717 4762 2825 4812 etc.
2872 4753 3212 4823 Sciebatqne
3256 4750 3640 4821 experimento
3679 4745 3808 4802 illud

2133 4847 2240 4919 (uti
2295 4847 2490 4904 videre
2538 4852 2622 4902 est
2680 4843 2739 4899 in
2807 4842 2935 4914 ejus
2985 4840 3137 4908 Vita,
3197 4840 3417 4910 Dialog.
3488 4836 3543 4893 8.
3589 4835 3803 4906 Gregor.

2134 4936 2233 4993 lib.
2266 4951 2326 5004 ιι,
2369 4949 2492 5006 cap.
2532 4936 2593 4988 2t
2635 4939 2690 4988 et
2730 4931 2849 5002 29,)
2888 4952 2909 4980 ι
2965 4930 3282 4985 Feneratur
3314 4926 3553 4983 Domino
3584 4924 3675 4995 qui
3716 4923 3809 4977 mi-

2132 5033 2356 5082 seretur
2429 5022 2737 5094 pauperis;
2790 5027 2845 5076 et
2902 5017 3360 5075 vicissitudinem
3424 5013 3617 5071 reddet
3659 5011 3722 5067 ei.
3781 5031 3803 5059 ο

2134 5114 2323 5185 (Prov.
2352 5127 2475 5180 nx,
2508 5110 2619 5182 17.)

2205 5202 2392 5260 Solere
2423 5207 2614 5257 autem
2650 5198 2708 5253 in
2740 5194 3103 5253 monasteriis
3139 5204 3522 5265 quoscunque
3551 5201 3807 5261 pauperes

2133 5290 2321 5361 excipi
2379 5304 2445 5346 ac
2491 5287 2685 5353 solari,
2741 5298 2919 5355 supra
2964 5296 3275 5339 numerum
3322 5278 3641 5336 testimonia
3684 5290 3805 5332 cum

2134 5379 2248 5435 sint
2297 5377 2487 5444 obvia,
2535 5373 2798 5431 consulto
2847 5369 3252 5443 praeterimus:
3298 5381 3479 5424 unum
3521 5367 3805 5431 duntaxat,

2134 5475 2188 5525 et
2242 5467 2490 5523 alterum
2538 5479 2611 5522 ex
2663 5464 2905 5519 vetustis
2954 5459 3307 5517 membranis
3344 5456 3658 5514 eruendum
3712 5453 3804 5511 de—

2136 5557 2321 5611 lectat.
2374 5552 2778 5610 Nobilissimus
2807 5551 2986 5606 abbas
3029 5548 3082 5604 S.
3129 5545 3453 5602 Adalardus
3495 5543 3805 5601 Corbeiense

2134 5652 2342 5711 regens
2365 5635 2694 5694 coenobium
2729 5635 2927 5692 isthzec
2954 5631 3264 5689 ordinavit.
