3930 6388
73 357 212 411 1057

1327 350 1551 409 ΒΟΜΝῙ
1593 352 1651 407 L.
1693 349 2039 409 D'ACHERY
2077 352 2300 410 NOTAE.

3441 355 3578 412 1058

144 509 172 536 ‹‹
222 486 644 544 Coustituimus
700 485 770 541 ad
832 482 1165 554 hospitalem
1221 498 1564 555 pauperum,
1621 498 1770 554 quo-
1806 489 1848 539 Α
1880 483 1934 538 id
1985 491 2068 540 est
2119 484 2177 539 in
2209 483 2422 550 vitulis,
2479 483 2540 539 in
2582 483 2941 551 vervecibus,
2993 484 3084 540 vel
3131 486 3399 543 omnibus
3447 501 3578 558 quae

74 573 213 631 tidie
271 575 409 630 dare
467 587 642 644 panes
719 573 788 628 de
843 571 1086 628 mistura
1158 572 1336 628 factos
1389 571 1776 642 quadraginta

74 663 356 733 quinque,
392 663 674 717 librarum
707 661 904 728 trium,
938 659 1282 725 etdimidiae,
1313 668 1367 715 et
1393 661 1460 715 de
1487 659 1778 715 frumento

72 753 165 807 vel
215 752 415 821 spelta,
450 764 626 819 panes
670 751 934 819 quinque
965 748 1165 818 quales
1209 749 1415 804 vassali
1445 747 1774 817 accipiunt;

76 849 142 896 ut
195 841 334 895 fiant
377 837 550 894 simul
600 837 1048 909 quinquaginta.
1100 837 1209 906 Ipsi
1261 851 1396 892 vero
1447 851 1621 906 panes
1674 836 1778 892 isto

74 930 245 986 modo
295 930 640 998 partiantur,
689 935 752 982 ut
781 927 1083 982 duodecim
1116 940 1416 995 pauperes,
1450 925 1552 995 qui
1600 938 1778 994 supra

74 1026 300 1073 noctem
352 1017 429 1071 ibi
470 1023 724 1079 manent,
775 1015 1063 1084 accipiant
1107 1014 1322 1084 singuli
1373 1013 1780 1084 unusquisque

77 1121 288 1176 panem
337 1119 551 1172 suum;
600 1111 656 1159 et
698 1102 755 1158 in
797 1104 1115 1158 crastinum
1156 1103 1565 1172 unusquisque
1606 1101 1780 1156 dimi-

75 1196 242 1250 dium
290 1194 362 1249 ad
412 1193 707 1248 viaticum.
760 1190 1127 1261 Hospitalarii
1176 1199 1368 1246 autem
1416 1191 1493 1258 ii,
1550 1191 1650 1260 qui
1701 1191 1780 1245 ibi

76 1283 511 1343 deserviuntur,
554 1282 622 1336 de
651 1294 827 1349 supra
857 1280 1068 1348 scripto
1101 1293 1344 1334 numero
1372 1279 1782 1348 unusquisque

77 1386 289 1442 panem
323 1385 528 1427 unum.
562 1370 704 1426 Nam
750 1383 927 1439 panes
954 1368 1218 1438 quinque
1267 1366 1643 1422 frumentacei
1692 1367 1782 1422 de-

76 1461 218 1516 bent
249 1458 449 1528 partiri
482 1457 630 1512 inter
658 1457 993 1527 peregrinos
1023 1455 1278 1521 clericos,
1309 1455 1412 1524 qui
1458 1459 1514 1509 in
1544 1455 1780 1510 refecto-

75 1549 235 1603 rium
265 1547 582 1613 ducuntur,
616 1545 688 1600 ad
723 1545 1020 1608 viaticum,
1053 1551 1108 1598 et
1135 1542 1394 1599 infirmos
1427 1543 1528 1613 qui
1559 1543 1635 1598 ibi
1659 1557 1783 1599 sus-

74 1642 398 1690 tentantur.

154 1724 345 1792 Ipsam
431 1729 620 1776 tamen
701 1719 1160 1776 distributionem
1239 1733 1454 1789 panum
1545 1717 1782 1774 arbitrio

74 1815 230 1865 583
279 1810 694 1866 committimus
737 1807 1114 1877 hospitalarii,
1149 1821 1214 1862 ea
1262 1807 1522 1862 videlicet
1567 1807 1785 1862 ratione

75 1907 146 1955 ut
191 1901 235 1954 si
273 1897 494 1953 venerit
544 1897 728 1967 major
778 1909 1060 1952 numerus
1104 1909 1448 1964 pauperum,
1483 1904 1584 1950 aut
1634 1895 1781 1965 plus.

78 1997 186 2044 aut
238 1988 451 2054 minus,
511 1986 852 2056 indigentes,
917 1985 1067 2040 sicut
1126 1991 1260 2038 sunt
1319 1984 1508 2038 inedia
1559 1983 1782 2050 defecti,

78 2085 184 2132 aut
254 2075 478 2146 pueruli
550 2073 804 2144 parvuli,
885 2074 1006 2142 ipse
1058 2072 1344 2127 discernat
1389 2073 1562 2142 juxta
1629 2072 1784 2142 quod

80 2171 325 2236 oportet.

164 2277 185 2302 ι
243 2251 403 2319 Quod
454 2250 498 2305 si
550 2249 852 2318 contigerit
908 2249 1105 2318 aliquo
1157 2256 1405 2318 tempore
1451 2248 1644 2304 minus
1688 2262 1782 2304 ve-

81 2345 210 2399 nire
258 2353 560 2410 pauperes,
624 2339 742 2408 ipse
800 2337 1208 2406 hospitalarius
1259 2345 1312 2392 et
1369 2338 1676 2406 magister,
1731 2344 1787 2392 et

82 2431 278 2488 senior
329 2426 617 2498 portarius
669 2425 727 2480 in
759 2427 1094 2480 memoriam
1117 2425 1460 2480 omnimodis
1513 2425 1783 2490 habeant,

86 2527 308 2593 quanto
340 2517 408 2572 de
453 2513 845 2584 suprascripto
892 2527 1134 2568 numero
1166 2521 1397 2582 propter
1439 2515 1784 2582 paucitatem

83 2606 444 2666 venientium
492 2603 685 2658 minus
714 2602 1101 2670 dispensatur,
1147 2608 1210 2656 ut
1243 2601 1451 2656 iterum
1483 2615 1612 2655 cum
1651 2601 1787 2670 plu-

85 2711 180 2753 res
210 2693 494 2759 venerint,
529 2691 681 2761 quod
717 2689 990 2745 remansit
1020 2690 1400 2758 dispensetur.

163 2804 191 2835 ‹‹
219 2780 450 2839 Cmteris
498 2793 633 2834 vero
672 2777 1026 2848 pauperibus
1059 2777 1442 2844 venientibus,
1494 2784 1545 2832 et
1589 2777 1787 2832 eadem

89 2873 182 2929 die
233 2867 654 2934 recedentibus,
705 2867 845 2921 solet
901 2865 1026 2920 dari
1079 2865 1435 2935 quartarius,
1493 2865 1583 2920 vel
1639 2866 1788 2920 sicut

85 2961 368 3019 diximus,
399 2957 571 3026 juxta
603 2955 757 3024 quod
793 2953 1200 3022 hospitalarius
1231 2954 1544 3022 providerit
1577 2954 1632 3008 in
1665 2967 1786 3024 ma-

1885 570 2100 626 dantur
2124 571 2192 626 de
2222 571 2496 641 gregibus
2529 572 2792 640 portario,
2825 573 2996 626 etiam
3031 572 3086 625 in
3115 571 3370 627 caballis.

1959 678 1986 710 (ι
2021 659 2262 728 Insuper
2290 659 2681 729 disposuimus
2711 660 2848 714 dare
2884 659 2986 728 ipsi
3019 674 3197 730 supra
3236 674 3578 718 commemo-

1885 756 2009 803 rato
2041 747 2428 816 hospitalario,
2462 748 2532 802 de
2557 749 2713 803 omni
2756 756 2993 818 argento
3025 749 3310 818 quidquid
3344 750 3415 804 ad
3449 765 3580 820 por-

1886 843 2002 891 tam
2052 836 2285 904 venerit,
2330 837 2594 905 quintam
2648 843 2900 904 partem,
2956 850 3056 904 per
3088 850 3298 891 manus
3347 838 3578 905 portarii

1887 924 2144 990 senioris,
2177 924 2246 979 de
2275 938 2390 994 quo
2422 931 2660 994 argento
2691 923 2856 978 talem
2893 923 3182 979 voluimus
3230 924 3353 979 fieri
3382 925 3582 981 distri-

1889 1011 2204 1079 butionem,
2266 1021 2330 1068 ut
2376 1026 2490 1067 non
2550 1011 2741 1068 minus
2788 1011 3046 1081 quotidie
3101 1025 3277 1080 quam
3327 1021 3582 1082 quatuor

1888 1099 2108 1155 denarii
2141 1101 2388 1170 dentur;
2438 1108 2493 1155 et
2520 1101 2566 1154 si
2601 1102 2789 1155 minor
2819 1099 2990 1154 fuerit
3025 1114 3321 1167 numerus,
3353 1100 3422 1156 de
3459 1101 3583 1171 ipsa

1889 1187 2094 1257 quinta
2123 1203 2302 1258 quam
2332 1187 2594 1244 sufﬁcere
2628 1189 2806 1258 possit
2839 1188 2908 1242 ad
2943 1189 3092 1242 hanc
3122 1189 3583 1245 distributionem

1890 1275 2286 1345 quotidianam
2338 1277 2677 1342 faciendam,
2729 1275 2907 1332 abbas
2936 1275 2984 1331 si
3029 1275 3154 1330 vult
3183 1276 3445 1344 suppleat
3484 1274 3585 1330 ali-

1890 1366 2076 1435 unde;
2110 1366 2239 1422 etsi
2274 1367 2424 1422 ultra
2453 1367 2716 1432 creverit,
2751 1380 2865 1420 non
2895 1365 3295 1420 subtrahatur.

1964 1477 1993 1505 ‹‹
2053 1454 2236 1525 Ligna
2293 1462 2487 1510 autem
2545 1455 2842 1524 provideat
2891 1453 3180 1523 portarius
3231 1453 3584 1523 pauperibus

1889 1543 2205 1599 secundum
2253 1543 2749 1610 consuetudinem,
2783 1543 2870 1598 vel
2918 1551 3121 1598 caetera
3153 1557 3283 1612 qua}
3318 1542 3409 1597 hic
3436 1543 3585 1598 scri-

1891 1642 1990 1703 pta
2020 1648 2133 1688 non
2181 1633 2485 1695 habentur,
2531 1632 2680 1688 sicut
2726 1641 2862 1687 sunt
2893 1632 3070 1702 panni
3122 1631 3176 1685 in
3211 1631 3447 1698 lectulis,
3494 1630 3583 1687 vel

1893 1736 2032 1776 vasa
2077 1730 2132 1777 et
2174 1729 2378 1777 caetera
2421 1735 2690 1790 qumque.
2731 1721 2862 1775 Hzec
2912 1721 3105 1775 omnia
3152 1734 3327 1788 supra
3372 1719 3587 1789 scripta

1893 1810 1962 1864 de
1993 1809 2081 1865 his
2115 1824 2246 1880 quae
2277 1810 2348 1864 ad
2394 1817 2614 1879 portam
2647 1810 2890 1864 veniunt
2920 1817 3149 1878 propter
3182 1808 3321 1863 illud
3353 1807 3588 1877 supple-

1893 1906 2154 1954 mentum
2200 1899 2445 1968 argenti,
2505 1900 2654 1954 sicut
2696 1911 2874 1967 supra
2917 1905 3428 1952 commemoratum
3479 1903 3584 1959 est,

1892 1987 2120 2043 dentur.

1965 2076 2265 2145 «Insuper
2308 2075 2550 2145 accipiat
2599 2073 3006 2144 hospitalarius
3055 2087 3089 2128 a
3135 2072 3449 2128 camerario
3489 2087 3587 2128 ve-

1891 2163 2178 2230 stimenta,
2205 2164 2290 2219 vel
2314 2164 2700 2219 calceamenta
2727 2163 2968 2218 fratrum
2998 2170 3208 2228 vetera,
3238 2161 3591 2232 pauperibus

1893 2252 2203 2307 tribuenda
2233 2253 2550 2308 secundum
2585 2251 3078 2306 consuetudinem.

1969 2363 1994 2386 ‹‹
2025 2340 2407 2396 Obsecramus
2440 2341 2617 2410 igitur
2663 2354 2860 2395 onmes
2885 2339 3100 2410 quibus
3124 2338 3428 2394 ordinandi
3460 2338 3590 2394 fue-

1895 2428 1968 2482 rit
2013 2428 2268 2483 ol‘licium
2316 2427 2375 2482 in
2424 2427 2530 2482 hoc
2581 2427 2946 2494 monasterio,
2999 2435 3084 2494 ut,
3127 2427 3183 2481 in
3230 2427 3494 2496 largitate
3523 2440 3590 2480 ac

1893 2516 2318 2581 distributione,
2352 2517 2450 2571 Dei
2482 2516 2672 2584 potius
2702 2515 2999 2571 attendant
3030 2515 3384 2570 voluntatem
3412 2529 3589 2584 quam

1894 2613 2104 2660 nostra;
2148 2605 2442 2674 parcitatis
2486 2604 2833 2673 exemplum,
2879 2603 3153 2673 quoniam
3186 2603 3594 2673 unusquisque

1894 2701 1978 2774 est
2010 2707 2111 2763 pro
2143 2707 2203 2748 se
2226 2693 2561 2748 redditurus
2592 2693 2891 2747 rationem.
2927 2711 2952 2744 ι

1967 2782 2154 2836 Habes
2183 2795 2319 2851 ergo
2348 2780 2525 2836 sancii
2569 2781 2839 2836 Adalardi
2885 2780 3344 2836 ardentissimam
3378 2780 3437 2834 in
3471 2795 3596 2850 pro-

1894 2869 2120 2924 ximum
2150 2869 2510 2933 charitatem,
2553 2882 2619 2922 ac
2653 2867 2917 2938 pietatem
2947 2869 3016 2922 ad
3059 2882 3339 2938 pauperes
3363 2875 3417 2923 et
3445 2868 3594 2923 afﬂi-

1895 2965 2073 3014 ctatos
2101 2956 2444 3027 aegritudine
2473 2957 2875 3033 sublevandos,
2929 2971 3062 3026 quas
3090 2965 3144 3012 et
3174 2970 3350 3026 quam
3398 2953 3596 3010 diutis-

81 3049 197 3120 jori
249 3045 338 3102 vel
379 3044 585 3100 minori
641 3057 884 3099 numero
918 3049 1020 3097 aut
1065 3041 1400 3097 necessitate
1442 3041 1783 3110 compedire,
1827 3071 1866 3126 Ο
1895 3048 2037 3103 sime
2091 3045 2149 3100 in
2198 3044 2520 3101 Corbeiensi
2587 3047 2929 3099 monasterio
2982 3046 3232 3114 (servata
3299 3057 3483 3113 usque
3521 3041 3593 3097 ad

85 3133 564 3205 companaticus,
617 3139 720 3187 aut
770 3130 1092 3186 secundum
1150 3129 1622 3186 consuetudinem
1683 3129 1787 3185 tri-

85 3226 331 3282 buatur.

167 3336 190 3364 ι
226 3313 305 3368 De
335 3318 472 3381 potu
503 3317 696 3365 autem
726 3307 897 3363 detur
935 3305 1191 3376 quotidie
1222 3305 1449 3362 modius
1495 3305 1787 3372 dimidius,

87 3405 147 3461 id
195 3410 280 3458 est
311 3399 545 3456 sextarii
597 3412 716 3464 VIII,
767 3397 836 3452 de
885 3396 1102 3466 quibus
1153 3395 1497 3450 dividuntur
1540 3408 1661 3449 sex.
1709 3409 1787 3462 ιν,

87 3495 244 3549 inter
274 3490 400 3545 illos
425 3503 504 3543 xu
554 3485 991 3555 suprascriptos,
1028 3485 1106 3538 ita
1149 3490 1211 3538 ut
1255 3484 1662 3552 unusquisque
1689 3496 1790 3537 ac~

86 3581 268 3649 cipiat
316 3577 520 3634 calices
563 3576 727 3630 duos.
780 3574 868 3628 Ex
917 3573 1045 3628 aliis
1095 3586 1329 3641 quoque
1376 3579 1648 3640 quatuor,
1689 3584 1790 3626 sex

87 3671 307 3724 dantur
337 3665 573 3730 clericis,
623 3663 840 3733 quibus
872 3662 1038 3731 pedes
1083 3660 1356 3716 lavantur
1403 3673 1437 3713 a
1483 3658 1785 3726 fratribus,

88 3756 413 3825 unicuique
462 3753 612 3809 calix
645 3766 819 3818 unus,
867 3759 921 3805 et
953 3749 1289 3805 Wileranno
1337 3747 1598 3802 servitori
1639 3747 1789 3802 calix

87 3857 280 3912 unus;
313 3841 467 3912 quod
518 3840 814 3896 residuum
848 3836 1040 3900 fuerit,
1079 3836 1133 3891 in
1166 3834 1403 3891 arbitrio
1437 3835 1790 3904 liospitalarii

90 3932 504 4000 relinquimus,
541 3927 827 3998 quomodo
875 3925 1015 3980 illud
1049 3925 1169 3980 sive
1202 3924 1466 3986 inﬁrmis,
1516 3925 1637 3978 sive
1666 3923 1794 3978 aliis

90 4018 454 4092 pauperibus
501 4016 738 4072 dividat.
779 4013 858 4069 De
905 4013 1040 4068 vino
1085 4020 1279 4069 autem
1307 4011 1415 4067 erit
1465 4011 1523 4066 in
1553 4011 1792 4067 arbitrio

92 4108 322 4181 prioris.

170 4217 198 4248 α
243 4195 614 4250 lnﬁrmorum
662 4198 854 4247 autem
915 4189 1305 4245 necessitatem
1363 4189 1549 4244 senior
1597 4196 1794 4257 porta-

93 4286 223 4342 rius
271 4283 437 4339 debet
486 4281 659 4352 juxta
710 4279 1137 4349 possibilitatem
1198 4277 1515 4347 providere,
1565 4277 1685 4333 sive
1735 4277 1793 4332 in

92 4375 243 4440 cibo,
295 4373 415 4428 sive
463 4371 520 4426 in
567 4377 728 4439 potu,
776 4369 832 4423 in
889 4367 979 4422 his
1024 4367 1197 4424 rebus
1245 4381 1376 4437 quae
1423 4365 1794 4436 hospitalario

92 4465 305 4520 desunt
331 4461 400 4516 ad
426 4474 572 4530 opus
600 4458 982 4513 infirmorum.

173 4573 195 4600 ι
233 4548 375 4604 Etsi
405 4545 709 4617 contigerit
755 4543 951 4599 venire
983 4542 1313 4614 peregrinos
1343 4542 1411 4598 de
1459 4542 1796 4613 longinquis

94 4636 430 4711 provinciis,
473 4635 573 4704 qui
622 4647 803 4703 supra
833 4631 1112 4700 scriptum
1160 4644 1467 4686 numerum
1494 4631 1792 4698 excedant,

93 4725 387 4799 portarius
435 4721 732 4792 provideat
777 4719 858 4775 eis
895 4732 1028 4788 quae
1072 4717 1390 4774 necessaria
1420 4727 1576 4784 sunt,
1624 4719 1704 4775 ita
1733 4726 1797 4775 ut

93 4829 213 4872 non
248 4813 549 4868 minuatur
580 4809 898 4880 quicquam
928 4807 996 4862 de
1026 4807 1114 4862 his
1138 4820 1270 4876 quae
1300 4808 1651 4876 quotidianis
1677 4808 1796 4864 die-

93 4906 209 4960 bus
239 4903 510 4970 deputata
542 4905 697 4954 sunt.

173 5012 201 5040 ‹‹
227 4989 510 5044 Addimus
556 4987 727 5042 etiam
761 4985 829 5041 de
868 4984 1260 5053 companatico
1290 4983 1347 5037 in
1395 4983 1551 5039 cibos
1582 4997 1798 5055 paupe-

95 5093 231 5136 rum
278 5078 351 5133 ad
398 5089 604 5146 pensas
635 5088 774 5140 xxx,
826 5088 957 5144 quae
1007 5073 1225 5128 dantur
1271 5073 1419 5128 inter
1463 5087 1693 5128 caseum
1744 5081 1799 5130 et

97 5167 352 5234 lardum,
400 5173 454 5221 et
497 5163 714 5219 modios
759 5176 883 5218 xxx
935 5161 1004 5217 de
1052 5161 1480 5231 leguminibus;
1532 5162 1797 5231 quintam

97 5264 322 5328 partem
355 5255 424 5309 de
454 5253 696 5318 decima,
732 5264 908 5320 quam
939 5249 1146 5319 accipit
1176 5249 1467 5318 portarius
1494 5262 1528 5304 a
1557 5249 1800 5305 cellera-

101 5346 189 5402 rio
223 5345 290 5400 de
339 5341 637 5413 anguillis,
681 5339 773 5394 vel
822 5352 983 5394 caseo
1026 5347 1268 5405 recente,
1311 5339 1411 5408 qui
1457 5337 1802 5394 constitutus

97 5442 183 5490 est
218 5433 356 5488 dare
398 5431 466 5486 de
500 5430 692 5484 decem
729 5426 1152 5494 berbicariciis;
1202 5441 1306 5482 nec
1354 5441 1470 5482 non
1509 5434 1565 5482 et
1591 5425 1660 5481 de
1705 5425 1802 5481 illo

101 5523 204 5594 qui
233 5521 301 5577 de
331 5519 483 5575 villis
512 5517 814 5573 dominicis
844 5516 1017 5572 datur
1051 5516 1108 5571 in
1142 5515 1445 5572 decimam.

179 5635 199 5661 ι
233 5608 507 5667 Similiter
535 5621 763 5663 omnem
800 5605 1063 5676 quintam
1095 5603 1329 5660 decimae
1362 5604 1436 5674 de
1464 5602 1804 5674 pecudibus,

1897 3142 2149 3202 tempora
2176 3131 2437 3188 videlicet
2466 3131 2743 3187 abbatum
2777 3132 3428 3199 commendatariorum)
3464 3131 3591 3186 fuit.

1896 3221 2254 3290 Quapropter
2299 3234 2414 3276 non
2461 3220 2627 3275 modo
2667 3219 3126 3283 celeberrimum,
3168 3219 3266 3275 sed
3314 3227 3369 3275 et
3411 3219 3597 3276 evasit

1897 3310 2420 3380 opulentissimum.

1969 3397 2151 3464 Quam
2195 3412 2330 3452 vero
2371 3405 2547 3467 gratae
2580 3396 2684 3451 sibi
2718 3403 2906 3452 essent
2946 3396 3094 3451 beati
3145 3395 3296 3451 illius
3325 3395 3594 3452 antistitis

1898 3485 2290 3555 eleemosynae,
2345 3485 2692 3556 significavit
2754 3484 3068 3555 aliquando
3128 3485 3296 3540 Deus.
3363 3506 3389 3534 ‹‹
3449 3484 3594 3540 Cum

1900 3575 2152 3644 quodam
2184 3574 2273 3629 die
2320 3574 2539 3644 (scribit
2586 3573 2852 3628 Paschas.
2896 3574 2952 3627 in
2986 3573 3115 3629 Vita
3146 3573 3291 3642 ejus,
3343 3586 3470 3642 cap.
3516 3573 3594 3644 7,)

1899 3678 2066 3719 omne
2096 3663 2457 3733 pulmentum
2481 3663 2630 3717 casei
2664 3661 2982 3730 hospitibus
3002 3661 3383 3731 expendisset,
3409 3661 3598 3716 illum-

1900 3767 2014 3822 que
2057 3752 2130 3807 ob
2180 3752 2287 3806 hoc
2317 3751 2648 3807 cellerarius
2690 3751 3068 3820 objurgasset,
3121 3751 3411 3819 respondit
3455 3764 3596 3806 san-

1899 3849 2027 3896 ctus
2061 3856 2072 3895 :
2113 3840 2383 3896 Dominus
2419 3839 2595 3894 dabit.
2633 3840 2700 3894 Et
2731 3839 2824 3894 ille
2853 3855 2865 3892 :
2900 3839 2985 3893 Tu
3028 3852 3254 3907 semper
3287 3839 3393 3894 ista
3424 3839 3594 3908 polli-

1900 3930 2066 3996 ceris,
2117 3929 2212 3984 sed
2260 3943 2374 3983 non
2426 3927 2506 3983 sic
2549 3926 2834 3996 extemplo
2893 3925 3144 3991 dabitur,
3191 3926 3343 3996 quod
3402 3934 3596 3982 tamen

1902 4017 2293 4074 indifferenter
2318 4015 2587 4073 eﬁundis.
2613 4016 2843 4070 Interim
2877 4015 3016 4070 dum
3041 4015 3160 4070 haec
3182 4022 3440 4085 aguntur
3466 4030 3596 4072 ecce

1901 4107 2016 4162 duo
2049 4106 2264 4162 adsunt
2295 4106 2552 4176 plaustra
2583 4118 2699 4174 prae
2732 4104 2968 4170 foribus,
3004 4118 3186 4159 unum
3233 4103 3421 4159 nescio
3454 4105 3596 4175 quid

1902 4195 2092 4250 ferens
2121 4195 2388 4264 piscium,
2419 4201 2475 4250 et
2518 4193 2672 4249 aliud
2722 4193 2958 4261 plenum
2987 4191 3182 4258 caseis,
3221 4213 3249 4242 »
3296 4199 3402 4248 etc.
3439 4193 3593 4248 Idem

1902 4282 2108 4337 accidit
2142 4290 2339 4338 sancto
2381 4281 2617 4350 Judoco,
2647 4281 2900 4336 0rderic.
2949 4280 3045 4335 lib.
3079 4296 3156 4348 III,
3212 4281 3348 4336 Hist.
3395 4282 3468 4336 ad
3497 4295 3592 4336 an.

1833 4363 1875 4416 D
1907 4372 2071 4440 1066;
2098 4370 2238 4440 lege,
2273 4371 2316 4425 si
2343 4369 2518 4436 lubet,
2557 4383 2681 4439 cap.
2704 4370 2774 4422 22
2804 4369 2948 4424 Vite
2979 4368 3031 4424 S.
3052 4368 3329 4425 Bernardi
3350 4370 3594 4441 Tyron.;

1903 4459 2123 4514 Decret.
2180 4461 2237 4514 Β.
2307 4458 2632 4524 Lanfranci,
2692 4471 2817 4527 cap.
2860 4459 2914 4522 8,
2963 4459 2990 4524 §
3055 4460 3106 4524 3,
3153 4466 3209 4514 et
3253 4458 3460 4517 Statut.
3528 4463 3596 4516 23

1904 4546 2054 4601 Petri
2083 4545 2451 4601 Venerabilis.

1974 4635 2232 4690 Alterum
2295 4633 2450 4704 quod
2508 4646 2636 4688 sum
2700 4631 3030 4701 prolaturus
3071 4631 3480 4700 testimonium,
3523 4649 3598 4690 ex

1905 4721 2162 4792 antiquis
2207 4721 2452 4778 abbatiaa
2499 4720 2892 4777 Cluniacensis
2941 4721 3476 4789 consuetudinibus,
3538 4722 3598 4778 in

1907 4812 2187 4878 ordinem,
2229 4811 2467 4880 jubente
2514 4811 2574 4866 B.
2626 4811 2867 4881 Hugone
2918 4808 3197 4875 Iabbate,
3230 4823 3263 4863 a
3310 4810 3600 4866 Bernardo

1852 4895 1854 4897 ’
1908 4900 2160 4971 quodam
2203 4898 2483 4954 monacho
2526 4899 2780 4969 digestis,
2817 4897 3040 4953 haurio.
3075 4898 3175 4953 Est
3217 4905 3410 4954 autem
3440 4899 3601 4970 ejus—

1910 4988 2064 5045 modi
2095 5002 2220 5058 cap.
2261 4989 2346 5041 14.

2360 5075 2444 5128 De
2465 5075 2660 5143 ofﬁcio
2691 5073 3149 5145 eleemosynarii.

1985 5163 2536 5230 «Quemadmodum
2585 5176 2618 5218 a
2673 5163 2908 5218 custode
2955 5163 3185 5232 hospitii
3240 5163 3604 5234 recipiuntur

1909 5267 2107 5308 omnes
2139 5251 2446 5323 peregrini,
2498 5250 2600 5322 qui
2632 5250 2850 5306 faciunt
2899 5250 3006 5306 iter
3033 5252 3367 5322 equitando,
3408 5255 3606 5311 eodem

1911 5341 2080 5396 modo
2110 5348 2395 5411 quotquot
2428 5340 2643 5410 pedites
2675 5340 2917 5406 vadunt,
2949 5349 3156 5410 praeter
3181 5341 3306 5398 illos
3333 5344 3434 5412 qui
3467 5343 3607 5400 tales

1913 5437 2070 5498 sunt,
2101 5436 2166 5484 ut
2205 5430 2274 5484 ad
2304 5429 2809 5498 eleemosynariam
2855 5427 2936 5484 ire
2965 5443 3080 5484 non
3106 5429 3300 5498 velint,
3353 5431 3426 5486 ab
3455 5431 3609 5488 elee-

1915 5517 2246 5586 mosynario
2295 5517 2626 5587 recipiendi,
2678 5525 2913 5587 excepto
2941 5517 2987 5572 si
3031 5516 3254 5589 legatus
3281 5526 3385 5588 est,
3423 5527 3479 5576 et
3511 5521 3609 5578 lit-

1918 5611 2068 5660 teras
2096 5604 2295 5672 defert,
2330 5603 2433 5661 hds
2462 5605 2676 5676 colligit
2702 5613 2894 5662 custos
2925 5605 3176 5676 hospitii.
