3930 6410
360 406 496 459 1059

1357 398 1450 451 ΑΙ)
1491 396 1639 452 ΟΡΡ.
1686 395 1839 451 VEN.
1882 392 2205 450 GUIBERTI
2237 393 2327 448 DE
2368 393 2761 451 NOVIGENTO

3731 396 3756 448 1
3772 397 3880 448 Οὸυ

429 556 458 590 α
491 534 752 606 Receptis
779 542 972 590 autem
1022 531 1283 603 singulis,
1318 530 1525 600 quaerit
1569 528 2054 598 eleemosynarius
2090 531 2138 583 Α
2168 528 2438 600 granario
2481 528 2551 582 ad
2584 528 3023 598 eleemosynam,
3057 541 3158 583 sex
3207 529 3549 599 praebendis,
3586 546 3725 601 quae
3764 546 3875 587 vo-

357 630 504 681 584
541 638 575 679 a
623 622 957 694 granatario
997 634 1171 676 unam
1227 617 1427 674 libram
1479 617 1645 687 panis
1686 626 1741 671 et
1789 616 2052 686 sequenti

357 715 449 771 die
479 711 724 769 abituris
761 709 1078 773 dimidiam,
1113 718 1500 774 mensuraque
1537 703 1734 758 eadem
1771 703 2052 758 venienti-

360 804 471 861 bus
524 809 580 858 et
630 798 981 856 abeuntibus
1037 796 1134 850 dat
1186 792 1421 859 vinum,
1476 791 1689 847 scilicet
1754 790 2047 846 dimidiam

352 888 659 961 justitiam,
686 893 742 942 et
769 881 1160 940 recedentibus
1180 879 1427 934 dabatur
1445 878 1579 933 olim
1602 878 1846 948 singulis
1866 892 2048 933 unum

358 976 685 1039 denarium,
735 972 783 1027 si
814 979 1001 1026 tamen
1045 976 1304 1023 avertere
1344 974 1585 1036 poterat,
1637 966 1875 1036 quodin
1929 965 2050 1022 loco

357 1072 553 1122 nostro
585 1073 887 1130 nunquam
917 1057 1167 1127 amplius
1201 1054 1391 1122 fuerit,
1424 1062 1525 1111 aut
1557 1054 1706 1109 infra
1735 1068 1919 1110 unum
1945 1068 2048 1109 an-

356 1167 498 1210 num
529 1166 643 1206 non
673 1147 913 1205 venerit.
1984 1168 1989 1173 .

428 1259 455 1295 ¢
498 1241 645 1309 Ergo
692 1237 752 1292 in
806 1235 1061 1290 adventu
1109 1231 1358 1298 Domini,
1403 1232 1655 1300 exceptis
1716 1231 1806 1286 bis
1847 1230 2051 1287 diebus

357 1330 573 1402 quibus
612 1325 699 1382 bis
738 1322 1078 1389 comeditur,
1122 1328 1178 1376 et
1224 1321 1284 1375 in
1314 1319 1770 1390 Quadragesima
1797 1320 2051 1388 exceptis

355 1414 686 1478 Dominicis,
735 1420 790 1468 et
822 1424 923 1481 per
955 1416 1139 1465 totum
1188 1422 1430 1475 annum,
1463 1408 1687 1477 quoties
1739 1420 1841 1476 pro
1870 1420 2050 1462 cano-

354 1505 498 1561 nicis
530 1503 805 1559 institutis
843 1499 915 1555 ab
946 1499 1113 1567 adipe
1143 1497 1488 1563 abstinetur,
1535 1501 1599 1549 ut
1630 1494 1688 1548 in
1713 1493 2050 1565 BOgationi-

352 1594 483 1661 bus,
537 1592 596 1646 in
630 1587 827 1661 vigilia
866 1586 1227 1650 Sanctorum,
1273 1590 1329 1640 et
1369 1584 1424 1638 in
1463 1582 1724 1646 Quatuor
1766 1581 2052 1650 Tempori-

353 1683 502 1752 bus;
569 1687 625 1736 et
690 1676 913 1748 quoties
976 1674 1150 1730 frater
1202 1672 1259 1727 in
1326 1670 1672 1726 monasterio
1739 1669 2046 1738 sepelitur,

354 1770 644 1845 quidquid
671 1769 739 1824 de
769 1768 906 1822 vino
952 1763 1300 1833 superfuerit
1329 1762 1604 1817 fratribus
1637 1761 1692 1815 in
1732 1759 2047 1826 refectorio,

352 1869 537 1918 totum
585 1856 790 1925 accipit
837 1852 1345 1921 eleemosynarius,
1391 1850 1541 1905 sicut
1587 1850 1756 1904 etiam
1791 1849 1861 1904 de
1899 1862 2047 1918 pane

352 1956 408 2005 et
458 1961 560 2018 per
590 1954 772 2001 totum
804 1954 1023 1997 annum
1054 1940 1123 1994 de
1150 1939 1460 2009 pigmento.
1509 1937 1628 1993 Hoc
1656 1936 1859 1992 vinum
1890 1936 2049 1990 colli-

353 2035 438 2107 git
464 2042 518 2090 et
562 2037 836 2098 reservat,
884 2036 949 2085 ut
996 2026 1282 2097 peregrini
1312 2024 1782 2095 supervenientes
1828 2036 2051 2093 semper

351 2124 422 2179 de
448 2123 555 2178 hoc
590 2121 804 2176 habere
848 2117 1081 2188 possint.
1116 2115 1217 2170 lllo
1263 2127 1498 2184 quoque
1527 2112 1617 2168 die
1663 2127 1780 2182 quo
1823 2112 1901 2168 ita
1941 2125 2049 2181 pa-

350 2226 486 2268 nem
538 2209 738 2279 recipit
787 2207 856 2263 de
922 2204 1238 2270 refectorio,
1307 2216 1423 2257 non
1474 2209 1698 2257 tantum
1766 2202 1975 2271 quaerit
2014 2214 2048 2254 a

351 2300 703 2373 granatario,
751 2296 848 2351 sed
892 2294 960 2349 de
1003 2294 1123 2362 ipso
1169 2304 1317 2361 pane
1344 2297 1425 2346 tot
1474 2297 1616 2359 quot
1663 2290 1910 2359 potuerit
1948 2303 2048 2358 pe-

348 2387 618 2460 regrinis,
680 2393 735 2441 et
796 2382 953 2454 quod
1011 2380 1119 2435 sibi
1185 2379 1384 2445 deerit,
1456 2378 1561 2433 hoc
1613 2392 1648 2433 a
1713 2378 2046 2447 granatario

352 2476 577 2547 quaerit.

424 2584 453 2613 «
505 2564 645 2618 Item
704 2558 959 2630 quotidie
1023 2554 1227 2624 accipit
1292 2560 1576 2624 quotquot
1642 2552 2043 2609 defunctorum

348 2649 599 2707 fratrum
628 2656 713 2704 est
755 2644 1210 2707 anniversarius,
1255 2641 1591 2713 praebendas
1621 2642 1855 2697 totidem
1900 2640 2043 2696 inte-

350 2753 486 2810 gras
516 2740 574 2793 in
614 2751 782 2807 pane,
812 2743 868 2790 et
906 2735 1059 2799 vino,
1097 2734 1150 2786 in
1200 2730 1347 2787 fabis
1373 2739 1428 2786 et
1467 2729 1849 2800 generalibus.
1886 2728 2044 2784 Pras—

350 2835 436 2883 ter
485 2826 604 2881 haec
646 2837 749 2893 pro
806 2820 1062 2892 quolibet
1120 2820 1297 2875 fratre
1341 2832 1529 2888 nuper
1578 2817 1881 2885 defuncto,
1940 2816 2043 2887 qui

348 2915 639 2985 professus
663 2920 746 2968 est
775 2918 985 2966 nostrae
1012 2907 1501 2979 Congregationis,
1530 2906 1866 2975 ubicunque
1895 2905 2045 2961 obie-

346 3005 442 3070 rit,
500 3000 866 3073 praebendam
932 2998 1216 3068 integram
1279 3009 1379 3065 per
1440 2994 1678 3065 triginta
1729 2993 1869 3048 dies.
1935 2994 2042 3048 Pro

346 3091 618 3148 omnibus
652 3087 884 3144 insimul
937 3085 1230 3151 fratribus,
1264 3096 1517 3153 quorum
1564 3081 1755 3137 obitus
1786 3081 2042 3151 qualibet

344 3179 758 3236 interveniente
808 3173 1157 3245 negligentia
1189 3186 1224 3227 a
1252 3170 1418 3227 nobis
1450 3170 1584 3226 sciri
1615 3184 1731 3225 non
1777 3176 2039 3240 possunt,

345 3268 599 3340 quotidie
628 3265 833 3335 accipit
863 3264 1029 3320 duas.

417 3376 446 3406 «
480 3356 759 3409 Praeterea
807 3360 920 3406 tres
975 3349 1217 3404 fratrum
1270 3345 1594 3416 przebendae
1626 3344 1842 3400 dantur
1890 3359 2041 3414 quo-

342 3444 478 3501 tidie
521 3444 593 3499 ad
640 3442 1081 3508 eleemosynam,
1144 3450 1276 3507 quae
1313 3443 1367 3491 et
1410 3436 1469 3489 in
1527 3432 1823 3489 refectorio
1870 3446 2042 3502 super

342 3545 598 3590 mensam
650 3528 1024 3600 principalem
1067 3532 1463 3595 apponuntur,
1514 3522 1728 3579 scilicet
1756 3536 1858 3592 pro
1899 3521 2040 3578 bea-

341 3622 559 3678 tissimo
608 3620 775 3675 Patre
818 3615 1076 3680 Odilone,
1118 3626 1221 3682 pro
1271 3611 1509 3667 Henrico
1551 3611 1738 3681 primo
1788 3611 2039 3680 impera-

341 3715 485 3774 tore,
521 3720 623 3776 pro
667 3702 1021 3761 Fredelanno
1051 3708 1105 3756 et
1153 3700 1280 3770 ejus
1309 3712 1512 3765 uxore,
1561 3697 1798 3768 regibus
1831 3697 2038 3766 Hispa-

342 3809 596 3851 marum.

417 3880 656 3951 «Super
701 3878 827 3935 haec
878 3877 1076 3934 omnia
1132 3876 1347 3932 dantur
1403 3874 1662 3945 quotidie
1721 3889 1801 3930 xn
1854 3880 2033 3940 tortae,

338 3984 592 4042 quarum
637 3980 1008 4038 unaquaeque
1040 3975 1152 4021 tres
1193 3965 1369 4021 libras
1398 3963 1690 4034 appendit.
1745 3964 1873 4019 Haec
1902 3976 2038 4018 vero

338 4058 572 4130 pupillis
622 4064 677 4113 et
709 4055 921 4122 viduis,
972 4053 1196 4110 claudis
1238 4059 1294 4108 et
1332 4054 1515 4116 caecis,
1562 4051 1795 4106 senibus
1821 4058 1876 4106 et
1921 4051 2040 4105 ani-

336 4146 503 4215 culis,
537 4146 880 4216 cunctisque
911 4140 1456 4213 supervenientibus
1489 4147 1623 4195 sunt
1651 4139 1963 4210 eroganda.

413 4253 442 4286 α
469 4234 648 4289 Habet
691 4244 925 4302 quoque
969 4229 1162 4284 adhuc
1200 4226 1456 4297 quotidie
1492 4225 1561 4282 de
1609 4224 1922 4293 refectorio,
1968 4226 2037 4281 de

338 4324 428 4381 his
457 4335 825 4394 quzecunque
848 4318 1126 4375 fratribus
1150 4322 1476 4385 supersunt,
1511 4328 1578 4369 ac
1606 4314 1676 4368 de
1706 4311 1956 4383 generali
1981 4318 2038 4367 et

2160 624 2370 673 cantur
2398 616 2785 686 quotidianae;
2827 623 2964 672 sunt
3010 623 3201 671 autem
3235 617 3497 688 quinque
3544 619 3730 689 ipsius
3784 620 3870 673 fa-

2160 704 2324 771 muli,
2357 719 2512 761 unus
2554 706 2736 775 major
2784 705 2885 775 qui
2939 703 3117 759 servit
3156 705 3584 774 praebendariis,
3642 717 3695 763 et
3734 709 3875 763 aliis

2160 793 2533 861 pauperibus,
2584 800 2637 849 et
2694 792 3043 863 peregrinis;
3096 792 3241 848 alter
3294 795 3563 850 ostiarius
3609 794 3871 850 eleemo-

2160 895 2316 951 synaa
2345 881 2567 948 domus,
2588 881 2703 936 duo
2730 881 2983 952 quotidie
3008 881 3447 952 deferuntligna
3466 897 3598 938 cum
3623 883 3873 939 duobus

2160 970 2374 1037 asinis;
2432 982 2588 1024 unus
2630 976 2714 1024 est
2767 969 3027 1038 provisor
3082 969 3329 1024 duorum
3386 969 3735 1037 furnorum,
3802 972 3874 1026 de

2161 1056 2377 1127 quibus
2404 1056 2623 1126 aliquid
2652 1056 2890 1112 subsidii
2937 1057 3096 1112 venit
3125 1057 3196 1112 ad
3244 1057 3681 1127 eleemosynam.
3719 1060 3873 1116 Om-

2160 1160 2262 1202 nes
2308 1155 2498 1202 autem
2546 1154 2752 1216 praeter
2783 1147 3055 1217 majorem
3088 1146 3309 1203 vadunt
3341 1161 3442 1217 pro
3486 1148 3677 1215 unico,
3715 1164 3871 1220 quo-

2163 1234 2265 1289 ties
2310 1234 2793 1303 eleemosynarius
2848 1235 3120 1305 praecipit,
3176 1236 3224 1290 si
3283 1235 3544 1305 generale
3602 1234 3869 1293 fratrum

2159 1322 2562 1379 defunctorum
2614 1322 2734 1392 ipsa
2764 1322 2874 1384 die,
2920 1337 3040 1393 qua
3086 1324 3144 1378 in
3188 1324 3439 1393 capitulo
3496 1326 3869 1389 recitantur,

2160 1410 2354 1467 abesse
2386 1409 2481 1482 [f.,
2528 1410 2757 1478 habere]
2789 1425 2903 1466 non
2942 1412 3179 1480 poterit;
3226 1420 3521 1482 computat
3563 1427 3758 1484 usque
3792 1415 3869 1469 ad

2160 1496 2416 1566 aliquam
2461 1510 2769 1562 summam,
2807 1506 2862 1552 et
2894 1506 3033 1553 tunc
3062 1498 3248 1553 reddit
3288 1498 3336 1552 ei
3370 1501 3727 1556 camerarius
3776 1501 3870 1555 de.

2161 1585 2371 1650 narios,
2421 1591 2475 1639 et
2506 1583 2808 1654 aliquoties
2858 1584 3191 1641 cellerarius
3230 1599 3330 1655 pro
3361 1600 3565 1656 genere
3608 1586 3863 1656 piscium

2159 1672 2297 1728 dare
2325 1673 2474 1727 valet
2501 1686 2722 1728 carnes.

2236 1762 2421 1830 «Ipse
2476 1776 2709 1832 quoque
2759 1768 3055 1831 comparat
3101 1760 3209 1817 sibi
3257 1776 3388 1817 cum
3439 1762 3706 1830 denariis,
3753 1763 3861 1832 qui

2092 1832 2130 1886 Β
2159 1864 2263 1919 pro
2310 1850 2531 1905 decima
2558 1850 2626 1905 de
2667 1850 2904 1905 ecclesia
2945 1850 3050 1905 sibi
3101 1850 3335 1905 dantur.
3378 1852 3499 1920 ipse
3541 1852 3693 1906 enim
3754 1852 3857 1906 ba-

2158 1938 2251 1993 bet
2296 1937 2574 1993 decimam
2627 1936 2888 1993 omnium
2936 1938 3307 1993 denariorum
3358 1939 3457 2007 qui
3507 1939 3562 1992 in
3611 1938 3859 1994 ecclesia

2152 2025 2496 2092 offeruntur,
2547 2027 2744 2097 sicque
2794 2026 3051 2095 providet
3099 2033 3162 2082 ut
3211 2040 3441 2081 carnem
3487 2026 3857 2097 frequentius

2155 2114 2292 2170 dare
2341 2114 2515 2184 possit
2561 2114 2894 2185 peregrinis.
2947 2114 3092 2170 Sunt
3121 2121 3313 2170 autem
3359 2115 3668 2170 octodecim
3710 2130 3856 2185 pau-

2155 2217 2317 2272 peres
2349 2203 2744 2273 prmbendarii,
2780 2202 2996 2273 quibus
3031 2202 3284 2281 quotidie
3311 2202 3561 2258 famulus
3600 2203 3853 2258 eleemo-

2154 2290 2370 2361 synarii
2417 2291 2621 2360 accipit
2669 2292 2736 2346 de
2766 2291 2995 2347 cellario
3044 2291 3274 2346 totidem
3318 2291 3504 2361 justas
3541 2291 3678 2358 vini,
3716 2300 3775 2347 et
3818 2305 3851 2346 a

2154 2380 2484 2449 granatario
2517 2379 2745 2433 totidem
2791 2379 2966 2435 libras
2995 2379 3160 2449 panis
3186 2386 3241 2434 et
3286 2379 3447 2435 fabas
3475 2379 3545 2434 ad
3593 2388 3853 2450 quatuor

2153 2467 2274 2522 dies
2319 2467 2673 2536 septimanae,
2724 2466 2977 2537 reliquos
3015 2474 3129 2522 tres
3174 2482 3290 2523 non
3322 2467 3494 2522 habet
3540 2469 3644 2523 nisi
3689 2469 3854 2523 olera

2152 2555 2222 2611 de
2269 2556 2430 2611 horto
2476 2555 2548 2610 ad
2579 2554 2993 2624 eleemosynam
3039 2555 3349 2624 deputato;
3381 2556 3478 2611 sed
3523 2556 3580 2610 in
3615 2555 3853 2626 majori-

2152 2642 2262 2698 bus
2300 2642 2456 2697 festis
2508 2642 2678 2697 habet
2726 2655 2956 2697 carnem
3004 2657 3105 2712 pro
3158 2641 3338 2710 fabis;
3368 2652 3422 2698 et
3469 2657 3570 2711 per
3621 2656 3851 2698 annum

2150 2738 2285 2785 sunt
2346 2730 2581 2801 triginta
2630 2727 2892 2799 quinque
2922 2729 3061 2797 dies,
3114 2729 3171 2784 in
3201 2729 3416 2799 quibus
3462 2730 3673 2786 habent
3717 2744 3851 2786 car-

2151 2832 2301 2874 nem.
2338 2840 2357 2865 ι

2221 2908 2367 2962 Tum
2399 2914 2524 2976 post
2552 2906 2684 2961 alia.

2224 3014 2253 3045 α
2287 2995 2621 3050 Mandatum
2670 3002 2726 3050 et
2763 2994 2811 3049 si
2856 3008 2890 3050 a
2936 2994 3239 3051 festivitate
3290 2995 3558 3052 Omnium
3600 2996 3847 3053 Sancto-

2081 3118 2121 3172 ο
2151 3097 2301 3151 rum,
2331 3097 2365 3137 a
2393 3082 2665 3138 fratribus
2694 3097 2810 3137 non
2837 3091 3075 3154 geratur
3103 3098 3289 3154 usque
3320 3084 3378 3138 in
3405 3087 3588 3155 capite
3610 3085 3848 3156 jejunii,

2151 3179 2342 3227 tamen
2408 3170 2767 3240 eleetnosyna
2848 3184 3153 3241 nunquam
3229 3180 3526 3240 remanet;
3597 3173 3856 3228 famulus

2149 3258 2300 3313 enim
2334 3258 2766 3327 eleemosynarii
2798 3259 2858 3313 in
2903 3258 3086 3313 hieme
3115 3272 3249 3313 cum
3281 3272 3433 3327 aqua
3466 3258 3652 3313 calida
3683 3259 3856 3329 pedes

2150 3345 2326 3402 trium
2376 3359 2698 3416 pauperum
2749 3346 2940 3414 lavat,
2987 3346 3200 3416 datque
3247 3346 3450 3402 libram
3496 3346 3768 3418 singulis.
3803 3355 3854 3401 et

2144 3436 2451 3505 justitiam,
2498 3441 2552 3489 et
2583 3434 2791 3490 libram
2840 3435 2908 3490 de
2941 3435 3036 3490 tali
3088 3449 3235 3505 pane
3266 3435 3497 3505 qualem
3546 3436 3767 3493 habent
3798 3436 3853 3489 in

2148 3523 2444 3579 refectorio
2476 3522 2697 3578 fratres.

2221 3633 2249 3662 ‹
2287 3613 2400 3666 Hoc
2456 3625 2691 3681 quoque
2744 3612 2990 3680 pertinet
3046 3611 3118 3667 ad
3183 3611 3722 3682 eleemosynarium,
3791 3618 3851 3667 ut

2147 3700 2318 3756 semel
2351 3699 2409 3755 in
2440 3700 2796 3755 hebdomada
2828 3707 3002 3755 totam
3034 3700 3230 3756 villam
3263 3700 3584 3770 perlustrat,
3622 3714 3848 3757 assum-

2146 3787 2258 3856 ptis
2287 3801 2482 3843 secum
2529 3786 2761 3843 famulis
2791 3788 2933 3852 suis.
2965 3796 3019 3843 et
3048 3802 3215 3858 pane,
3243 3795 3297 3844 et
3339 3802 3512 3844 carne
3564 3789 3622 3843 in
3655 3787 3850 3858 cophi-

2148 3875 2256 3943 nis,
2290 3883 2345 3930 et
2384 3875 2521 3931 vino
2549 3875 2607 3929 in
2646 3875 2774 3931 aliis
2822 3877 3002 3943 vasis;
3038 3877 3277 3933 visitans
3325 3876 3451 3932 illos
3498 3877 3601 3947 qui
3632 3889 3849 3946 paupe-

2147 3977 2238 4019 res
2282 3962 2495 4018 alicubi
2544 3964 2740 4033 jacent
2783 3964 3021 4033 aegroti;
3066 3972 3122 4019 et
3172 3962 3219 4020 si
3267 3964 3559 4020 masculus
3586 3972 3669 4019 est
3730 3964 3845 4033 ipse

2145 4050 2487 4107 visitaturus
2544 4052 2756 4122 intrat;
2810 4052 2858 4107 si
2914 4052 3144 4120 femina,
3200 4060 3310 4108 stat
3365 4053 3436 4107 ad
3493 4053 3727 4119 ostium,
3794 4059 3844 4105 et

2145 4138 2431 4195 famulum
2474 4154 2645 4196 suum
2677 4140 2850 4195 mittit
2896 4140 2967 4195 ad
3000 4155 3149 4196 eam.
3186 4143 3254 4198 Et
3284 4142 3416 4196 dato
3447 4142 3657 4198 eisdem
3686 4138 3839 4212 quod

2144 4226 2352 4282 melius
2398 4233 2596 4296 potest,
2642 4226 2971 4306 consolatur
3023 4227 3192 4296 ipsos,
3243 4235 3297 4283 et
3341 4228 3388 4283 si
3420 4228 3702 4297 quidlibet
3746 4227 3839 4282 de-

2145 4315 2400 4370 siderant
2458 4322 2665 4385 praeter
2723 4315 2878 4385 quod
2929 4314 3148 4371 dederit
3197 4317 3314 4384 eis,
3371 4317 3415 4371 si
3478 4315 3835 4372 commodum

338 4412 409 4468 de
440 4411 685 4482 pitantia
732 4407 1125 4475 medietatem;
1173 4404 1355 4460 altera
1396 4403 1696 4458 medietate
1728 4400 1891 4457 caecis
1936 4412 2031 4468 po-
2072 4412 2117 4466 1)
2149 4403 2267 4459 ullo
2307 4404 2474 4459 modo
2506 4403 2556 4458 ei
2586 4410 2691 4470 est,
2733 4402 2996 4473 inquirit,
3044 4411 3100 4459 et
3143 4403 3501 4474 postmodum
3543 4404 3716 4460 mittit
3742 4413 3838 4472 per

339 4499 646 4572 pularibus
685 4498 980 4567 deputata.
1031 4493 1302 4551 Similiter
1339 4492 1408 4548 de
1454 4490 1603 4548 fabis
1652 4490 2030 4555 medietatem,

337 4587 608 4646 bubulcis
651 4585 835 4657 ipsius
885 4582 1108 4650 decani,
1142 4583 1243 4653 qui
1292 4580 1444 4637 villas
1488 4587 1711 4650 praeest,
1758 4578 2032 4648 deputata

337 4677 519 4734 altera
547 4675 868 4732 medietate.
1666 4694 1675 4701 ο

413 4788 434 4816 ι
471 4767 551 4822 De
593 4763 847 4821 oleribus
900 4768 956 4818 et
1010 4760 1080 4816 de
1132 4758 1333 4829 pomis,
1385 4764 1441 4814 et
1484 4756 1554 4813 de
1620 4755 1711 4812 his
1748 4754 2034 4811 similibus

336 4863 537 4912 totum.
586 4854 666 4910 De
709 4853 819 4908 hac
865 4848 1166 4906 medietate
1212 4860 1344 4918 quae
1374 4846 1482 4903 sibi
1523 4846 1593 4901 de
1641 4842 2030 4915 generalibus,

335 4943 484 5000 etde
530 4941 789 5012 pitantiis
818 4937 1118 5008 contingit,
1168 4936 1308 4992 solet
1358 4932 1773 5005 praebendariis
1817 4945 1917 5001 per
1955 4932 2035 4986 vi-

335 5045 428 5088 ces
477 5030 780 5101 pitantiam
836 5027 1130 5089 exhibere,
1206 5025 1343 5080 solet
1390 5023 1562 5080 etiam
1624 5019 1855 5077 famulis
1913 5020 2034 5076 suis

336 5118 492 5174 dare.
546 5116 767 5186 Accipit
815 5122 1006 5171 autem
1065 5112 1319 5168 famulus
1365 5112 1492 5182 ejus
1540 5111 1723 5181 major
1774 5109 2031 5179 quotidie

335 5205 545 5262 libram
578 5217 751 5260 unam
784 5203 853 5258 de
877 5201 1174 5264 Granario,
1209 5201 1332 5256 ideo
1363 5199 1518 5269 quod
1552 5197 1788 5268 recipiat
1822 5210 2029 5267 panem

334 5301 390 5351 et
436 5292 662 5360 vinum,
721 5290 877 5362 quod
929 5290 1101 5345 datur
1145 5288 1576 5358 prmbendariis,
1627 5294 1681 5342 et
1732 5285 2029 5341 dimidiam

336 5383 409 5439 ab
438 5381 561 5451 ipso
605 5378 1074 5449 eleemosynario.
1118 5377 1229 5431 Alii
1275 5390 1510 5446 quoque
1556 5374 1772 5446 singuli
1815 5374 2030 5430 habent

335 5470 409 5527 ab
435 5466 883 5538 eleemosynario
922 5464 1134 5520 libram
1161 5470 1215 5518 et
1261 5462 1579 5532 dimidiam,
1625 5463 1746 5519 sive
1775 5462 1846 5517 de
1891 5477 2032 5533 quo-

334 5554 590 5623 tidianis,
622 5555 744 5612 sive
773 5554 844 5611 de
872 5551 988 5609 alio
1018 5563 1186 5620 pane,
1219 5550 1266 5606 si
1290 5550 1340 5606 ei
1370 5552 1556 5623 magis
1583 5550 1883 5622 placuerit.

411 5666 432 5694 ι
466 5644 691 5702 Dantur
740 5652 1001 5710 namque
1049 5646 1255 5707 praeter
1299 5652 1365 5694 ea
1419 5654 1550 5711 quae
1589 5639 1742 5696 dicta
1794 5645 1931 5696 sunt
1961 5638 2031 5694 de

2143 4490 2391 4549 famulos
2434 4506 2589 4548 suos.
2622 4491 2723 4547 Est
2766 4499 2959 4548 autem
3007 4492 3365 4548 consuetudo
3396 4499 3686 4562 quatenus
3720 4504 3835 4547 mu-

2142 4579 2328 4647 lieres,
2362 4593 2494 4650 quaa
2530 4578 2588 4634 in
2631 4579 2898 4635 domibus
2928 4586 3063 4635 sunt
3093 4579 3192 4636 ubi
3220 4579 3434 4635 infirmi
3459 4580 3670 4651 jacent,
3706 4590 3833 4634 mox

2141 4676 2207 4724 ut
2254 4666 2506 4723 viderint
2548 4681 2681 4724 eum
2730 4668 3076 4736 venientem,
3130 4682 3329 4724 omnes
3375 4675 3583 4724 exeant
3625 4668 3827 4724 :Nun-

2141 4769 2319 4826 quam
2364 4760 2515 4811 585
2542 4755 2696 4812 enim
2731 4756 2996 4827 quandiu
3022 4756 3294 4827 quaelibet
3321 4756 3529 4813 mulier
3558 4757 3711 4813 intra
3737 4755 3828 4811 do-

2140 4858 2301 4900 mum
2332 4843 2522 4912 fuerit,
2549 4844 2933 4915 ingredietur.

2212 4953 2239 4982 «
2272 4932 2579 4988 Sciendum
2631 4946 2767 4988 vero
2799 4932 3077 5003 quoniam
3122 4932 3461 5004 peregrinis,
3515 4934 3582 4989 de
3621 4931 3828 5003 quibus

2138 5022 2407 5093 superius
2454 5022 2626 5079 locuti
2676 5036 2895 5087 sumus,
2954 5036 3088 5079 cum
3138 5022 3287 5078 libra
3313 5029 3368 5078 et
3413 5023 3567 5090 vino,
3624 5022 3684 5077 in
3714 5021 3829 5092 ipsa

2139 5118 2304 5167 nocte
2352 5124 2472 5181 qua
2522 5109 2791 5179 veniunt,
2846 5109 2917 5166 de
2969 5110 3179 5181 quovis
3233 5110 3343 5167 alio
3392 5111 3582 5167 edulio
3636 5108 3824 5174 dabit;

2138 5197 2351 5254 scilicet
2403 5198 2472 5254 de
2503 5198 2759 5269 piscibus
2787 5198 2878 5254 vel
2938 5197 3277 5269 bujusmodi
3319 5206 3375 5254 et
3403 5198 3726 5269 aliquoties,
3768 5198 3827 5249 ut

2140 5286 2479 5356 praedictum
2521 5294 2624 5354 est,
2677 5287 2746 5342 de
2774 5300 2970 5342 carne.
3017 5287 3144 5342 Non
3183 5287 3291 5342 nisi
3308 5298 3459 5343 vero
3512 5286 3584 5342 ad
3612 5293 3821 5357 portam

2137 5375 2319 5430 curtis
2345 5374 2443 5430 dat
2472 5375 2747 5445 cuiquam
2771 5374 2990 5445 justam
3016 5375 3135 5431 vini
3167 5382 3222 5431 et
3252 5374 3459 5431 libram
3492 5374 3690 5444 panis;
3720 5379 3823 5426 non

2136 5463 2289 5518 enim
2323 5462 2734 5533 ingrediuntur
2757 5471 3001 5520 curtem.

2213 5572 2236 5600 ι
2286 5549 2342 5606 Si
2401 5558 2593 5607 autem
2662 5550 2875 5622 aliquis
2928 5551 3364 5624 peregrinorum
3433 5551 3702 5608 habuerit
3757 5542 3820 5602 ad

2138 5638 2447 5710 hospitium
2508 5654 2681 5696 suum
2727 5639 3035 5712 conjugem
3083 5640 3365 5710 debilem,
3415 5640 3505 5697 vel
3563 5640 3818 5696 lassatam
