3930 6384
87 385 222 437 1061

1350 381 1567 436 DOMNI
1614 380 1671 434 L.
1717 377 2054 434 D’ACHERY
2097 377 2316 433 NOTAE.

3462 379 3479 429 1
3492 377 3595 429 06‘2

76 530 190 571 seu
222 515 464 578 socium,
513 511 728 582 quibus
786 525 898 566 non
945 511 1018 566 sit
1066 511 1431 566 commodum
1485 511 1677 566 venire
1715 510 1787 566 ad
1825 510 2113 570 Acullam
2144 509 2196 565 ei
2227 508 2476 564 dandam
2540 508 2834 564 benedicit.
2882 507 3050 564 Jubet
3097 506 3266 563 etiam
3325 509 3424 565 uni
3480 509 3594 564 fra-

74 604 530 671 eleemosynam,
591 600 755 654 debet
821 599 904 654 eis
969 599 1417 654 misericordiam
1489 599 1690 666 facere,
1739 607 1793 653 et

75 699 379 760 quantum
427 690 525 744 dat
568 687 695 743 aliis
737 687 960 743 mittere
1001 701 1103 756 per
1147 701 1346 742 eorum
1412 688 1652 754 socium,
1692 686 1795 757 qui

79 787 414 834 revertetur
472 777 545 831 ad
591 790 706 842 eos,
751 783 984 844 propter
1037 789 1236 831 eorum
1269 776 1645 832 debilitatem.
1684 776 1792 831 Alii

76 881 227 922 vero
258 880 456 921 omnes
487 867 544 919 in
575 863 1025 932 eleemosynaria
1053 865 1378 920 comedunt.

163 954 371 1009 «Cum
428 961 620 1007 autem
673 950 889 1020 pedites
944 965 1046 1006 seu
1098 964 1379 1020 pauperes
1417 949 1604 1006 clerici
1633 965 1793 1020 pere-

79 1042 246 1112 grini
302 1042 371 1097 de
417 1041 740 1110 longinqua
793 1047 947 1094 terra
995 1040 1236 1094 veniunt
1289 1040 1362 1094 ad
1409 1040 1792 1110 eleemosyna-

77 1130 261 1196 riam,
294 1130 410 1198 ipse
455 1127 590 1184 dicit
641 1134 774 1182 ante
825 1127 1137 1196 prandium
1187 1127 1431 1182 fratrum
1481 1128 1674 1184 abbati
1705 1127 1793 1182 vel

78 1217 291 1286 priori,
327 1225 382 1272 et
420 1224 653 1285 accepta
713 1215 944 1270 licentia
995 1215 1154 1270 ducit
1201 1229 1296 1270 eos
1336 1215 1395 1270 in
1429 1214 1793 1271 refectorium

79 1320 224 1360 cum
260 1305 410 1374 peris
461 1304 598 1360 suis.
641 1304 771 1359 Istis
799 1317 942 1358 vero
972 1317 1086 1358 non
1118 1303 1558 1359 commodantur
1586 1317 1796 1373 super-

78 1394 346 1463 pellicia;
400 1407 600 1449 eorum
652 1393 806 1448 enim
863 1399 1091 1448 tantum
1138 1396 1242 1460 est,
1295 1393 1399 1464 qui
1445 1407 1576 1449 cum
1629 1392 1796 1462 equis

75 1483 334 1538 vadunt.

155 1571 564 1626 Cistercienses
616 1583 852 1639 quoque
899 1583 966 1624 ea
1013 1570 1082 1624 de
1136 1583 1198 1625 re
1242 1571 1602 1626 commendat
1631 1570 1796 1626 Guil-

74 1659 296 1715 lelmus
323 1659 654 1729 Nangiacus
685 1659 756 1712 ad
787 1672 883 1712 an.
923 1661 1079 1711 H76.
1115 1681 1136 1706 ι
1185 1658 1436 1714 Maxima
1470 1659 1648 1714 fames
1686 1658 1794 1714 fuit

78 1748 142 1803 in
192 1748 408 1814 Gallia;
465 1761 568 1816 pro
639 1761 758 1816 qua
801 1747 874 1802 ad
921 1748 1390 1802 sustentationem
1443 1761 1789 1817 pauperum,

1902 607 2053 656 trum
2088 607 2148 655 ut
2209 613 2450 668 puerum
2499 596 2699 653 offerat
2733 599 2788 653 in
2821 598 2942 654 vice
2976 607 3280 668 parentum
3314 600 3458 669 ejus,
3495 600 3597 670 qui

1901 688 2252 758 petitionem,
2305 701 2491 757 ,quam
2553 686 2813 742 facturus
2868 694 2968 753 est,
3030 688 3299 757 scriptam
3361 689 3595 757 habens,

1901 780 2203 836 confirmat
2231 791 2356 833 eam
2401 778 2563 848 signo
2605 777 2848 846 propriae
2881 791 3106 843 manus,
3139 787 3194 832 et
3242 785 3430 847 postea
3464 779 3600 850 legit

1899 883 2026 925 eam
2059 870 2114 923 in
2146 876 2362 938 aperto,
2418 876 2472 922 et
2501 867 2672 922 mittit
2702 865 2760 920 in
2802 879 3039 920 manum
3073 866 3289 920 domini
3347 867 3597 935 abbatis;

1901 966 1984 1013 est
2009 966 2198 1012 autem
2256 955 2590 1025 hujusmodi
2626 969 2637 1007 :
2675 974 2697 1002 ι
2736 955 2854 1023 Ego
2901 953 3076 1008 frater
3103 954 3169 1008 N.
3203 954 3377 1010 offero
3403 956 3517 1011 Deo
3546 965 3600 1012 et

1901 1043 2113 1098 sanctis
2137 1041 2407 1112 apostolis
2425 1042 2552 1110 ejus
2570 1041 2732 1095 Petro
2762 1047 2816 1094 et
2848 1039 3022 1094 Paulo
3049 1039 3203 1093 hunc
3235 1054 3478 1108 puerum
3511 1055 3604 1096 no-

1901 1129 2056 1184 mine
2085 1129 2152 1185 N.
2185 1129 2310 1184 vice
2342 1135 2641 1197 parentum
2661 1127 2805 1196 ejus,
2834 1140 2966 1181 cum
2995 1126 3280 1182 oblatione
3309 1127 3368 1181 in
3399 1142 3597 1196 manu,

1902 1225 2076 1288 atque
2128 1216 2416 1287 petitione,
2483 1216 2680 1270 altaris
2717 1215 2868 1283 palla
2923 1229 3099 1270 manu
3149 1217 3276 1285 ejus
3321 1215 3597 1284 involuta,

1901 1306 1972 1362 ad
2003 1320 2212 1362 nomen
2241 1313 2572 1360 sanctorum
2605 1317 2854 1374 quorum
2890 1304 2982 1358 hic
3009 1303 3267 1373 reliquiae
3305 1305 3598 1360 continen-

1900 1402 2017 1462 tur,
2059 1403 2114 1450 et
2166 1393 2382 1450 domini
2421 1392 2487 1448 N.
2551 1393 2775 1448 abbatis
2823 1392 3147 1462 prasentia,
3207 1392 3369 1447 trado
3408 1406 3601 1448 coram

1901 1485 2139 1540 testibus
2205 1483 2547 1554 regulariter
2618 1495 3082 1551 permansurum,
3131 1482 3208 1535 ita
3256 1489 3320 1537 ut
3369 1482 3440 1537 ab
3497 1483 3602 1537 hac

1900 1573 1991 1628 die
2038 1587 2153 1628 non
2214 1572 2376 1626 liceat
2410 1571 2491 1626 illi
2536 1571 2745 1625 collum
2777 1570 2846 1624 de
2876 1571 2982 1624 sub
3009 1571 3153 1640 jugo
3208 1579 3478 1625 excutere
3504 1585 3599 1626 re-

1901 1660 2071 1730 gulae,
2106 1661 2199 1715 sed
2235 1659 2419 1730 magis
2447 1659 2701 1728 ejusdem
2759 1658 2974 1729 regulae
3018 1658 3256 1713 fideliter
3285 1672 3344 1713 se
3383 1673 3600 1728 cogno-

1901 1756 2019 1804 scat
2051 1749 2312 1804 instituta
2360 1747 2566 1802 debere
2615 1760 2865 1814 servare,
2909 1753 2964 1800 et
3018 1747 3255 1801 Domino
3301 1760 3432 1801 cum
3483 1761 3600 1801 ca:-

76 1835 462 1890 ecclesiarum
521 1834 816 1888 invadiata
845 1841 983 1889 sunt
1011 1841 1352 1887 ornamenta
1377 1809 1790 1889 iet-sanctorum
1831 1809 1872 1862 Β
1903 1839 2038 1892 teris
2096 1836 2346 1907 gratanti
2420 1835 2611 1890 animo
2670 1809 2960 1889 militare:
3015 1842 3070 1889 et
3122 1842 3186 1890 ut
3240 1835 3361 1890 haec
3409 1835 3600 1903 petitio

79 1923 301 1979 feretra
328 1923 710 1989 defrustrata;
755 1931 808 1977 et
841 1930 980 1976 tunc
1007 1922 1258 1976 maxime
1286 1923 1556 1990 apparuit
1585 1922 1791 1977 Cister—

80 2012 296 2066 ciensis
339 2011 557 2066 ordinis
604 2009 1001 2066 munificentia
1048 2010 1108 2064 in
1159 2011 1510 2079 pauperibus
1559 2019 1791 2066 susten-

79 2099 299 2154 tandis.
342 2117 369 2150 ι)

153 2187 285 2242 Νοιι
314 2201 451 2256 ergo
484 2186 699 2241 mirum
747 2185 793 2240 si
847 2185 1001 2254 apud
1037 2185 1346 2240 monachos
1375 2185 1514 2240 adeo
1545 2185 1792 2256 opulen-

83 2275 180 2332 tia:
212 2283 268 2331 et
307 2289 501 2330 rerum
553 2288 694 2344 pene
749 2275 1010 2329 omnium
1064 2273 1227 2343 copia
1274 2274 1631 2340 exuberarit,
1688 2274 1789 2344 qui

80 2373 206 2420 tam
239 2363 495 2430 sollicite,
547 2362 823 2418 animitus
874 2370 931 2417 et
980 2361 1196 2417 affatim
1247 2377 1304 2417 se
1351 2376 1575 2432 suaque
1621 2363 1788 2418 Chri-

81 2460 175 2508 sto
231 2453 534 2508 tradebant
605 2452 846 2506 Domino
919 2452 1355 2519 universorum;
1409 2451 1528 2520 ipse
1580 2453 1788 2506 etenim

82 2548 392 2598 attestatus
419 2549 502 2596 est
535 2557 548 2594 :
585 2559 610 2592 ‹
641 2539 805 2602 Quod
846 2541 945 2595 uni
972 2553 1040 2594 ex
1081 2539 1336 2594 minimis
1365 2540 1507 2594 meis
1563 2539 1786 2607 fecistis,

79 2629 232 2684 mihi
293 2629 499 2684 fecistis
556 2628 789 2698 (Matth.
845 2641 988 2695 xxv,
1048 2628 1171 2695 40);
1208 2649 1236 2676 ››
1260 2637 1314 2684 et
1362 2629 1697 2698 centuplum
1733 2631 1789 2684 in

83 2719 199 2773 hoc
248 2717 478 2784 smculo,
520 2724 574 2772 et
603 2717 663 2771 in
721 2716 898 2771 altero
927 2716 1106 2772 vitam
1135 2725 1407 2773 aeternam
1441 2732 1498 2773 se
1528 2718 1789 2774 redditu-

78 2821 218 2863 rum
253 2806 574 2876 spopondit.

161 2892 256 2964 (³6)
285 2894 418 2949 CAP.
455 2894 604 2949 Vlll.
648 2924 716 2932 —
766 2892 876 2958 Qui
928 2892 990 2946 in
1045 2892 1257 2947 eisdem
1283 2899 1590 2964 parentum
1617 2894 1788 2949 devo-

79 2982 242 3037 tione
259 2980 574 3037 contraditi
592 2981 666 3036 ab
680 2980 914 3035 ineunte
929 2981 1258 3036 nutriebant
1265 2997 1338 3037 ur
1352 2987 1537 3038 atate.
1561 2982 1789 3053 Optima

1901 1925 2069 1980 firma
2126 1933 2478 1994 permaneat,
2540 1937 2720 1978 manu
2773 1937 2901 1978 mea
2957 1924 3404 1991 subterlirmavi,
3438 1924 3600 1980 testi-

1901 2013 2130 2084 busque
2162 2013 2372 2068 tradidi
2412 2013 2818 2068 roborandam.
2854 2033 2874 2060 »

1975 2120 2001 2154 ι
2057 2101 2278 2171 Accipit
2335 2102 2449 2170 ipse
2499 2115 2643 2170 puer
2709 2115 2841 2156 cum
2890 2099 3179 2156 offertorio
3231 2108 3495 2170 patenam
3546 2111 3602 2158 et

1899 2189 2152 2257 calicem,
2188 2190 2370 2245 hostia
2430 2190 2711 2259 imposita,
2761 2195 2817 2244 et
2874 2190 3008 2244 vino
3040 2189 3264 2259 infuso;
3295 2198 3350 2245 et
3383 2191 3460 2246 ita
3507 2191 3599 2245 vi-

1899 2279 2091 2334 carius
2117 2279 2210 2333 ille
2241 2278 2480 2333 involvit
2521 2292 2756 2332 manum
2793 2278 2956 2346 pueri
3007 2292 3138 2333 cum
3173 2278 3323 2347 palla
3379 2279 3596 2347 altaris,

1898 2373 1963 2422 ut
1993 2375 2106 2422 tam
2145 2367 2329 2435 ipsum
2385 2379 2631 2435 puerum
2684 2379 2859 2434 quam
2916 2365 3041 2435 ejus
3071 2367 3417 2422 sacrificium
3462 2367 3596 2423 offe-

1898 2462 2048 2510 rata
2087 2454 2382 2510 sacerdote
2429 2453 2857 2522 irecipiendum.
2921 2454 3117 2509 Postea
3173 2455 3435 2510 induitur
3491 2471 3600 2512 cu—

1898 2543 2081 2612 culla;
2114 2552 2168 2598 et
2197 2543 2266 2596 de
2322 2549 2526 2597 caetero
2557 2541 2876 2597 benedictio
2932 2544 3056 2613 ejus
3093 2542 3356 2598 differtur
3413 2558 3600 2614 usque

1897 2631 1969 2686 ad
2000 2630 2314 2700 legitimam
2353 2638 2600 2696 aetatem,
2636 2629 2689 2684 id
2720 2637 2802 2685 est
2833 2630 2880 2684 si
2914 2645 3027 2684 non
3086 2631 3338 2699 amplius
3369 2632 3458 2687 vel
3499 2645 3600 2687 us-

1897 2733 2012 2789 que
2039 2719 2109 2773 ad
2131 2718 2417 2774 decimum
2441 2719 2711 2788 quintum
2737 2731 2957 2773 annum
2975 2718 3179 2773 aetatis.
3212 2719 3436 2775 Rursus
3467 2734 3599 2775 cum

1896 2806 2144 2862 domnus
2217 2807 2397 2862 abbas
2451 2805 2694 2861 voluerit
2757 2813 2820 2860 ut
2866 2821 2997 2860 eum
3054 2805 3368 2873 benedicat,
3431 2807 3603 2862 refert

1896 2895 2005 2950 hoc
2031 2895 2307 2950 fratribus
2337 2895 2395 2948 in
2451 2895 2729 2963 capitulo;
2769 2901 2823 2948 et
2854 2895 2970 2963 ipse
3018 2894 3251 2963 juvenis
3276 2895 3464 2950 statim
3497 2909 3602 2950 ve-

1898 2983 2056 3038 niam
2112 2981 2268 3052 petit,
2316 2990 2371 3037 et
2423 2981 2493 3036 de
2548 2980 2743 3036 schola
2781 2980 3079 3036 absolutus
3109 2981 3264 3036 venit
3294 2983 3365 3036 ad
3400 2983 3598 3051 pedes;

79 3085 225 3128 sane
281 3070 539 3126 Guiberti
591 3071 932 3126 observatio.
979 3070 1170 3140 Longe
1216 3071 1509 3141 siquidem
1578 3072 1790 3127 absunt
1827 3090 1868 3145 ρ
1903 3079 2092 3126 tamen
2122 3069 2194 3125 ab
2224 3069 2350 3124 aliis
2406 3068 2599 3138 pueris
2652 3083 2765 3123 non
2814 3069 3027 3124 recedit
3076 3084 3263 3138 usque
3292 3071 3364 3124 ad
3397 3070 3599 3125 horam

78 3158 311 3216 theoria
333 3165 389 3213 et
447 3159 677 3227 praxis;
709 3157 778 3213 de
804 3157 1120 3213 virtutibus
1151 3158 1580 3225 documentum,
1616 3168 1791 3228 atque

77 3246 429 3303 exercitium
479 3245 836 3300 earumdem.
889 3244 1078 3300 Solent
1125 3246 1338 3315 quippe
1393 3247 1496 3316 qui
1539 3247 1791 3302 solitarie

80 3337 537 3404 innocenterque
578 3333 837 3388 infantiae
889 3347 955 3388 ac
1005 3333 1323 3402 pubertatis
1361 3348 1542 3389 annos
1573 3336 1629 3389 in
1662 3349 1792 3390 mo-

79 3422 350 3478 nasteriis
433 3430 784 3491 transegere,
842 3420 982 3475 dum
1039 3435 1159 3476 sese
1209 3420 1508 3476 hominum
1561 3422 1792 3492 flagitiis

82 3518 451 3566 assuetorum
507 3508 790 3565 consortio
847 3508 1185 3574 immiscent,
1242 3509 1322 3564 nil
1352 3510 1620 3578 equidem
1655 3509 1791 3564 mali

83 3600 278 3671 prima
327 3600 512 3654 fronte
563 3599 874 3668 suspicari;
929 3604 987 3652 at
1044 3597 1183 3666 quia
1232 3599 1393 3666 proni
1426 3605 1790 3667 suntsuapte

83 3697 303 3745 natura
332 3688 404 3742 ad
439 3695 756 3756 peccatum,
814 3701 946 3742 cum
979 3701 1084 3740 nec
1115 3685 1303 3741 infans
1327 3686 1504 3741 unius
1556 3687 1664 3742 diei
1691 3701 1789 3742 su-

85 3789 194 3846 per
222 3784 433 3831 terram
483 3775 758 3829 immunis
809 3774 946 3829 sita
998 3773 1182 3841 sorde,
1231 3781 1425 3842 utpote
1458 3775 1514 3828 in
1547 3775 1792 3843 peccatis

85 3864 368 3932 concepti,
423 3863 744 3932 impellente
790 3862 916 3932 ipsa
944 3876 1124 3932 prava
1157 3862 1535 3932 propensione
1591 3863 1788 3933 (quam

87 3952 343 4009 fomitem
386 3956 616 4017 vocant)
673 3952 986 4020 proclivius
1033 3958 1088 4006 et
1144 3950 1566 4020 imprudentius
1596 3951 1792 4020 quali-

86 4042 187 4097 bet
237 4040 533 4096 occasione
593 4039 718 4108 (nisi
749 4054 844 4095 eos
875 4040 1130 4095 retrahat
1183 4040 1380 4094 divina
1433 4039 1637 4111 gratia,
1672 4040 1792 4095 sive

87 4129 288 4198 lapsus
309 4129 368 4182 in
399 4127 870 4195 caruisfdelicias,
904 4128 1298 4197 voluptatesve
1356 4129 1517 4198 prius
1574 4129 1790 4198 experti

88 4216 375 4272 cautiores
431 4215 695 4284 reddant)
756 4215 1102 4272 irretiuntur
1153 4216 1452 4284 illecebris,
1509 4224 1684 4286 atque
1735 4218 1792 4272 in

88 4304 310 4360 malum
361 4303 764 4374 prolabuntur.
818 4304 1046 4360 Utinam
1113 4305 1220 4359 ista
1284 4305 1623 4374 szepiuscule
1680 4320 1792 4361 usu

1898 3157 2329 3216 benedictionis.
2393 3155 2552 3213 Sicut
2591 3157 2687 3212 alii
2738 3156 2939 3212 novitii
2974 3156 3292 3226 proﬁtetur.
3335 3157 3462 3214 Sola
3491 3172 3599 3214 cu-

1898 3246 2065 3302 cullae
2110 3244 2427 3300 benedictio
2478 3257 2596 3297 non
2655 3243 2918 3307 iteratur,
2954 3255 3057 3296 nec
3087 3240 3346 3311 exuitur,
3376 3257 3481 3299 nec
3509 3244 3598 3299 in-

1899 3335 2120 3400 duitur,
2154 3333 2263 3388 nisi
2294 3333 2441 3388 sicut
2466 3339 2519 3387 et
2555 3331 2715 3402 prius
2747 3339 2888 3396 erat,
2917 3352 2942 3378 ››
2975 3339 3080 3386 etc.

1968 3423 2056 3477 Ex
2087 3435 2213 3491 cap.
2274 3423 2342 3476 29
2401 3427 2531 3475 stat.
2595 3419 3082 3486 Cluniacensium,
3139 3419 3208 3474 de
3248 3421 3463 3490 quibus
3493 3436 3599 3478 su-

1899 3525 2023 3581 pra,

1972 3595 2065 3668 (37)
2093 3597 2230 3652 IBID.
2254 3625 2322 3639 -—
2357 3597 2532 3651 Tanto
2555 3594 2714 3650 intra
2770 3595 3152 3650 coenobiorum
3196 3602 3363 3668 septa
3389 3599 3600 3654 ramis-

1897 3686 2048 3742 aiore
2072 3685 2260 3740 studio
2290 3684 2646 3740 victitabant.
2684 3685 2740 3739 ld
2774 3685 2879 3740 loci
2915 3685 3238 3742 illustratur
3267 3689 3412 3743 Petri
3448 3694 3600 3744 586

1899 3775 2259 3832 Venerabilis
2314 3781 2574 3830 statuto:
2619 3795 2646 3822 «
2696 3773 2983 3830 Statutum
3045 3784 3148 3842 est,
3205 3778 3284 3832 ait
3343 3778 3477 3847 ipse,
3535 3786 3600 3834 ut

1901 3863 2115 3930 nullus,
2175 3863 2344 3917 etiam
2397 3877 2471 3917 ex
2528 3862 2910 3929 concessione,
2966 3863 3199 3920 futurus
3255 3867 3596 3934 monachus,

1900 3951 2267 4022 regularibus
2321 3965 2505 4021 usque
2562 3951 2630 4006 ad
2693 3965 2913 4007 annum
2969 3953 3310 4022 vigesimum
3344 3955 3600 4011 vestibus

1901 4039 2194 4094 induatur.
2233 4039 2419 4094 Causa
2471 4038 2714 4093 instituti
2748 4038 2924 4108 hujus
2977 4039 3082 4096 fuit
3134 4041 3464 4111 immatura,
3504 4043 3600 4098 ni-

1900 4127 2127 4196 misque
2183 4126 2330 4182 celer
2387 4126 2695 4182 infantium
2749 4129 3048 4197 susceptio,
3111 4131 3234 4200 qui,
3285 4139 3596 4202 antequam

1899 4216 2121 4286 aliquid
2207 4215 2567 4270 rationabilis
2634 4216 3024 4286 intelligentia:
3082 4219 3294 4275 habere
3345 4229 3594 4290 possent,

1902 4318 2079 4359 sacrae
2139 4303 2432 4374 religionis
2487 4304 2746 4360 vestibus
2800 4305 3212 4374 induebantur,
3275 4317 3329 4364 et
3372 4309 3598 4365 admisti

88 4407 207 4448 non
240 4393 503 4448 venirent
535 4393 548 4447 !
609 4391 993 4459 Quamobrem
1046 4391 1099 4447 S.
1153 4393 1490 4448 Benedictus
1546 4402 1791 4450 rectores
1827 4384 1870 4438 D
1901 4392 2047 4457 aliis,
2076 4393 2393 4461 puerilibus
2445 4393 2674 4462 ineptiis
2726 4407 2924 4449 omnes
2956 4396 3372 4463 perturbabant
3405 4414 3418 4452 :
3450 4407 3504 4453 et
3536 4407 3598 4455 ut

91 4481 418 4536 animarum
477 4481 744 4538 admonet
804 4481 1118 4551 quominus
1173 4495 1268 4538 eos
1308 4481 1411 4551 qui
1448 4484 1666 4540 mundo
1698 4498 1789 4540 re-

93 4568 254 4639 pudii
286 4567 541 4624 libellum
591 4569 877 4636 remisere,
912 4569 1218 4625 identidem
1255 4569 1405 4625 foras
1434 4571 1627 4639 egredi
1658 4585 1792 4640 per-

93 4658 363 4714 mittant:
400 4679 428 4706 ‹‹
458 4657 604 4724 Quia
657 4658 912 4725 omnino,
954 4657 1101 4725 inﬁt,
1148 4672 1263 4714 non
1291 4657 1521 4727 expedit
1570 4660 1793 4714 anima-

96 4747 207 4802 bus
230 4760 454 4813 eorum,
487 4768 507 4794 ι
545 4761 672 4816 cap.
703 4749 772 4800 66
799 4746 1032 4818 regulae.

171 4835 245 4890 De
276 4848 586 4904 puerorum
619 4836 732 4890 Deo
776 4849 811 4890 a
867 4835 1202 4904 parentibus
1256 4833 1578 4890 oblatorum
1611 4832 1792 4903 proli-

97 4924 232 4980 xius
275 4923 502 4994 egimus
554 4923 625 4978 ad
684 4923 744 4977 Β.
800 4923 1101 4979 Lanfranci
1153 4923 1318 4993 epist.
1379 4925 1468 4979 32.
1513 4921 1794 4990 ,Superest

99 5020 166 5068 ut
191 5012 490 5068 formulam
525 5011 910 5068 sistendorum
953 5013 1286 5068 eorumdem
1336 5024 1439 5080 pro
1487 5010 1654 5065 altari
1693 5021 1794 5078 per

101 5101 446 5158 monachum
479 5100 762 5156 seniorem
802 5100 916 5156 huc
947 5109 1220 5154 attexam.

173 5190 318 5246 Puer
363 5203 498 5244 vero
554 5189 656 5258 qui
719 5203 852 5244 cum
917 5188 1106 5244 laicali
1158 5189 1247 5244 vel
1294 5188 1540 5244 clericali
1587 5188 1794 5244 habitu

101 5279 338 5345 venerit,
392 5277 550 5333 hunc
595 5277 949 5333 camerarius
991 5277 1049 5332 in
1100 5277 1436 5333 vestiarium
1485 5277 1660 5332 ducat
1692 5291 1791 5332 eo-

103 5368 226 5423 dem
260 5365 425 5422 modo
443 5365 802 5422 vestiendum
836 5379 951 5434 quo
978 5365 1220 5435 quilibet
1249 5366 1504 5421 novitius
1527 5365 1789 5432 vestitur,

104 5463 309 5526 prseter
356 5453 512 5524 quod
561 5453 612 5509 ei
669 5467 784 5509 non
837 5452 1205 5521 stamineum,
1238 5453 1332 5509 sed
1368 5466 1469 5522 pro
1514 5452 1792 5508 stamineo

105 5541 337 5598 camisia
390 5540 542 5595 linea
596 5540 787 5596 datur.
833 5539 978 5596 Cum
1030 5539 1221 5595 visum
1253 5539 1424 5595 fuerit
1451 5539 1660 5594 domno
1689 5539 1789 5594 ab-

106 5631 238 5699 bati,
271 5626 556 5699 capellum
587 5628 656 5683 de
712 5627 897 5684 frocco
947 5627 1074 5698 ejus
1121 5627 1288 5698 jubet
1315 5625 1552 5695 auferri,
1602 5633 1659 5683 et
1684 5641 1794 5683 cu-

1901 4481 2168 4550 quaedam
2209 4488 2443 4545 teceam,
2476 4489 2531 4536 et
2590 4480 2770 4536 multa
2810 4481 3058 4538 breviter
3086 4484 3372 4556 colligam,
3405 4494 3460 4542 et
3489 4486 3598 4543 sibi

1900 4568 2046 4624 nihil
2107 4584 2248 4640 pene
2282 4569 2610 4639 proderant,
2647 4573 2703 4624 et
2750 4570 2994 4626 aliorum
3029 4581 3219 4641 postea
3267 4574 3597 4645 religiosum

1901 4658 2257 4728 propositum
2313 4673 2427 4713 non
2489 4672 2712 4728 parum,
2754 4658 2867 4715 imo
2897 4661 3249 4732 quandoque
3281 4662 3598 4733 plurimum

1901 4745 2302 4815 impediebant.
2342 4768 2365 4796 ι

1973 4834 2056 4902 (³⁸)
2092 4835 2243 4890 Intn.
2280 4866 2348 4874 —
2379 4835 2826 4890 Ecclesiasticas
2857 4835 3151 4891 occasione
3181 4837 3421 4908 difﬁcili
3444 4839 3597 4894 dila-

1898 4919 2104 4990 pidare
2149 4922 2444 4994 pecunias,
2490 4932 2596 4980 etc.
2649 4924 2806 4980 Heu!
2862 4939 3040 4996 quam
3095 4927 3152 4980 in
3198 4927 3466 4995 profanas
3506 4932 3599 4995 (ne

1902 5011 2043 5079 quid
2087 5013 2372 5081 gravius,)
2406 5020 2460 5068 et
2509 5015 2702 5070 varias
2759 5014 3042 5084 discerpta
3085 5023 3274 5084 partes
3328 5015 3600 5072 ecclesia-

1901 5112 2033 5153 rum
2065 5099 2663 5172 monasteriorumque
2694 5102 2842 5158 bona
2876 5117 2888 5156 :
2914 5118 3045 5172 qua:
3078 5125 3105 5152 «
3128 5111 3260 5160 vota
3281 5113 3417 5160 sunt
3457 5105 3601 5161 fide-

1900 5185 2065 5253 lium,
2098 5195 2153 5242 et
2185 5188 2365 5256 pretia
2424 5197 2810 5258 peccatorum,
2863 5204 2930 5245 ac
2982 5192 3325 5261 patrimonia
3382 5208 3597 5263 paupe-

1901 5285 2054 5339 rum,
2093 5295 2114 5322 ι
2150 5274 2442 5341 scripsisse
2489 5276 2737 5332 traditur
2766 5278 3035 5334 Urbanus
3065 5293 3213 5350 papa
3239 5282 3278 5347 Ι,
3310 5288 3362 5336 et
3409 5281 3598 5353 Edga-

1901 5376 2004 5418 rus
2049 5361 2372 5432 Anglorum
2431 5378 2574 5418 rex:
2607 5385 2633 5414 ς
2679 5365 2823 5422 Sunt
2864 5369 3210 5437 patrimonia
3253 5384 3598 5440 pauperum,

1901 5463 1970 5505 ac
1999 5450 2228 5521 pretiosi
2256 5448 2464 5506 Christi
2495 5453 2797 5523 sanguinis
2828 5456 3096 5524 pretium.
3134 5479 3156 5506 ι
3209 5457 3462 5529 Quaeque
3490 5459 3603 5516 Deo

1902 5551 1969 5594 ac
1997 5539 2211 5595 sanctis
2231 5536 2384 5606 data,
2423 5547 2485 5595 ut
2515 5540 2605 5595 die
2661 5549 2951 5613 noctuque
2990 5544 3187 5601 laudes
3231 5547 3445 5603 summi
3474 5562 3603 5604 om-

1901 5627 2065 5685 nium
2134 5627 2420 5686 Creatoris
2493 5629 2874 5700 concinentes,
2951 5632 3202 5690 habeant
3264 5634 3483 5693 victum
3535 5649 3604 5692 ac
