3930 6416
305 369 443 426 1063

1345 368 1439 425 AD
1478 370 1631 427 OPP.
1677 369 1831 425 VEN.
1864 367 2201 429 GUIBERTI
2235 369 2324 425 DE
2363 370 2759 427 NOVIGENTO

3685 375 3845 429 106$

304 505 596 574 vestitum,
628 504 821 562 ferunt
851 520 1049 563 omnes
1086 507 1492 577 propemodum
1528 507 2005 564 monasteriorum
2041 512 2088 564 Α
2118 508 2422 563 rumetiam
2477 507 2808 565 clarissimis
2836 516 3013 580 atque
3056 510 3348 566 ditissimis
3375 510 3603 577 enituit,
3641 532 3674 560 ››
3714 518 3838 565 etc.

304 596 690 653 fundationes.
750 597 811 650 In
866 597 1282 651 restauratione
1332 596 1655 652 monasterii
1704 596 2005 652 Besuensis

307 686 387 741 ita
417 685 678 755 loquitur
722 683 1025 739 Albericus
1076 684 1468 754 Lingonensis,
1526 685 1846 753 episcopus,
1880 692 2004 753 post

306 781 644 829 enumerata
672 786 706 827 a
735 786 793 827 se
849 771 1056 827 collata
1084 786 1098 824 :
1131 792 1157 820 κ
1186 771 1252 826 In
1277 771 1662 827 substantiam
1695 772 2004 827 monacho-

307 876 462 927 rum,
492 869 548 917 et
575 860 906 915 alimoniam
959 873 1298 929 pauperum,
1330 867 1384 915 et
1418 868 1481 916 ut
1511 860 1717 915 ibidem
1761 859 2002 915 ἀειραμ-

312 958 407 1006 tur
436 949 620 1004 servis
647 948 747 1003 Dei
791 948 1031 1003 Domino
1068 947 1312 1017 servire;
1338 955 1394 1003 et
1424 962 1526 1017 pro
1575 962 1706 1016 rege
1761 948 2006 1018 ejusque

311 1037 577 1107 conjuge,
617 1042 673 1092 et
710 1035 907 1091 liberis
950 1033 1134 1104 ipsius
1164 1043 1219 1090 et
1246 1035 1420 1091 totius
1445 1036 1669 1106 imperii
1699 1037 2007 1092 stabilitate

305 1125 525 1197 jugiter
595 1124 821 1179 Domini
907 1124 1354 1179 misericordiam
1413 1124 1741 1194 implorare,
1803 1146 1825 1174 ι
1895 1134 2004 1181 etc.

310 1213 629 1269 Chronicon
674 1212 958 1268 Besuense
1010 1225 1115 1268 ms.
1176 1210 1283 1267 Sed
1325 1221 1381 1268 et
1411 1212 1678 1268 Aldricus
1713 1212 2006 1268 Senonen-

311 1300 387 1357 sis
415 1299 669 1366 antistes,
704 1298 810 1353 hoc
863 1313 1038 1354 sensu
1089 1312 1227 1354 suos
1259 1298 1658 1370 suifraganeos
1696 1299 2008 1369 compella-

312 1390 411 1446 bat
474 1388 532 1443 in
589 1387 789 1443 charta
838 1400 945 1443 ms.
1026 1387 1459 1443 instaurationis
1514 1388 1754 1444 coenobii
1818 1387 2008 1444 Sancti

309 1475 550 1547 Remigii
600 1489 774 1545 prope
829 1475 1082 1531 Senonas
1128 1492 1142 1529 :
1199 1494 1227 1527 α
1278 1475 1538 1532 Sciamus
1588 1491 1705 1532 rem
1759 1477 2009 1532 ecclesia

310 1580 430 1622 esse
467 1563 785 1621 oblationes
836 1563 1113 1630 fidelium,
1170 1565 1351 1634 pretia
1408 1573 1792 1634 peccatorum,
1840 1567 2013 1635 patri-

312 1653 507 1710 monia
576 1666 919 1723 pauperum,
976 1666 1190 1722 easque
1276 1653 1440 1709 nobis
1503 1653 2008 1720 administrandas,

312 1741 730 1813 procurandas,
788 1748 963 1810 atque
1018 1741 1372 1797 ordinandas
1409 1743 1742 1811 suscepisse,
1804 1742 2011 1797 harum

312 1845 506 1887 rerum
571 1830 1067 1885 administratores
1113 1844 1219 1885 nos
1270 1845 1413 1897 esse,
1470 1831 1793 1886 meminisse
1840 1831 2007 1886 debe-

312 1932 445 1975 mus
486 1933 499 1971 :
532 1926 587 1973 et
618 1916 877 1972 redditus
905 1931 1307 1987 expansasque
1336 1930 1536 1973 earum
1568 1918 1648 1973 eis
1678 1918 1883 1972 usibus
1909 1932 2011 1987 ap-

314 2005 550 2075 plicare,
583 2018 834 2075 quorum
875 2005 1060 2075 gratia
1104 2005 1316 2061 divinis
1341 2006 1621 2062 altaribus
1648 2006 1897 2077 alligata
1920 2021 2015 2061 no-

314 2098 577 2148 scuntur.
621 2112 648 2139 ιι
704 2089 1024 2145 Chronicon
1075 2090 1415 2148 Divionense
1454 2093 1732 2150 ineditum
1765 2108 1777 2147 :
1814 2112 1841 2144 α
1872 2093 2017 2149 Con-

315 2178 449 2236 tulit
497 2192 601 2234 rex
668 2177 1049 2235 Guntrannus
1112 2180 1226 2234 Deo
1282 2189 1336 2235 et
1381 2188 1577 2236 sancto
1632 2181 1891 2252 Benigno
1941 2180 2015 2236 ad

314 2267 533 2324 victum
558 2267 975 2323 monachorum
1014 2267 1124 2321 Deo
1166 2267 1222 2321 in
1259 2267 1366 2323 hoc
1396 2267 1515 2323 loco
1544 2268 2013 2335 deservientium,

317 2362 382 2412 ut
411 2369 515 2426 pro
545 2368 602 2410 se
632 2368 699 2411 ac
743 2355 1109 2424 sequentium
1159 2369 1363 2425 regum
1402 2356 1586 2412 salute
1632 2364 1687 2412 et
1747 2364 2015 2427 peccato-

319 2457 449 2500 rum
476 2442 811 2499 remissione
840 2443 1095 2498 divinam
1128 2452 1369 2499 exorent
1413 2444 1772 2501 clementiam
1818 2459 2014 2501 mona-

317 2531 431 2586 chi.
488 2532 731 2600 Insuper
785 2530 956 2585 etiam
1044 2531 1291 2586 instituit
1349 2538 1412 2587 ut
1463 2532 1535 2587 ad
1582 2533 2017 2589 similitudinem

318 2619 651 2675 monasterii
687 2618 1028 2674 Sanctorum
1090 2620 1549 2689 Agaunensium,
1594 2621 1695 2677 diu
1726 2629 2019 2690 noctuque

319 2707 582 2762 divinum
619 2706 1040 2775 persolveretur
1069 2706 1345 2774 ofﬁcium,
1381 2729 1409 2756 »
1432 2716 1537 2763 etc.

391 2793 720 2851 Ludovicus
774 2794 911 2849 Pius
966 2795 1273 2863 imperator
1322 2796 1617 2852 monachis
1672 2797 2020 2854 Anianensi-

320 2881 430 2938 bus
481 2879 775 2936 ecclesiam
834 2879 1024 2935 Sancti
1079 2880 1301 2936 Martini
1358 2882 1722 2942 Arelatensis.
1750 2891 1804 2939 et
1852 2898 2019 2954 qua—

320 2984 555 3040 cunque
605 2982 673 3023 ac
730 2982 854 3024 eam
918 2968 1285 3038 pertinerent,
1335 2970 1668 3037 concedens,
1729 2970 1816 3025 his
1872 2971 2020 3026 inter

2108 596 2180 651 Et
2205 595 2353 651 intra
2388 612 2401 650 :
2441 619 2461 645 ι
2519 596 2755 665 Lapides
2809 596 3064 663 ferendo,
3108 598 3303 653 fenum
3344 613 3374 654 e
3407 599 3582 667 pratis
3611 611 3839 653 secan-

2110 682 2202 746 do,
2236 682 2464 739 stabula
2489 684 2769 751 curando,
2802 692 2856 740 et
2899 686 3171 753 maxime,
3201 693 3265 742 ut
3292 686 3438 741 idem
3475 686 3844 756 simpliciter

2110 771 2411 836 referebat,
2439 770 2716 826 carbones
2737 771 2806 826 ad
2835 785 3008 841 opera
3029 772 3256 827 fabrilia
3279 772 3555 838 faciendo,
3591 772 3843 827 victum

2112 858 2215 914 sibi
2246 873 2379 913 cum
2409 872 2586 928 parvo
2612 874 2790 915 censu
2812 860 3183 929 providebat.
3215 881 3236 909 ι
3280 859 3505 926 Surius,
3540 869 3684 915 tom.
3726 859 3839 913 III.

2114 946 2389 1017 Sigebert.
2422 948 2493 1003 ad
2523 960 2746 1003 annum
2780 949 2934 1003 1050.

2186 1036 2271 1105 (“)
2303 1036 2439 1091 Isin.
2472 1064 2545 1077 —
2570 1036 2758 1105 Majas
2811 1036 3225 1093 monasterium
3264 1036 3536 1108 petivere.
3580 1035 3845 1091 Celebre

2114 1122 2263 1179 istud
2299 1124 2709 1180 monasterium
2751 1139 2925 1195 prope
2952 1126 3210 1183 Turones
3241 1126 3315 1181 ad
3346 1124 3563 1181 ﬂuenta
3596 1124 3846 1194 Ligeris

2113 1212 2308 1279 situm,
2341 1225 2377 1266 a
2404 1220 2602 1268 sancto
2642 1213 2890 1269 Martino
2946 1213 3368 1283 archiepiscopo
3418 1213 3666 1283 sumpsit
3720 1212 3847 1266 ini-

2114 1297 2279 1352 tium.
2334 1298 2411 1353 De
2458 1313 2575 1368 quo
2612 1297 2922 1370 Gregorius
2970 1301 3186 1357 Turon.
3230 1302 3309 1356 De
3346 1302 3529 1372 gloria
3568 1300 3839 1356 confess.

2114 1399 2239 1454 cap.
2268 1388 2331 1456 8;
2356 1384 2584 1443 Glaber.
2619 1387 2715 1443 lib.
2749 1403 2830 1456 ιιι,
2863 1403 2991 1459 cap.
3025 1391 3079 1457 4,
3107 1398 3163 1445 et
3195 1389 3319 1445 alii.

2187 1475 2255 1530 Et
2291 1474 2567 1544 quoniam
2634 1477 3127 1533 nomenclaturam
3183 1477 3462 1534 abbatum
3491 1491 3526 1533 a
3572 1477 3846 1533 Roberto

2118 1563 2177 1617 in
2234 1563 2414 1617 Callia
2465 1564 2791 1619 Christiana
2837 1566 3177 1634 expositam,
3213 1566 3270 1621 in
3321 1567 3515 1621 multis
3552 1566 3839 1621 vitiosam

2118 1650 2520 1719 animadverti,
2580 1660 2864 1722 quotquot
2920 1668 2995 1709 ex
3038 1655 3296 1724 antiquis
3348 1654 3704 1709 membranis
3769 1667 3845 1707 ac

2121 1738 2432 1795 ruderibus
2480 1739 2739 1809 ejusdem
2821 1741 3068 1797 abbatia
3119 1744 3384 1811 reperire
3437 1742 3648 1809 licebit,
3713 1741 3845 1796 huc

2052 1806 2091 1859 Β
2124 1834 2377 1882 attexere
2405 1806 2559 1882 haud
2592 1828 2795 1883 inutile
2822 1828 2939 1884 fore
2959 1806 3240 1898 judicavi.

2334 1914 2626 1969 Etencltu:
2669 1916 2941 1970 abbatum
2969 1918 3216 1985 Majori:
3243 1915 3600 1972 monasterii.

2196 2002 2422 2057 Primus
2450 2002 2629 2058 abbas
2659 2016 2726 2058 ac
2786 2003 3060 2060 fundator
3108 2014 3343 2061 sanctus
3388 2004 3668 2060 Martinus
3698 2004 3844 2073 epi-

2124 2105 2332 2161 scopus
2360 2092 2731 2147 Turonensis.
2758 2094 2825 2147 Il.
2846 2092 3149 2151 Galbertus
3179 2109 3212 2150 a
3242 2095 3304 2150 B.
3336 2095 3581 2151 Martino
3610 2095 3841 2150 electus

2125 2195 2193 2237 ac
2223 2181 2574 2237 benedictus.
2590 2181 2767 2247 Quem
2785 2184 3079 2239 consecuti
3100 2183 3395 2253 regulares
3414 2183 3836 2252 abbates(quo-

2126 2284 2256 2325 rum
2297 2270 2535 2324 nomina
2562 2269 2851 2325 oblivione
2890 2270 3134 2340 sepulta)
3183 2284 3411 2326 omnem
3461 2279 3834 2326 navaverunt

2125 2372 2377 2427 operam,
2412 2366 2476 2413 ut
2509 2358 2565 2412 in
2612 2358 2810 2429 Majori
2842 2361 3186 2415 monasterio
3223 2359 3426 2429 religio
3458 2358 3704 2414 ﬂoreret.

2204 2451 2349 2501 582
2397 2447 2491 2501 III.
2526 2446 2597 2502 Et
2623 2447 2731 2502 hoc
2774 2448 3043 2517 equidem
3070 2462 3255 2517 usque
3279 2449 3352 2504 ad
3380 2447 3693 2504 Rohertum
3725 2461 3834 2503 co-

2128 2535 2321 2591 mitem
2369 2534 2582 2592 Odonis
2636 2536 2788 2603 regis
2832 2536 3111 2592 fratrem:
3161 2538 3264 2607 qui
3312 2551 3500 2593 comes
3551 2545 3606 2592 et
3643 2536 3835 2592 abbas

2127 2623 2359 2693 Majoris
2389 2625 2741 2691 monasterii,
2776 2625 2837 2680 in
2868 2626 3070 2681 charta
3099 2639 3252 2680 anno
3281 2628 3313 2678 6
3347 2624 3510 2696 regni
3565 2625 3834 2697 ejusdem

2125 2709 2336 2766 Odonis
2365 2710 2640 2778 confecta,
2673 2719 3068 2782 nuncupatur.

2200 2799 2497 2853 Destructo
2575 2812 2610 2853 a
2662 2800 3070 2855 Northmannis
3140 2801 3502 2866 monasterio,
3549 2801 3832 2870 casisque

2128 2887 2447 2952 monachis,
2480 2887 2578 2957 qui
2610 2889 2947 2957 superstites
2977 2889 3215 2944 fuerunt
3242 2904 3360 2944 una
3394 2903 3526 2945 cum
3565 2890 3835 2944 sacratis-

2130 2976 2273 3032 simo
2306 2976 2368 3030 B.
2405 2975 2630 3031 Martini
2668 2976 2904 3046 pignore
2963 2976 3020 3031 in
3068 2977 3468 3047 Burgundiam
3525 2990 3826 3041 secessere,

322 3058 436 3114 alia
463 3056 654 3113 verbis
680 3056 866 3112 utitur
898 3070 910 3109 :
950 3078 971 3103 ι
1008 3056 1169 3111 Hanc
1219 3064 1427 3113 nostra
1456 3060 1813 3115 auctoritatis
1839 3060 2018 3115 dona-
2058 3097 2099 3152 ρ
2130 3067 2200 3119 At
2225 3078 2297 3119 ex
2326 3064 2545 3119 clericis
2599 3063 2865 3119 nonnulli
2917 3064 3067 3120 inter
3098 3065 3300 3120 ruinas
3337 3065 3445 3121 sibi
3476 3065 3831 3121 fabricavere

322 3146 533 3203 tionem
584 3152 894 3201 memorato
926 3144 1269 3201 monasterio
1324 3145 1396 3199 ad
1451 3146 1733 3214 stipendia
1772 3146 2016 3202 fratrum

322 3234 529 3291 ibidem
563 3233 676 3289 Deo
703 3232 1131 3300 famulantium,
1164 3240 1220 3289 et
1253 3233 1323 3288 ad
1362 3233 1620 3290 subsidia
1672 3248 2016 3304 pauperum,

321 3322 411 3380 vel
437 3323 509 3378 ad
564 3329 803 3378 cunctas
847 3321 1105 3392 ejusdem
1150 3322 1480 3377 monasterii
1522 3323 1729 3378 Aniani
1779 3324 2022 3379 necessi-

323 3419 466 3468 tates
514 3410 916 3476 consulendas,
969 3410 1041 3466 ob
1079 3410 1534 3467 emolumentum
1572 3412 1781 3468 anima
1813 3421 2020 3468 nostra

326 3499 733 3570 perpetualiter
799 3497 1266 3563 concessimus,»
1312 3507 1418 3555 etc.
1475 3498 1564 3555 Sic
1618 3502 2021 3557 vetustissima

321 3589 693 3645 membrana.

394 3675 495 3731 His
524 3688 776 3730 consona
804 3673 873 3728 de
901 3673 1149 3729 ecclesia
1178 3672 1385 3743 opibus
1414 3673 1578 3731 effert
1606 3676 2020 3744 Tertullianus,

321 3762 617 3832 Apologet.
664 3774 787 3830 cap.
840 3762 906 3815 39
963 3777 976 3815 :
1019 3782 1039 3808 ι
1094 3761 1227 3816 Hac
1282 3761 1537 3831 deposita
1593 3764 1820 3832 pietatis
1861 3772 2018 3831 sunt,

322 3864 459 3905 nam
492 3849 624 3905 inde
649 3864 763 3905 non
792 3849 998 3918 epulis,
1036 3864 1152 3904 non
1212 3851 1513 3920 potaculis,
1566 3866 1672 3907 nec
1709 3854 2021 3908 voratrinis

321 3937 706 4008 dispensatur,
729 3937 824 3993 sed
845 3937 1041 4007 egenis
1060 3936 1298 4003 alendis,
1328 3938 1772 4011 humandisque,
1805 3949 1859 3996 et
1889 3955 2024 4012 pue-

320 4026 401 4082 ris
433 4040 499 4081 ac
520 4025 752 4095 pupillis
784 4040 844 4080 re
875 4038 943 4081 ac
988 4026 1327 4095 parentibus
1372 4026 1674 4095 destitutis,
1717 4050 1745 4077 ››
1777 4036 1882 4085 etc.
1934 4030 2021 4085 Ad

321 4128 442 4171 rem
494 4114 657 4169 istam
706 4128 837 4185 qua
890 4114 961 4169 ad
1015 4128 1150 4170 suas
1201 4115 1428 4170 constit.
1486 4117 1769 4172 Benedict.
1826 4117 2023 4175 Patres

322 4200 485 4270 regni
518 4200 885 4273 Portugallia
916 4202 1142 4271 amplas
1195 4204 1571 4271 possessiones
1626 4206 1845 4261 ordinis
1901 4221 2021 4263 me-

322 4296 631 4357 morantes,
701 4288 1163 4360 praloquuntur,
1223 4290 1551 4348 adnotabo:
1589 4316 1610 4342 ι
1664 4294 1797 4351 Hac
1825 4302 1880 4351 et
1908 4294 2023 4352 alia

319 4376 641 4433 omittimus
664 4376 722 4432 in
751 4375 1018 4433 ecclesias
1046 4377 1290 4434 redacta.

461 4472 705 4547 Singula
730 4489 852 4544 qua
880 4474 1035 4529 caeli
1065 4474 1289 4530 attriuit
1308 4474 1394 4547 sic
1422 4492 1574 4531 cana
1604 4482 1877 4547 vetustas,

471 4544 548 4597 Ut
572 4544 806 4599 maneat
834 4549 1051 4617 prater
1072 4549 1273 4601 nostra
1286 4546 1464 4613 fuere
1491 4548 1659 4603 nihil.

320 4641 403 4696 Ea
430 4646 621 4696 tamen
672 4641 1055 4712 perstringere
1089 4641 1238 4709 libet,
1292 4643 1433 4712 quia
1466 4644 1595 4700 licet
1645 4645 2023 4704 alienationes

321 4727 487 4784 nobis
513 4728 629 4785 sint
656 4728 878 4785 dolores
902 4730 1205 4786 oculorum
1262 4738 1318 4786 et
1344 4732 1545 4799 animi,
1588 4734 1802 4790 indices
1830 4744 2020 4792 tamen

320 4824 458 4873 sunt
532 4817 876 4874 sanctissimi
955 4818 1298 4888 patriarcha
1344 4819 1674 4892 (Benedicti)
1723 4822 2021 4879 charitatis

317 4914 373 4962 et
415 4907 750 4963 meritorum
819 4908 999 4977 ipsius
1051 4907 1221 4979 (adde
1277 4916 1332 4964 et
1377 4909 1627 4967 filiorum
1658 4911 1898 4981 Lpietatis
1953 4928 2022 4971 ac

319 4991 610 5062 dorctina)
642 4993 760 5049 vivi
793 5008 1098 5064 pracones,
1133 5016 1160 5045 »
1193 5002 1300 5051 etc.

394 5077 492 5150 (3°)
522 5083 657 5137 CAP.
694 5081 792 5137 IX.
822 5112 891 5121 —
954 5082 1280 5138 Vocabatur
1316 5088 1509 5140 autem
1537 5085 1663 5158 ipse
1695 5087 2017 5146 Ebrardua.

319 5165 499 5233 Quem
540 5170 741 5238 paucis
772 5169 972 5226 laudat
1003 5171 1279 5228 Andraas
1309 5174 1606 5231 Duchesne
1637 5175 1847 5233 Histor.
1871 5178 2020 5234 Dro-

321 5270 471 5312 cens.
506 5256 605 5312 lib.
641 5273 679 5325 I,
722 5271 854 5328 pag.
890 5259 978 5325 24,
1012 5258 1112 5315 ubi
1158 5268 1211 5316 et
1238 5262 1307 5317 de
1333 5259 1555 5319 familia
1585 5265 1858 5323 comitum
1889 5268 2022 5323 Bri-

321 5342 650 5400 toliensium
680 5358 693 5398 :
724 5343 883 5399 illum
918 5360 984 5401 eo
1014 5346 1122 5401 loci
1156 5347 1269 5414 adi,
1301 5348 1349 5403 si
1379 5348 1582 5419 placet.

393 5430 482 5503 (⁸ο)
513 5432 649 5488 Iern.
683 5462 753 5471 -—
796 5433 1245 5502 Theudebaldus,
1303 5444 1407 5492 etc.
1461 5439 1582 5495 sive
1630 5440 2014 5499 Theobaldus.

321 5517 503 5592 Cujus
548 5520 903 5592 biographus
952 5521 1002 5577 ei
1060 5531 1573 5592 contemporaneus
1626 5527 1747 5583 hac
1795 5528 2014 5587 habet:

324 5627 353 5657 α
392 5609 756 5668 Theobaldus
811 5609 1151 5681 parentibus
1200 5625 1315 5667 non
1344 5612 1528 5670 solum
1573 5615 1881 5685 nobilibus,
1915 5633 2017 5675 ve-

2130 3151 2507 3218 domicilium,
2537 3160 2593 3208 et
2623 3151 2809 3208 locum
2859 3153 3054 3221 plures
3103 3166 3203 3222 per
3232 3166 3416 3208 annos
3444 3159 3827 3221 occuparunt.

2130 3240 2215 3296 Ita
2245 3240 2313 3294 iis
2344 3240 2758 3310 pratermissis,
2790 3241 2863 3295 ad
2895 3240 3191 3311 regulares
3220 3241 3657 3297 transeundum.

2201 3328 2298 3386 IV.
2344 3328 2399 3384 S.
2435 3329 2673 3399 Majolus
2711 3329 2890 3385 abbas
2941 3328 3351 3396 Cluniacensis,
3414 3336 3650 3400 rogante
3699 3327 3827 3383 Ble-

2126 3417 2279 3472 sensi
2335 3417 2539 3472 comite
2589 3416 2803 3484 Odone,
2869 3419 3246 3473 monasticum
3312 3417 3570 3473 ordinem
3632 3416 3827 3485 postli-

2129 3505 2307 3560 minio
2349 3504 2410 3560 in
2462 3505 2771 3575 pristinum
2830 3514 3044 3561 statum
3102 3506 3410 3561 revocavit.
3465 3505 3654 3561 Prodit
3704 3505 3831 3560 hac

2128 3594 2356 3650 disertis
2399 3595 2590 3651 verbis
2642 3595 2845 3668 charta
2889 3595 3214 3650 donationis
3262 3609 3465 3651 eorum
3514 3609 3644 3665 qua
3703 3593 3827 3649 Ste-

2132 3683 2361 3752 phanus
2412 3683 2692 3739 Blesensis
2737 3697 2925 3739 comes
2973 3683 3172 3753 Majori
3208 3682 3549 3739 monasterio
3581 3682 3831 3737 contule-

2132 3774 2240 3826 rat.
2281 3792 2303 3821 ι
2336 3772 2440 3827 Ubi
2474 3772 2594 3827 Odo
2620 3786 2768 3828 avus
2797 3786 2978 3839 meus,
3033 3772 3224 3841 inquit
3254 3773 3391 3841 ipse,
3420 3779 3476 3827 et
3505 3772 3675 3827 frater
3699 3771 3829 3839 ejus

2130 3859 2295 3929 [Iugo
2366 3858 2740 3915 Bituricensis
2787 3860 3257 3929 archiepiscopus
3279 3868 3335 3915 et
3398 3873 3599 3915 eorum
3647 3867 3830 3913 mater

2133 3946 2359 4003 humati
2385 3947 2608 4018 jacent;
2647 3957 2701 4003 et
2731 3949 2885 4018 quod
2920 3956 3043 4018 post
3094 3948 3448 4004 eversionem
3478 3961 3513 4002 a
3545 3948 3708 4002 Danis
3736 3946 3825 4001 fa-

2132 4042 2281 4091 ctam
2332 4044 2716 4104 exstructum,
2763 4044 2839 4102 et,
2892 4037 3096 4093 amotis
3123 4036 3432 4103 canonicis,
3465 4035 3826 4092 facultatibus

2131 4123 2253 4180 suis
2313 4128 2572 4190 auctum,
2604 4126 2915 4181 monastico
2964 4124 3175 4192 ordini,
3225 4124 3327 4195 qui
3364 4125 3438 4180 ab
3481 4124 3639 4179 initio
3676 4125 3821 4178 anti-

2132 4212 2352 4281 quitus,
2386 4225 2421 4267 a
2445 4220 2694 4281 tempore
2730 4212 2878 4269 beati
2932 4213 3163 4270 Martini
3215 4211 3295 4268 ibi
3322 4212 3529 4279 fuerat,
3561 4212 3815 4267 restitue-

2133 4307 2303 4369 runt;
2336 4299 2721 4369 abbatemque
2762 4300 3177 4358 Guillebertum
3220 4300 3451 4357 nomine
3490 4308 3809 4372 posuerunt,

2057 4395 2103 4449 D
2130 4401 2166 4443 a
2218 4396 2417 4444 sancto
2473 4388 2680 4446 Maiolo
2726 4388 2836 4445 sibi
2871 4389 2940 4444 de
2982 4388 3255 4446 Cluniaco
3299 4389 3521 4445 datum.
3571 4390 3812 4453 Quorum

2130 4490 2380 4546 sequens
2411 4477 2650 4548 vestigia
2680 4486 2843 4547 pater
2895 4492 3078 4546 meus,
3112 4486 3237 4535 tum
3283 4492 3384 4547 pro
3433 4476 3740 4533 reverentia
3762 4483 3815 4531 et

2131 4577 2325 4621 amore
2364 4564 2596 4636 gloriosi
2639 4565 2981 4623 confessoris
3024 4566 3234 4623 Christi
3280 4566 3531 4633 Martini,
3563 4574 3677 4621 tum
3714 4578 3812 4635 pro

2130 4653 2405 4724 religione
2449 4654 2902 4711 inhabitantium
2951 4655 3388 4723 monachorum,
3419 4654 3671 4710 eamdem
3708 4654 3811 4709 ab-

2130 4742 2345 4798 batiam
2384 4742 2455 4798 de
2506 4742 2832 4799 substantia
2876 4757 2986 4800 sua
3044 4744 3353 4800 honoravit
3408 4742 3706 4799 admodum
3759 4750 3811 4798 et

2129 4831 2549 4902 augmentavit,
2588 4853 2611 4881 ι
2655 4840 2765 4888 etc.
2816 4833 2897 4889 Eo
2940 4833 3120 4904 igitur
3174 4832 3522 4889 monasterio
3568 4830 3809 4901 apprime

2128 4920 2396 4987 stabilito,
2428 4927 2483 4975 et
2525 4920 2865 4992 dignitatem
2894 4922 3260 4984 abbatialem,
3292 4930 3346 4977 et
3370 4919 3808 4992 jurisdictionem

2127 5008 2637 5081 omnimodamque
2682 5018 3015 5081 potestatem
3069 5012 3131 5066 in
3185 5012 3456 5067 humeros
3531 5007 3808 5064 Gisleberti

2126 5096 2406 5166 deposuit.

2198 5185 2259 5239 V.
2294 5184 2649 5242 Gislebertus
2679 5186 2943 5242 unanimi
2983 5186 3231 5243 fratrum
3263 5199 3505 5243 assensu
3534 5184 3593 5240 in
3627 5197 3808 5241 coeno-

2130 5269 2427 5327 biarcham
2459 5282 2791 5343 assumptus
2817 5284 2902 5332 est
2933 5288 3036 5333 an.
3069 5277 3194 5330 970.

2205 5358 2299 5414 VI.
2337 5359 2642 5419 Bernerius
2670 5365 2795 5418 987.

2203 5446 2323 5502 VII.
2376 5447 2737 5508 Gauzbertus
2816 5452 3005 5522 primo
3074 5451 3268 5508 Sancti
3328 5450 3549 5507 Iuliani
3605 5451 3807 5509 Turon.

2127 5532 2334 5590 deinde
2362 5535 2535 5593 simul
2556 5538 2792 5609 Majoris
2821 5547 3066 5598 monast.
3102 5539 3390 5612 Burgulii,
3419 5547 3476 5597 et
3506 5538 3817 5599 lalleacen.

2125 5620 2204 5678 sis
2234 5622 2416 5679 abbas
2444 5624 2554 5683 fuit
2583 5630 2738 5684 1007.
