3930 6450
86 396 251 446 1065

174 522 341 577 VIII.
376 521 706 587 Sicbardus,
736 521 855 575 sive
885 519 1212 575 Sichardus.

170 609 287 663 IX.
320 607 617 663 Ebrardus
676 609 825 662 1015.
861 608 931 663 Ut
979 608 1183 663 ablata
1224 607 1601 676 possessiones
1654 607 1819 660 resti-

84 704 442 757 tuerentur,
480 696 726 751 multum
754 696 1056 751 desudavit
1083 696 1535 764 elaboravitque.

171 785 257 839 Χ.
294 784 568 839 Albertus
620 786 775 838 1037.
831 785 947 839 Hoc
996 783 1204 839 abbate
1251 783 1535 838 Airardus
1585 782 1823 837 Nanne-

91 874 295 929 tensis
349 873 671 942 episcopus,
721 881 893 927 antea
924 870 1115 926 Sancti
1166 870 1325 925 Pauli
1358 871 1416 925 in
1470 871 1614 926 urbe
1645 870 1826 926 abbas

86 968 154 1016 et
210 960 554 1026 cardinalis,
603 959 799 1029 Majori
857 958 1237 1024 Mouasterio,
1293 959 1467 1028 cujus
1511 959 1824 1014 monachos

91 1048 542 1118 impensissime
597 1048 905 1118 diligebat,
967 1047 1149 1103 multa
1201 1046 1448 1102 contulit
1524 1047 1820 1103 beneﬁcia.

94 1137 474 1193 Isembertus
541 1136 913 1192 Pictaviensis
969 1135 1205 1191 antistes
1262 1135 1491 1191 eosdem
1552 1136 1825 1205 praclare

94 1227 487 1281 commendat
518 1225 574 1279 in
620 1225 829 1280 scheda
862 1224 950 1279 his
992 1224 1183 1279 verbis
1215 1238 1228 1277 :
1264 1244 1292 1272 «
1336 1223 1601 1279 Monachi
1648 1224 1821 1295 Majo-

100 1313 193 1367 ris
248 1313 581 1369 Monasterii
619 1326 870 1382 quorum
917 1312 974 1366 in
1006 1319 1204 1367 sancto
1246 1313 1531 1381 proposito
1576 1313 1826 1381 percele-

103 1399 241 1455 bris
274 1400 435 1470 apud
461 1415 567 1455 nos
596 1400 844 1456 habetur
871 1399 1084 1469 opinio,
1118 1399 1404 1469 petierunt
1429 1413 1465 1454 a
1496 1413 1585 1455 me
1606 1414 1821 1468 rerum,

100 1502 270 1558 quas
307 1489 367 1543 in
415 1489 750 1559 episcopatu
798 1487 1134 1544 Pictaviensi
1184 1487 1567 1558 possidebant,
1607 1488 1824 1543 conﬁr-

103 1575 458 1637 mationem.
520 1588 697 1645 quam
758 1582 813 1630 et
867 1575 1111 1631 libenter
1163 1576 1436 1642 concessi,
1487 1596 1508 1624 ι
1560 1584 1667 1631 etc.
1718 1574 1822 1630 Cui

103 1665 359 1734 signum
405 1663 670 1733 apposuit
702 1663 852 1719 alius
900 1663 1271 1727 Isambertus,
1313 1663 1553 1719 senioris
1598 1677 1824 1720 succes-

102 1766 209 1808 SOI'
218 1791 239 1808 ο

191 1864 214 1891 ι
255 1841 529 1896 Albertus
576 1841 755 1897 abbas
807 1841 997 1910 (habet
1027 1841 1204 1896 codex
1239 1855 1342 1895 ms.
1376 1839 1446 1896 de
1489 1840 1669 1896 servis
1704 1842 1823 1897 Ma-

94 1930 255 2000 joris
311 1929 636 1985 Monasterii
671 1943 798 1998 cap.
848 1929 939 1997 32)
988 1944 1121 1984 eum
1177 1929 1473 1997 fratribus,
1513 1930 1823 1999 quemdam

104 2032 359 2074 servum
412 2018 658 2074 liberum
710 2018 858 2085 fecit,
890 2026 945 2073 et
991 2018 1281 2073 clericavit
1329 2018 1426 2073 tali
1475 2018 1716 2085 ratione,
1760 2026 1826 2075 ut

109 2120 433 2176 nunquam
465 2120 524 2162 se
554 2121 587 2162 a
636 2106 689 2162 S.
729 2106 955 2162 Martini
985 2106 1217 2161 servitio
1249 2106 1321 2161 ad
1369 2106 1511 2161 alios
1541 2107 1825 2163 transiens

110 2194 369 2261 auferat,
426 2217 448 2242 ι
507 2202 616 2249 etc.
676 2194 783 2249 Ubi
838 2194 1133 2248 advertere
1180 2201 1262 2248 est
1311 2192 1517 2248 clerico
1559 2194 1825 2251 saeculari

108 2284 190 2339 ab
225 2283 437 2338 abbate
471 2291 766 2338 tonsuram
795 2282 1111 2337 clericalem
1147 2288 1270 2337 tum
1302 2282 1586 2337 collatam.

189 2373 475 2427 Praterea
536 2371 747 2426 illemet
797 2370 978 2426 abbas
1027 2385 1151 2436 suo,
1204 2377 1259 2425 et
1309 2371 1544 2440 capituli
1589 2371 1825 2441 Majoris

112 2459 454 2517 Monasterii
532 2460 785 2527 nomine,
834 2457 1200 2528 prabendam
1256 2458 1374 2513 sive
1418 2458 1824 2516 canonicatum

112 2549 192 2605 ab
246 2549 534 2620 Agoberto
578 2547 809 2603 Carnot.
842 2548 1109 2617 episcopo
1157 2546 1411 2616 expetiit,
1458 2548 1550 2603 cui
1598 2548 1821 2618 episco-

118 2652 236 2708 pus
288 2651 408 2693 una
436 2650 568 2693 cum
627 2636 778 2692 clero
808 2635 1153 2706 perlibenter
1207 2636 1433 2702 annuit,
1468 2649 1534 2691 ea
1565 2635 1703 2707 lege,
1758 2645 1824 2693 ut

123 2734 337 2783 mutua
383 2726 531 2781 inter
561 2738 681 2781 sese
720 2738 956 2794 precum
1002 2723 1259 2779 subsidia
1312 2723 1705 2793 rependerent.
1740 2727 1821 2781 Ita

117 2816 328 2871 littera
374 2814 605 2870 Henrici
655 2813 825 2885 regis,
877 2827 1008 2883 qua
1046 2819 1277 2868 exstant
1328 2812 1387 2867 in
1417 2826 1591 2882 capsa
1631 2813 1821 2870 Sancti

117 2902 357 2963 Martini
388 2903 458 2958 de
489 2901 649 2958 Valle
679 2902 834 2972 apud
864 2900 1158 2958 Carnutes.
1190 2900 1517 2956 Alexander
1548 2916 1683 2957 vero
1714 2916 1821 2972 pa-

122 3005 195 3061 pa
225 2991 325 3058 III,
356 2990 665 3060 diplomate
696 2990 931 3046 mandat
961 2989 1330 3045 Carnotensis
1361 2989 1626 3045 Ecclesia
1657 3004 1820 3046 cano-

120 3080 290 3145 nicis,
332 3087 622 3149 quatenus
652 3078 887 3149 Majoris
932 3077 1263 3134 Monasterii
1294 3078 1604 3134 monachos
1651 3078 1822 3134 mini-
1862 3102 1903 3158 ρ

121 3182 217 3223 me
248 3167 561 3237 impediant
590 3166 911 3236 prabenda
937 3165 1161 3221 fructus
1195 3165 1505 3236 percipere.

198 3256 388 3326 Hujus
435 3254 698 3321 abbatis,
747 3262 804 3309 et
841 3262 1096 3324 quatuor
1144 3254 1404 3323 proxime
1460 3254 1823 3324 subsequen-

126 3344 272 3400 tium
304 3343 564 3399 meminit
592 3341 844 3398 Orderic.
875 3342 1075 3399 Vitalis
1100 3340 1200 3397 lib.
1231 3357 1286 3396 IV
1318 3343 1460 3397 Hist.
1496 3357 1508 3397 :
1545 3361 1571 3393 α
1604 3343 1826 3398 Nostris

124 3432 480 3502 temporibus
512 3431 782 3486 Albertus
808 3437 863 3486 et
900 3430 1369 3497 Bartholomaus,
1411 3431 1739 3487 Bernardus
1769 3439 1825 3487 et

126 3522 414 3590 Hilgotus,
471 3533 539 3575 ac
587 3518 929 3575 Guillelmus
966 3517 1345 3586 Nanticensis,
1404 3518 1641 3575 abbates
1687 3520 1825 3576 huic

124 3609 475 3665 monasterio
518 3608 894 3677 praefuerunt,
944 3606 1047 3677 qui
1094 3606 1393 3662 sanctitate
1438 3614 1493 3661 et
1543 3607 1824 3676 probitate

125 3698 319 3754 multis
368 3697 731 3767 profuerunt.
762 3703 818 3751 et
862 3695 1031 3765 longe
1084 3694 1312 3764 lateque
1343 3694 1565 3763 famosi,
1618 3696 1825 3753 vicinis

125 3794 181 3842 et
209 3785 462 3842 externis
500 3784 746 3840 viriliter
789 3783 1138 3839 micuerunt.
1183 3803 1211 3833 »
1243 3785 1309 3839 Ει
1339 3797 1664 3854 anonymus
1710 3799 1823 3840 au-

126 3883 247 3931 ctor
299 3872 648 3943 Appendieis
677 3872 747 3927 ad
800 3871 1109 3927 Historiam
1152 3872 1357 3927 Franc.
1404 3871 1662 3942 Gregorii
1702 3873 1824 3928 Tu-

127 3964 402 4028 ronensis,
440 3962 518 4016 De
561 3968 703 4031 gest.
732 3961 904 4029 episc.
954 3960 1174 4016 Turon.
1223 3968 1278 4015 et
1326 3960 1606 4016 abbatum
1643 3961 1822 4032 Majo-

128 4050 209 4107 ris
243 4048 561 4107 Monasterii
594 4062 768 4118 quem
800 4049 1014 4117 passim
1056 4049 1115 4103 in
1146 4047 1397 4103 medium
1443 4048 1819 4118 proferemus,

130 4138 206 4194 ait
246 4138 313 4194 de
367 4137 601 4193 Alberto
632 4151 646 4189 :
681 4157 701 4183 ι
755 4136 1079 4206 Requiescit
1124 4135 1180 4191 in
1224 4136 1463 4192 dextera
1520 4144 1680 4206 parte
1724 4151 1823 4192 ec-

134 4226 311 4283 clesia
355 4225 426 4280 ad
458 4223 637 4280 altare
667 4223 723 4279 S.
768 4223 1053 4279 Mauricii.
1087 4223 1192 4279 Hic
1238 4224 1419 4281 bonas
1447 4225 1823 4281 consuetudi-

133 4329 229 4371 nes
280 4313 545 4369 Ecclesia
594 4311 830 4369 solerter
879 4311 1145 4380 instituit,
1191 4319 1246 4368 et
1291 4312 1621 4384 ordinavit;
1673 4328 1822 4384 quas

134 4402 231 4473 qui
261 4409 454 4471 postea
478 4407 706 4457 mutare
739 4399 1122 4469 prasumpsit,
1157 4400 1452 4471 pejeravit.
1487 4420 1516 4452 »

203 4489 296 4545 XI.
330 4487 783 4545 Bartbolomaus
835 4488 989 4555 1063,
1041 4502 1145 4543 seu
1200 4489 1337 4543 1064
1368 4503 1381 4543 ;
1418 4507 1447 4540 ιι
1496 4488 1683 4560 Hujus
1728 4488 1823 4545 vi-

139 4587 248 4635 tam
278 4577 454 4648 signis
481 4584 536 4632 et
567 4575 879 4631 virtutibus
907 4582 1083 4646 atque
1127 4575 1422 4632 miraculis
1448 4576 1674 4647 plenam
1720 4576 1823 4647 qui

139 4667 275 4722 scire
319 4665 588 4731 voluerit,
635 4664 692 4719 in
738 4670 932 4720 nostro
966 4663 1219 4720 armario
1262 4664 1508 4734 reperire
1539 4666 1763 4735 poterit,
1792 4684 1820 4718 υ

139 4763 239 4814 etc.
268 4754 492 4810 'Auctor
537 4766 906 4822 anonymus:
947 4772 968 4800 ι
1007 4752 1405 4808 Bartholomai
1457 4760 1708 4823 tempore
1764 4755 1823 4810 in

141 4843 355 4901 abbatia
383 4842 451 4898 de
500 4841 650 4897 Bello
693 4840 1055 4897 Goisbertum
1104 4840 1332 4911 Majoris
1360 4842 1684 4898 Monasterii
1732 4857 1825 4899 re-

141 4931 397 5002 ligiosum
428 4929 796 4997 monachum,
823 4929 1089 4985 abbatem
1120 4929 1416 4986 constituit
1437 4931 1628 5001 (Guill.
1650 4932 1821 5003 Angl.

141 5020 258 5089 rex)
309 5032 426 5090 quo
501 5017 782 5073 monitore
835 5018 1190 5074 monasticus
1239 5018 1378 5074 ordo
1429 5022 1484 5075 et
1537 5019 1825 5090 regularis

143 5107 428 5177 disciplina
481 5105 777 5162 commode
820 5105 1026 5176 viguit.
1077 5129 1104 5152 »
1152 5106 1344 5162 Verba
1391 5112 1529 5162 sunt
1571 5106 1824 5162 Orderici

145 5196 297 5253 Vital.
353 5195 451 5251 lib.
484 5210 540 5250 ιν
571 5193 709 5250 Hist.
762 5193 944 5250 initio.
974 5194 1058 5249 Ac
1107 5201 1276 5250 vetus
1303 5194 1674 5266 chronologia
1715 5208 1822 5251 ms.

146 5285 307 5341 sancti
357 5282 601 5341 Cornelii
649 5282 961 5352 Compend.
1013 5296 1167 5339 anno
1219 5285 1374 5352 1066,
1433 5297 1551 5353 qua
1582 5297 1824 5354 regnum

147 5372 353 5444 Anglia
402 5370 643 5427 victoria
689 5369 1029 5426 Guillelmus
1059 5369 1435 5440 Conquastor
1475 5370 1549 5425 sit
1587 5370 1830 5439 adeptus

146 5474 428 5527 enarrans,
477 5459 597 5514 ait:
632 5479 660 5508 «
702 5458 886 5514 Locus
935 5457 1035 5513 ubi
1091 5465 1416 5529 pugnatum
1464 5465 1568 5523 est,
1619 5457 1829 5514 exinde

149 5549 353 5606 Bellum
382 5561 571 5617 usque
615 5545 782 5601 hodie
814 5553 1074 5601 vocatur.
1118 5546 1295 5602 Porro
1336 5544 1678 5602 Guillelmus
1725 5560 1829 5602 rex

148 5639 221 5697 ibi
246 5634 566 5694 coenobium
615 5634 835 5690 Sancta
876 5634 1173 5692 Trinitatis
1215 5633 1294 5706 (S.
1326 5634 1578 5705 Martini,
1626 5643 1692 5692 ut
1722 5634 1831 5693 fert

486 5734 769 5802 ΡΑΤιιοι..
819 5732 1024 5800 CLVI.

1399 390 1613 445 DOMNI
1654 390 1710 443 L.
1753 388 2094 443 D’ACHERY
2136 390 2375 443 NOTA'J.‘

1856 521 1898 572 A
1928 516 2207 583 fundatio)
2241 518 2564 573 construxit
2589 525 2645 572 et
2688 518 2996 574 monachos
3027 517 3097 572 ad
3135 514 3408 571 ordinem
3459 511 3645 580 Majo-

3515 383 3651 436 1066

1936 607 2013 660 ris
2044 606 2366 661 Monasterii
2414 608 2634 670 statuit,
2684 614 2857 674 atque
2897 604 3241 660 necessariis
3286 600 3497 670 opibus
3544 613 3643 668 pro

1936 693 2242 749 interfectis
2273 694 2577 764 utriusque
2612 694 2786 762 partis
2812 693 3029 750 affatim
3057 692 3285 749 ditavit.
3324 710 3353 739 »

2004 784 2091 838 Ex
2123 783 2477 838 chartulario
2536 796 2732 837 rerum
2783 783 3022 838 Vindoc.
3075 783 3283 838 charta
3335 782 3426 846 28,
3489 778 3638 834 inter

1932 872 2291 927 Gusmanum
2361 870 2599 926 militem
2657 877 2712 925 et
2786 871 3268 926 Bartholomaum
3328 868 3632 934 abbatem,

1933 972 2067 1015 ann.
2128 960 2279 1022 1070,
2332 958 2635 1013 conventio
2687 957 2837 1013 facta
2888 966 2972 1013 est
3032 974 3045 1011 :
3091 977 3120 1008 α
3172 956 3339 1021 Quod
3389 955 3446 1010 'si
3502 955 3636 1025 quis

1932 1046 2059 1103 vult
2089 1046 2304 1102 discere
2352 1046 2571 1102 litteras
2615 1045 2673 1099 in
2699 1045 2927 1100 civitate
2955 1046 3171 1100 Turon.
3205 1043 3295 1099 vel
3344 1043 3499 1112 apud
3539 1056 3634 1097 ca-

1932 1135 2160 1191 stellum
2208 1148 2426 1190 novum
2477 1131 2671 1189 Sancti
2713 1132 2965 1199 Martini,
3016 1132 3124 1186 sibi
3165 1138 3221 1186 et
3271 1145 3377 1186 suo
3417 1130 3635 1186 homini

1936 1223 2321 1293 prabebimus
2354 1231 2466 1278 tres
2502 1235 2677 1291 panes
2722 1221 3110 1290 quotidianos,
3138 1226 3195 1274 et
3223 1226 3478 1288 quatuor
3502 1218 3635 1288 jus-

1937 1319 2022 1367 tas
2073 1312 2201 1381 (hoc
2227 1318 2309 1366 est
2355 1322 2658 1365 mensuras
2691 1309 2908 1378 solitas)
2940 1308 3084 1364 vini.
3121 1327 3149 1356 ››
3197 1306 3349 1363 Obiit
3389 1307 3633 1363 Bartho-

1933 1398 2172 1455 lomaus
2217 1399 2374 1452 1084.
2421 1403 2572 1452 588
2627 1419 2648 1446 ι
2707 1397 2810 1452 Hic
2843 1397 3123 1452 humatus
3172 1394 3414 1464 quiescit
3457 1394 3515 1449 in
3564 1395 3636 1451 si-

1933 1486 2117 1542 nistra
2173 1493 2332 1555 parte
2380 1486 2450 1540 ad
2511 1485 2691 1540 altare
2738 1483 3143 1554 apostolorum.
3194 1503 3222 1531 ››
3273 1482 3630 1551 Anonymus.

1931 1575 2232 1631 Tetbertus
2258 1573 2515 1643 ejusdem
2566 1573 2672 1628 loci
2712 1572 3050 1640 monachus,
3086 1570 3324 1626 celebris
3352 1570 3633 1639 medicus,

1934 1664 2042 1719 hac
2069 1663 2192 1733 ipsa
2220 1668 2549 1731 tempestate
2579 1661 2793 1716 floruit.

2006 1752 2133 1807 XII.
2171 1750 2500 1807 Bernardus
2556 1751 2625 1806 de
2655 1750 2708 1805 S.
2761 1750 3045 1807 Venantio
3100 1750 3256 1803 1084.
3292 1747 3396 1803 Cui
3448 1746 3630 1803 Urba-

1935 1855 2046 1897 nus
2078 1853 2229 1910 papa
2255 1839 2305 1893 ΙΙ
2331 1852 2484 1893 anno
2515 1840 2545 1892 3
2576 1838 2665 1894 sui
2698 1840 3085 1908 pontilicatus,
3122 1835 3316 1892 indict.
3349 1850 3472 1902 xm,
3506 1837 3630 1905 pri-

1912 1924 2212 1999 ‘vilegium
2241 1926 2537 1994 concessit,
2572 1940 2687 1997 quo
2718 1942 2832 1982 non
2860 1934 3087 1983 tantum
3110 1926 3375 1981 abbatem
3409 1938 3477 1980 ac
3505 1938 3633 1980 mo—

1932 2016 2167 2083 nachos,
2223 2015 2320 2071 sed
2374 2015 2547 2070 etiam
2604 2014 2941 2071 domesticos
2991 2021 3046 2070 et
3103 2026 3300 2069 omnes
3347 2025 3381 2066 a
3428 2011 3629 2082 Majori

1932 2103 2270 2160 Monasterio
2318 2102 2702 2172 dependentes
2754 2103 3062 2172 prioratus,
3096 2101 3170 2156 ab
3213 2099 3627 2169 archiepiscopi

1933 2192 2145 2247 Turon.
2178 2198 2234 2247 et
2280 2190 2524 2246 aliorum
2557 2192 2959 2260 episcoporum
2997 2188 3131 2259 jure
3162 2203 3399 2259 prorsus
3439 2201 3630 2243 exem-

1935 2288 2057 2352 ptos
2085 2280 2338 2335 declarat
2380 2293 2446 2335 ac
2470 2279 2742 2335 decernit.
2792 2280 2843 2334 Is
2872 2279 2991 2348 ipse
3040 2278 3310 2334 Urbanus
3341 2277 3465 2348 (qui
3512 2277 3632 2333 Tu-

1933 2383 2104 2426 rones
2155 2367 2383 2424 concilii
2426 2367 2750 2424 celebrandi
2809 2367 2995 2439 gratia
3048 2367 3305 2436 venerat)
3356 2365 3629 2422 exhorta-

1933 2461 2085 2514 tione
2114 2457 2316 2513 fratres
2364 2457 2596 2526 Majoris
2625 2456 2951 2512 Monasterii
2990 2463 3054 2511 ut
3086 2455 3141 2510 in
3173 2454 3379 2511 melius
3419 2454 3478 2509 in
3508 2453 3630 2510 dies

1932 2547 2286 2615 proﬁcerent,
2339 2544 2660 2613 admonuit,
2712 2544 3042 2616 eisdemque
3085 2543 3144 2603 in
3178 2540 3431 2614 capitulo
3472 2541 3632 2597 absc-

1936 2633 2212 2691 lutionem
2247 2634 2538 2704 impertiit.

2003 2722 2301 2792 Philippus
2364 2724 2725 2778 Francorum
2791 2734 2894 2776 rex
2959 2733 3048 2775 an.
3140 2722 3275 2774 1093
3339 2718 3628 2775 Bernardo

1933 2810 2124 2867 Sancti
2170 2812 2431 2882 Maglorii
2477 2809 2813 2867 Parisiensis
2859 2808 3297 2874 monasterium,
3348 2807 3420 2862 ad
3459 2814 3629 2863 vetus

1934 2900 2233 2956 monastici
2266 2900 2488 2956 ordinis
2518 2898 2845 2955 institutum
2876 2896 3327 2963 resarciendum,
3358 2895 3588 2952 tradidit
3615 2915 3632 2963 ε

1941 2988 2094 3058 quod
2122 3002 2195 3043 ex
2226 2988 2380 3043 illius
2408 2995 2632 3043 constat
2664 2985 2991 3056 diplomate,
3025 2999 3179 3041 anno
3208 2984 3435 3040 circiter
3468 2985 3628 3052 I095,

1935 3097 1963 3127 «
1997 3076 2175 3132 Adela
2221 3076 2530 3143 comitissa,
2584 3076 2698 3130 ﬁlia
2726 3075 2875 3146 regis
2922 3073 3210 3130 Guillelmi
3261 3072 3384 3142 (fert
3430 3072 3632 3129 charta

1934 3165 2123 3221 Sancti
2157 3163 2386 3220 Martini
2434 3164 2503 3219 de
2534 3164 2695 3220 Valle
2724 3164 2979 3232 Carnot.)
3009 3170 3065 3217 et
3106 3159 3380 3230 Stephani
3408 3159 3632 3217 comitis

1934 3252 2234 3321 (Blesens.)
2285 3266 2456 3318 uxor,
2516 3252 2660 3307 bene
2708 3252 2994 3321 patrizans
3031 3264 3170 3321 erga
3224 3249 3453 3319 Majoris
3502 3249 3630 3305 Mo-

1932 3340 2166 3397 nasterii
2201 3342 2531 3409 monachos,
2566 3339 2843 3396 beneﬁcia
2878 3339 3060 3395 multa
3084 3348 3138 3395 et
3180 3338 3513 3408 largitiones
3556 3338 3629 3394 ab

1931 3430 2057 3499 ejus
2090 3437 2249 3499 patre
2281 3437 2586 3496 assecutos,
2616 3437 2671 3485 et
2699 3429 2771 3484 ab
2795 3430 2992 3484 eodem
3022 3428 3341 3498 specialiter
3367 3437 3625 3497 amatos;

1931 3532 2062 3573 cum
2097 3518 2264 3573 vellet
2293 3517 2504 3573 imitari
2528 3532 2781 3573 amorem
2813 3518 2990 3587 patris
3017 3517 3107 3573 sui
3135 3530 3273 3587 erga
3303 3530 3416 3583 eos,
3447 3529 3630 3585 quan-

1931 3614 2291 3677 tumcunque
2344 3614 2560 3676 poterat
2591 3621 2686 3662 eos
2731 3605 2940 3676 opibus
2977 3605 3347 3676 adimplebal,
3393 3611 3448 3660 et
3476 3617 3630 3659 anno

1931 3694 2308 3750 dedicationis
2337 3694 2588 3751 basilica
2638 3694 2871 3764 Majoris
2916 3694 3243 3751 Monasterii
3291 3693 3364 3748 ab
3401 3692 3632 3748 Urbane

1930 3797 2078 3853 papa
2107 3784 2159 3838 II
2189 3783 2374 3853 facta,
2400 3798 2535 3839 cum
2566 3783 2656 3839 vir
2696 3784 2822 3853 ejus
2850 3781 2984 3838 isset
3016 3783 3073 3837 in
3106 3781 3461 3838 Hierusalem
3493 3794 3626 3837 cum

1929 3874 2203 3927 exercitu
2245 3871 2748 3935 Christianorum,
2805 3871 2959 3926 dedit
3009 3869 3092 3925 eis
3164 3884 3339 3940 prope
3396 3867 3630 3924 Carnoti

1930 3972 2128 4014 muros
2152 3959 2444 4014 clibanum
2478 3959 2796 4028 publicum,
2833 3959 3052 4013 dictum
3096 3957 3317 4012 Bellum
3351 3956 3562 4011 videre.
3597 3975 3626 4005 »

1998 4047 2197 4117 Neque
2226 4047 2689 4117 pratereundum
2725 4047 2865 4103 illud
2891 4046 3127 4109 factum,
3160 4059 3233 4101 ex
3263 4044 3629 4115 autographa

1929 4135 2300 4205 desumptum
2336 4150 2348 4189 :
2386 4154 2414 4186 α
2446 4137 2612 4206 Hugo
2660 4135 2729 4191 de
2774 4134 3142 4191 Calvomonte
3190 4133 3344 4189 ﬁlius
3390 4132 3629 4202 Sulpicii

1929 4223 1999 4279 de
2020 4223 2362 4279 Ambaziaco
2393 4232 2544 4287 (eum
2577 4224 2770 4279 adhuc
2816 4237 2962 4293 puer
2990 4222 3157 4293 esset)
3189 4230 3244 4278 et
3289 4229 3470 4277 mater
3500 4221 3632 4291 ejus

1929 4326 2061 4381 qua
2104 4312 2292 4381 neptis
2320 4319 2445 4368 erat
2488 4311 2759 4367 Gaufredi
2790 4311 2860 4366 de
2903 4309 3292 4377 Calvomonte,
3327 4322 3627 4364 consense-

1860 4392 1904 4446 D
1931 4408 2070 4456 runt
2113 4400 2429 4456 venditioni
2473 4400 2634 4456 facta
2687 4399 2984 4455 monachis
3027 4398 3259 4469 Majoris
3300 4396 3630 4453 Monasterii

1930 4488 1999 4545 de
2028 4488 2257 4544 duabus
2297 4489 2519 4558 quartis
2550 4496 2716 4544 terra
2768 4487 2922 4557 apud
2972 4486 3262 4543 culturam
3304 4486 3625 4542 Rathonis:

1932 4584 2127 4647 postea
2163 4591 2295 4633 cum
2328 4576 2512 4632 factus
2539 4584 2685 4632 esset
2706 4575 2958 4646 juvenis,
3000 4582 3057 4630 et
3088 4575 3235 4644 patri
3267 4573 3632 4630 successisset

1932 4665 1991 4719 in
2019 4665 2252 4732 honore,
2285 4671 2341 4720 et
2370 4679 2501 4721 cum
2535 4664 2875 4720 Ambaziaco
2905 4662 3079 4719 simul
3104 4662 3625 4731 Calvummontem,

1931 4752 2053 4809 loco
2105 4752 2368 4810 Gaufridi
2436 4752 2715 4809 avunculi
2788 4752 2918 4819 sui,
2984 4750 3333 4821 possideret,
3399 4749 3631 4804 easdem

1931 4850 2172 4912 quartas
2219 4850 2475 4912 repetere
2510 4842 2710 4898 voluit.
2763 4840 3012 4911 Contigit
3056 4838 3286 4895 interim
3328 4837 3631 4894 Urbanum

1932 4941 2138 4998 papam
2188 4931 2385 4987 venire
2445 4930 2517 4985 ad
2551 4930 2740 5001 Majus
2784 4929 3189 4985 Monasterium
3229 4934 3283 4983 et
3336 4925 3633 4982 basilicam

1931 5016 2199 5074 dedicare
2251 5033 2264 5072 :
2324 5019 2417 5075 cui
2487 5018 2828 5075 dedicationi
2906 5015 3163 5073 interfuit
3235 5014 3355 5085 ipse
3437 5015 3626 5085 Hugo.

1933 5103 2164 5160 Sacrate
2199 5113 2390 5160 autem
2440 5119 2514 5160 ex
2546 5120 2702 5161 more
2730 5113 2786 5161 et
2834 5104 3071 5160 inuncto
3119 5103 3307 5170 altari,
3359 5115 3509 5172 papa
3536 5115 3634 5158 re-

1932 5190 2123 5247 sidens
2149 5192 2454 5249 advocavit
2502 5194 2831 5261 Fulconem,
2864 5203 2919 5249 et
2967 5192 3471 5249 circumstantium
3511 5198 3637 5246 tur-

1935 5279 2066 5334 bam
2098 5295 2418 5349 procerum,
2462 5296 2702 5337 monens
2731 5296 2827 5337 eos
2869 5289 2933 5338 ut
2959 5279 3209 5338 ecclesia
3234 5288 3289 5335 et
3332 5278 3499 5335 altari
3524 5292 3638 5334 no-

1935 5367 2083 5423 viter
2113 5368 2386 5424 dedicatis
2433 5370 2798 5438 providerent
2828 5371 3016 5428 dotem
3068 5369 3390 5427 secundum
3421 5381 3640 5423 morem

1936 5455 2188 5512 solitum.
2244 5456 2622 5514 Submonitus
2679 5459 2876 5529 itaque
2924 5475 2960 5517 a
3002 5460 3191 5525 nobis,
3242 5443 3643 5529 supradictum

1939 5547 2235 5618 nugonem
2268 5546 2339 5601 ad
2370 5560 2428 5602 se
2478 5547 2728 5610 vocavit,
2776 5556 2833 5603 et
2867 5552 3096 5609 monuit
3148 5554 3214 5603 ut
3247 5553 3489 5618 quartas
3517 5544 3647 5599 illas

1939 5635 2104 5693 nobis
2151 5635 2522 5707 relinqueret,
2575 5635 2728 5708 quod
2767 5636 2862 5709 ille
2902 5644 3204 5714 gratanter
3248 5636 3400 5709 fecit.
3433 5631 3539 5705 Cui
3566 5628 3651 5688 rei

3257 5742 3346 5800 34
