3930 6388
275 386 297 436 1
306 384 408 437 ΟϐἿ

1298 378 1391 431 AD
1430 377 1580 432 OPP.
1622 374 1781 429 VEN.
1824 374 2155 430 GUIBERTI
2194 373 2289 428 DE
2327 372 2726 427 NOVIGENTO

3636 372 3773 425 l068

270 512 532 570 interfuit
575 508 909 577 multitudo,
959 515 1159 578 utpote
1203 506 1275 563 ad
1330 512 1548 561 tantam
1580 504 1969 561 celebritatem
2010 510 2056 561 A
2080 510 2135 559 et
2165 502 2245 558 ibi
2286 503 2483 572 petivit
2531 500 2827 557 humiliter
2857 499 3275 556 absolutionem
3323 500 3393 555 de
3434 500 3772 567 commissis,

270 602 533 672 undique
560 605 931 671 congregata.
966 617 994 648 π

344 692 411 746 Hi
448 689 790 746 nominatim
849 688 997 742 inter
1041 693 1275 741 caeteros
1321 690 1630 739 censentur
1677 705 1704 730 «
1753 684 1969 753 primas

270 783 328 838 et
374 777 840 848 archiepiscopus
888 773 1293 845 Lugdunensis
1342 773 1547 843 Hugo;
1602 771 1964 841 Badulphus,

271 871 486 925 Turon.
520 866 809 934 archiep.;
837 864 1158 933 Rangerus,
1202 860 1514 916 cardinalis
1553 868 1608 915 et
1631 860 1966 929 archiepisc.

271 956 611 1028 Rhegiens.;
639 954 854 1016 Bruno,
888 950 1200 1021 Signiensis
1229 949 1507 1018 episcop.;
1537 948 1824 1010 Albertus,
1852 962 1970 1016 pre-

273 1045 468 1114 sbyter
496 1039 843 1108 cardinalis;
876 1039 1035 1106 Tezo,
1090 1038 1337 1108 presbyt.
1375 1037 1722 1107 cardinalis;
1755 1036 1967 1107 Grego-

271 1133 414 1197 rius,
461 1128 754 1199 Papieusis
781 1128 1062 1183 diaconus
1090 1126 1366 1182 cardinal.
1397 1126 1609 1182 Deinde
1642 1140 1654 1179 :
1692 1125 1971 1181 Dominus

272 1219 600 1277 Bernardus
629 1218 699 1272 de
725 1219 936 1273 Sancto
978 1215 1258 1270 Venantio
1285 1214 1465 1269 abbas
1499 1220 1712 1279 noster,
1743 1222 1847 1270 etc.
1882 1213 1970 1269 Ex

272 1309 431 1365 laicis
460 1322 596 1364 vero
630 1323 643 1361 :
680 1306 874 1374 Fulco,
907 1320 1096 1361 comes
1140 1304 1613 1376 Andegavensis;
1656 1304 1969 1374 Sigehran—

272 1412 419 1466 nus,
475 1395 943 1453 coustabularius
1003 1394 1165 1464 ejus;
1224 1393 1511 1449 Robertus
1571 1393 1644 1448 de
1688 1391 1967 1463 Rupibus,

271 1486 643 1548 Gaushertus,
677 1485 1020 1554 praepositus
1069 1483 1138 1537 de
1167 1482 1556 1538 Calvomonte.
1589 1481 1842 1537 Tandem
1880 1495 1967 1536 so-

271 1586 429 1629 rores
477 1572 740 1643 Hugonis
789 1570 1033 1641 praefati,
1085 1570 1420 1636 Adenordis,
1465 1576 1521 1625 et
1566 1567 1971 1624 Ermensendis

273 1661 423 1717 idem
453 1666 873 1717 concesserant.
908 1677 936 1711 ιο
971 1658 1071 1714 Has
1095 1658 1353 1728 antiquae
1386 1658 1754 1714 membranae.

342 1753 509 1804 Anno
539 1750 676 1802 1099
703 1746 905 1804 ultimo
947 1746 1221 1802 Bernardi
1255 1746 1499 1814 abbatis,
1544 1747 1684 1802 dum
1714 1745 1969 1802 circum-

274 1838 382 1893 iret
430 1836 550 1906 ipse
597 1835 951 1892 obedientias
997 1835 1117 1891 sive
1160 1835 1452 1905 prioratus
1481 1834 1569 1891 sui
1616 1834 1965 1903 monasterii,

271 1926 387 1982 duo
430 1926 673 1996 juvenes
715 1932 1030 1995 spontanea
1062 1925 1355 1979 voluntate
1380 1939 1499 1980 sese
1528 1922 1610 1978 illi
1640 1922 1961 1989 oﬂerentes,

273 2014 423 2071 servi
472 2013 527 2070 S.
561 2014 790 2069 Martini
823 2021 961 2069 sunt
996 2011 1199 2080 effecti,
1233 2013 1341 2068 hoc
1387 2026 1590 2082 nempe
1620 2012 1735 2067 ritu
1769 2025 1782 2064 :
1813 2032 1841 2060 «
1870 2010 1971 2067 Su-

272 2117 373 2173 per
422 2115 615 2174 genua
661 2115 769 2157 sua
820 2107 1036 2157 stantes
1084 2108 1216 2156 ante
1274 2100 1562 2167 abbatem,
1603 2107 1659 2155 et
1714 2105 1970 2169 quatuor

272 2188 559 2254 denarios,
596 2194 660 2243 ut
702 2185 879 2242 moris
923 2196 1028 2251 est,
1062 2201 1237 2256 super
1283 2186 1472 2256 capita
1501 2199 1608 2241 sua
1658 2192 1964 2254 portantes,

272 2290 332 2332 se
360 2289 554 2331 servos
582 2274 638 2330 S.
670 2273 897 2330 Martini
928 2274 1165 2343 professi
1197 2280 1351 2329 sunt.
1388 2293 1416 2323 »

343 2386 371 2412 ‹‹
407 2363 738 2419 Bernardus
780 2362 959 2417 abbas
1001 2360 1289 2431 (loquitur
1318 2360 1663 2431 anonymus)
1706 2359 1967 2430 requies-

273 2453 348 2507 cit
408 2452 469 2507 in
522 2451 728 2507 dextro
783 2450 1008 2520 porticu
1073 2449 1321 2506 ecclesiae
1374 2462 1408 2504 a
1466 2457 1626 2519 parte
1689 2448 1963 2503 inferiori.

272 2541 423 2596 Obiit
448 2555 546 2595 vm
576 2539 713 2595 Idus
740 2539 898 2595 Maii.
939 2559 965 2597 ο.

344 2630 498 2696 ΧΙΙΙ,
537 2628 798 2698 Hilgotus
840 2641 941 2683 seu
994 2626 1336 2698 Hilgaudus,
1383 2626 1646 2682 abdicato
1705 2624 1964 2681 Suessio-

272 2717 436 2773 nensi
483 2717 836 2786 episcopatu,
890 2714 1079 2770 induit
1117 2714 1423 2770 collobium
1475 2714 1829 2777 monachale,
1880 2720 1961 2769 at-

274 2820 388 2876 que
419 2805 596 2861 abbas
625 2804 686 2860 ﬁt
732 2804 949 2860 invitus
983 2806 1138 2857 1100.
1173 2804 1280 2859 Dat
1311 2805 1416 2874 ipsi
1466 2803 1683 2859 litteras
1715 2803 1966 2857 Pascha-

272 2893 343 2949 lis
399 2907 547 2964 papa
592 2894 664 2959 ΙΙ,
721 2892 879 2948 velut
908 2900 963 2948 et
1014 2892 1305 2948 Bernardo
1355 2900 1524 2947 antea
1573 2892 1841 2948 Urbanus
1893 2890 1963 2959 ll,

277 2996 424 3052 quas
459 2983 551 3037 hic
581 2981 902 3037 describere
951 2981 1199 3050 pretium
1231 2994 1415 3050 operae
1444 2988 1563 3049 est;
1608 2986 1965 3049 emergentes

2077 606 2209 662 quae
2239 591 2404 647 nobis
2446 599 2501 648 et
2531 590 2670 646 locis
2695 591 2904 645 nostris
2945 590 3174 657 fecerat,
3210 590 3544 659 promittens
3572 603 3776 646 emen-

2076 683 2406 747 dationem;
2445 690 2499 737 et
2548 695 2649 736 nos
2677 689 2731 736 et
2782 688 2978 735 nostra
3024 677 3361 750 diligentius
3402 688 3774 735 conservatu-

2077 785 2209 826 rum
2244 786 2256 824 :
2284 771 2456 842 cujus
2504 768 2885 825 humilitatem
2918 768 3121 823 videns
3153 767 3423 823 dominus
3451 766 3779 823 Willelmus

2078 859 2260 915 abbas
2300 873 2435 915 cum
2480 857 2761 923 absolvit;
2792 867 2845 912 et
2889 856 3126 926 insuper
3172 870 3303 911 eum
3355 855 3648 911 revestivit
3678 869 3775 911 so-

2077 949 2299 1005 cietatis
2353 956 2566 1003 nostrae
2636 945 2996 1001 orationibus
3060 952 3116 1000 et
3171 944 3517 1010 benefactis,
3578 964 3605 993 »
3658 951 3771 998 etc.

2079 1037 2353 1108 lntelligis
2399 1034 2606 1107 quanti
2670 1035 3088 1090 monachorum
3137 1047 3333 1104 preces
3368 1033 3503 1088 olim
3554 1032 3777 1103 pende-

2078 1127 2217 1183 bant
2273 1126 2597 1195 principes,
2659 1123 2909 1178 maxime
2961 1136 3096 1177 vero
3164 1121 3388 1192 Majoris
3447 1120 3777 1176 Monasterii

2076 1229 2326 1287 quorum
2394 1212 2711 1269 sanctitatis
2766 1212 2977 1266 famam
3037 1210 3205 1281 longe
3261 1210 3491 1279 lateque
3548 1223 3777 1278 percre-

2079 1305 2272 1361 buisse
2315 1302 2532 1358 indicat
2560 1302 2962 1358 Chartularius
3001 1299 3516 1355 Cenomanensium
3552 1311 3773 1364 rerum,

2077 1394 2261 1449 chart.
2289 1394 2414 1446 215.
2450 1410 2477 1441 α
2509 1393 2676 1445 Anno
2702 1390 2990 1445 lncarnat.
3020 1389 3177 1454 1105,
3208 1402 3311 1443 seu
3341 1387 3526 1457 primo
3554 1386 3776 1442 domini

2078 1480 2348 1538 Willelmi
2393 1478 2622 1535 abbatis
2676 1476 2947 1544 ordinati,
3000 1491 3117 1547 quo
3171 1479 3342 1532 etiam
3398 1474 3780 1531 Boamundus

2078 1571 2429 1627 descendens
2473 1567 2837 1637 Jerosolymis
2888 1566 3139 1621 visitavit
3170 1565 3328 1620 hunc
3375 1565 3587 1624 locum.
3626 1564 3779 1632 peti-

2078 1661 2196 1729 vitq
2209 1673 2277 1714 ue
2305 1666 2420 1713 tam
2451 1656 2555 1712 sibi
2606 1670 2783 1726 quam
2814 1655 3086 1711 omnibus
3117 1653 3576 1719 conchristianis,
3626 1665 3781 1722 quos

2079 1746 2189 1803 illis
2238 1746 2500 1817 partibus
2530 1745 2587 1800 in
2639 1744 2737 1800 Dei
2779 1743 3013 1799 servitio
3060 1742 3395 1812 reliquerat,
3444 1740 3777 1796 orationum

2010 1819 2049 1872 Β
2079 1844 2406 1892 nostrarum
2436 1833 2715 1904 suffragia
2742 1848 2755 1887 :
2787 1833 3073 1888 Robertus
3103 1831 3172 1886 de
3200 1830 3463 1896 Belismo,
3491 1842 3625 1885 cum
3655 1828 3778 1883 ﬁlio

2075 1939 2180 1980 suo
2210 1922 2516 1988 Willelmo,
2550 1921 2608 1976 in
2635 1921 2954 1991 capituium
2976 1927 3233 1975 nostrum
3268 1918 3443 1984 venit,
3475 1925 3531 1973 et
3554 1916 3780 1985 accepit

2077 2012 2439 2068 benefactum
2488 2018 2698 2065 nostra;
2747 2008 3053 2071 societatis,
3088 2018 3144 2063 et
3174 2007 3435 2077 promisit
3471 2020 3530 2061 se
3576 2005 3776 2060 defen-

2076 2117 2261 2159 sorem
2314 2116 2508 2157 rerum
2568 2108 2939 2168 nostrarum;
2986 2107 3041 2153 et
3077 2098 3385 2153 concedere
3440 2096 3569 2152 fecit
3619 2095 3777 2151 Wil-

2075 2191 2244 2248 lelmo
2276 2190 2391 2245 ﬁlio
2422 2204 2527 2246 suo
2557 2188 2842 2259 quidquid
2874 2187 3229 2243 habebamus
3255 2186 3314 2240 in
3344 2186 3572 2241 Pontico
3603 2186 3778 2254 (Pon-

2076 2279 2248 2346 thieu)
2310 2286 2364 2334 et
2421 2277 2840 2332 concessionem
2909 2275 3145 2332 tradidit
3212 2289 3312 2344 per
3371 2272 3645 2329 baculum
3713 2272 3774 2326 in

2076 2382 2256 2424 manu
2304 2366 2579 2423 Willelmi
2636 2364 2864 2435 prioris,
2923 2364 3023 2433 qui
3082 2362 3267 2419 fuerat
3328 2361 3776 2417 archidiaconus

2075 2455 2447 2517 Redonensis,
2480 2453 2810 2509 videntibus
2842 2452 3131 2508 Willelmo
3161 2452 3230 2507 de
3263 2450 3407 2517 Pois,
3435 2450 3775 2506 Normanno

2075 2546 2144 2600 de
2197 2542 2414 2609 Neaﬂo,
2472 2542 2758 2597 Willelmo
2814 2540 2989 2596 fratre
3046 2541 3190 2610 ejus,
3253 2538 3540 2595 Willelmo
3593 2538 3771 2592 Mala-

2076 2634 2293 2701 herba,
2362 2631 2607 2687 Boberto
2662 2630 2830 2686 Oison
2908 2623 3152 2700 cognato
3207 2626 3437 2684 Boberti
3496 2626 3565 2682 de
3623 2627 3774 2681 Beli-

2074 2736 2217 2785 smo,
2252 2741 2279 2769 »ν
2314 2728 2422 2775 CIC.

2148 2829 2176 2858 «
2201 2810 2406 2864 Totum
2432 2806 2753 2863 coenobium
2782 2805 2962 2861 abbas
2980 2794 3084 2860 hic
3111 2803 3391 2874 (loquitur
3418 2803 3772 2872 anonymus)

2073 2896 2254 2953 cinxit
2302 2895 2502 2961 muris,
2551 2902 2605 2949 et
2635 2894 2848 2949 multas
2894 2894 3247 2948 obedientias
3278 2892 3603 2962 acquisivit,
3656 2900 3767 2947 etc.

2075 2984 2384 3041 Ecclesiam
2437 2983 2605 3037 istam
2636 2983 2707 3037 ab
2754 2981 2911 3037 omni
2958 2981 3147 3036 debito
3203 2981 3441 3036 liberam
3486 2980 3717 3050 reliquit
3755 2995 3768 3034 :

272 3070 486 3140 quippe
534 3068 1026 3139 archiepiscopum
1068 3068 1216 3124 inter
1244 3076 1298 3124 et
1345 3069 1534 3139 Majus
1561 3066 1962 3123 Monasterium
2002 3090 2044 3145 ο
2079 3071 2326 3127 moriens
2367 3070 2627 3140 sepultus
2655 3077 2739 3124 est
2788 3069 2849 3124 iu
2878 3070 3116 3124 dextera
3145 3077 3304 3139 parte
3349 3068 3585 3138 capituli
3619 3068 3775 3124 inter

270 3160 690 3213 controversias
718 3158 937 3213 diluere
968 3166 1229 3227 possunt.

342 3266 369 3298 α
403 3247 694 3303 Paschalis
739 3246 1063 3316 episcopus,
1117 3260 1321 3301 servus
1369 3260 1667 3301 servorum
1718 3244 1837 3311 Dei,
1872 3257 1966 3298 ve-

271 3335 511 3391 nerabili
564 3335 728 3391 fratri
794 3335 1016 3406 Hilgoto
1082 3335 1314 3405 Majoris
1378 3333 1704 3389 Monasterii
1770 3331 1963 3389 abbati

268 3425 510 3495 ejusque
560 3424 987 3480 successoribus
1044 3422 1387 3493 regulariter
1434 3422 1851 3479 substituendis
1906 3421 1965 3475 in

269 3521 634 3583 perpetuum.
670 3533 699 3561 ››

345 3621 367 3649 α
401 3599 545 3656 Cum
580 3598 867 3655 universis
911 3606 1125 3654 sanctas
1156 3597 1421 3654 Ecclesiae
1465 3597 1614 3665 filiis,
1646 3618 1674 3647 ››
1707 3604 1813 3654 etc.
1856 3595 1965 3654 Vi-

266 3689 340 3743 de
363 3687 518 3744 inter
542 3687 861 3759 diplomata
889 3691 945 3741 et
973 3685 1247 3759 epistolas
1275 3686 1593 3742 Paschalis
1624 3688 1712 3741 II.

336 3781 490 3832 589
517 3779 684 3831 Anno
732 3775 1041 3831 Dominicze
1088 3775 1508 3832 Incarnationis
1543 3777 1698 3843 1101,
1746 3774 1968 3832 Alanus

270 3865 585 3922 Britannia:
631 3864 774 3932 dux,
819 3871 874 3920 et
905 3878 1055 3920 uxor
1082 3864 1264 3935 ipsius
1311 3865 1739 3934 Ermengardis,
1791 3872 1966 3935 atque

266 3968 467 4011 eorum
510 3952 664 4009 filius
692 3952 985 4021 Conanus,
1026 3952 1232 4009 dedere
1262 3952 1464 4023 Majori
1512 3952 1853 4008 Monasterio
1881 3967 1968 4009 ec-

268 4042 469 4098 clesias
497 4040 552 4096 S.
576 4041 777 4096 Crucis
805 4049 859 4097 et
883 4040 936 4096 S.
968 4041 1266 4097 Saturnini
1296 4041 1354 4095 in
1398 4040 1543 4096 urbe
1571 4040 1922 4096 Nannetensi
1947 4056 1961 4094 :

269 4150 299 4178 ‹‹
336 4129 484 4196 Quia
534 4136 734 4185 contra
786 4143 979 4184 sacros
1025 4142 1274 4184 canones
1321 4141 1418 4183 eas
1465 4129 1713 4195 tenebat,
1765 4150 1786 4174 ο
1830 4136 1963 4194 etc.,

268 4218 377 4274 fert
405 4217 625 4272 charta.
676 4216 799 4279 Quo
840 4216 1034 4272 eximii
1071 4216 1355 4286 principes
1401 4214 1484 4271 illi
1530 4215 1770 4272 formam
1818 4217 1966 4273 sub-

266 4304 401 4359 ditis
421 4303 817 4359 exhibuerunt
845 4303 1200 4359 obedientias.

2073 3161 2401 3216 columnam
2431 3167 2486 3214 et
2516 3159 2707 3214 sedile.
2746 3179 2772 3206 ι)

2141 3248 2257 3306 XV.
2287 3247 2406 3303 Odo
2446 3246 2626 3301 abbas
2674 3245 2946 3316 religione
2989 3244 3180 3300 clarus
3227 3247 3381 3299 1124.
3427 3244 3539 3315 Ipsi
3582 3243 3773 3314 Majus

2072 3336 2486 3393 monasterium
2541 3336 2763 3406 regenti
2815 3334 3139 3390 coenobium
3188 3333 3376 3390 Sancti
3420 3333 3649 3390 Martini
3700 3333 3772 3388 de

2072 3425 2234 3482 Valle
2268 3424 2499 3479 Carnot.
2550 3423 2880 3478 restitutum
2924 3430 3052 3477 est:
3086 3435 3153 3478 ea
3209 3421 3280 3477 de
3328 3435 3390 3477 re
3440 3429 3626 3477 exstat
3661 3422 3774 3476 Ho-

2072 3513 2221 3569 norii
2274 3526 2433 3583 papae
2463 3519 2518 3568 et
2566 3510 2876 3566 Theobaldi
2923 3511 3147 3566 comitis
3199 3517 3568 3580 praeceptum.
3618 3508 3771 3564 Odo-

2072 3617 2204 3659 nem
2260 3609 2316 3658 et
2362 3602 2489 3671 ejus
2542 3601 2855 3656 monachos
2905 3614 2963 3656 se
3018 3601 3272 3655 maximo
3321 3599 3441 3655 loco
3499 3598 3773 3654 habuisse

2072 3691 2338 3761 Ulgerius
2390 3689 2693 3759 episcopus
2749 3696 3109 3759 perspectum
3163 3688 3294 3743 facit
3341 3688 3399 3742 in
3445 3687 3602 3743 hunc
3640 3701 3772 3742 mo-

2071 3780 2211 3835 dum
2245 3794 2258 3833 :
2289 3799 2319 3829 «
2348 3779 2470 3849 Ego
2522 3778 2791 3847 Ulgerius
2839 3778 3140 3846 episcopus
3191 3775 3639 3847 Andegavensis‘
3666 3775 3773 3829 Ec-

2070 3866 2254 3924 clesiae
2297 3866 2531 3936 Majoris
2582 3865 2949 3933 Monasterii;
2977 3873 3032 3920 et
3085 3864 3364 3920 fratribus
3400 3864 3540 3919 meis
3583 3863 3770 3919 Odoni

2069 3963 2126 4011 et
2179 3953 2480 4010 monachis
2531 3953 2687 4009 illius
2746 3953 2987 4023 (quibus
3043 3953 3413 4008 ferventiores
3463 3952 3522 4007 in
3570 3952 3770 4008 divino

2071 4043 2306 4099 servitio
2346 4041 2488 4097 alios
2530 4056 2621 4097 me
2650 4042 2875 4096 novisse
2919 4056 3033 4096 non
3066 4040 3278 4110 inveni)
3308 4040 3435 4096 dedi
3483 4054 3637 4095 anno
3668 4042 3768 4096 Iu—

2070 4138 2290 4187 carnat.
2331 4134 2488 4198 ll3l,
2537 4130 2831 4186 ecclesiam
2860 4130 2930 4185 de
2960 4130 3250 4194 Bessiaco,
3295 4136 3349 4184 et
3386 4129 3663 4198 capellam
3697 4130 3766 4185 de

2071 4218 2395 4284 Bellifortis,
2450 4219 2506 4274 in
2537 4219 2735 4274 eadem
2787 4218 3059 4288 parochia
3091 4218 3278 4285 sitam,
3321 4232 3452 4273 cum
3494 4217 3767 4274 omnibus

2072 4310 2145 4365 ad
2186 4324 2284 4366 eas
2333 4308 2772 4380 pertinentibus,
2818 4315 2875 4364 et
2920 4309 3052 4379 jure
3100 4308 3461 4378 presbyteros
3514 4321 3761 4377 praesen-

341 4412 370 4441 ‹‹
403 4392 467 4446 In
517 4390 783 4462 Angliam
842 4405 1086 4462 pergens
1136 4390 1372 4463 triginta
1426 4406 1650 4448 marcas
1709 4392 1956 4464 argenti,
1994 4391 2040 4446 D
2073 4398 2251 4465 randi,
2280 4412 2413 4453 cum
2437 4397 2663 4453 vacatio
2688 4397 3009 4468 contigerit,
3040 4419 3068 4446 »
3097 4404 3203 4452 etc.

268 4494 417 4551 quas
440 4479 742 4536 annuatim
774 4479 1054 4536 habemus
1086 4494 1119 4535 a
1148 4495 1281 4552 rege
1308 4488 1362 4536 et
1390 4482 1591 4551 regina
1615 4481 1959 4552 Anglorum,

265 4577 321 4625 et
351 4568 520 4638 plura
549 4568 662 4624 alia
694 4568 1022 4638 acquisivit.
1059 4570 1160 4625 Hic
1202 4570 1512 4640 requiescit
1547 4575 1700 4624 590
1728 4570 1786 4625 in
1820 4570 1961 4626 dex-

264 4664 388 4713 tera
416 4664 577 4726 parte
606 4655 678 4711 ad
708 4657 887 4712 altare
918 4656 972 4711 S.
1002 4656 1257 4712 Antonii.
1290 4679 1317 4707 »
1352 4660 1707 4727 Anonymus.

332 4745 480 4802 XlV.
513 4744 855 4802 Guillelmus
911 4747 1062 4800 1104.
1116 4745 1372 4802 Bullatas
1423 4745 1641 4801 litteras
1684 4745 1960 4815 accepita

264 4834 523 4892 Paschali
580 4848 728 4905 papa
784 4835 853 4890 ll.
909 4834 975 4889 In
1042 4834 1113 4891 iis
1160 4834 1395 4891 libertas
1434 4834 1507 4890 ab
1561 4835 1960 4904 episcoporum

263 4924 636 4995 subjectione,
686 4937 821 4979 cum
865 4923 1097 4993 Majoris
1125 4924 1455 4979 Monasterii
1486 4931 1608 4979 tum
1642 4923 1960 4993 possessio-

262 5024 424 5074 num,
475 5018 530 5066 et
559 5011 934 5067 ecclesiarum
971 5012 1254 5079 omnium,
1306 5027 1436 5081 qua:
1467 5011 1719 5067 seriatim
1768 5026 1960 5067 recen-

261 5104 480 5165 sentur,
541 5098 935 5154 conﬁrmatur.
1021 5099 1301 5156 Praeterea
1361 5099 1555 5155 abbati
1636 5099 1840 5155 calices
1905 5108 1961 5157 et

262 5185 533 5254 quaelibet
615 5184 814 5240 altaris
882 5196 1223 5242 ornamenta
1291 5187 1661 5243 benedicendi
1741 5188 1958 5245 confert

260 5285 526 5327 summus
572 5272 828 5341 pontifex
873 5281 1228 5342 potestatem,
1281 5289 1459 5345 quam
1509 5275 1655 5332 nulli
1714 5276 1958 5333 antehac

262 5360 457 5415 abbati
504 5374 830 5416 concessam
883 5370 1041 5432 puto.
1082 5362 1461 5427 Guillelmum,
1504 5364 1593 5421 his
1642 5365 1701 5421 in
1752 5366 1957 5423 litteris

261 5459 414 5516 papa
442 5447 980 5505 reverendissimum
998 5448 1195 5519 ﬁlium
1225 5451 1492 5520 appellat.

333 5534 644 5593 Gaufridus
673 5536 1069 5609 Grisagonella
1102 5537 1539 5595 Vindocinensis
1566 5554 1753 5597 comes
1792 5543 1856 5596 A.
1891 5541 1952 5596 C.

264 5624 422 5678 1120.
452 5643 483 5674 κ
508 5623 679 5684 Venit
705 5624 765 5681 in
789 5625 1114 5696 capitulum
1147 5624 1241 5695 (ut
1265 5626 1614 5694 exprimitur
1641 5628 1702 5684 in
1730 5628 1957 5701 charta)

2140 4486 2324 4553 Ritus,
2353 4485 2568 4555 quibus
2617 4485 2751 4540 olim
2781 4485 3084 4540 smeulares
3131 4484 3479 4550 orationum,
3533 4492 3761 4540 caetero-

2070 4588 2321 4644 rumque
2352 4574 2599 4645 pietatis,
2649 4573 3076 4629 austeritatisve
3110 4573 3538 4637 exercitiorum,
3571 4587 3703 4643 quae
3730 4586 3766 4627 a

2069 4662 2367 4718 cmnobitis
2440 4662 2851 4724 actitabantur,
2921 4661 3229 4730 participes
3295 4660 3544 4728 fiebant,
3628 4668 3764 4716 sunt

2068 4749 2228 4820 digni
2274 4757 2476 4805 notatu
2510 4764 2523 4803 :
2559 4771 2587 4799 ‹‹
2630 4749 2749 4805 Odo
2779 4748 3041 4805 Canutus
3091 4749 3163 4804 ab
3195 4748 3398 4804 abbate
3442 4748 3635 4805 Odone
3662 4762 3766 4818 per

2069 4837 2434 4894 traditionem
2466 4837 2594 4894 libri
2637 4837 2873 4907 capituli
2903 4838 3210 4893 investitus
3251 4840 3352 4904 est,
3381 4846 3437 4893 et
3468 4838 3648 4893 factus
3677 4846 3763 4894 est

2070 4925 2352 4997 particeps
2399 4926 2655 4982 beneﬁcii
2715 4925 2966 4981 ecclesiae
3015 4926 3248 4995 Majoris
3301 4926 3643 4991 Monasterii,
3693 4926 3762 4982 de

2067 5029 2185 5085 quo
2235 5014 2550 5083 plurimum
2594 5014 2919 5084 gratulatus
2957 5013 3096 5083 (Odo
3145 5013 3423 5081 Canutus)
3474 5013 3760 5069 investivit

2066 5103 2330 5158 abbatem
2385 5103 2453 5158 de
2500 5103 2755 5173 quadam
2807 5111 2977 5166 terra,
3039 5116 3172 5157 cum
3224 5102 3474 5171 quadam
3528 5101 3762 5172 virgula

2065 5190 2428 5260 disciplinali,
2478 5205 2657 5261 quam
2696 5191 2767 5247 ob
2812 5190 3309 5245 confirmationem
3362 5203 3537 5260 super
3573 5192 3761 5261 majus

2064 5280 2245 5336 altare
2279 5279 2547 5349 portavit,
2583 5301 2610 5328 »
2640 5288 2749 5334 etc.

2137 5366 2445 5436 Sulpitium
2475 5366 2709 5423 Roberti
2735 5366 2804 5422 de
2836 5367 3102 5437 Rupibus
3143 5367 3443 5437 (Corbonis
3472 5367 3757 5439 videlicet)

2067 5454 2251 5509 filium
2283 5454 2340 5509 in
2379 5454 2653 5511 extremis
2700 5464 2988 5525 agentem,
3040 5464 3303 5525 poscente
3335 5463 3495 5526 patre
3543 5456 3601 5511 in
3631 5471 3755 5514 mo—

2065 5541 2320 5597 nachum
2360 5542 2609 5612 suscepit
2641 5541 2760 5598 Odo
2806 5543 3007 5599 abbas.
3038 5543 3421 5610 Quamobrem
3460 5543 3615 5600 dedit
3643 5545 3759 5602 Ro-

2065 5628 2263 5685 bertus
2307 5629 2585 5687 decimam
2633 5630 2877 5700 piscium
2914 5630 3079 5689 ﬂuvii
3132 5633 3340 5689 Sextias
3377 5645 3480 5689 seu
3527 5632 3761 5705 Sithim;
