3930 6418
110 445 253 497 1069

1379 445 1589 501 DOMNI
1632 446 1689 501 L.
1733 444 2074 500 D’ACHERY
2116 447 2333 501 NOTAE.

3476 453 3616 507 1070

93 575 243 631 huic
275 574 570 630 donationi
621 587 913 629 assensum
954 574 1251 645 praebuere
1304 576 1402 631 filii
1441 576 1805 633 Theobaldus
1841 584 1887 636 Α
1914 579 2270 646 Anonymus.
2306 578 2486 633 Usum
2538 579 2720 634 mitrae
2753 578 2997 635 Roberto
3045 558 3324 636 concessit
3350 596 3614 639 summus

95 679 173 721 ac
226 664 532 730 Bobertus,
590 674 697 719 etc.
748 686 775 713 «
807 664 928 719 Odo
985 666 1162 721 abbas
1208 668 1452 737 quiescit
1501 668 1557 723 in
1602 669 1806 723 dextro

98 754 336 824 porticu
392 754 662 818 ecclesiaa,
716 767 750 807 a
800 762 960 822 parte
1006 756 1288 824 superiori
1338 756 1599 812 videlicet
1635 758 1808 826 juxta

94 844 371 898 abbatem
407 842 782 897 Bernardum.
822 863 843 889 ι
872 843 1228 912 Anonymus.

176 929 333 989 XVI,
375 928 709 995 Garnerius,
761 933 914 985 H37.
950 952 977 978 «
1028 930 1299 988 Omnium
1353 933 1603 989 ecclesiae
1634 934 1810 1005 hujus

92 1017 403 1087 piissimus
442 1017 568 1083 fuit,
616 1038 636 1065 ι
678 1026 920 1073 testatur
956 1032 1301 1090 anonymus.
1360 1024 1511 1077 Inter
1565 1021 1810 1091 antiqua

92 1106 399 1175 prioratus
443 1105 804 1171 Dalmeriaci,
847 1117 1239 1175 monumenta,
1275 1109 1470 1165 istlizec
1510 1124 1583 1165 ex
1610 1110 1812 1166 charta

90 1194 432 1249 donationis
511 1194 811 1249 Forestarii
896 1194 1223 1264 cujusdam,
1285 1198 1513 1253 nomine
1562 1196 1807 1265 Balbini,

92 1281 386 1352 leguntur
418 1296 430 1335 :
467 1304 494 1330 ‹‹
531 1282 674 1337 Data
705 1296 799 1337 an.
835 1283 1127 1339 Incarnat.
1160 1286 1314 1352 1148,
1365 1285 1464 1355 qui
1515 1295 1638 1342 erat
1667 1287 1810 1342 duo-

92 1369 366 1425 decimus
408 1371 789 1426 ordinationis
834 1372 1071 1442 piissimi
1113 1375 1296 1430 Patris
1338 1374 1597 1430 Garnerii
1627 1375 1813 1430 abba-

94 1457 199 1510 tis.
243 1478 263 1504 ι
301 1458 365 1512 In
417 1457 886 1527 chartopbylacio
926 1460 1160 1530 Majoris
1206 1462 1533 1517 Monasterii
1583 1468 1811 1518 exstant

102 1543 316 1599 littera)
357 1544 599 1614 Eugenii
660 1560 822 1614 papze
875 1547 949 1601 ΙΙΙ
1017 1548 1204 1603 Remis
1246 1549 1562 1616 existentis,
1599 1549 1814 1619 quibus

103 1631 391 1687 Garnerio
451 1632 646 1687 abbati
706 1635 1074 1704 respondens,
1144 1638 1441 1707 episcopus
1496 1638 1810 1693 Galliarum

100 1720 452 1776 submonet:
492 1743 513 1768 ι
558 1720 715 1785 Quod
774 1723 829 1776 in
861 1724 1228 1792 generalibus
1268 1725 1543 1793 conciliis,
1602 1724 1810 1795 inquit,

101 1817 393 1865 statutum
424 1825 544 1865 esse
576 1813 959 1880 cognoscitur,
996 1821 1058 1868 ut
1096 1814 1434 1880 sacerdotes,
1469 1814 1572 1884 qui
1629 1815 1686 1869 in
1729 1829 1816 1869 ec-

100 1896 296 1952 clesiis
334 1897 404 1952 ad
453 1901 798 1954 monasteria
853 1902 1297 1970 pertinentibus,
1356 1902 1426 1958 de
1479 1904 1808 1958 animarum

97 1987 341 2057 quidem
372 2002 514 2043 cura
546 1989 863 2044 dimcesano
888 1992 1588 2060 ep'scopojrespondeant;
1614 1991 1811 2048 abbati

95 2088 242 2131 vero
272 2084 328 2131 et
363 2076 640 2132 fratribus
668 2077 792 2132 suis
830 2091 930 2146 pro
978 2079 1152 2133 rebus
1185 2080 1591 2149 temporalibus
1618 2080 1810 2150 subje-

94 2165 353 2219 ctionem
407 2166 750 2221 exhibeant:
807 2180 925 2235 quo
993 2175 1194 2222 contra
1233 2168 1424 2223 dilecti
1486 2168 1586 2223 lilii
1630 2168 1810 2224 nostri

94 2252 369 2308 Garnerii
404 2254 633 2309 abbatis
682 2254 915 2323 Majorts
957 2256 1283 2311 Monasterti
1316 2264 1371 2312 et
1400 2256 1643 2313 fratrum
1676 2272 1811 2313 suo-

96 2355 237 2396 rum
273 2343 564 2411 querelam
596 2344 939 2412 accepimus,
979 2364 1001 2392 ι
1035 2352 1140 2399 etc.

176 2432 363 2486 Beata:
417 2431 611 2487 Mariae
658 2430 800 2485 Boni
836 2430 1027 2485 nuntii
1060 2432 1353 2488 Aurelian.
1409 2433 1663 2489 Ecclesia
1710 2448 1813 2490 ca-

97 2518 449 2574 nonicorum
501 2520 701 2590 Majori
735 2521 1078 2577 Monasterio
1140 2523 1345 2578 tradita
1371 2532 1455 2578 est
1502 2537 1536 2577 a
1584 2523 1811 2579 Simone

99 2607 176 2662 de
226 2606 625 2678 Balgenciaco,
687 2615 751 2664 ut
794 2607 853 2663 in
902 2609 1196 2665 meliorem
1280 2618 1495 2666 statum
1548 2611 1812 2667 restitue-

100 2704 288 2751 retur.

177 2782 421 2838 Abbatis
449 2783 709 2839 Garnerii
740 2796 807 2839 ac
860 2784 1277 2841 monachorum
1330 2788 1454 2858 ejus
1505 2787 1713 2844 iterum
1753 2788 1810 2843 in

98 2871 372 2942 Angliam
420 2872 763 2942 pervulgata
813 2880 898 2928 est
947 2881 1108 2928 arcta
1154 2874 1306 2943 vita;
1369 2875 1577 2932 idcirco
1654 2880 1808 2945 H39,

98 2962 295 3031 prima
325 2961 562 3016 emnoin
609 2960 702 3016 SS.
746 2962 1041 3017 Trinitatis
1093 2962 1151 3017 in
1182 2963 1530 3019 Eboracensi
1582 2965 1813 3021 civitate

93 3064 132 3104 a
195 3048 437 3104 Badulfo
498 3049 567 3104 de
610 3049 913 3119 Paganello
959 3050 1247 3122 (Paisnel)
1297 3060 1352 3108 et
1402 3067 1583 3109 uxore
1635 3054 1813 3122 ipsius

96 3136 398 3232 biathilde,
470 3138 961 3232 consentientibus
1028 3139 1159 3194 ﬁliis
1220 3139 1525 3232 Guillelmo
1568 3149 1623 3196 et
1654 3141 1806 3232 _Jor-
1846 3177 1887 3232 Ο

94 3224 275 3290 dano,
306 3223 463 3294 jacta
489 3233 626 3280 sunt
656 3226 1052 3293 fundamenta,
1086 3241 1153 3282 ac
1194 3228 1388 3283 multae
1430 3228 1809 3297 possessiones

95 3311 415 3367 attributae.
446 3313 525 3368 De
553 3312 830 3369 Garnerio
858 3315 1175 3369 monachus
1205 3327 1531 3384 anonymus
1564 3329 1576 3367 :
1623 3337 1645 3362 ι
1692 3314 1808 3369 Do-

97 3413 266 3455 mum
300 3399 450 3455 hanc
500 3401 739 3456 omnino
788 3402 1097 3470 reparavit,
1131 3401 1449 3467 cellarium,
1474 3402 1805 3471 coquinam,

99 3488 531 3556 dormitorium,
568 3488 812 3545 mediam
845 3504 1080 3560 quoque
1106 3497 1326 3559 partem
1363 3490 1601 3545 claustri
1645 3490 1810 3544 infir-

102 3590 337 3633 morum
384 3576 533 3645 fecit,
588 3585 727 3644 etc.;
780 3592 912 3634 cum
964 3592 1094 3633 γ.το
1151 3578 1387 3633 domum
1446 3577 1809 3633 infirmorum

102 3679 390 3723 renovare
463 3667 825 3732 decrevisset,
914 3675 1251 3737 partemque
1338 3673 1809 3732 consummasset,

104 3755 335 3811 Christo
362 3769 495 3811 eum
548 3763 788 3811 vocante
817 3755 887 3810 ad
929 3756 1177 3811 cmlestia
1236 3769 1416 3825 regna
1471 3755 1743 3825 migravit
1772 3769 1812 3810 x

107 3842 352 3898 Kalend.
385 3843 564 3911 Junii,
598 3857 731 3899 cum
762 3858 827 3899 eo
866 3844 1193 3912 perenniter
1224 3853 1592 3914 regnaturus.
1637 3842 1812 3909 Quie-

113 3932 222 3987 scit
273 3931 447 4001 juxta
501 3932 782 3988 domuum
830 3938 972 3986 59]
1034 3930 1405 3988 Gillebertum
1448 3932 1712 3989 abbatem
1753 3932 1813 3987 in

113 4020 390 4089 capitulo.
432 4041 460 4069 »

182 4110 362 4167 XVII.
418 4131 447 4159 ‹‹
504 4110 701 4166 Abbas
753 4110 1040 4166 Robertus
1088 4110 1244 4166 Brito
1289 4110 1359 4166 de
1410 4110 1668 4180 Magueri
1708 4110 1815 4166 fuit

108 4199 241 4253 vitae
281 4198 610 4263 laudabilis,
663 4200 775 4254 Deo
825 4204 880 4255 et
934 4199 1263 4254 hominibus
1310 4199 1593 4265 amabilis,
1642 4220 1664 4247 ι
1704 4206 1810 4255 etc.

108 4291 465 4357 Anonymus.
524 4287 758 4343 Przefuit
791 4301 927 4343 ann.
984 4291 1138 4350 H55,
1165 4288 1237 4342 ad
1265 4301 1358 4343 an.
1398 4289 1550 4341 1166.
1584 4287 1815 4343 Constat

109 4389 184 4431 ex
216 4374 419 4430 litteris
447 4374 682 4431 bullatis
732 4374 1046 4430 Alexandri
1102 4389 1266 4445 papae
1296 4375 1393 4440 III,
1426 4375 1495 4431 ad
1548 4375 1814 4431 eumdem

1920 665 2190 733 pontifex.
2223 668 2291 721 Et
2318 666 2497 721 abbas
2541 666 2655 735 ipse
2687 669 2942 722 maxima
2980 668 3159 723 animi
3211 669 3610 735 submissione,

1916 754 2151 809 humilis
2182 755 2409 824 Majoris
2438 756 2761 810 Monasterii
2821 755 3198 827 Dispensalor
3235 758 3418 813 voluit
3455 773 3614 815 nun-

1916 843 2135 911 cupari.
2170 842 2323 898 Sedit
2352 857 2448 898 an.
2489 844 2621 897 1166
2650 844 2721 898 ad
2749 858 2841 899 an.
2884 848 3038 899 H76.

1987 931 2143 986 XIX.
2177 948 2199 972 α
2237 932 2436 987 Petrus
2462 932 2530 988 de
2571 932 2848 987 Gasconia
2879 936 3032 988 H77.
3096 934 3228 990 Fuit
3257 934 3425 991 valde
3474 936 3616 992 sim-

1918 1019 2051 1089 plex
2096 1028 2150 1075 et
2197 1020 2537 1090 religiosus:
2583 1020 2877 1076 saecularis
2925 1023 3193 1078 versutize
3236 1037 3304 1079 ac
3344 1026 3617 1095 nequitiae

1918 1108 2178 1179 ignarus,
2211 1130 2239 1157 ››
2275 1115 2405 1175 ete.,
2441 1109 2630 1178 inquit
2660 1122 3003 1179 anonymus.

1988 1197 2114 1253 XX.
2156 1197 2412 1253 Herveus
2436 1198 2505 1253 de
2536 1197 2673 1252 villa
2720 1197 2953 1252 Petrosa
2981 1198 3055 1253 ab
3103 1212 3257 1253 anno
3285 1200 3344 1255 C.
3376 1202 3514 1254 H78
3543 1201 3616 1256 ad

1923 1287 2057 1339 1186
2088 1285 2372 1354 pastorale
2405 1299 2618 1341 munus
2647 1285 2949 1355 protraxit.
2992 1286 3139 1341 Eum
3171 1286 3445 1343 laudibus
3477 1302 3617 1357 pro-

1918 1375 2185 1444 sequitur
2238 1375 2435 1430 multis
2475 1388 2820 1444 anonymus.
2867 1375 3037 1430 Notat
3087 1383 3276 1431 autem
3312 1378 3463 1432 inter
3504 1378 3618 1432 alia

1920 1466 2043 1515 tum
2076 1458 2330 1513 strictam
2364 1458 2419 1513 S.
2466 1460 2681 1530 regulae
2738 1459 3185 1525 observantiam,
3243 1460 3334 1516 cui
3386 1461 3620 1518 minime

1922 1555 2207 1616 repugnat
2239 1547 2395 1602 bulla
2424 1546 2727 1603 Clementis
2769 1560 2928 1616 papa:
2961 1549 3034 1601 ill
3071 1548 3173 1618 qui
3230 1556 3507 1604 statutum
3546 1551 3617 1605 ab

1922 1635 2144 1690 Herveo
2193 1635 2399 1690 abbate
2439 1635 2638 1701 latum,
2681 1643 2856 1705 atque
2893 1650 2926 1690 a
2971 1636 3266 1692 monachis
3305 1645 3615 1707 receptum,

1923 1722 2146 1778 laudat:
2220 1737 2421 1792 nempe
2474 1723 2793 1792 hospitibus
2858 1723 3009 1779 intra
3074 1725 3401 1780 monasterii
3460 1734 3620 1796 septa

1921 1826 2124 1867 carnes
2166 1826 2448 1881 apponere
2505 1812 2817 1868 inhibetur.
2869 1813 3210 1882 Comprobat
3259 1812 3428 1869 etiam
3482 1812 3618 1869 Ale-

1854 1881 1892 1935 Β
1925 1901 2147 1956 xander
2178 1901 2251 1955 III
2281 1915 2478 1957 omnes
2510 1900 2902 1956 immunitates
2931 1913 2964 1955 a
3013 1881 3139 1956 suis
3187 1901 3619 1970 praedecessori-

1920 1989 2029 2044 bus
2059 1989 2309 2056 Urbano,
2344 1989 2626 2056 Paschali,
2660 1989 2903 2057 Calixto,
2934 1990 3264 2045 Innocentio
3322 1990 3372 2045 ΙΙ
3401 1999 3456 2045 et
3498 1990 3616 2046 Eu-

1918 2078 2085 2148 genio
2136 2078 2211 2132 lII
2258 2077 2458 2147 Majori
2504 2078 2843 2133 Monasterio
2901 2077 3153 2133 indultas
3193 2118 3206 2132 .
3256 2078 3619 2147 pontificatus

1918 2166 2007 2222 sui
2034 2179 2128 2220 an.
2162 2180 2286 2233 xix,
2319 2166 2513 2221 indict.
2548 2181 2629 2221 xi.

1991 2256 2211 2310 Herveo
2240 2255 2564 2325 subjectum
2598 2255 2706 2311 fuit
2742 2255 3067 2311 cmnobium
3120 2255 3311 2311 Sancti
3359 2255 3617 2327 Maglorii

1918 2345 1987 2399 de
2018 2343 2298 2409 Lehonio;
2347 2352 2524 2412 atque
2561 2343 2716 2398 omni
2760 2342 2911 2412 jure,
2947 2358 3068 2413 quo
3121 2344 3446 2413 potiebatur
3482 2344 3617 2400 olim

1917 2431 2186 2486 Albertus
2236 2430 2422 2486 Sancti
2460 2430 2719 2486 Maclovii
2766 2431 3067 2501 episcopus
3128 2432 3249 2487 suis
3314 2432 3514 2487 litteris
3562 2433 3619 2487 in

1918 2520 2222 2590 praesentia
2252 2519 2479 2574 Henrici
2511 2519 2662 2588 regis
2699 2519 3016 2589 Anglorum
3050 2519 3224 2575 libere
3258 2521 3339 2575 uti
3385 2535 3618 2575 conces-

1916 2608 1989 2664 sit
2021 2622 2117 2663 an.
2153 2610 2309 2662 H8I.
2344 2607 2555 2663 Lucius
2587 2621 2732 2676 papa
2763 2607 2837 2661 III
2876 2607 2984 2662 sub
3005 2608 3622 2664 excommunicationis

1918 2710 2087 2766 poena
2118 2696 2374 2766 praecipit
2405 2696 2640 2762 Herveo,
2676 2710 2747 2750 ne
2776 2695 3152 2751 saecularibus
3177 2696 3390 2767 quovis
3433 2698 3621 2752 colore

1920 2782 2104 2839 ullum
2171 2798 2202 2839 e
2278 2784 2629 2853 prioratibus
2702 2783 2975 2851 conferat,
3049 2791 3151 2841 aut
3196 2799 3291 2840 eos
3337 2785 3621 2855 possidere

1920 2871 2195 2940 patiatur.

1989 2958 2209 3014 Nivello
2255 2958 2324 3015 de
2373 2958 2610 3028 Cherisy
2676 2959 3101 3015 Suessionensis
3166 2960 3489 3031 episcopus,
3544 2977 3618 3018 ex

1919 3047 2137 3102 familia
2166 3046 2533 3102 dominorum
2592 3047 2965 3114 Petrzefontis,
3013 3049 3070 3103 in
3126 3048 3328 3105 charta
3361 3064 3619 3105 conven-

1922 3136 2091 3191 tionis
2157 3143 2433 3190 rectorem
2500 3137 2645 3190 inter
2702 3143 2758 3191 et
2807 3137 3118 3191 monachos
3157 3136 3347 3193 Sancti
3395 3137 3618 3208 Sulpitii

1916 3222 2292 3289 Petrzefontis,
2357 3223 2478 3278 hzec
2524 3223 2593 3278 de
2654 3224 2875 3279 Herveo
2934 3223 3229 3279 inseruit:
3289 3248 3308 3273 ι
3364 3226 3620 3282 Herveus

1917 3320 2055 3371 tunc
2086 3313 2360 3382 temporis
2406 3312 2750 3367 venerabilis
2787 3312 2967 3367 abbas
3006 3313 3237 3383 Majoris
3293 3314 3620 3370 Monasterii

1916 3402 2138 3457 amicus
2176 3409 2385 3465 noster,
2439 3400 2756 3456 familiaris.
2806 3409 2861 3456 et
2919 3401 3436 3471 consanguinitatis
3470 3403 3621 3459 linea

1915 3489 2081 3546 nobis
2132 3490 2516 3560 propinquus,
2593 3490 2744 3545 hanc
2812 3490 3278 3560 compositionem
3342 3492 3621 3562 approba-

1914 3578 2018 3647 vit,
2055 3600 2076 3627 ι
2101 3587 2207 3634 etc.

1988 3668 2141 3723 XXI.
2199 3666 2511 3723 Gaufridus
2580 3669 2771 3722 H87.*
2815 3669 2878 3721 In
2943 3667 3146 3723 charta
3210 3668 3501 3738 prioratus
3551 3669 3621 3725 de

1922 3756 2277 3812 Fractavalle
2312 3755 2403 3825 (de
2447 3756 2729 3824 Freleval)
2778 3755 2911 3811 data
2941 3770 3079 3811 ann.
3117 3759 3273 3825 H90,
3337 3758 3621 3813 Robertus

1921 3846 1978 3902 S.
2020 3845 2313 3901 Valeriani
2371 3844 2547 3901 frater
2574 3844 2833 3901 Gaufridi
2892 3844 3115 3900 abbatis
3173 3854 3519 3901 recensetur.
3552 3846 3622 3903 Et

1920 3933 2137 3988 charta:
2177 3932 2245 3987 de.
2297 3931 2645 3988 Combornio
2694 3932 2787 4000 (de
2843 3931 3147 4000 Combour)
3178 3930 3521 3988 Gaufridum
3551 3932 3621 3987 de

1920 4021 2121 4078 Cursol
2154 4021 2274 4076 sive
2307 4021 2375 4075 de
2406 4021 2627 4077 Curson
2667 4021 3095 4090 cognominant.
3135 4020 3433 4076 Matthzeus
3463 4021 3623 4077 Paris

1921 4110 1993 4164 ad
2024 4124 2161 4164 ann.
2196 4109 2335 4162 H96
2361 4122 2491 4163 eum
2545 4121 2647 4177 pro
2674 4122 2805 4177 rege
2839 4108 3193 4176 Francorum
3255 4108 3540 4179 Philippo,
3568 4117 3624 4165 et

1922 4198 2158 4254 abbates
2207 4196 2610 4252 Cluniacenses
2663 4204 2719 4251 et
2745 4196 2934 4251 Sancti
2974 4197 3249 4267 Dionysii,
3283 4211 3349 4252 ac
3377 4199 3619 4266 priorem

1922 4286 1992 4341 de
2022 4285 2332 4351 Charitate,
2365 4284 2589 4339 obsides
2616 4284 2900 4339 Richardo
2934 4284 3248 4354 Anglorum
3285 4285 3405 4355 regi
3462 4285 3625 4340 datos

1923 4374 2194 4429 affirmat.
2242 4376 2583 4442 Anonymus
2639 4372 2869 4428 tandem
2906 4387 2917 4426 :
2953 4394 2979 4420 «
3040 4373 3356 4429 Gaufridus
3393 4373 3625 4429 natione

111 4464 259 4519 datis
288 4477 383 4518 an.
447 4464 604 4532 1164,
638 4462 955 4519 Blesensem
998 4462 1261 4519 comitem
1317 4462 1526 4533 negotii
1559 4462 1809 4519 multum
1849 4474 1894 4529 1)
1929 4461 2274 4529 Britannica,
2333 4461 2512 4516 nobili
2543 4462 2809 4530 prosapia
2856 4469 3036 4527 ortus,
3087 4460 3334 4517 clericali
3386 4460 3625 4517 scientia

114 4551 305 4608 abbati
356 4560 411 4608 et
457 4552 755 4607 monachis
809 4551 1042 4622 Maioris
1097 4552 1421 4607 Monasterii
1500 4550 1810 4619 facessisse,

115 4642 175 4697 in
205 4640 405 4697 litteris
433 4641 688 4712 ejusdem
722 4639 1035 4697 Alexandri
1071 4655 1210 4696 ann.
1260 4643 1398 4697 H64
1448 4641 1675 4711 scriptis
1731 4655 1815 4696 re-

111 4728 287 4800 perio.

193 4840 213 4867 ι
252 4818 437 4889 Hujus
482 4818 705 4874 abbatis
755 4826 1008 4888 tempore
1049 4818 1245 4890 (refert
1292 4817 1637 4888 anonymus)
1685 4817 1813 4873 Ale-

116 4908 338 4963 xander
394 4920 544 4977 papa
598 4907 859 4963 Turonos
913 4906 1220 4963 deveniens
1248 4906 1307 4961 in
1354 4907 1617 4975 praesenti
1647 4906 1815 4961 domo

116 4995 534 5065 perendinavit.
563 4995 724 5051 Vixit
768 5002 961 5052 autem
1000 5003 1305 5065 postquam
1356 4994 1570 5050 electus
1619 5001 1704 5049 est
1756 4993 1814 5048 in

116 5084 379 5140 abbatem
431 5084 623 5140 decem
658 5083 855 5149 annis;
891 5083 947 5138 in
1006 5083 1311 5139 undecimo
1354 5095 1491 5137 vero
1521 5081 1818 5151 appositus

118 5177 201 5225 est
229 5170 300 5225 ad
332 5176 525 5239 patres
554 5186 568 5236 ;
600 5177 655 5225 et
680 5168 831 5239 jacet
870 5170 929 5224 in
961 5170 1165 5226 dextra
1195 5177 1355 5239 parte
1387 5167 1619 5237 capituli
1644 5168 1817 5238 juxta

118 5258 376 5314 abbatem
414 5258 779 5314 Garnerium.
813 5280 836 5307 ι

185 5347 389 5403 XVIII.
444 5366 472 5398 «
516 5347 802 5403 Bobertus
848 5347 895 5401 ll
950 5346 1228 5402 Blesensis
1264 5344 1470 5409 dictus,
1511 5344 1605 5399 vir
1652 5343 1819 5400 valde

115 5436 455 5492 venerabilis
479 5444 534 5492 et
564 5436 873 5507 gratiosus,
905 5443 1013 5491 etc.
1055 5435 1214 5492 Vixit
1260 5441 1452 5490 autem
1514 5440 1817 5503 postquam

114 5525 326 5581 electus
356 5524 416 5580 in
448 5525 714 5581 abbatem
751 5524 949 5580 decem
980 5523 1170 5590 annis,
1199 5529 1255 5577 et
1284 5521 1346 5576 in
1402 5521 1706 5577 undecimo
1729 5521 1822 5577 de-

124 5613 285 5669 cessit
341 5626 376 5668 a
428 5613 604 5669 rebus
660 5611 952 5668 humanis.
1004 5611 1110 5666 llic
1156 5609 1463 5680 requiescit
1502 5609 1559 5665 in
1591 5609 1821 5666 sinistra

126 5709 283 5773 parte
333 5701 573 5772 capituli
615 5701 764 5757 inter
818 5700 1147 5757 columnam
1179 5707 1236 5755 et
1291 5697 1464 5754 sedile
1513 5696 1756 5753 abbatis.
1796 5720 1816 5747 ι

1921 4550 2203 4618 eruditus,
2238 4558 2461 4606 statura
2504 4550 2790 4619 vultuque
2818 4549 3078 4605 decorus.
3114 4550 3240 4619 Ipse
3279 4564 3337 4605 se
3387 4549 3620 4616 dimisit,

1920 4647 1976 4696 et
1998 4648 2212 4709 postea,
2245 4638 2393 4694 sicut
2424 4637 2665 4694 Domino
2693 4637 2926 4707 placuit,
2952 4638 3013 4692 in
3040 4651 3176 4707 pace
3206 4638 3448 4708 quievit.
3490 4660 3511 4687 ι

1989 4727 2175 4783 XXII.
2204 4748 2224 4776 ι
2263 4727 2428 4797 Hugo
2482 4728 2639 4781 1210.
2684 4725 2925 4781 Natione
2975 4725 3359 4792 Carnotensis,
3400 4739 3435 4780 a
3475 4739 3625 4795 pue-

1922 4815 2056 4873 ritia
2083 4816 2143 4871 in
2173 4815 2522 4871 monachum
2574 4822 2877 4884 susceptus
2928 4822 3031 4870 est.
3079 4815 3201 4883 Ipse
3231 4822 3356 4869 erat
3409 4827 3626 4882 parvus

1923 4905 1983 4960 in
2034 4918 2268 4974 corpore
2319 4912 2374 4960 et
2431 4903 2780 4959 sufficienter
2832 4902 3196 4958 litteratus.»
3260 4902 3622 4970 Anonymus.

1925 4994 2124 5049 Frater
2201 4993 2309 5049 fuit
2378 4991 2645 5048 Guillemi
2717 4991 2787 5047 de
2838 4991 3101 5060 Rupibus
3157 4988 3452 5044 Corbonis.
3499 4987 3626 5043 Non

1924 5079 2148 5137 abbatis
2173 5094 2381 5136 nomen
2431 5079 2527 5134 sed
2559 5078 2802 5133 ministri
2854 5077 2959 5133 sibi
2992 5076 3224 5132 ascribit
3259 5076 3364 5132 hoc
3411 5075 3581 5131 modo
3610 5090 3622 5128 :

1924 5191 1953 5218 «
2005 5168 2288 5225 Omnibus
2340 5175 2649 5238 praesentes
2704 5166 2922 5222 litteras
3000 5166 3365 5236 inspecturis,
3419 5164 3627 5220 fratres

1924 5256 2162 5326 capituli
2201 5257 2432 5327 Majoris
2464 5254 2808 5321 Monasterii,
2840 5267 2894 5310 et
2924 5256 3089 5325 Ilugo
3139 5253 3374 5309 humilis
3425 5266 3625 5309 eorum

1926 5345 2205 5411 minister,
2242 5366 2269 5393 ››
2304 5353 2411 5400 etc.
2446 5343 2610 5408 Quod
2651 5343 2825 5398 moris
2856 5343 2927 5399 ab
2961 5344 3186 5413 Hilgoto
3213 5342 3419 5397 abbate
3452 5344 3516 5396 l3
3556 5341 3629 5397 ad

1927 5433 2164 5489 abbates
2233 5430 2756 5489 Commendatarios
2834 5432 3106 5487 continuo
3164 5430 3474 5486 deductum
3526 5436 3628 5485 est.

1926 5521 2274 5591 Quanquam
2327 5519 2376 5575 is
2428 5520 2546 5590 ipse
2588 5518 2778 5590 Hugo,
2822 5518 2919 5575 ubi
2972 5518 3278 5575 necessitas
3338 5517 3629 5587 exigebat,

1929 5609 2173 5680 publicis
2198 5609 2358 5664 verbi
2387 5607 2575 5679 gratia
2609 5606 2666 5663 in
2689 5607 3109 5674 instrumentis,
3142 5606 3367 5663 abbatis
3398 5605 3629 5661 titulum

1930 5698 2273 5768 usurpabaL
