3930 6446
292 409 424 463 1071

1332 407 1429 462 AD
1468 407 1617 462 OPP.
1662 405 1815 463 VEN.
1859 405 2181 461 GUIBERTI
2226 406 2312 460 DE
2354 405 2748 462 NOVIGENTO

3662 410 3819 463 1072

362 545 667 601 Luctuosa
721 543 921 599 eadem
964 548 1293 613 tempestate
1342 541 1659 607 discordia,
1702 540 1845 610 quin
1892 554 1987 609 po-
2025 540 2560 609 Aapostolicorum,
2637 540 2878 611 Philippi
2957 541 3343 605 Bituricensis,
3396 549 3453 597 et
3493 542 3818 598 Clementis

291 633 407 689 tius
434 633 696 689 nefanda
726 634 998 688 comitum
1034 632 1398 695 Blesensium,
1427 630 1527 699 qui
1580 637 1848 699 patronos
1871 643 1992 683 sese

290 723 379 778 vel
414 723 723 778 advocatos
769 722 1000 792 Majoris
1050 719 1367 777 Monasterii
1411 718 1774 789 jactitabant,
1823 732 1991 789 gras-

291 811 544 867 sationes
572 817 805 875 exorta,
863 810 1016 865 unde
1064 806 1391 864 monasterii
1441 806 1699 877 ejusdem
1731 820 1800 861 ac
1832 806 1991 876 prio-

290 907 530 955 ratuum
565 898 624 954 in
672 899 945 954 comitatu
998 895 1241 952 Blesensi
1282 895 1675 961 existentium,
1705 895 1989 951 universa

292 987 709 1058 propemodum
739 1001 829 1041 res
880 986 1182 1050 distracta,
1214 991 1269 1040 et
1299 983 1534 1053 perinde
1588 994 1763 1055 atque
1792 997 1827 1039 a
1863 996 1989 1053 per-

289 1075 579 1132 duellibus
609 1074 842 1143 direpta
875 1080 1010 1128 sunt
1035 1073 1107 1128 ah
1127 1072 1357 1129 eisdem.

362 1163 560 1219 Sedem
602 1161 831 1232 Hugoni
885 1161 1088 1217 tribuit
1154 1161 1433 1217 Bohertus
1488 1160 1546 1215 in
1595 1160 1779 1217 Gallia
1826 1158 1987 1216 Chri-

287 1252 476 1307 stiana
506 1251 654 1306 inter
680 1249 970 1319 episcopos
1020 1248 1438 1319 Lingonenses;
1476 1249 1630 1317 quod
1691 1248 1991 1303 nihilomi-

285 1350 399 1392 nus
426 1334 597 1391 silent
649 1342 705 1390 et
753 1334 997 1403 antiqua
1056 1340 1452 1401 monumenta,
1502 1341 1556 1389 et
1603 1332 1991 1403 chronologus

283 1435 628 1493 anonymus,
674 1435 705 1477 e
739 1420 910 1491 cujus
954 1421 1285 1477 narratione
1333 1420 1438 1477 ista
1492 1421 1561 1476 de
1602 1422 1847 1491 Hugone
1890 1420 1987 1475 de-

283 1524 448 1566 sumo
481 1525 494 1564 :
530 1532 551 1559 ι
584 1510 796 1565 Contra
843 1509 1339 1578 archiepiscopum
1390 1509 1778 1565 Turonensem
1815 1508 1986 1578 placi-

289 1598 477 1657 tahat:
510 1612 644 1653 nam
686 1597 1148 1667 archiepiscopus
1188 1597 1375 1653 aiebat
1430 1598 1693 1653 abbatem
1726 1605 1984 1653 nostrum

284 1687 491 1743 baculo
548 1685 819 1756 pastorali
873 1694 976 1741 aut
1025 1687 1196 1741 mitra
1252 1685 1339 1741 uti
1391 1700 1504 1742 non
1535 1685 1786 1741 debere:
1833 1698 1988 1755 qua-

285 1784 515 1845 propter
547 1775 668 1845 ipse
716 1775 881 1845 Hugo
931 1774 1186 1844 prudens
1230 1782 1285 1829 et
1328 1773 1587 1839 humilis,
1639 1773 1987 1843 prospiciens

285 1864 518 1920 mitram
552 1864 683 1933 plus
720 1861 925 1919 afferre
978 1862 1171 1918 oneris
1222 1877 1398 1933 quam
1458 1862 1760 1927 commodi,
1804 1861 1991 1917 noluit

284 1952 536 2008 inaniter
563 1951 811 2022 litigare,
846 1960 901 2007 et
952 1951 1034 2007 sic
1083 1952 1393 2022 potentiam
1426 1951 1549 2007 sine
1601 1950 1791 2016 mitra,
1842 1950 1991 2006 sicut

283 2040 511 2111 antiqui
540 2040 983 2111 pradecessores
1013 2041 1126 2105 sui,
1154 2039 1224 2095 de
1282 2048 1485 2096 catero
1512 2038 1784 2110 portavit,
1822 2060 1843 2087 ι
1880 2042 1987 2093 etc.

354 2130 561 2186 XXIII.
595 2128 911 2185 Gaufridus
941 2128 990 2184 II
1029 2130 1182 2183 1227.
1229 2129 1338 2184 Iste
1372 2142 1489 2184 una
1518 2143 1649 2184 cum
1690 2134 1986 2198 sequente,

281 2231 566 2288 anonymo
646 2216 988 2287 incognitus.
1052 2219 1166 2272 Iloc
1223 2217 1420 2272 eodem
1487 2231 1639 2272 anno
1694 2217 1990 2285 episcopus

281 2306 672 2363 Macloviensis
718 2305 1051 2372 Gaufridus,
1107 2306 1179 2361 ab
1212 2305 1511 2361 invasione
1564 2305 1986 2375 possessionum

283 2395 511 2466 Majoris
550 2393 877 2451 Monasterii
926 2408 1060 2463 qua
1103 2393 1159 2447 in
1192 2406 1299 2449 sua
1329 2393 1553 2449 dimcesi
1598 2400 1782 2460 erant,
1830 2393 1988 2448 viros

281 2482 500 2539 nobiles
526 2494 784 2538 coercere
809 2479 1044 2550 nititur;
1078 2480 1174 2536 sed
1222 2480 1414 2536 oleum
1452 2479 1598 2536 ludit
1644 2488 1698 2535 et
1728 2492 1982 2549 operam,

282 2570 498 2641 quippe
536 2576 653 2625 tam
686 2568 952 2637 nequiter
979 2576 1035 2623 et
1075 2567 1371 2637 prafracte
1423 2566 1622 2622 iisdem
1674 2567 1986 2622 retinendis

282 2658 469 2713 addici
517 2644 698 2713 solent
732 2656 833 2719 illi,
880 2663 945 2712 ut
993 2656 1091 2711 vix
1140 2670 1208 2712 ac
1260 2670 1331 2711 ne
1388 2656 1488 2711 vix
1514 2656 1747 2725 quidem
1780 2656 1853 2711 ab
1892 2655 1985 2711 his

280 2745 476 2802 divelli
504 2746 741 2814 possint.

349 2834 556 2891 XXIV.
622 2833 914 2889 Guarinus
961 2836 1117 2888 1229.
1194 2831 1427 2888 Mandat
1475 2831 1787 2902 Gregorius
1837 2845 1982 2903 papa

281 2923 359 2978 IX
393 2921 586 2978 abbati
625 2922 695 2977 de
746 2920 1037 2977 Gastineta
1077 2920 1198 2977 0rd.
1249 2919 1304 2975 S.
1352 2920 1685 2991 Augustini,
1728 2920 1982 2976 diacesis

279 3012 496 3067 Turon.
540 3010 624 3066 uti
656 3010 945 3065 tenuiores
973 3023 1003 3065 e
1051 3007 1254 3080 Majori
1301 3008 1642 3065 Monasterio
1674 3008 1980 3077 pendentes

2102 629 2357 684 Dolensis
2388 631 2802 699 episcoporum,
2831 646 2932 685 nec
2964 646 3079 685 non
3120 631 3343 686 abbatis
3376 632 3816 703 Burgidolensis

2101 718 2474 774 Bituricensis
2531 718 2803 773 diiecesis.
2880 719 3091 774 Verum
3136 734 3318 789 pauco
3369 728 3491 789 post
3548 726 3818 790 tempore

2099 806 2411 863 coenobitas
2436 808 2507 863 ad
2565 808 2850 863 meliorem
2906 808 3164 864 redactos
3202 809 3446 879 frugem,
3505 809 3661 865 haud
3709 810 3817 863 ob-

2100 909 2267 950 scure
2308 903 2511 951 notant
2577 895 2777 951 littera
2832 896 3068 951 Joannis
3117 896 3364 966 episcopi
3414 897 3808 953 Redonensis:

2101 983 2200 1039 ubi
2227 983 2296 1038 de
2346 984 2603 1053 prioratu
2641 984 2711 1039 de
2753 983 2905 1039 Sallo
2952 984 3113 1040 Gallo
3169 984 3391 1056 (Salia!)
3436 986 3660 1054 Majoris
3691 986 3818 1040 Mo-

2099 1069 2333 1125 nasterii
2366 1070 2529 1125 unito
2580 1070 2793 1141 agitur.
2845 1072 2928 1126 Ita
2957 1085 3016 1126 se
3058 1070 3267 1127 habent
3302 1086 3314 1125 :
3350 1093 3377 1121 ‹‹
3410 1072 3525 1128 Nos
3550 1073 3814 1128 Joannes

2096 1158 2395 1226 episcopus
2447 1157 2816 1224 Redonensis,
2871 1158 3226 1214 attendentes
3276 1159 3556 1215 fervorem
3600 1160 3811 1215 chari-

2098 1245 2232 1301 tatis
2279 1246 2695 1302 monachorum
2752 1246 2985 1317 Majoris
3017 1247 3347 1303 Monasterii
3398 1256 3454 1304 et
3500 1250 3811 1305 necessita-

2097 1333 2250 1390 tibus
2299 1334 2391 1403 pio
2446 1334 2803 1390 attendentes
2850 1334 3080 1401 affectu,
3123 1335 3358 1391 domum
3407 1349 3572 1391 suam
3604 1336 3675 1392 de
3707 1338 3810 1392 So-

2099 1422 2196 1477 lial
2227 1430 2434 1478 nostra
2462 1422 2738 1488 diacesis,
2782 1422 2838 1477 in
2870 1437 2986 1493 qua
3009 1424 3082 1478 ab
3113 1424 3353 1493 antiquo
3386 1423 3543 1479 solus
3602 1437 3808 1480 mona-

2096 1510 2243 1566 chus
2271 1509 2491 1565 solebat
2522 1509 2802 1577 habitare,
2847 1517 2905 1565 et
2953 1510 3109 1581 quod
3151 1511 3209 1565 in
3257 1511 3618 1566 Lateranensi
3650 1523 3806 1564 con-

2098 1599 2229 1654 cilio
2266 1599 2441 1654 fuerit
2478 1606 2783 1663 statutum,
2838 1605 2903 1654 ut
2957 1599 3222 1654 monachi
3284 1598 3519 1654 solitarii
3552 1598 3807 1654 debeant

2098 1687 2373 1754 amoveri,
2402 1686 2788 1743 concessimus
2822 1686 3077 1756 ipsorum
3110 1688 3167 1741 in
3203 1686 3461 1757 proprios
3489 1701 3632 1743 usus
3661 1700 3805 1742 eon-

2098 1774 2451 1842 vertendam,
2491 1796 2512 1822 -
2547 1782 2653 1830 etc.

2170 1863 2338 1919 Anno
2374 1866 2513 1918 1254
2555 1864 2794 1919 Romam
2843 1864 2914 1919 ad
2959 1862 3159 1919 limina
3188 1863 3577 1933 apostolorum
3608 1863 3807 1933 petiis-

2099 1966 2157 2007 se
2186 1950 2527 2007 Gaufridum
2573 1951 2835 2007 abbatem
2880 1951 3118 2020 planum
3159 1952 3376 2008 faciunt
3408 1952 3607 2009 littera
3637 1952 3808 2008 Nan-

2099 2038 2332 2093 netelini
2364 2039 2730 2109 Agaunensis
2759 2038 3002 2094 abbatis.

2167 2126 2371 2182 XXVI.
2403 2127 2731 2196 Stephanus
2759 2127 2834 2183 ab
2868 2140 3004 2182 ann.
3033 2128 3173 2182 1263
3205 2127 3277 2183 ad
3300 2141 3435 2182 ann.
3475 2129 3629 2192 1284,
3663 2127 3807 2183 Vin-

2096 2214 2320 2270 centius
2360 2216 2613 2285 archiep.
2667 2215 2985 2270 Turonens.
3019 2229 3113 2270 an.
3147 2216 3206 2271 C.
3264 2216 3422 2282 1264,
3456 2216 3801 2272 sententiam

2095 2301 2199 2358 fert
2238 2304 2294 2358 in
2344 2305 2605 2359 comitem
2682 2304 3023 2371 Blesensem,
3082 2305 3182 2375 qui
3224 2304 3507 2375 majorum
3552 2318 3800 2359 suorum

2095 2404 2276 2461 pravo
2306 2391 2569 2463 exemplo
2597 2392 3025 2460 exstimulatus,
3071 2393 3380 2449 monachos
3408 2392 3639 2463 Majoris
3670 2393 3803 2449 Mo-

2092 2480 2327 2536 nasterii
2356 2482 2652 2551 exagitare
2673 2495 2787 2536 non
2828 2481 3149 2537 desistebat.
3544 2556 3547 2559 η

2163 2568 2324 2635 Quod
2378 2568 2457 2623 nil
2496 2583 2670 2639 prope
2695 2583 2894 2625 eorum
2944 2584 3075 2640 qua
3124 2570 3443 2640 possidebat
3475 2570 3530 2625 in
3588 2569 3804 2640 Anglia

2095 2658 2281 2727 Majus
2308 2657 2739 2724 Monasterium,
2784 2658 3074 2727 percipere
3101 2666 3303 2727 posset,
3351 2659 3449 2713 dat
3503 2658 3805 2714 licentiam

2090 2744 2403 2814 Gregorius
2440 2758 2585 2814 papa
2623 2745 2915 2800 maximus
2966 2760 3118 2801 anno
3166 2748 3300 2800 1274
3360 2746 3646 2817 Stephano
3690 2747 3804 2801 ab-

2091 2834 2209 2890 bati
2231 2848 2298 2889 ea
2324 2836 2517 2889 omnia
2559 2833 2951 2897 venundandi,
2984 2836 3124 2901 sive,
3157 2841 3221 2889 ut
3253 2834 3437 2900 aiunt,
3470 2834 3806 2891 abalienan-

2088 2923 2177 2989 di;
2208 2936 2458 2992 quorum
2493 2931 2681 3004 tamen
2710 2923 2986 2991 pecunias
3028 2923 3086 2978 in
3118 2922 3245 2978 aliis
3275 2922 3602 2979 utilioribus
3626 2923 3807 2978 collo-

2088 3025 2218 3069 care
2252 3011 2527 3082 pracipit.

279 3100 587 3170 prioratus,
620 3098 719 3155 ubi
748 3103 898 3152 591
936 3112 1141 3167 nempe
1196 3097 1311 3153 duo
1372 3096 1634 3152 monachi
1684 3098 1978 3153 commode
2018 3118 2059 3173 α
2160 3098 2434 3169 Stephani
2478 3098 2834 3169 temporibus
2893 3098 3242 3165 institutum,
3299 3098 3524 3168 opinor,
3569 3112 3637 3154 ac
3687 3099 3807 3154 de-

277 3187 621 3259 regulariter
668 3186 863 3242 vivere
930 3186 1260 3256 nequirent,
1315 3184 1510 3255 plures
1578 3184 1875 3241 reduceret
1924 3184 1984 3242 in

277 3290 463 3333 unum
494 3291 506 3330 :
542 3275 897 3345 Praceptum
928 3274 1083 3330 enim
1122 3281 1292 3329 antea
1322 3273 1521 3329 fuerat
1541 3274 1612 3329 ab
1654 3273 1989 3355 Alexandro

277 3378 424 3434 papa
478 3364 554 3419 III
611 3362 813 3419 concil.
871 3362 1135 3417 Lateran.
1187 3377 1245 3417 ιιι
1297 3375 1421 3431 cap.
1473 3363 1538 3415 10
1583 3376 1597 3415 :
1645 3383 1666 3410 ι
1724 3361 1985 3417 Monachi

277 3466 393 3508 non
423 3451 637 3523 singuli
670 3464 771 3521 per
809 3449 974 3505 villas
1022 3458 1077 3505 et
1108 3449 1337 3519 oppida,
1370 3464 1473 3505 seu
1499 3449 1571 3505 ad
1601 3462 1985 3521 quascunque

276 3540 632 3611 parochiales
663 3545 955 3609 ponantur
1008 3536 1305 3605 ecclesias;
1338 3537 1436 3592 sed
1485 3537 1542 3591 in
1601 3537 1803 3607 majori
1846 3552 1982 3593 con-

276 3637 478 3695 ventu,
534 3635 636 3684 aut
679 3641 814 3683 cum
861 3625 1159 3696 aliquibus
1209 3625 1486 3681 fratribus
1545 3633 1836 3693 maneant,
1878 3640 1984 3683 nec

275 3716 383 3772 soli
434 3717 582 3772 inter
628 3713 932 3771 saculares
986 3714 1245 3770 homines
1294 3714 1679 3784 spiritualium
1730 3714 1982 3771 hostium

281 3804 701 3861 conflictionem
730 3811 1079 3873 exspectent,
1110 3825 1132 3853 ι
1168 3811 1274 3859 etc.

346 3893 502 3951 XXV.
558 3892 872 3949 Gaufridus
926 3893 1004 3948 III
1062 3892 1132 3947 de
1189 3892 1424 3948 Conam.
1484 3892 1715 3947 I235.A
1761 3890 1981 3948 Joanne

277 3981 522 4038 Blesensi
554 3981 759 4038 comite
805 3979 1120 4036 advocatia
1170 3993 1343 4036 causa
1381 3980 1750 4051 gravissimas
1779 3994 1984 4050 passus

276 4079 359 4127 est
405 4070 777 4132 calamitates,
829 4069 971 4140 quin
1005 4070 1175 4124 etiam
1200 4067 1434 4138 ,carceri
1485 4069 1782 4138 septennio
1814 4082 1978 4124 man-

274 4159 501 4230 cipatus
560 4159 619 4214 in
671 4166 860 4213 castro
906 4157 1283 4224 Guisiacensi,
1329 4165 1383 4213 et
1415 4157 1578 4212 binos
1609 4171 1795 4213 comes
1824 4157 1917 4213 ille
1946 4171 1981 4213 a

277 4248 400 4305 suis
429 4246 773 4305 satellitibus
804 4260 835 4301 e
890 4254 1079 4302 monte
1130 4244 1440 4301 monachos
1484 4244 1806 4315 praecipites
1852 4244 1979 4300 dari

269 4336 441 4408 jussit
497 4353 512 4390 :
560 4335 629 4391 de
682 4335 772 4390 his
829 4334 997 4404 plura
1053 4346 1328 4403 anonym.
1382 4333 1635 4388 Tandem
1693 4341 1759 4388 ut
1805 4333 1981 4389 tantis

2094 3196 2337 3254 cretum,
2368 3196 2657 3258 quatenus
2673 3188 2742 3243 ad
2757 3187 2859 3257 Maj
2872 3201 2938 3244 us
2951 3186 3380 3253 Monasterium,
3406 3185 3802 3254 prioratuum,

2092 3275 2484 3343 ecclesiarum,
2521 3288 2588 3329 ac
2617 3274 2868 3330 locorum
2901 3274 3084 3329 eidem
3124 3272 3382 3328 canobio
3425 3272 3805 3329 subditorum

2093 3363 2325 3430 charta,
2379 3361 2697 3433 privilegia,
2771 3361 3186 3426 immunitates,
3257 3368 3431 3431 atque
3476 3361 3807 3432 diplomata

2092 3451 2453 3507 deferrentur
2478 3450 2635 3506 velut
2677 3449 2736 3505 in
2784 3463 2915 3505 arce
2946 3450 3341 3505 conservanda
3370 3464 3382 3504 :
3419 3450 3571 3507 unde
3602 3451 3804 3507 hacte-

2092 3554 2223 3607 nus,
2261 3539 2447 3595 rabies
2492 3538 2939 3593 Calvinistarum
2968 3537 3096 3593 licet
3124 3538 3318 3593 omnia
3348 3552 3564 3609 susque
3604 3539 3806 3610 deque

2092 3629 2426 3695 vastaverit,
2457 3627 2630 3682 illasa
2662 3637 3046 3695 permansere.

2162 3720 2397 3777 XXVII.
2434 3738 2461 3770 α
2494 3719 2775 3775 Robertus
2813 3717 2882 3772 de
2923 3716 3192 3772 Flandria
3229 3724 3402 3773 natus
3428 3716 3615 3783 (refert
3642 3731 3803 3773 ano-

2091 3809 2324 3881 nymus)
2372 3815 2613 3878 eratque
2657 3806 2917 3876 pulcher,
2964 3813 3019 3861 et
3061 3806 3409 3863 sufficienter
3459 3806 3798 3875 litteratus;

2092 3904 2215 3953 erat
2243 3895 2413 3952 etiam
2446 3894 2604 3964 prior
2628 3894 2697 3949 de
2738 3893 2890 3950 Cella
2937 3894 2993 3950 in
3042 3894 3190 3962 Bria,
3225 3916 3253 3943 »
3282 3904 3390 3951 etc.
3422 3896 3799 3967 Privilegium

2092 3985 2295 4042 tribuit
2347 3984 2594 4041 Boberto
2659 3982 2939 4038 Martinus
2986 3997 3137 4053 papa
3192 3984 3284 4051 IV,
3322 3984 3412 4040 sui
3476 3985 3793 4054 pontiﬁcat.

2090 4088 2241 4131 anno
2260 4079 2315 4141 4,
2349 4072 2569 4142 ubique
2599 4070 2855 4125 locorum
2883 4070 3134 4136 (civitate
3165 4071 3485 4128 Turonensi
3524 4073 3793 4143 excepta)

2089 4163 2344 4228 mitram,
2397 4158 2682 4216 annulum
2738 4167 2793 4214 et
2821 4166 3039 4215 catera
3071 4158 3420 4228 pontiﬁcalia
3450 4161 3795 4218 indumenta

2088 4249 2395 4317 deferendi,
2430 4262 2535 4303 nec
2564 4261 2679 4302 non
2720 4254 2775 4302 et
2834 4246 3286 4303 benedictionem
3337 4249 3546 4318 popqu
3576 4248 3793 4304 solem-

2089 4340 2239 4396 niter
2267 4335 2649 4407 impertiendi.
2677 4348 2744 4391 ac
2770 4334 3141 4391 henedicendi
3181 4336 3361 4405 pallas
3390 4333 3605 4392 altaris.

274 4424 585 4481 sceleribus
649 4429 978 4479 οοουιτθτθῐ
1038 4421 1408 4478 Innocentius
1479 4435 1628 4491 Papa
1684 4421 1757 4476 Ν
1814 4435 1968 4477 anno
2006 4432 2052 4486 D
2151 4428 2295 4485 Cum
2332 4424 2612 4481 Blesensis
2658 4438 2865 4491 comes,
2929 4431 3156 4492 patrum
3201 4423 3457 4495 vestigiis
3496 4424 3784 4483 insistens.

275 4513 431 4567 1254.
471 4510 762 4567 Nicolaum
822 4509 974 4566 misit
1019 4510 1075 4566 in
1118 4509 1379 4577 Galliam,
1433 4510 1535 4580 qui
1589 4508 1811 4581 judicio
1859 4509 1979 4565 sive

272 4600 556 4657 sententia
610 4600 669 4656 in
715 4614 849 4655 eum
920 4598 1079 4655 velut
1137 4607 1534 4654 contumacem
1576 4598 1817 4668 prolata,
1845 4597 1979 4667 jure

273 4689 606 4758 advocatia,
655 4676 710 4745 et
781 4687 1005 4744 cunctis
1059 4701 1192 4758 qua
1247 4688 1305 4741 in
1348 4700 1440 4742 res
1488 4686 1817 4742 monasterii
1867 4686 1976 4742 sibi

271 4779 612 4845 vindicarat,
645 4776 953 4849 spoliavit;
1005 4774 1376 4831 nihilosecius
1401 4789 1588 4831 comes
1636 4774 1974 4831 sententiam

271 4870 625 4936 detrectavit,
661 4866 897 4938 sprevit,
929 4873 985 4922 et
1015 4864 1354 4921 continuata
1381 4863 1439 4919 in
1481 4863 1707 4919 eosdem
1760 4870 1978 4920 ascetas

270 4956 431 5013 rabie
454 4956 842 5013 debacchatus
870 4961 971 5010 est.

342 5045 671 5101 Ludovicus
702 5044 783 5099 IX
812 5057 916 5099 rex
945 5056 1043 5098 an.
1102 5044 1238 5096 I255
1287 5040 1506 5097 litteras
1554 5040 1646 5095 avi
1704 5039 1796 5096 sui
1840 5039 1975 5095 Phi-

271 5131 410 5202 lippi
476 5133 747 5202 Augusti,
798 5132 965 5202 queis
1015 5131 1074 5186 in
1126 5130 1560 5186 Northmannia
1602 5128 1974 5185 Scacharium

271 5218 450 5289 (quod
489 5217 703 5274 multas
755 5218 816 5272 in
867 5218 1063 5273 eodem
1114 5217 1330 5274 ducatu
1361 5217 1741 5287 possessiones
1798 5215 1974 5272 habe-

271 5308 422 5377 rent)
453 5306 610 5362 velut
640 5305 956 5375 inquilinos
1011 5304 1242 5374 Majoris
1294 5304 1617 5361 Monasterii
1666 5304 1975 5361 monachos

271 5395 343 5450 ad
385 5394 528 5465 jura
566 5392 989 5463 prosequenda,
1051 5392 1431 5449 admittendos
1485 5392 1822 5463 imperatur,
1878 5405 1976 5462 ap-

270 5482 493 5553 probat.

340 5570 779 5635 Labefactatam,
814 5582 889 5625 ex
941 5565 1179 5637 prafata
1227 5568 1349 5624 sine
1389 5566 1566 5624 dubio
1627 5566 1970 5630 calamitate,

269 5657 445 5716 fuisse
475 5658 800 5731 regularem
836 5653 1199 5724 disciplinam
1231 5655 1435 5713 docent
1464 5662 1592 5711 acta
1650 5655 1972 5729 legatorum

2086 4518 2319 4588 Majoris
2374 4514 2701 4572 Monasterii
2758 4528 2849 4569 res
2905 4514 3178 4569 continuo
3242 4512 3551 4579 infestaret,
3609 4512 3788 4568 tantis

2086 4604 2358 4662 molestiis
2386 4611 2450 4660 ut
2481 4603 2653 4659 finem
2708 4603 3043 4671 imponeret,
3078 4600 3381 4657 Matthaus
3428 4600 3606 4657 abbas
3652 4613 3789 4654 san-

2085 4693 2158 4749 cti
2208 4691 2481 4763 Dionysii,
2514 4699 2637 4747 tum
2668 4690 2819 4761 regis
2850 4690 3005 4745 vices
3029 4703 3209 4760 agens
3253 4688 3311 4744 in
3362 4689 3625 4756 Francia,
3681 4688 3788 4743 Ro.

2087 4779 2243 4836 herto
2273 4778 2465 4835 abbati
2520 4777 2764 4847 ejusque
2812 4776 3107 4832 monachis
3158 4775 3378 4832 litteras
3417 4775 3781 4845 impertitur:

2083 4867 2358 4923 ordinans
2386 4865 2431 4921 si
2460 4865 2599 4936 quid
2651 4864 3006 4934 inposterum
3064 4864 3209 4920 inter
3237 4864 3466 4921 eosdem
3503 4870 3558 4920 et
3604 4864 3785 4931 Joan-

2084 4967 2220 5009 nam
2252 4953 2544 5023 Alenconii
2574 4952 2941 5019 eomitissam,
2988 4951 3270 5007 Blesensis
3326 4951 3549 5007 comitis
3583 4949 3780 5018 filiam,

2084 5043 2306 5100 dissidii
2336 5048 2671 5112 emergeret,
2728 5040 2888 5112 regio
2944 5040 3002 5095 in
3035 5040 3247 5111 palatio
3300 5040 3418 5096 fore
3474 5039 3783 5096 discutien-

2083 5132 2245 5188 dum.

2155 5218 2428 5275 Durando
2489 5215 2838 5274 Nannetensi
2868 5216 3156 5285 episcopo,
3192 5216 3292 5286 qui
3324 5215 3594 5286 pecunias
3619 5213 3782 5270 titulo

2081 5306 2426 5362 visitationis
2471 5319 2544 5361 ex
2589 5304 2942 5375 prioratihus
2997 5304 3085 5359 sui
3136 5304 3289 5373 juris
3318 5312 3661 5373 extorquere
3692 5317 3783 5357 co-

2082 5395 2353 5463 nabatur,
2434 5394 2615 5450 abbas
2683 5393 2965 5450 Robertus
3036 5392 3374 5464 privilegiis,
3433 5401 3489 5448 et
3542 5391 3780 5447 concilio

2082 5482 2354 5553 Lugdun.
2412 5496 2527 5537 non
2574 5481 2791 5553 pridem
2843 5480 3147 5547 celebrato,
3180 5480 3236 5535 id
3286 5480 3622 5552 prohibente
3649 5494 3776 5550 cap.

2079 5571 2147 5624 24
2185 5569 2385 5636 fretus,
2417 5569 2659 5626 viriliter
2687 5584 2806 5626 sese
2833 5569 3117 5639 opposuit,
3165 5568 3563 5638 cohibuitque.

2148 5654 2415 5713 XXVIII.
2475 5654 2595 5712 Odo
2631 5655 2701 5713 de
2748 5654 3035 5713 Braccolis
3084 5669 3188 5713 seu
3249 5654 3553 5724 Braccolis,
3604 5653 3779 5711 nobili
