3930 6426
143 356 297 411 1073

1413 355 1638 412 ΠΟΜΝΙ
1678 357 1736 410 ι..
1780 354 2124 411 D'ACHERY
2165 356 2387 411 ΝΟΤᾸΞ.

3533 359 3669 414 1074

139 505 366 561 genere
399 498 580 559 ortus,
613 505 680 546 ac
703 491 986 553 eruditus,
1018 490 1125 547 fuit
1156 491 1336 548 abbas
1379 491 1725 547 constitutus
1755 505 1850 546 an.
1892 493 1938 544 A
1970 490 2271 560 patefecit;
2309 505 2442 547 nam
2494 491 2608 561 ipse
2641 491 2770 549 licet
2817 492 3033 548 ducatu
3064 492 3385 549 Turonensi
3435 493 3665 551 fratrem

147 583 318 634 1296.
372 581 496 650 Ipse
523 590 578 636 et
626 579 888 635 monachi
934 594 967 634 a
997 581 1422 636 visitationibus
1467 580 1851 650 prioratuum,

141 683 218 724 ac
251 668 776 738 procurationibus,
819 669 1274 738 archiepiscopos
1316 669 1611 740 Burdigal.
1648 683 1854 724 arcue-

140 765 334 821 runt;
396 770 737 825 quanquam
797 756 894 818 illi,
945 757 1086 826 proh
1151 757 1346 812 nefas!
1403 765 1541 812 tunc
1588 758 1856 826 temporis

140 844 298 900 finde
367 845 438 900 ab
492 843 707 915 regulae
773 845 1137 900 observantia
1212 846 1494 910 defecere;
1567 846 1852 915 siquidem

139 933 520 1000 prioratuum
582 932 838 987 redditus
890 933 1038 987 inter
1084 948 1204 988 sese
1254 933 1682 1002 dispertierunt,
1735 941 1788 988 et
1822 948 1856 988 a

134 1021 449 1075 communi
507 1034 785 1075 recessere
834 1021 972 1074 vita.
1028 1021 1188 1076 Unde
1241 1036 1356 1076 non
1409 1023 1617 1077 mirum
1682 1023 1854 1092 (quod

133 1107 292 1162 alibi
340 1109 687 1173 notavimus)
713 1109 756 1162 si
788 1108 1092 1164 saeculares
1127 1109 1255 1175 viri,
1291 1110 1403 1164 Deo
1434 1109 1514 1164 sic
1557 1109 1852 1178 plectente,

129 1203 206 1249 et
252 1196 503 1265 episcopi
547 1197 873 1266 complures
900 1197 1007 1251 hoc
1035 1211 1156 1252 aevo
1201 1197 1619 1253 monachorum
1649 1198 1856 1266 opibus

129 1284 464 1339 inhiarent.

224 1373 436 1428 XXIX.
478 1395 496 1421 σ
543 1374 791 1428 Joannes
838 1372 905 1427 de
949 1373 1288 1429 Montelonis
1317 1375 1436 1429 sive
1465 1373 1852 1442 Monteleonis,

143 1461 225 1515 de
262 1461 545 1516 territorio
573 1461 911 1516 Pictaviensi
933 1461 1236 1527 oriundus,
1269 1471 1323 1516 et
1353 1462 1421 1516 de
1453 1463 1626 1518 nobili
1651 1477 1858 1533 genere

145 1557 512 1617 procreatus,
551 1563 740 1618 parva:
771 1558 962 1604 tamen
1009 1558 1266 1615 staturae,
1301 1551 1393 1605 sed
1428 1551 1670 1618 pulchra
1717 1550 1857 1607 facie

143 1638 478 1703 decoratus,
532 1660 558 1684 ››
602 1646 708 1692 etc.
736 1640 1094 1705 Anonymus.
1149 1640 1341 1694 Multis
1373 1639 1480 1694 hac
1539 1640 1661 1708 ipsa
1709 1647 1858 1694 tem-

141 1734 374 1794 pestate
424 1740 456 1780 a
491 1726 783 1781 nobilibus
831 1725 1097 1782 affectum
1131 1727 1558 1782 calamitatibus
1606 1736 1660 1782 et
1694 1728 1853 1796 inju-

1964 579 2344 646 Ludovicum,
2371 580 2576 636 ducem
2594 582 3042 652 Andrgavorum
3067 582 3344 649 auxisset,
3369 597 3662 640 summum

1962 667 2342 723 nihilominus
2373 667 2430 722 in
2486 668 2710 740 Majoris
2735 670 3059 726 Monasterii
3103 685 3212 735 res.
3245 671 3343 741 jus
3375 685 3440 726 ac
3481 671 3654 728 domi-

1963 756 2128 812 nium
2158 757 2340 811 volnit
2368 757 2472 812 sibi
2507 766 2884 813 reservatum.

2035 845 2117 898 Ad
2149 845 2470 900 Gerardum
2517 845 2585 900 de
2620 845 2810 911 POdIO,
2845 853 2898 901 et
2927 847 3202 902 Joannem
3244 847 3428 904 sancti
3472 847 3662 903 Albini

1963 933 2390 1002 Andegavensis
2437 933 2748 988 antistitem
2785 933 3054 989 Urbanus
3085 934 3131 990 V
3178 935 3267 990 sui
3297 935 3664 1003 pontificatus

1965 1026 2016 1088 '7,
2063 1021 2268 1076 deinde
2317 1021 2628 1091 Gregorius
2685 1021 2783 1086 XI,
2844 1021 3049 1090 primo,
3106 1023 3383 1091 rescripta
3437 1023 3660 1092 misere,

1964 1109 2182 1179 quibus
2224 1110 2704 1179 inquirendorum
2753 1109 3167 1164 miraculorum
3198 1109 3381 1165 Caroli
3432 1110 3663 1165 Britan-

1963 1199 2075 1253 niae
2131 1197 2332 1264 ducis,
2394 1195 2698 1267 provincia‘
2745 1198 3149 1252 demandatur.
3221 1198 3368 1268 Lege
3422 1199 3663 1254 Andreae

1966 1286 2265 1341 Duchesne
2325 1286 2533 1340 Histor.
2568 1285 2880 1340 Castillion.
2916 1285 3010 1340 lib.
3051 1299 3104 1349 v,
3134 1299 3260 1354 cap.
3294 1288 3342 1353 I,
3377 1299 3509 1357 pag.
3535 1289 3658 1354 228,

1966 1381 2022 1428 et
2052 1374 2107 1428 in
2141 1373 2368 1428 Probat.
2419 1387 2550 1444 pag.
2587 1375 2704 1426 I27.
2756 1371 3076 1428 Gerardum
3120 1382 3313 1428 autem
3365 1387 3662 1443 purpureo

1967 1462 2160 1530 galero
2206 1461 2484 1516 donatum
2517 1469 2784 1516 asserunt
2814 1475 3140 1530 anonymus
3169 1469 3223 1516 et
3271 1461 3574 1517 Ciaconius
3604 1464 3660 1518 in

1967 1552 2104 1606 Vitis
2133 1549 2484 1618 pontificum,
2519 1549 2928 1618 sepultumque
2959 1549 3268 1604 Avenione.

2038 1637 2302 1692 XXXIII.
2337 1637 2629 1692 Gerardus
2658 1638 2706 1691 II
2743 1638 2944 1704 Paule,
2995 1638 3082 1692 vel
3113 1638 3302 1690 Paule
3328 1644 3496 1692 antea
3530 1637 3660 1694 Flo-

1967 1725 2239 1780 riacensis
2269 1726 2458 1781 Sancti
2495 1725 2776 1781 Benedicti
2809 1725 3004 1792 abbas,
3041 1726 3268 1781 natione
3299 1725 3657 1782 Lemovicus.

138 1787 256 1869 riis
312 1813 498 1883 Majus
547 1814 975 1880 Monasterium,
1029 1814 1415 1884 conjecturam
1480 1815 1645 1870 infert
1697 1787 1855 1870 bulla
1893 1787 1936 1842 Β
1962 1814 2236 1884 Sepultus
2262 1821 2346 1868 est
2374 1815 2437 1867 in.
2471 1814 2646 1868 choro
2673 1813 2942 1868 ecclesia.
2977 1787 3338 1883 Anonymus.

135 1903 391 1957 Joannis
445 1908 594 1956 593
640 1916 799 1971 papae
846 1903 1021 1969 XXII,
1076 1905 1209 1958 data
1248 1905 1538 1958 Avenione
1590 1905 1744 1970 I320,
1780 1905 1848 1958 ad

137 1990 386 2045 abbates
435 1990 622 2046 Sancti
658 1991 925 2046 Germani
978 1992 1328 2058 Parisiensis,
1375 1992 1850 2047 Vindocinensem

135 2093 215 2134 ac
253 2079 786 2148 Bothomagcnsem,
836 2093 953 2148 qua
985 2080 1306 2134 defensores
1335 2089 1390 2135 et
1420 2089 1851 2136 conservatores

138 2176 354 2222 contra
407 2168 633 2222 eosdem
702 2168 920 2222 nobiles
975 2177 1029 2222 et
1083 2169 1412 2237 episcopos,
1488 2170 1849 2237 prioratuum

138 2255 384 2324 Majoris
434 2254 752 2309 Monasterii
803 2257 1185 2323 possessiones
1228 2270 1345 2324 qua
1395 2256 1478 2310 fas
1525 2271 1643 2325 qua
1693 2257 1851 2312 nefas

136 2344 582 2412 occupantium,
607 2343 1038 2402 denuntiantnr.
1082 2366 1100 2390 ε
1138 2345 1243 2399 Iste
1262 2345 1509 2398 Joannes
1537 2345 1850 2412 resignavnt

138 2432 368 2487 Simoni
422 2432 470 2486 le
513 2432 671 2499 Maye
723 2430 1037 2486 camerario
1080 2446 1172 2486 an.
1211 2434 1365 2496 1330,
1417 2440 1470 2485 et
1500 2432 1636 2486 obiit
1696 2446 1848 2486 anno

132 2520 433 2590 sequenti,
485 2527 539 2574 et
565 2519 655 2573 die
688 2519 936 2574 crastino
971 2521 1025 2573 in
1073 2535 1188 2590 quo
1243 2521 1579 2590 resignavit.
1611 2543 1638 2569 »
1687 2521 1848 2575 Ano-

137 2623 383 2679 nymus

224 2697 408 2752 XXX.
446 2718 473 2742 ‹‹
516 2696 710 2752 Simon
755 2695 805 2751 le
835 2697 990 2765 Maye
1024 2700 1173 2750 t33l.
1217 2696 1346 2752 Fuit
1377 2697 1444 2751 de
1490 2710 1634 2766 pago
1665 2696 1846 2751 Turo-

136 2786 314 2841 nensi
363 2785 664 2847 oriundus,
716 2792 771 2840 et
801 2793 1183 2853 competenter
1223 2785 1524 2840 litteratus.
1571 2787 1637 2840 Et
1668 2799 1849 2854 quan-

137 2882 272 2930 tum
326 2873 496 2928 fuerit
545 2881 744 2942 potens
775 2874 829 2926 in
873 2888 977 2927 suo
1025 2873 1324 2941 regimine,
1376 2887 1551 2942 opera
1598 2873 1844 2928 testimo-

136 2963 313 3018 nium
368 2961 667 3030 perhibent
712 2961 956 3016 veritati.
1009 2982 1034 3008 ››
1080 2962 1450 3030 Prosequitur
1499 2976 1844 3030 anonymus.

134 3050 458 3106 Eduardus
517 3051 835 3119 Anglorum
903 3064 1004 3104 rex
1067 3052 1195 3104 1333
1265 3050 1479 3104 Simoni
1541 3051 1736 3104 scribit
1787 3063 1847 3104 se

131 3153 346 3195 omnes
381 3137 610 3208 Majoris
661 3138 989 3193 Monasterii
1029 3139 1401 3206 possessiones
1429 3139 1486 3192 in
1535 3153 1638 3193 suo
1671 3152 1845 3208 regno

132 3229 456 3285 existentes
502 3227 865 3293 confirmare,
919 3226 1347 3296 instituisseque
1385 3227 1456 3282 ad
1512 3227 1636 3282 illas
1680 3235 1844 3282 tuen-

134 3317 250 3372 das
287 3323 704 3384 procuratores.

217 3406 286 3459 In
322 3404 817 3473 archiepiscopum
854 3402 1147 3474 Burdigal.
1197 3403 1451 3471 Petrum,
1487 3403 1638 3473 quod
1677 3417 1844 3472 pecu-

136 3494 276 3549 nias
331 3493 553 3548 insolite
595 3507 625 3548 e
654 3493 849 3562 Majori
906 3492 1242 3548 Monasterio
1289 3493 1568 3563 exigeret,
1611 3501 1846 3548 senten—

137 3583 286 3637 tiam
319 3582 448 3636 tulit
486 3582 822 3650 Aymericus
855 3581 1032 3636 abbas
1073 3581 1265 3636 Sancti
1295 3580 1610 3651 Augustini
1642 3581 1847 3636 Lemo-

134 3671 393 3726 vicensis
425 3683 454 3724 a
485 3670 615 3725 sede
643 3669 951 3738 apostolica
977 3670 1158 3738 judex
1189 3669 1502 3739 delegatus.
1527 3669 1651 3736 Qua
1685 3669 1752 3724 de
1786 3683 1846 3725 re

136 3761 315 3815 etiam
373 3759 670 3827 episcopus
724 3757 1019 3813 Trecensis
1085 3771 1118 3810 a
1174 3756 1475 3812 Benedicto
1535 3771 1684 3826 papa
1743 3758 1843 3812 XII

137 3847 491 3910 accersitus,
549 3846 898 3917 gravissime
981 3845 1441 3914 reprehenditur.
1523 3846 1842 3914 Quemdam

137 3936 417 3991 clericum
454 3935 784 4004 participem
813 3935 1034 4004 piorum
1063 3948 1301 4003 operum
1328 3949 1460 4004 quae
1481 3947 1516 3988 a
1547 3935 1844 3990 monachis

139 4025 360 4080 fiebant
389 4023 637 4078 admittit
663 4023 895 4092 Simon;
925 4030 1074 4092 patet
1103 4037 1174 4077 ex
1212 4022 1480 4088 formula,
1516 4022 1616 4078 ubi
1649 4023 1843 4078 isthaac

138 4112 458 4182 praesertim
491 4112 663 4166 verba
719 4111 1132 4180 exprimuntur
1171 4125 1182 4164 :
1219 4109 1422 4180 Missae,
1473 4110 1843 4182 eleemosynz

137 4205 196 4256 et
221 4200 560 4272 disciplinae.

213 4290 466 4345 Tandem
501 4290 692 4345 Simon
726 4290 839 4358 ipse
871 4289 929 4343 in
959 4289 1291 4359 episcopum
1323 4290 1725 4345 Carnotensem
1759 4297 1842 4345 est

141 4386 494 4447 assumptus.
532 4385 669 4433 ιθεῐθ
693 4391 1003 4447 anonymo.

219 4468 407 4522 XXXI.
458 4467 659 4522 Petrus
688 4467 756 4522 de
789 4466 963 4521 Podio
1020 4465 1280 4537 (Dupuy)
1337 4466 1669 4523 Lemovicus
1704 4469 1836 4522 1357

142 4570 216 4611 ex
245 4556 450 4611 abbate
489 4555 544 4610 S.
579 4555 844 4610 Florentii
890 4553 1316 4620 Salmuriensis,
1349 4555 1837 4625 quemadmodum

144 4645 413 4714 indigitat
445 4644 677 4714 ipsemet
711 4643 767 4698 in
805 4643 1004 4698 tabula
1035 4657 1188 4698 anno
1219 4646 1348 4698 1357
1383 4652 1640 4700 exarata.
1688 4644 1839 4701 Obiit

142 4747 282 4789 ann.
320 4734 474 4799 1364,
521 4733 611 4788 die
640 4733 821 4788 sancti
869 4732 1010 4788 Sixti
1043 4746 1205 4802 papae
1235 4732 1496 4802 sepultus
1545 4732 1601 4786 in
1633 4733 1838 4789 sacello

141 4821 196 4877 S.
237 4822 499 4878 Florentii
533 4821 687 4891 quod
719 4821 1074 4877 condiderat.

213 4910 450 4966 XXXII.
501 4939 570 4948 —
613 4909 902 4965 Gerardus
948 4909 1016 4964 de
1064 4910 1272 4988 Pod‘io,
1329 4909 1475 4964 Petri
1527 4923 1840 4980 germanus

144 5000 301 5054 1334.
331 4997 477 5054 Cum
508 4999 654 5054 duos
681 5012 1007 5068 anonymus
1039 4999 1292 5068 ejusdem
1328 4999 1576 5053 nominis
1605 4997 1840 5054 abbates

140 5088 404 5157 proxime
446 5087 883 5156 subsequentes,
933 5096 1108 5158 atque
1142 5087 1199 5142 in
1231 5087 1447 5142 chartis
1479 5085 1660 5142 ferme
1692 5100 1836 5142 sem-

143 5190 244 5245 per
295 5190 609 5247 cognomen
661 5176 1037 5242 subticeatur,
1089 5190 1202 5231 non
1233 5175 1382 5230 facili
1432 5175 1657 5246 negotio
1703 5174 1838 5230 anni

141 5263 458 5332 regiminis,
521 5264 593 5318 ab
643 5263 880 5319 Gerardi
954 5264 1360 5334 subsequentis
1423 5273 1659 5334 possunt
1727 5263 1840 5318 dis-

144 5352 329 5422 cerni;
365 5367 432 5408 ac
462 5352 699 5421 proinde
727 5366 875 5421 saepe
908 5351 1020 5407 fato
1060 5367 1348 5422 anonymo
1382 5353 1520 5408 ﬁdes
1557 5361 1642 5409 est
1673 5352 1838 5407 adhi-

146 5439 352 5495 benda.

217 5530 376 5592 Quod
435 5543 770 5598 propensam
838 5543 979 5597 erga
1034 5531 1214 5599 Majus
1267 5531 1667 5586 Monasterium
1737 5545 1837 5586 rex

146 5616 381 5674 Carolus
415 5617 458 5672 V
502 5617 769 5673 habuerit
814 5617 1189 5683 voluntatem,
1239 5631 1390 5674 anno
1426 5619 1648 5674 Domini
1707 5622 1839 5674 1370

2031 1903 2298 1959 XXXIV.
2337 1903 2525 1958 Helias
2566 1903 2626 1958 in
2675 1902 3066 1973 Petragorensi
3117 1901 3401 1958 territorio
3452 1902 3658 1958 humili

1962 1991 2082 2047 loco
2125 1999 2339 2047 natus:
2373 1991 2624 2061 primum
2676 1991 2768 2048 SS.
2815 1991 2996 2062 Sergii
3045 1999 3100 2047 et
3151 1991 3356 2046 Bacchi
3397 1991 3660 2061 Andega-

1960 2079 2170 2147 vensis,
2233 2080 2438 2136 deinde
2492 2079 2905 2149 permutatione
2960 2078 3134 2148 facta,
3182 2079 3409 2149 Majoris
3468 2079 3656 2134 Mona-

1959 2169 2114 2224 sterii
2174 2169 2352 2224 abbas
2409 2183 2504 2224 an.
2560 2172 2714 2223 1389.
2777 2169 2885 2224 Res
2935 2168 3266 2223 monasterii
3320 2182 3437 2222 non
3487 2167 3656 2224 modo

1959 2256 2320 2325 dilapidavit,
2382 2257 2480 2312 sed
2544 2257 2917 2312 monasticam
2988 2271 3223 2326 quoque
3290 2255 3651 2326 disciplinam

1959 2344 2276 2414 pessumire
2319 2344 2622 2399 consensit.
2659 2343 2935 2400 Nonnulli
2967 2344 3071 2399 hoc
3115 2352 3364 2413 tempore
3393 2359 3423 2399 e
3456 2358 3656 2398 mona-

1958 2434 2082 2489 chis
2123 2433 2350 2503 Majoris
2392 2433 2712 2488 Monasterii
2743 2432 3021 2488 Lauream
3071 2432 3550 2487 Baccalaureatus
3600 2433 3654 2486 in

1957 2522 2198 2577 decretis
2253 2521 2571 2587 obtinuere,
2633 2521 2859 2590 publice
2915 2523 3074 2576 Petro
3121 2520 3325 2576 abbate
3374 2520 3434 2575 S.
3486 2520 3656 2590 Eligii

1956 2609 2350 2665 Noviomensis
2401 2609 2670 2674 docente,
2729 2621 2866 2663 ann.
2929 2609 3083 2662 1394.
3145 2608 3332 2663 Helias
3387 2621 3537 2662 onus
3596 2607 3653 2661 in

1959 2697 2272 2754 Guidonem
2307 2697 2374 2751 de
2423 2697 2572 2752 Luro
2605 2696 2871 2751 abbatem
2913 2695 3106 2752 Sancti
3139 2696 3320 2766 Sergii
3368 2695 3652 2765 deposuit,

1955 2794 2010 2840 et
2055 2786 2320 2841 abdicata
2364 2786 2521 2840 omni
2555 2785 2885 2854 praelatura,
2918 2792 3094 2855 atque
3133 2785 3405 2840 omnibus
3436 2798 3650 2839 renun-

1959 2875 2109 2928 tians
2158 2874 2312 2928 flevit
2361 2889 2492 2943 quae
2523 2880 2777 2943 gesserat
2828 2873 2998 2927 mala.
3043 2873 3194 2928 Obiit
3225 2887 3282 2927 ιιι
3320 2871 3446 2927 Kal.
3497 2871 3657 2927 Octo-

1958 2962 2076 3016 bris
2108 2963 2264 3015 1418.

1886 3083 1926 3136 C
2028 3050 2254 3105 XXXV.
2306 3049 2492 3106 Guido
2548 3049 2618 3104 de
2677 3049 2850 3115 Luro,
2913 3049 3270 3114 Lemovicus,
3323 3062 3397 3103 ex
3447 3048 3654 3105 abbate

1955 3139 2147 3194 Sancti
2191 3137 2372 3208 Sergii
2415 3136 2844 3208 Andegavensis
2895 3138 3050 3191 1413.
3104 3137 3332 3192 Litteris
3382 3151 3498 3192 non
3528 3150 3650 3191 me-

1953 3227 2222 3283 diocriter
2273 3226 2556 3282 eruditus.
2591 3226 2813 3281 Damna
2855 3234 2979 3282 tum
3024 3226 3102 3281 rei
3134 3225 3474 3292 domesticae,
3527 3232 3650 3282 tum

1953 3317 2124 3371 etiam
2176 3315 2461 3386 regularis
2495 3315 2874 3371 observantiae
2897 3329 2930 3370 a
2969 3315 3262 3370 decessore
3309 3313 3489 3379 illata,
3526 3328 3647 3370 ma-

1953 3405 2113 3459 xima
2158 3412 2317 3474 parte
2347 3403 2664 3460 resarcivit.
2712 3404 2991 3460 Addictus
3039 3402 3352 3474 prasertim
3401 3402 3649 3458 eleemo—

1953 3493 2112 3562 synis
2163 3493 2518 3563 pauperibus
2565 3493 2871 3564 erogandis
2900 3491 3030 3559 fuit,
3081 3505 3148 3546 ac
3179 3492 3508 3546 monasterii
3545 3492 3649 3561 ju-

1952 3582 2126 3649 rium,
2177 3582 2730 3652 immunitatumque
2793 3590 3187 3652 propugnator
3229 3595 3242 3633 :
3290 3579 3540 3650 denique
3589 3581 3648 3634 in

1950 3685 2086 3739 pace
2113 3671 2350 3741 quievit,
2386 3670 2555 3739 cujus
2603 3684 2811 3739 corpus
2840 3670 3095 3726 delatum
3142 3683 3210 3724 ac
3238 3667 3531 3737 sepultum
3584 3668 3643 3722 in

1951 3759 2124 3814 choro
2154 3759 2380 3829 Majoris
2413 3759 2740 3814 Monasterii
2778 3759 2886 3815 sub
2942 3758 3140 3814 tumba
3168 3770 3383 3827 cuprea
3425 3757 3648 3812 Geraldi

1951 3847 2167 3903 Paultaa
2221 3847 2445 3903 abbatis
2474 3850 2560 3914 33,
2605 3847 2756 3916 patri
2786 3847 2896 3902 sui.
2947 3847 3032 3902 Ita
3078 3853 3269 3901 noster
3299 3859 3647 3915 anonymus,

1950 3937 2054 4008 qui
2112 3936 2344 4007 Majoris
2399 3935 2722 3992 Monasterii
2782 3935 3060 3991 abbatum
3132 3935 3336 3989 seriem
3404 3934 3646 3989 ulterius

1950 4026 2185 4081 minime
2221 4025 2510 4094 perduxit.

2021 4114 2278 4169 XXXVI.
2334 4114 2533 4168 Petrus
2583 4114 2848 4182 Marques
2901 4111 2972 4168 ab
3019 4125 3114 4166 an.
3169 4111 3305 4166 1429
3365 4111 3437 4166 ad
3485 4111 3639 4166 1453.

1949 4201 2321 4272 Privilegium
2375 4202 2672 4272 singulare
2722 4200 2918 4271 Majori
2959 4201 3298 4256 Monasterio
3356 4214 3470 4254 non
3527 4207 3640 4254 tam

1950 4289 2209 4354 indulsit,
2261 4289 2530 4346 Nicolaus
2563 4303 2711 4360 papa
2758 4289 2828 4357 V,
2859 4303 3035 4359 quam
3086 4288 3448 4358 approbavit.
3480 4287 3645 4351 Quod

1878 4379 1922 4432 D
1951 4379 2088 4435 huic
2115 4379 2390 4435 abbatum
2431 4379 2682 4434 Elencho
2711 4378 2958 4434 inserere
3001 4377 3369 4447 profuturum
3400 4377 3646 4433 subinde

1944 4467 2225 4538 iudicavi.

2021 4578 2049 4607 «
2090 4557 2361 4613 Nicolaus
2403 4557 2722 4628 episcopus,
2777 4571 2982 4613 servus
3027 4569 3329 4612 servorum
3383 4555 3505 4624 Dei,
3569 4553 3639 4610 ad

1948 4645 2203 4702 futuram
2238 4646 2315 4701 rei
2347 4646 2702 4712 memoriam,
2732 4645 2804 4701 ad
2836 4645 3095 4701 decorem
3121 4659 3298 4701 sacrae
3331 4644 3642 4716 religionis,

1947 4747 2016 4788 ac
2050 4742 2112 4790 ut
2136 4734 2289 4789 illius
2319 4735 2506 4790 felices
2534 4735 2754 4804 ubique
2775 4735 3092 4790 dilatentur
3122 4733 3423 4788 fecundius
3446 4745 3645 4802 propa-

1948 4823 2130 4893 gines,
2175 4837 2398 4898 necnon
2452 4824 2684 4879 honoris
2740 4823 2928 4890 ﬂores,
2973 4826 3029 4878 et
3057 4822 3369 4878 honestatis
3423 4821 3645 4876 fructus

1951 4913 2006 4967 in
2032 4925 2119 4978 ea,
2146 4911 2206 4966 in
2228 4912 2413 4969 salute
2445 4912 2852 4982 plurimorum,
2888 4911 2944 4965 in
2967 4909 3228 4966 ubertate
3249 4913 3639 4976 concrescant,

1949 5001 2270 5069 apostolica:
2335 5000 2723 5057 meditationis
2797 4999 3198 5055 vehementius
3262 4996 3644 5053 diffundimus

1947 5089 2254 5158 cogitatus,
2305 5089 2648 5158 specialibus
2685 5103 2752 5144 ea
2800 5095 3208 5158 prosequentes
3255 5085 3640 5153 adminiculis,

1948 5191 2050 5246 per
2079 5192 2210 5247 qua;
2242 5192 2496 5247 personas
2540 5176 2816 5248 religiosae
2845 5175 3212 5248 singularum
3245 5175 3642 5230 turbationum

1949 5267 2304 5322 cessantibus
2358 5267 2701 5336 dispendiis,
2763 5267 2817 5322 in
2886 5267 3044 5335 pacis
3099 5272 3154 5320 et
3207 5263 3645 5334 tranquillitatis

1949 5355 2269 5422 dulcedine,
2331 5356 2440 5410 sub
2496 5355 2816 5424 apostolicze
2879 5355 3159 5410 libertatis
3217 5353 3524 5423 praesidiis,
3585 5353 3641 5407 in

1949 5451 2158 5498 sanctae
2219 5444 2709 5513 contemplationis
2758 5444 3042 5500 suavitate
3089 5443 3342 5512 quietius
3386 5450 3441 5498 et
3489 5456 3642 5497 com-

1946 5531 2175 5588 modius
2198 5533 2494 5588 exsolvere
2528 5533 2755 5588 valeant
2792 5533 3068 5588 altissimo
3099 5545 3206 5586 sua
3241 5539 3389 5586 vota.

2022 5621 2224 5677 «Hinc
2277 5628 2361 5678 est
2413 5621 2566 5692 quod
2616 5636 2722 5677 nos
2779 5619 3102 5678 charissimi
3157 5619 3215 5676 in
3263 5619 3488 5676 Christo
3538 5619 3639 5676 11111
