3930 6436
281 351 422 404 1075

1269 349 1366 403 ΑΙ)
1404 347 1556 403 ΟΡΡ.
1597 349 1764 404 VEN.
1809 346 2138 402 GUIBERTI
2176 347 2267 402 DE
2307 346 2700 402 NOVIGENTO

3661 342 3854 402 1076

279 480 459 538 nostri
487 480 677 540 Caroli
726 481 1080 538 Francorum
1129 481 1278 553 regis
1333 479 1590 546 illustris,
1619 493 1688 535 ac
1730 479 1961 536 dilecto-
2005 481 2044 534 Α
2075 479 2440 536 contineatur
2485 493 2775 550 expresse,
2833 493 2965 549 quae
2995 478 3068 534 ad
3115 479 3342 549 quasvis
3389 486 3670 549 exempta
3713 475 3844 532 vel

280 582 414 626 rum
446 569 697 626 filiorum
726 569 952 626 abbatis
983 579 1039 626 et
1066 575 1386 626 conventus
1432 567 1762 624 monasterii
1795 567 1982 639 Majo-

280 657 361 712 ris
386 657 716 714 Monasterii
766 672 941 728 prope
969 659 1276 725 Turonem,
1318 657 1390 712 ad
1418 657 1734 713 Romanam
1781 657 1982 712 Eccle-

283 747 428 801 siam
482 747 646 802 nullo
693 747 880 802 medio
921 747 1276 816 pertinentis,
1303 747 1525 802 ordinis
1573 745 1767 802 Sancti
1810 747 1984 802 Bene-

281 832 440 900 dicti,
467 839 619 886 594
650 847 718 890 ac
764 834 1021 904 priorum
1051 835 1415 904 prioratuum
1441 834 1592 890 dicto
1638 835 1984 890 monasterio

281 921 698 992 subjectorum,
731 922 791 978 in
838 923 946 978 bac
971 931 1131 991 parte
1177 921 1696 991 supplicationibus
1727 922 1986 978 inclinati

284 1009 486 1080 potiori
521 1024 623 1080 pro
668 1010 897 1066 cautela
943 1011 1353 1066 monasterium
1398 1011 1753 1080 praedictum,
1805 1024 1873 1066 ac
1903 1011 1984 1066 illi

285 1097 564 1169 subjecta,
597 1105 654 1154 et
684 1098 742 1154 in
791 1097 1056 1154 futurum
1089 1097 1452 1167 subjicienda
1481 1100 1818 1169 ubicunque
1843 1113 1986 1155 con-

286 1186 584 1252 sistentia,
636 1187 956 1256 prioratus,
1013 1187 1358 1257 hospitalia,
1412 1187 1708 1254 membra,
1765 1196 1820 1244 et
1867 1188 1988 1244 loca

287 1289 693 1345 quaecunque;
742 1289 963 1330 necnon
993 1275 1325 1330 monasterii
1379 1275 1763 1345 prioratuum,
1807 1290 1986 1332 mem—

291 1362 552 1429 brorum,
600 1362 991 1432 bospitalium.
1033 1370 1090 1419 et
1137 1363 1394 1418 locorum
1428 1363 1831 1433 praedictorum
1881 1364 1990 1420 ab-

291 1450 471 1516 bates,
521 1450 739 1520 priores
767 1458 824 1506 et
861 1451 1187 1520 superiores
1229 1465 1548 1522 eorumque
1579 1452 1904 1518 monachos,
1937 1460 1992 1508 et

293 1553 564 1609 personas
595 1539 929 1607 familiares,
963 1540 1324 1606 domesticos,
1370 1541 1675 1604 continuos
1699 1555 1988 1596 commen-

291 1627 458 1695 sales,
509 1641 578 1682 ac
625 1641 898 1697 personas
927 1629 986 1683 in
1039 1628 1178 1698 ipsis
1224 1627 1555 1694 residentes,
1593 1637 1902 1698 praesentes
1937 1637 1994 1685 et

295 1715 542 1784 futuros,
575 1729 712 1774 cum
757 1716 1029 1772 omnibus
1071 1717 1326 1785 ipsorum
1361 1716 1672 1772 mobilibus
1699 1725 1754 1772 et
1798 1719 1992 1772 immo-

291 1804 505 1860 bilibus
553 1804 734 1873 bonis,
781 1804 978 1873 rebus,
1024 1804 1277 1876 juribus,
1328 1812 1383 1860 et
1413 1805 1773 1874 pertinentiis
1819 1805 1992 1861 etiam

293 1893 672 1962 praesentibus
702 1901 758 1949 et
789 1892 1022 1957 futuris,
1056 1893 1131 1950 ab
1155 1895 1312 1950 omni
1353 1893 1778 1963 jurisdictione,
1808 1894 1990 1950 domi-

292 1981 408 2048 nio,
461 1981 839 2050 subjectione,
891 1984 1266 2049 auctoritate,
1322 1989 1631 2052 potestate,
1687 1983 1994 2052 superiori-

292 2077 424 2136 tate,
484 2069 829 2137 visitatione,
903 2071 1272 2134 correctione,
1331 2069 1688 2136 coercitione,
1740 2079 1796 2126 et
1842 2085 1993 2126 com-

295 2155 556 2226 pulsione
586 2158 1148 2228 archiepiscoporum
1194 2157 1642 2224 Turonensium,
1673 2145 2004 2228 eorumque.

292 2243 644 2302 vicariorum
699 2255 753 2302 et
793 2245 1148 2314 oflicialium,
1205 2260 1272 2301 ac
1317 2245 1708 2316 quorumlibet
1745 2247 1993 2304 aliorum

293 2332 742 2400 ordinariorum,
795 2341 851 2389 et
888 2334 1281 2404 praelatorum,
1313 2347 1381 2390 ac
1408 2348 1784 2404 personarum
1814 2335 1993 2391 eccle-

295 2419 692 2491 siasticarum;
766 2436 988 2476 necnon
1036 2436 1071 2477 a
1135 2422 1418 2477 solutione
1483 2435 1992 2492 quorumcunque,

296 2507 686 2575 collectarum,
767 2509 1160 2580 pcdagiorum,
1220 2508 1653 2564 caritativorum
1724 2509 1999 2566 subsidio-

298 2609 451 2664 rum,
486 2596 918 2665 impositionum
946 2605 1003 2653 et
1027 2611 1289 2663 onerum,
1324 2611 1393 2652 ac
1421 2597 1826 2668 cujuscunque
1856 2599 1994 2654 alte-

299 2683 422 2738 rius
482 2684 709 2754 generis
766 2684 1157 2750 exactionum,
1207 2685 1276 2740 de
1323 2687 1644 2754 apostolicae
1708 2689 1996 2756 potestatis

299 2771 674 2839 plenitudine,
707 2779 764 2827 et
794 2787 867 2829 ex
910 2779 1066 2828 certa
1093 2773 1354 2841 scientia,
1399 2789 1635 2844 prorsus
1663 2775 1994 2842 eximimus,

299 2866 355 2916 et
406 2859 654 2915 totaliter
705 2861 1038 2928 liberamus,
1102 2875 1170 2916 ac
1219 2861 1278 2916 in
1331 2863 1430 2932 jus
1479 2871 1534 2918 et
1594 2865 1998 2934 proprietatem

302 2948 452 3004 beati
503 2948 653 3005 Petri
699 2949 848 3006 sedis
899 2951 1244 3019 apostolicae,
1277 2959 1333 3007 et
1376 2951 1485 3006 sub
1515 2967 1715 3008 eorum
1765 2953 1996 3023 speciali

2027 1772 2072 1827 B

2089 582 2205 623 non
2251 576 2540 638 exempta,
2595 568 2900 638 prioratus,
2946 581 3047 622 seu
3079 567 3202 624 loca
3239 582 3298 624 se
3347 569 3690 635 extendant,
3738 580 3842 622 ex

2089 655 2289 726 aliqua
2316 656 2444 726 ejus
2485 657 2892 727 cujuscunque
2921 655 3134 710 tenoris
3163 655 3374 710 existat
3403 655 3835 727 indulgentia,

2091 759 2207 799 non
2263 744 2534 813 obsistat;
2585 743 2695 799 nisi
2753 743 2946 798 forsan
3000 743 3164 798 dictae
3209 743 3412 800 litterae
3465 744 3844 814 apostolicae

2092 833 2161 888 de
2209 834 2410 888 ordine
2462 842 2518 888 et
2572 833 2915 888 monasterio
2966 833 3216 902 praefatis
3273 847 3340 888 ac
3389 835 3837 902 praesentibus.

2091 922 2162 976 de
2193 922 2368 978 verbo
2417 922 2489 976 ad
2534 922 2799 986 verb-am,
2855 935 3074 976 necnon
3123 922 3420 976 monachis
3447 931 3502 977 et
3534 921 3840 992 degenti-

2092 1009 2202 1066 bus
2285 1011 2348 1066 in
2434 1009 2814 1073 monasterio,
2890 1010 3272 1079 prioratibus,
3370 1010 3838 1079 hospitalibus,

2093 1099 2365 1154 membris
2410 1106 2466 1154 et
2524 1098 2662 1154 locis
2711 1097 2996 1168 praedictis
3053 1098 3280 1166 plenam
3333 1106 3388 1153 et
3435 1112 3838 1168 expressam,

2093 1199 2162 1241 ac
2211 1186 2386 1242 etiam
2445 1194 2710 1242 notanter
2771 1195 2827 1242 et
2879 1186 3204 1256 specialiter
3255 1187 3490 1242 fecerint
3552 1187 3837 1242 mentio-

2100 1289 2256 1330 nem.

2173 1385 2194 1412 ι
2229 1365 2290 1419 Et
2339 1363 2573 1433 insuper
2625 1363 2895 1419 volumus
2937 1369 2993 1419 et
3039 1363 3250 1418 eisdem
3303 1363 3518 1430 abbati,
3551 1371 3609 1419 et
3657 1378 3844 1419 con-

2100 1452 2320 1518 ventui,
2387 1459 2442 1508 et
2507 1450 2800 1521 prioribus
2861 1451 3014 1506 dicta
3079 1451 3390 1520 apostolica
3461 1451 3840 1507 auctoritate

2101 1539 2488 1607 concedimus,
2521 1554 2653 1609 quae
2683 1539 2752 1594 de
2807 1539 3184 1608 prasentibus
3213 1547 3267 1595 et
3298 1539 3352 1594 in
3385 1539 3468 1595 eis
3497 1540 3838 1604 contentis,

2101 1627 2278 1684 alicui
2307 1642 2379 1683 ex
2428 1627 2887 1697 archiepiscopis,
2934 1640 3002 1682 ac
3032 1627 3160 1682 aliis
3207 1627 3460 1682 locorum
3493 1626 3839 1682 ordinariis

2102 1718 2410 1788 praedictis,
2445 1717 2503 1772 in
2535 1731 2736 1772 eorum
2778 1717 2896 1772 vita
2924 1716 3031 1771 nisi
3055 1717 3226 1771 semel
3259 1723 3506 1779 tantum,
3551 1716 3596 1771 si
3624 1729 3836 1785 super

2102 1807 2209 1862 hoc
2239 1819 2340 1876 per
2367 1820 2462 1861 eos
2487 1805 2747 1876 requisiti
2773 1803 2986 1860 fuerint
3019 1805 3186 1860 fidem
3212 1804 3394 1860 facere
3421 1817 3826 1875 nequaquam

2101 1900 2426 1962 teneantur,
2477 1908 2582 1950 nec
2635 1893 2708 1949 ad
2754 1893 2808 1948 id
2867 1893 3033 1948 inviti
3095 1892 3324 1948 valeant
3372 1891 3833 1962 quomodolibet

2100 1983 2381 2040 roarctari
2429 1983 2608 2040 felicis
2646 1981 3058 2039 recordationis
3100 1981 3412 2037 Innocentii
3467 1980 3541 2037 IV
3587 1981 3830 2050 praede-

2101 2073 2338 2128 cessoris
2379 2071 2582 2138 nostri,
2627 2079 2681 2126 et
2729 2070 2854 2126 aliis
2901 2069 3228 2140 apostolicis
3267 2069 3820 2134 constitutionibus,

2101 2174 2325 2216 necnon
2355 2160 2578 2231 legibus
2607 2159 3002 2228 imperialibus
3031 2172 3098 2213 ac
3129 2157 3380 2219 statutis,
3411 2165 3466 2212 et
3493 2165 3826 2212 consuetu-

2101 2250 2354 2314 dinibus,
2389 2263 2611 2304 necnon
2642 2249 2752 2304 illis
2784 2262 2884 2317 per
2912 2262 3044 2317 quae
3074 2246 3371 2315 praemissa
3402 2253 3626 2315 possent
3655 2261 3826 2316 quo-

2103 2339 2411 2394 modolibet
2457 2337 2697 2407 infringi
2753 2336 2838 2391 vel
2877 2334 3160 2405 impediri,
3193 2343 3248 2391 et
3307 2335 3434 2390 aliis
3467 2335 3525 2389 in
3571 2343 3825 2390 contra-

2104 2429 2258 2484 rium
2288 2427 2456 2483 editis
2485 2425 2968 2482 nonobstantihus
2999 2424 3470 2494 quibuscunque.
3504 2423 3619 2480 Nos
3647 2423 3827 2478 enim

2104 2529 2488 2586 quascunque
2531 2512 3220 2577 excommunicationum,
3255 2511 3721 2580 suspensionum,
3756 2519 3827 2567 et

2106 2604 2412 2670 interdicti,
2462 2603 2722 2672 aliasque
2767 2601 3182 2657 ecclesiasticas
3224 2600 3552 2664 sententias,
3597 2615 3828 2655 censu-

2106 2707 2201 2748 ras
2229 2701 2284 2748 et
2312 2705 2528 2762 poenas,
2573 2705 2795 2746 necnon
2827 2704 3210 2760 quoscunque
3261 2703 3579 2759 processus.
3625 2689 3819 2744 etiam

2106 2795 2489 2852 quascunque
2535 2779 2846 2835 sententias
2891 2787 2946 2835 et
2976 2792 3172 2847 poenas
3220 2776 3276 2832 in
3316 2791 3374 2832 se
3423 2777 3820 2844 continentes,

2105 2883 2273 2940 quas,
2304 2879 2360 2924 et
2400 2882 2547 2938 quos
2571 2875 2771 2923 contra
2813 2867 3102 2933 abbatem,
3152 2873 3520 2931 conventum,
3555 2865 3816 2934 priores,

2107 2958 2440 3022 monachos,
2487 2956 2798 3012 residentes
2851 2968 3138 3024 personas,
3189 2955 3620 3020 monasterium,
3660 2953 3829 3022 prio-

299 3049 371 3124 ac
419 3035 751 3093 immediata
798 3039 1141 3108 protectione
1187 3040 1552 3110 suscipimus,
1599 3049 1774 3110 atque
1805 3051 2000 3098 nostra
2039 3067 2082 3124 ο
2109 3054 2291 3108 ratus,
2344 3045 2666 3115 hospitalia,
2715 3043 2974 3099 membra
3001 3050 3056 3098 et
3094 3042 3213 3097 loca
3263 3041 3551 3110 praedicta,
3603 3049 3826 3097 contra

301 3123 670 3182 decernentes
725 3127 1179 3194 monasterium,
1257 3129 1584 3198 prioratus,
1653 3130 1995 3200 hospitalia,

305 3212 580 3282 membra,
636 3213 778 3282 loca,
813 3215 1070 3281 abbates,
1103 3215 1342 3287 priores,
1385 3219 1713 3286 monachos,
1748 3219 2000 3275 familia-

305 3315 396 3356 res
425 3315 717 3370 personas,
751 3303 903 3360 bona
929 3312 983 3360 et
1030 3319 1122 3361 res
1149 3305 1456 3376 praedicta;
1505 3307 1692 3362 solum
1721 3315 1777 3362 et
1809 3307 2002 3364 imme-

303 3389 456 3445 diate
512 3389 677 3448 dictae
716 3391 838 3448 sedi
890 3393 950 3448 in
1005 3393 1274 3450 omnibus
1317 3395 1651 3464 subjacere;
1710 3395 1792 3450 ita
1845 3397 1997 3465 quod

305 3476 738 3548 archiepiscopi,
783 3480 1005 3544 vicarii,
1046 3481 1337 3550 ofﬁciales,
1370 3483 1646 3538 ordinarii
1695 3491 1750 3539 et
1781 3485 2001 3552 praelati

309 3563 584 3632 praedicti,
619 3565 710 3621 vel
742 3567 936 3636 quivis
973 3567 1066 3623 alii
1102 3568 1158 3622 in
1187 3582 1275 3634 ea,
1307 3577 1503 3640 utpote
1535 3583 1771 3639 prorsus
1801 3585 2002 3628 exem-

307 3659 422 3720 pta,
475 3653 818 3723 generaliter
863 3663 919 3711 et
968 3657 1308 3726 specialiter,
1357 3666 1458 3714 aut
1486 3660 1868 3715 communiter
1911 3659 2001 3716 vel

307 3738 536 3795 divisim
579 3756 692 3797 non
727 3743 943 3812 possint
991 3745 1198 3815 quavis
1229 3746 1565 3802 auctoritate
1606 3747 2004 3804 excommuni-

308 3827 552 3883 cationis
603 3832 1013 3900 suspensionis,
1068 3833 1155 3888 vel
1191 3833 1494 3900 interdicti,
1542 3843 1644 3891 aut
1691 3835 1832 3891 alias
1873 3851 2008 3891 sen-

312 3917 518 3972 tentias
563 3919 991 3990 ecclesiasticas,
1041 3935 1318 3978 censuras
1362 3931 1418 3979 et
1449 3937 1644 3992 poenas
1685 3925 2002 3994 quomodo-

311 4003 448 4061 libet
479 4009 868 4081 promulgare,
915 4025 1018 4066 seu
1048 4011 1192 4067 alias
1220 4011 1391 4066 etiam
1423 4013 1642 4068 ratione
1671 4011 1882 4080 delicti,
1911 4013 2003 4070 vel

310 4101 657 4162 contractus.
688 4105 790 4154 aut
829 4099 929 4168 rei,
961 4099 1032 4155 de
1073 4113 1193 4171 qua
1221 4101 1436 4172 agitur,
1485 4100 1818 4172 ubicunque
1847 4117 2002 4159 com-

313 4183 574 4262 mittatur
603 4185 898 4256 delictum,
947 4189 1176 4245 ineatur
1221 4196 1568 4256 contractus,
1611 4197 1714 4245 aut
1761 4204 1851 4246 res
1881 4191 2006 4260 ipsa

311 4271 618 4343 consistat;
681 4283 1031 4344 potestatem,
1079 4277 1562 4349 jurisdictionem,
1625 4277 2004 4348 superiorita-

2109 3141 2360 3191 tenorem
2415 3141 2471 3189 et
2522 3132 2764 3188 formam
2838 3129 3226 3200 praesentium,
3299 3143 3368 3184 ac
3423 3129 3828 3198 exemptionis

2109 3222 2446 3294 huiusmodi
2507 3219 2866 3291 promulgari
2919 3226 2974 3274 et
3027 3217 3267 3284 haberi;
3329 3231 3547 3272 necnon
3622 3221 3824 3272 totum

2108 3313 2187 3375 id,
2231 3319 2287 3367 et
2315 3309 2604 3381 quidquid
2655 3308 2714 3364 in
2746 3305 3104 3362 contrarium
3154 3319 3188 3360 a
3231 3319 3548 3374 quoquam,
3597 3305 3828 3374 quavis

2109 3399 2466 3465 auctoritate,
2521 3397 2766 3454 scienter
2838 3395 2930 3450 vel
2985 3394 3322 3464 ignoranter
3377 3393 3520 3459 ﬁeri,
3581 3393 3670 3448 vel
3733 3401 3825 3449 at-

2109 3488 2318 3544 tentari
2377 3486 2701 3557 contigerit,
2755 3483 2940 3552 nulla,
2994 3496 3188 3548 cassa,
3247 3481 3430 3549 irrita,
3493 3481 3707 3537 infecta
3763 3489 3828 3538 et

2110 3576 2328 3642 inania,
2363 3589 2431 3631 ac
2455 3573 2676 3631 nullius
2715 3573 2887 3629 etiam
2916 3570 3282 3628 decernimus
3311 3570 3558 3626 existere
3585 3570 3824 3626 roboris

2110 3665 2200 3722 vel
2231 3662 2527 3720 momenti.

2183 3775 2211 3803 ‹‹
2241 3753 2394 3809 Nulli
2427 3765 2568 3822 ergo
2597 3749 2900 3806 hominum
2931 3747 3096 3804 liceat
3123 3747 3274 3802 hanc
3300 3746 3570 3817 paginam
3599 3753 3817 3803 nostrae

2109 3839 2510 3911 exemptionis,
2558 3836 2934 3903 liberationis,
2983 3835 3374 3904 susceptionis,
3423 3834 3651 3901 decreti,
3701 3848 3819 3891 vo-

2110 3930 2370 3996 luntatis,
2425 3926 2806 3984 concessionis
2861 3933 2916 3982 et
2983 3923 3410 3980 constitutionis
3472 3923 3811 3993 infringere,

2111 4019 2202 4076 vel
2229 4019 2279 4076 ei
2317 4031 2468 4074 ausu
2523 4015 2826 4072 temerario
2856 4013 3160 4077 contraire,
3209 4011 3264 4068 Si
3299 4011 3432 4082 quis
3459 4019 3650 4068 autem
3697 4011 3813 4067 hoc

2112 4116 2391 4166 attentare
2422 4104 2873 4178 praesumpserit,
2917 4101 3370 4172 indignationem
3401 4100 3813 4170 omnipotentis

2113 4197 2233 4264 Dei,
2264 4203 2320 4253 et
2349 4197 2648 4252 beatorum
2679 4193 2828 4249 Petri
2861 4200 2916 4248 et
2949 4191 3112 4247 Pauli
3142 4189 3532 4260 apostolorum
3561 4189 3708 4258 ejus,
3745 4203 3806 4244 se

2113 4281 2338 4339 noverit
2389 4281 2784 4336 incursurum.
2826 4278 3036 4333 Datum
3085 4276 3276 4332 Romae
3327 4275 3477 4342 apud
3535 4273 3801 4330 Sanctam

313 4367 446 4426 tem,
472 4363 894 4431 auctoritatem,
943 4364 1349 4430 visitationem,
1379 4365 1808 4433 correctionem,
1854 4381 2007 4422 coer-
2041 4353 2086 4406 Ῑ)
2115 4366 2512 4425 Potentianam
2538 4379 2690 4421 anno
2723 4361 3142 4420 Incarnationis
3174 4361 3483 4417 Dominicm
3509 4359 3809 4416 millesimo

311 4447 621 4518 citionem,
681 4452 1168 4521 compulsionem,
1227 4453 1318 4510 vel
1391 4453 1714 4510 dominium
1771 4455 2006 4526 aliquod

313 4551 597 4594 exercere.
650 4539 931 4611 Quodque
983 4542 1158 4599 etiam
1202 4542 1460 4609 abbates,
1512 4543 1727 4612 priores
1763 4550 1818 4599 et
1875 4559 2008 4600 con-

315 4633 521 4684 ventus
565 4629 833 4698 praedicti,
884 4631 1105 4687 ratione
1143 4631 1424 4688 bonorum
1465 4631 1811 4696 monasterii,
1862 4633 2010 4702 prio-

314 4725 570 4785 ratuum,
603 4717 990 4787 hospitalium,
1041 4719 1430 4776 membrorum
1463 4734 1530 4776 ac
1569 4719 1822 4776 locorum
1855 4735 2008 4792 prae-

311 4805 617 4874 dictorum,
668 4808 1133 4876 procurationem
1182 4808 1466 4880 aliquam,
1511 4809 1600 4865 vel
1645 4810 1816 4866 etiam
1867 4825 2008 4865 con-

310 4894 654 4962 ventionem,
707 4903 810 4952 aut
859 4895 1271 4952 charitativum
1328 4895 1690 4961 subsidium,
1731 4895 2008 4966 gabellas,

315 4983 572 5054 pedagia,
595 4984 818 5040 telonea
837 4993 892 5040 et
937 4984 1078 5040 alias
1105 4984 1452 5050 exactiones,
1485 4984 1796 5054 quibusvis
1849 4984 2005 5056 regi-

313 5070 444 5138 bus,
475 5085 579 5127 seu
609 5073 736 5128 aliis
765 5072 1024 5142 personis
1067 5072 1479 5141 ecclesiasticis,
1519 5072 1607 5128 vel
1633 5072 2010 5128 saecularibus

313 5158 471 5226 dare,
529 5159 768 5228 solvere,
817 5159 1054 5217 minime
1102 5169 1442 5227 teneantur;
1499 5175 1606 5216 nec
1643 5161 1714 5217 ad
1755 5161 1812 5216 id
1864 5175 2013 5216 com-

317 5245 448 5316 pelli
494 5247 726 5316 possint,
761 5247 852 5304 vel
895 5262 1068 5318 super
1116 5249 1242 5318 hoc,
1301 5257 1404 5306 aut
1445 5249 1587 5306 alias
1637 5263 1672 5305 a
1711 5263 2008 5320 quoquam

317 5334 740 5403 quomodolibet
775 5335 1089 5403 conveniri,
1124 5339 1210 5394 vel
1246 5353 1347 5409 per
1376 5337 1594 5394 litteras
1623 5338 1772 5394 sedis
1799 5339 2010 5410 praedi-

317 5428 441 5487 ctze,
490 5429 593 5478 aut
635 5423 980 5493 legatorum,
1028 5425 1116 5481 vel
1163 5427 1578 5498 delegatorum,
1629 5441 1734 5483 seu
1784 5427 2013 5484 nuntio-

315 5521 444 5565 rum
478 5511 678 5580 ipsius,
701 5519 803 5568 aut
833 5512 1284 5571 dicecesanorum
1313 5515 1592 5582 locorum,
1617 5515 1708 5571 vel
1737 5529 2014 5585 quorum-

315 5611 547 5670 cunque
601 5599 868 5668 aliorum,
919 5599 1094 5655 etiam
1142 5604 1262 5659 sive
1309 5603 1570 5679 ejusdem
1619 5604 1769 5659 sedis
1809 5603 2012 5660 litteris

2115 4453 2684 4528 quadringentesimo
2782 4449 3228 4522 quadragesimo
3314 4456 3556 4515 octavo,
3641 4447 3809 4503 tertio

2115 4542 2336 4598 decimo
2365 4540 2605 4598 Kalend.
2653 4539 2998 4607 Decembris,
3030 4537 3397 4608 pontificatus
3443 4535 3621 4592 nostri
3654 4549 3808 4591 anno

2115 4631 2389 4688 secundo.
2423 4650 2452 4680 »

2187 4725 2338 4774 595
2369 4719 2658 4776 XXXVII.
2710 4717 2894 4774 Guido
2919 4715 3138 4788 Vigerii
3168 4713 3418 4787 (Vigier)
3457 4715 3610 4769 1453.
3646 4713 3809 4769 Hisce

2119 4807 2474 4878 temporibus
2518 4805 2909 4876 expostularat
2963 4803 3216 4874 pontifex
3263 4803 3554 4858 maximus
3594 4801 3730 4856 Pius
3758 4801 3807 4856 11

2116 4896 2360 4968 (quippe
2409 4894 2831 4966 expeditionem
2867 4893 3105 4962 parabat
3152 4893 3211 4947 in
3252 4892 3490 4958 Turcas)
3522 4891 3592 4946 ab
3640 4889 3810 4944 eccle-

2117 4984 2360 5042 siasticis
2433 4983 2573 5040 viris
2623 4983 2946 5044 decimam;
3023 4994 3202 5052 quam
3265 4979 3588 5051 persolvere
3643 4977 3806 5033 multi

2118 5074 2523 5129 detrectavere.
2580 5070 2941 5141 Quapropter
3004 5067 3438 5140 Audegavensis
3499 5065 3807 5136 provincia)

2117 5161 2340 5228 Clerici,
2395 5160 2550 5232 quod
2603 5163 2663 5216 in
2699 5173 2769 5216 ea
2818 5159 3011 5229 plures
3065 5158 3378 5214 existerent
3422 5154 3648 5226 Majoris
3695 5154 3807 5210 Mo-

2118 5250 2351 5307 nasterii
2398 5249 2709 5320 prioratus,
2762 5247 3078 5304 Guidonem
3141 5245 3406 5302 abbatem
3461 5243 3806 5300 submonue-

2118 5346 2276 5405 runt,
2309 5345 2600 5408 quatenus
2650 5350 2783 5392 cum
2819 5335 2930 5391 illis
2975 5335 3145 5390 iniret
3193 5333 3558 5395 societatem;
3591 5339 3650 5386 at
3695 5331 3804 5400 ipse

2117 5426 2279 5482 nefas
2321 5439 2550 5481 summo
2590 5424 2802 5495 pastori
2829 5423 3009 5493 jussis
3053 5436 3168 5477 non
3218 5434 3524 5490 assurgere
3563 5419 3800 5488 putavit.

2190 5520 2252 5569 A.
2283 5513 2344 5570 C.
2384 5515 2538 5580 1458,
2599 5511 2892 5568 abbatiam
2924 5511 2981 5566 in
3014 5509 3231 5578 nepotis
3272 5508 3550 5565 Guidonis
3599 5505 3802 5578 Vigerii

2120 5602 2363 5674 gratiam
2415 5600 2724 5658 abdicavit.
2765 5599 2862 5655 lllc
2897 5599 3144 5655 vicissim
3194 5598 3485 5668 prioratus
3529 5597 3802 5668 quosdam
