3930 6452
168 366 342 420 1077

1498 365 1719 421 DOMNI
1758 366 1819 419 L.
1862 363 2208 421 D'ACHERY
2246 366 2469 421 NO’I'A'J.

3581 369 3720 423 1078

162 499 416 555 refudit
446 498 758 555 avunculo.
784 499 902 555 Hac
930 498 1000 553 de
1029 512 1091 554 re
1121 498 1279 555 bulla
1326 498 1406 554 Pii
1436 512 1597 568 papae
1620 497 1669 552 II
1698 497 1896 553 eodem
1936 497 1986 552 A
2015 503 2179 553 tates.
2214 495 2509 552 Prioratus
2538 508 2639 564 per
2682 494 2769 550 fas
2809 500 2865 551 et
2903 492 3064 550 nefas
3100 494 3478 553 saecularibus
3524 497 3715 555 confe-

166 600 351 642 anno
403 587 756 656 conscripta;
790 587 847 641 in
890 600 1009 656 qua
1056 587 1311 656 pontifex
1356 586 1676 642 Guidonem
1724 584 1902 640 nobili

169 690 410 746 genere
450 684 833 746 procreatum,
863 683 1039 745 atque
1068 676 1126 730 in
1158 675 1359 747 Majori
1398 674 1744 730 Monasterio
1774 688 1902 729 mo-

170 766 460 819 nasticen
491 764 829 833 professum,
855 778 959 819 nec
984 777 1098 819 non
1125 778 1159 818 a
1187 778 1245 820 se
1275 772 1535 820 creatum
1561 763 1899 819 Bibliensem

170 851 535 921 episcopum
567 859 745 906 notat.
782 852 904 921 Ego
947 865 1078 906 vero
1107 859 1423 922 utrumque
1443 859 1498 907 et
1538 851 1901 906 avunculum

170 947 236 995 et
317 949 585 1008 nepotem
660 939 1076 994 nundinatores
1148 940 1575 1005 beneficiorum,
1656 940 1900 1009 priorem

172 1029 456 1083 maxime
488 1028 904 1083 animadverto.

257 1117 591 1172 XXXVIII.
652 1116 838 1173 Guido
916 1115 1127 1186 Vigerii
1190 1130 1366 1185 nepos
1412 1130 1550 1171 ann.
1625 1116 1784 1181 1458,
1829 1115 1900 1171 ad

175 1217 289 1258 an.
363 1205 527 1258 1499.
597 1205 910 1261 Fidelitatis
987 1211 1414 1260 sacramentum
1480 1204 1768 1259 Ludovico
1821 1204 1901 1259 XI

179 1294 314 1362 regi
357 1296 515 1360 1493,
549 1302 689 1349 tunc
716 1293 1017 1355 Ambasize,
1052 1306 1119 1347 ac
1152 1294 1507 1361 postmodum
1541 1292 1742 1349 Carolo
1768 1293 1901 1349 VIII

178 1381 410 1436 ibidem
445 1382 733 1449 existenti,
790 1381 944 1448 facit,
994 1381 1143 1436 sicut
1178 1382 1560 1437 instrumenta
1593 1388 1898 1437 testantur.

263 1470 536 1526 XXXIX.
570 1471 897 1525 Ludovicus
928 1473 1025 1526 Pot
1061 1473 1214 1525 1499.
1260 1471 1453 1526 Abbas
1494 1470 1668 1526 simul
1710 1471 1901 1526 Sancti

180 1558 550 1613 Launomari
608 1559 907 1614 Blesensis.
963 1559 1285 1615 Prioratum
1329 1567 1542 1628 septem
1600 1560 1900 1615 Dormien-

176 1647 366 1713 tium,
400 1649 499 1716 qui
551 1648 700 1703 intra
756 1649 1080 1703 monasterii
1117 1662 1314 1703 muros
1365 1648 1709 1715 continetur,
1756 1662 1900 1703 con-

175 1734 348 1789 tulit.
380 1735 446 1789 In
481 1734 680 1790 litteris
699 1734 1030 1804 episcopum
1063 1736 1481 1791 Tornacensem
1508 1744 1682 1807 atque
1710 1737 1899 1792 Lecto-

170 1837 415 1878 rensem
474 1837 532 1878 se
582 1823 840 1893 insignit.
911 1825 987 1877 De
1049 1824 1338 1878 Ludovico
1398 1825 1497 1880 Pot
1554 1840 1621 1880 ac
1654 1825 1723 1880 de
1766 1825 1894 1895 ejus

166 1910 408 1965 familia
441 1912 719 1966 Andrzpas
750 1913 1051 1967 Duchesne
1092 1912 1146 1966 in
1183 1913 1428 1967 Historia
1479 1913 1888 1969 Montmorenc.

166 1998 284 2054 lib.
317 2014 374 2066 v,
404 2014 536 2069 cap.
577 2003 619 2066 l,
650 2014 784 2071 pag.
812 2004 935 2063 355,
959 2009 1015 2055 et
1045 2001 1102 2055 iu
1134 2001 1577 2058 Probationibus
1600 2015 1733 2072 pag.
1762 2005 1888 2070 260,

166 2087 318 2144 Vita
348 2086 621 2156 fungitur
649 2102 741 2143 an.
790 2089 946 2143 1504.

257 2176 376 2231 XL.
432 2177 776 2233 Franciscus
832 2177 1041 2233 Sfortia
1120 2178 1277 2239 1504,
1326 2190 1399 2231 ex
1456 2177 1636 2233 nobili
1681 2193 1890 2250 genere

164 2262 604 2319 Sfortianorum
663 2264 969 2325 oriundus.
1032 2264 1089 2319 in
1141 2263 1707 2334 MajoriMonasterio
1738 2265 1890 2336 leges

165 2351 533 2407 monasticas
607 2352 848 2422 juravit,
909 2367 975 2408 ac
1033 2353 1270 2423 jubente
1327 2366 1458 2422 rege
1520 2353 1817 2409 Francisco
1868 2355 1888 2407 Ι

164 2440 379 2494 adhuc
415 2440 649 2510 juvenis
702 2448 786 2496 est
830 2455 865 2495 a
916 2442 1215 2496 monachis
1261 2441 1319 2495 in
1350 2441 1614 2496 abbatem
1651 2442 1883 2497 electus.

165 2527 289 2583 Sed
330 2536 531 2583 contra
576 2529 962 2585 ecclesiastica
998 2537 1282 2598 praecepta
1312 2529 1604 2584 venationi
1656 2544 1885 2599 operam

165 2630 315 2671 cum
345 2616 525 2682 daret,
554 2616 609 2671 in
642 2617 884 2683 foveam,
912 2632 1087 2688 quam
1113 2632 1264 2687 equo
1297 2617 1578 2673 concitato
1600 2619 1886 2676 transilire

164 2705 466 2774 cupiebat,
520 2704 862 2775 prolabitur.
933 2707 1042 2772 Qui
1102 2707 1349 2776 pondere
1395 2706 1530 2776 equi
1580 2721 1888 2776 oppressus

166 2794 557 2863 graviterque
631 2795 925 2850 sauciatus
993 2795 1180 2861 rediit,
1235 2809 1303 2849 ac
1356 2803 1639 2864 postremo
1680 2811 1712 2851 e
1767 2796 1886 2852 vita

163 2883 420 2938 decessit
451 2897 544 2937 an.
580 2886 706 2937 1511
905 2914 908 2917 -

251 2971 392 3027 XLI.
432 2971 738 3027 Matthaeus
763 2971 1027 3028 Galterus
1078 2971 1389 3041 (Gaullier)
1441 2975 1592 3026 1511.
1654 2972 1885 3041 Majoris

2011 585 2191 650 rebat,
2223 583 2526 640 excidebat
2565 582 2760 646 silvas,
2794 591 2851 639 et
2907 583 3195 655 quidquid
3246 584 3303 639 in
3333 599 3412 641 aes
3459 587 3714 643 converti

2010 680 2248 741 poterat,
2282 670 2570 727 conﬂabat
2598 685 2671 727 ex
2710 686 2776 727 eo
2820 686 3122 742 nummos;
3177 672 3408 744 aliaque
3438 675 3712 744 patravit,

2010 775 2143 830 quae
2170 768 2305 815 sunt
2330 768 2541 815 aeterno
2571 759 2795 814 silentio
2834 759 3235 816 oblitteranda.
3271 761 3506 818 Mortem
3536 776 3714 833 oppe--

2009 849 2143 905 tisse
2174 849 2366 904 ferunt
2388 862 2540 903 anno
2574 850 2728 914 1555,
2749 849 3227 919 atquesepultum
3250 850 3407 920 apud
3438 850 3713 907 Sanctum

2009 936 2358 992 Germanum
2395 937 2452 990 in
2476 937 2646 1005 Laya.

2080 1026 2276 1081 XLIV.
2366 1024 2604 1081 Carolus
2672 1023 2984 1080 cardinalis
3066 1038 3101 1079 a
3179 1025 3555 1099 Lotharingia
3625 1028 3711 1084 tit.

2008 1115 2065 1170 S.
2123 1114 2492 1184 Apollinaris,
2550 1127 2724 1182 nepos
2792 1112 3049 1180 Joannis,
3125 1115 3280 1181 1555,
3334 1114 3421 1169 vel
3478 1122 3543 1171 ut
3585 1116 3715 1173 aliis

2005 1203 2188 1273 placet
2251 1204 2403 1257 1550.
2487 1202 2553 1257 In
2609 1201 2866 1257 Comitiis
2924 1201 3292 1272 generalibus
3347 1211 3563 1259 statuta
3610 1219 3712 1274 pro

2006 1291 2361 1348 scholasticis
2430 1289 2652 1361 collegii
2715 1288 2946 1359 Majoris
3000 1290 3325 1346 Monasterii
3376 1291 3713 1348 Parisiensis

2007 1394 2102 1435 an.
2140 1382 2275 1433 1552
2307 1377 2474 1434 condi
2502 1376 2696 1449 jussit.

2077 1468 2243 1524 XLV.
2301 1468 2552 1523 Joannes
2598 1466 2667 1521 de
2718 1466 2771 1520 la
2814 1465 3283 1522 Bochefoucault.
3349 1466 3536 1524 Abbas
3576 1467 3709 1524 item

2006 1554 2371 1621 Cormeriaci,
2448 1568 2515 1609 ac
2582 1553 3031 1624 Villelupensis;
3101 1555 3453 1611 musicorum
3498 1556 3712 1625 pariter

2004 1644 2155 1701 aulae
2210 1644 2381 1715 regiae
2410 1642 2727 1713 prmfectus.
2758 1644 3162 1699 Juramentum
3199 1643 3485 1701 ﬁdelitatis
3511 1646 3710 1702 Carolo

2006 1747 2159 1789 nono
2209 1733 2413 1788 Franc.
2473 1730 2594 1803 regi
2638 1739 2869 1802 praestat
2920 1735 3075 1798 1566,
3128 1747 3162 1789 a
3201 1748 3319 1803 quo
3365 1742 3421 1790 et
3450 1734 3710 1791 tutelaris

2003 1820 2252 1891 praesidii
2311 1820 2565 1891 diploma
2639 1834 2778 1876 ann.
2857 1823 2994 1876 1568
3061 1822 3409 1892 impetravit.
3463 1824 3710 1880 Joannes

2000 1910 2180 1966 abbas
2201 1909 2454 1979 probatae
2486 1907 2617 1964 vitae
2664 1908 2793 1965 fuit.
2822 1908 3047 1966 Solebat
3073 1909 3133 1965 in
3186 1910 3386 1981 Majori
3416 1911 3708 1968 Monaste-

2000 1998 2087 2054 rio
2114 2012 2231 2053 non
2262 1996 2580 2053 monachus
2616 2011 2751 2053 cum
2781 1998 3078 2054 monachis
3133 1997 3398 2070 religiose
3464 2000 3701 2056 versari.

2000 2084 2183 2141 Multa
2209 2083 2452 2140 contulit
2481 2083 2757 2140 beneficia
2769 2099 2786 2154 ;
2820 2085 2953 2140 totis
2980 2085 3135 2143 enim
3174 2085 3397 2142 viribus
3424 2094 3480 2143 et
3509 2088 3705 2144 animo

1999 2173 2391 2240 incumbebat,
2448 2180 2512 2229 ut
2569 2172 2773 2243 Majori
2822 2173 3160 2230 Monasterio
3213 2173 3372 2230 illata
3425 2188 3461 2230 a
3504 2175 3700 2244 fratre,

1999 2262 2242 2333 pessimo
2299 2262 2588 2327 haeretico,
2617 2262 2831 2317 damna
2860 2262 3180 2318 resarciret.
3215 2260 3343 2331 Qui,
3389 2277 3592 2333 nempe
3630 2265 3702 2321 ad

1997 2352 2263 2422 pietatem
2313 2364 2381 2406 ac
2445 2350 2894 2406 misericordiam
2971 2350 3283 2407 admodum
3360 2366 3699 2422 propensus,

1997 2453 2192 2495 sacras
2222 2446 2406 2494 vestes
2436 2438 2700 2494 Ecclesiae
2729 2445 2785 2494 et
2811 2438 3030 2495 codices
3075 2439 3272 2494 divino
3318 2440 3502 2496 cultui
3540 2450 3702 2511 aptos

1996 2527 2242 2584 contulit
2287 2527 2539 2583 abunde.
2593 2526 2886 2597 Quidquid
2941 2526 3220 2598 religiosis
3271 2527 3362 2584 die
3410 2537 3702 2600 noctuque

1999 2617 2109 2671 Deo
2142 2614 2560 2670 famulantibus
2602 2622 2725 2670 erat
2776 2615 3166 2671 necessarium
3217 2623 3451 2686 paterne
3502 2618 3702 2687 provi-

1995 2702 2165 2758 debat
2193 2702 2737 2773 suppeditabatque.

2066 2791 2396 2862 Egenorum
2467 2798 2740 2860 praeterea
2784 2798 2840 2847 et
2895 2791 3113 2847 morbis
3159 2791 3405 2863 aliisque
3455 2794 3700 2851 miseriis

1993 2878 2422 2945 afﬂictatorum,
2475 2893 2590 2934 non
2642 2886 2868 2935 tantum
2922 2878 3175 2949 inopiam
3223 2880 3422 2937 effusis
3456 2882 3699 2941 eleemo-

1993 2967 2172 3037 synis,
2215 2980 2282 3022 ac
2339 2966 2727 3022 beneﬁcentiis
2766 2967 3127 3036 sublevabat,
3159 2969 3256 3025 sed
3287 2978 3342 3026 et
3401 2972 3698 3029 recreabat

164 3059 502 3115 Monasterii
556 3061 858 3129 emnobita,
905 3070 960 3115 et
1012 3062 1207 3115 doctor
1249 3059 1551 3129 theologus
1599 3060 1884 3115 societatis
1921 3050 1965 3108 Ο
1994 3054 2112 3124 ipse
2139 3067 2244 3109 sua
2267 3053 2589 3123 praesentia.
2627 3054 2880 3110 Tandem
2934 3055 3042 3125 piis
3092 3056 3148 3113 id
3180 3071 3367 3128 genus
3407 3060 3696 3116 exercitiis

164 3151 386 3205 domus
431 3147 776 3205 Sorbonicaa.
809 3150 1071 3218 Impense
1121 3148 1180 3202 in
1226 3149 1284 3202 Β.
1332 3148 1581 3211 Annam,
1634 3148 1728 3204 Dei
1769 3146 1882 3204 Ge-

167 3235 404 3292 nitricis
462 3245 724 3302 matrem,
804 3244 928 3291 erat
993 3234 1260 3297 allectus;
1321 3249 1503 3304 quare
1559 3235 1632 3290 ab
1676 3235 1880 3291 abbate

166 3323 229 3379 S.
286 3322 552 3378 Florentii
604 3321 853 3378 Salmur.
907 3321 1221 3392 portionem
1275 3321 1478 3391 capitis
1519 3321 1671 3376 illius
1703 3322 1877 3392 (quod

170 3411 460 3467 asservari
509 3410 703 3466 ferunt
744 3411 802 3465 in
836 3410 1093 3480 prioratu
1146 3410 1215 3464 de
1271 3409 1428 3479 Gaya
1457 3410 1714 3466 dioecesis
1744 3412 1877 3467 Tre-

168 3498 382 3559 censis,
415 3497 489 3553 ab
536 3497 644 3553 hoc
691 3497 808 3567 ipso
854 3496 1112 3553 cmnobio
1159 3497 1463 3566 pendente)
1509 3497 1778 3553 obtinuit.
1812 3499 1877 3553 In

169 3585 379 3641 litteris
421 3587 554 3640 1550
584 3585 654 3641 de
684 3585 950 3641 Prioratu
998 3592 1213 3654 septem
1270 3584 1686 3641 Dormientium
1728 3586 1879 3641 Mat-

171 3673 366 3729 thaeus
395 3673 574 3729 abbas
619 3673 922 3743 episcopus
974 3673 1345 3744 Nigropontis
1375 3674 1702 3731 denotatur.
1738 3674 1877 3730 Per—

173 3760 423 3816 mutavit
472 3761 764 3817 abbatiam
808 3776 941 3818 cum
987 3762 1250 3832 Philippo
1290 3761 1558 3829 Hurault,
1592 3776 1694 3832 pro
1726 3762 1878 3818 Bur-

171 3850 420 3921 guliensi
455 3851 511 3905 in
572 3850 853 3907 territorio
908 3851 1328 3922 Andegavensi.
1381 3851 1632 3907 Matthaai
1677 3866 1873 3921 nepos,

171 3938 408 4009 Majoris
464 3939 794 3995 Monasterii
830 3940 1126 4010 presbyter
1154 3948 1367 4007 asceta,
1393 3954 1460 3995 ac
1481 3940 1679 3996 doctor
1710 3941 1875 3996 theo-

172 4026 362 4097 logus,
392 4026 680 4083 Adrianus
721 4026 985 4083 Galterus
1012 4028 1264 4095 nomine,
1308 4036 1511 4084 auctor
1538 4029 1744 4098 operis,
1779 4027 1873 4085 cui

171 4113 451 4177 titulus,a
508 4115 900 4185 quuilibrum
960 4116 1238 4173 virtutum
1297 4117 1360 4172 B.
1420 4117 1567 4173 Petri
1609 4117 1869 4188 apostoli,

172 4211 229 4259 et
258 4203 434 4259 sancti
470 4204 721 4259 Martini.
753 4224 781 4253 »

248 4290 408 4345 XLII.
466 4292 760 4362 Philippus
814 4293 1066 4349 Hurault
1128 4296 1282 4349 1536.
1340 4293 1465 4350 Non
1510 4294 1613 4351 diu
1660 4294 1868 4364 pedum

174 4380 345 4447 gessit
378 4380 510 4449 ipse,
544 4383 647 4451 qui
698 4390 1017 4451 postremus
1046 4390 1130 4439 est
1159 4382 1458 4449 abbatum,
1491 4382 1611 4439 sive
1640 4391 1864 4452 patrum

173 4469 608 4532 monachorum,
681 4470 862 4526 vitam
904 4460 1241 4542 religiosam
1294 4471 1603 4541 professus.
1657 4472 1863 4527 Praesi-

174 4555 343 4612 debat
386 4559 520 4613 1538
576 4557 840 4628 Capitulo
880 4558 1132 4629 generali
1173 4559 1232 4614 in
1271 4559 1470 4630 Majori
1525 4560 1865 4617 Monasterio

173 4644 264 4699 die
329 4647 389 4699 17
450 4646 662 4702 mensis
724 4647 938 4717 Aprilis
986 4647 1289 4704 celebrato.
1355 4648 1507 4704 Obiit
1553 4662 1649 4703 an.
1704 4650 1861 4703 1539.

176 4730 436 4801 Sepultus
459 4734 611 4804 jacet
650 4733 879 4791 Parisiis
910 4736 967 4791 in
996 4737 1245 4793 ecclesiae
1283 4737 1859 4817 Albimantellorum:

173 4820 339 4890 cujus
366 4822 661 4893 inscriptio
714 4824 1052 4894 sepulcralis
1101 4825 1161 4880 in
1191 4839 1475 4882 marmore
1517 4825 1685 4897 nigro
1741 4826 1863 4883 haec

174 4917 257 4965 εει
287 4924 301 4964 Ζ

244 5013 490 5056 PHILIPPB
547 5015 808 5057 HUBAULT
878 5003 1022 5058 ΛΒΒΕ
1079 5017 1151 5058 DE
1205 5016 1620 5070 MARMONSTIER,
1698 5017 1862 5061 BOUR'

241 5103 418 5155 GUBIL,
459 5103 529 5145 ET
566 5104 639 5144 DE
676 5103 872 5146 SAINCT
908 5104 1140 5147 NICOLAS
1176 5091 1465 5159 D’ANGERS,
1507 5106 1599 5155 QUI
1637 5106 1859 5147 DECEDA

240 5190 306 5233 LE
360 5191 442 5233 XII
491 5193 794 5236 NOVEMBRE
842 5193 904 5235 Μ.
973 5194 1027 5234 Ι).
1087 5194 1278 5236 XXXIX
1334 5194 1433 5236 EST
1492 5194 1584 5236 ICY
1628 5194 1859 5237 DESSOUS

240 5280 503 5323 ENTERRE.

618 5355 872 5411 Abbates
897 5356 1393 5412 commendalarii.

241 5440 425 5497 XLIII.
479 5444 727 5499 Joannes
772 5445 1080 5500 cardinalis
1119 5460 1153 5501 a
1205 5446 1594 5517 Lotharingia,
1633 5447 1857 5517 primus

175 5526 339 5582 abbas
365 5533 904 5595 commendatarius,
938 5533 1035 5601 qui
1071 5533 1458 5601 pessumdedit
1497 5548 1694 5589 omnes
1720 5548 1854 5602 pro-

175 5618 462 5683 pemodum
509 5619 742 5689 Majoris
789 5621 1113 5677 Monasterii
1161 5622 1541 5692 possessiones
1590 5631 1645 5680 et
1673 5622 1853 5680 facul-

1990 3143 2135 3198 dans
2164 3156 2416 3212 operam,
2450 3142 2606 3212 apud
2640 3143 2884 3199 Verteuil
2944 3145 3004 3198 in
3057 3145 3475 3215 Engolismensi
3523 3161 3691 3219 pago,

1990 3236 2142 3285 596
2171 3231 2388 3286 efflavit
2418 3231 2673 3286 animam
2704 3245 2800 3286 an.
2828 3234 2983 3286 1583.
3017 3233 3207 3303 Atque
3230 3233 3452 3290 utinam
3484 3236 3691 3305 posteri

1987 3319 2222 3376 abbates
2249 3320 2723 3376 commendatarii
2750 3320 2877 3390 ejus
2933 3330 3386 3392 assequerentur
3437 3323 3690 3393 semitas,

1988 3407 2242 3479 vestigiis
2271 3408 2618 3465 inhaererent
2647 3406 2660 3462 l

2056 3496 2243 3551 XLVI.
2297 3497 2465 3552 Anno
2520 3499 2656 3552 1583
2702 3497 2950 3554 Jacobus
2982 3496 3308 3568 d’Apurilli,
3347 3498 3439 3555 vir
3478 3500 3690 3556 infimae

1983 3584 2347 3653 conditionis,
2383 3584 2537 3641 filius
2589 3585 2800 3642 lictoris
2828 3586 3282 3649 Aurelianensis,
3317 3587 3469 3644 dono
3500 3589 3689 3644 Fran-

1984 3672 2119 3729 cisci
2160 3673 2370 3729 Valesii
2426 3674 2858 3731 Aurelianensis
2912 3674 3096 3740 ducis,
3155 3683 3263 3731 etc.
3295 3676 3511 3734 Verum
3542 3677 3689 3734 duce

1984 3760 2287 3817 Francisco
2350 3776 2381 3817 e
2419 3761 2572 3818 vivis
2622 3761 2869 3829 sublato,
2928 3762 3178 3820 Jacobus
3231 3778 3336 3820 suo
3382 3764 3689 3822 destitutus

1982 3848 2266 3918 przesidio,
2303 3863 2409 3905 nec
2440 3863 2564 3904 eam
2600 3850 2939 3921 dignitatem
2989 3850 3274 3907 sustinere
3326 3851 3545 3921 valens,
3590 3854 3687 3909 ab-

1980 3945 2196 4002 batiam
2224 3946 2502 4002 cardinali
2526 3946 2829 4004 Francisco
2850 3946 2920 4002 de
2948 3947 3191 4017 Joyeuse
3212 3948 3548 4020 resignavit,
3573 3958 3680 4006 etc.

1986 4034 2115 4089 Haec
2141 4033 2340 4089 doctor
2402 4034 2702 4105 theologus
2757 4034 2998 4091 Jaculus
3053 4035 3412 4105 d‘Huysseau
3458 4037 3688 4109 Majoris

1980 4120 2308 4177 Monasterii
2336 4122 2619 4179 cmnobita
2642 4137 2891 4179 coaevus.

2049 4209 2274 4266 XLVII.
2311 4210 2654 4267 Franciscus
2678 4211 2749 4268 de
2775 4212 3019 4281 Joyeuse
3050 4211 3361 4269 cardinalis
3396 4215 3551 4269 1584.

2050 4299 2304 4356 XLVIII.
2337 4300 2577 4357 Carolus
2609 4313 2645 4356 a
2674 4299 2958 4356 Borbonio
2995 4298 3136 4357 obiit
3166 4302 3321 4355 1610.

2050 4387 2250 4443 XLIX.
2306 4387 2678 4445 Sebastianus
2732 4388 2955 4460 Galigai
2993 4389 3460 4460 archiepiscopus
3486 4390 3676 4447 Turo-

1979 4477 2172 4532 nensis
2193 4476 2355 4531 1610.

2050 4565 2111 4620 L.
2153 4565 2483 4622 Alexander
2509 4580 2688 4637 eques
2718 4566 3150 4623 Vindocinensis
3182 4566 3337 4623 1617.

2049 4654 2140 4709 LI.
2173 4654 2375 4710 Petrus
2405 4654 2714 4712 cardinalis
2742 4656 2812 4712 de
2834 4654 3058 4713 Bérule.

2048 4742 2163 4798 LII.
2192 4743 2438 4800 Joannes
2493 4745 2843 4812 Armandus,
2898 4744 3207 4801 cardinalis
3235 4743 3307 4801 de
3334 4743 3626 4802 Bichelieu
3656 4762 3672 4815 ;

1975 4830 2146 4902 cujus
2198 4832 2473 4902 auspiciis
2518 4832 2842 4890 instaurata
2885 4839 2968 4889 est
3009 4832 3228 4902 regula;
3294 4832 3674 4889 Benedictinw

1975 4920 2223 4990 perfecta
2257 4920 2559 4991 disciplina
2587 4935 2689 4990 per
2726 4922 2922 4977 Patres
2967 4919 3429 4992 congregationis
3482 4920 3674 4978 Sancti

1973 5009 2180 5066 Mauri.
2215 5009 2366 5066 Obiit
2396 5012 2553 5079 1642,
2582 5015 2618 5065 4
2647 5009 2909 5066 Decemb.

2047 5098 2187 5154 LIII.
2223 5098 2549 5155 Amadorus
2571 5100 2820 5156 Joannes
2850 5098 2989 5169 Bap.
3020 5098 3091 5154 de
3116 5098 3412 5169 Vignerot.

2044 5184 2133 5255 (ι’)
2181 5184 2337 5241 CAP.
2403 5186 2475 5241 X.
2538 5216 2608 5227 ——
2668 5186 2871 5243 Simon
2923 5184 3075 5240 enim
3153 5184 3407 5257 quidam.
3471 5185 3671 5244 Comes

1970 5272 2373 5344 Crespeiensis.
2438 5276 2629 5348 Hujus
2676 5276 2865 5333 Vitam
2919 5277 2991 5333 ab
3048 5283 3284 5333 auctore
3339 5276 3669 5347 synchrono

1967 5367 2287 5429 exaratam,
2319 5362 2597 5419 hactenus
2626 5364 2685 5418 in
2729 5363 3077 5419 monasterio
3124 5362 3442 5433 Ursicampi
3496 5378 3668 5435 prope

1966 5447 2395 5515 Noviodunum,
2478 5449 2946 5521 congregationis
3004 5449 3394 5507 Cisterciensis
3447 5451 3667 5507 ordinis

1969 5536 2160 5593 Sancti
2191 5538 2479 5594 Benedicti
2529 5539 2800 5595 latentem
2853 5539 3245 5609 evulgamus;
3290 5539 3482 5595 locum
3510 5540 3665 5596 obti-

1968 5632 2064 5682 net
2095 5626 2153 5682 in
2186 5626 2600 5684 Additamentis
2630 5627 2902 5699 operibus
2949 5626 3206 5685 Guiberti
3254 5628 3452 5685 nostri.
3487 5628 3663 5686 Insu-
