3930 6402
303 348 442 401 i079

1345 340 1438 395 AD
1477 339 1628 396 OPP.
1671 337 1826 392 VEN.
1857 333 2194 394 GUIBERTI
2228 334 2320 389 DE
2359 333 2758 390 NOVIGENTO

3676 337 3700 390 Ι
3713 335 3840 388 080

300 497 402 554 per
437 496 511 538 ex
535 479 808 538 chronico
861 478 1132 536 Besuensi
1187 492 1292 534 ms.
1353 477 1672 548 pericopen.
1729 481 1794 532 ut
1854 481 1994 545 puta
2029 473 2076 528 Α
2108 471 2166 527 in
2193 471 2468 542 spelunca
2495 470 2713 542 duplici
2760 469 3037 526 collocare
3084 469 3211 537 feci,
3272 477 3336 527 ut
3385 469 3594 526 melius
3652 468 3836 540 apud

303 574 454 630 lectu
484 585 600 626 non
651 569 973 641 indignam,
1023 568 1174 624 etab
1210 566 1485 636 scriptore
1535 566 1679 622 Vita
1719 565 1780 620 Β.
1815 564 2000 620 Simo-

304 658 396 714 nis
425 658 630 729 partim
679 657 833 713 haud
881 657 1105 727 scriptis
1153 656 1486 725 consignata
1534 653 1998 724 complectentem

304 758 612 815 excerpere
674 745 864 799 visum
922 752 1024 800 est.
1087 743 1272 814 Igitur
1319 743 1375 798 in
1441 743 1730 813 Stephano
1795 742 2002 797 abbate

306 831 574 887 Besuensi
609 847 621 886 :
661 853 682 879 ι
719 832 784 886 In
841 831 1044 886 diebus
1092 830 1203 886 illis
1261 830 1484 886 vocavit
1540 844 1786 899 sponsus
1841 829 1912 883 ad
1943 843 2002 883 se

305 934 576 990 sponsam
605 934 770 976 suam
801 919 1082 984 Christus,
1110 919 1368 975 videlicet
1389 919 1716 982 Ecclesiam,
1753 919 1947 973 venire
1969 932 2003 973 a

306 1009 594 1064 cubilibus
659 1009 910 1075 leonum,
960 1015 1015 1064 et
1063 1009 1354 1063 montibus
1405 1007 1828 1076 leopardorum,
1903 1021 2004 1076 per

306 1104 554 1152 montem
614 1096 864 1166 myrrha
909 1103 964 1152 et
1027 1096 1199 1152 colles
1247 1097 1446 1152 libani.
1498 1097 1792 1166 Principes
1848 1097 2001 1152 enim

307 1183 408 1254 qui
441 1183 602 1253 prius
633 1182 860 1239 fuerant
907 1183 1122 1239 similes
1171 1183 1432 1240 leonibus
1484 1193 1712 1253 propter
1749 1185 2003 1240 crudeli-

306 1280 478 1328 tatem
498 1278 553 1326 et
586 1279 883 1339 terrorem,
933 1280 989 1328 et
1041 1273 1324 1343 leopardis
1382 1281 1612 1343 propter
1641 1273 2001 1329 diversarum

307 1359 679 1430 iniquitatum
738 1359 1103 1427 varietatem;
1172 1360 1470 1430 hysopina,
1545 1361 1747 1416 humili
1792 1361 2004 1416 scilicet

306 1447 658 1502 confessione
685 1446 974 1515 mundati,
1007 1461 1107 1516 per
1155 1448 1449 1517 myrrham
1498 1448 2000 1504 mortificationum

304 1535 553 1591 candore
581 1543 718 1591 sunt
748 1549 924 1604 super
945 1537 1135 1591 nivem
1167 1535 1434 1592 dealbati.
1469 1557 1490 1584 ι

381 1644 403 1671 ι
462 1623 680 1678 Horum
755 1631 950 1679 autem
1003 1623 1221 1680 exstitit
1285 1631 1459 1694 caput
1501 1631 1556 1680 et
1597 1625 1718 1681 dux
1765 1625 2003 1696 quidam

306 1725 494 1768 comes
550 1712 904 1768 Francorum
988 1713 1397 1780 nobilissimus,
1473 1713 1667 1770 Simon
1753 1713 2001 1781 nomine,

309 1800 595 1870 Rodulphi
655 1801 879 1857 comitis
923 1801 1070 1873 Imp.
1124 1801 1319 1872 filius].
1354 1803 1456 1858 Hic
1489 1803 1687 1858 divina
1717 1811 2006 1873 respectus

311 1887 722 1955 misericordia,
759 1889 1042 1945 mundum
1074 1888 1386 1960 fugientem
1437 1889 1604 1960 fugit,
1636 1898 1693 1946 et
1719 1890 2007 1947 Christum

309 1984 608 2032 vocantem
643 1991 702 2032 se
727 1985 962 2032 secutus
987 1985 1088 2033 est.
1129 1977 1380 2048 Expetiit
1424 1987 1617 2034 autem
1683 1977 2008 2034 canobium

307 2065 488 2119 sancti
551 2065 810 2136 Eugendi
871 2066 1148 2132 Iurensis,
1210 2066 1286 2122 ibi
1325 2066 1550 2122 Christo
1613 2081 1672 2122 se
1721 2065 2010 2122 sacrifica-

311 2157 498 2207 turus.
534 2152 890 2208 Pramiserat
919 2161 1050 2210 ante
1081 2169 1140 2210 se
1179 2153 1325 2209 duos
1372 2153 1788 2210 illustrissimos
1837 2154 2010 2220 viros,

310 2236 587 2294 domnutn
639 2239 1030 2310 Bodulphum,
1060 2249 1114 2296 et
1161 2241 1436 2296 domnum
1493 2242 1874 2309 Franconem;
1919 2256 2013 2296 se-

311 2339 442 2381 cum
475 2340 610 2382 vero
641 2327 807 2383 duxit
850 2328 1127 2384 domuum
1186 2329 1514 2395 Robertum,
1571 2330 1850 2385 domuum
1897 2329 2014 2385 Ar-

312 2413 622 2484 nulphuir,
679 2423 733 2470 et
797 2416 1070 2472 domuum
1140 2417 1511 2474 Varnerium.
1580 2418 1646 2472 Hi
1715 2432 1914 2472 omnes
1959 2426 2013 2474 et

314 2503 634 2559 secundum
701 2518 886 2574 genus
948 2503 1142 2560 saculi
1208 2505 1528 2571 clarissimi,
1593 2514 1648 2562 et
1693 2507 2010 2562 secundum

315 2592 494 2646 Deum
524 2590 885 2657 nobilissimi,
931 2600 1124 2662 postea
1170 2607 1228 2649 se
1259 2593 1654 2650 holocaustum
1690 2595 1804 2650 Deo
1844 2595 2012 2651 obtu-

315 2677 526 2734 lerunt.

390 2788 412 2815 ι
457 2767 596 2822 Erat
624 2765 818 2822 adhuc
865 2766 1112 2823 domnus
1141 2767 1503 2838 Stephamus.
1553 2767 1622 2823 de
1678 2783 1795 2839 quo
1850 2771 2015 2826 nobis

313 2868 519 2921 sermo,
554 2855 818 2920 tenellus,
852 2856 1194 2913 militaribus
1221 2864 1446 2913 tantum
1478 2857 1654 2913 armis
1693 2858 2010 2914 decoratus.

315 2942 420 2999 Sed
487 2943 701 2999 saniori
777 2958 918 2999 usus
981 2945 1238 3013 consilio,
1299 2959 1438 3013 una,
1501 2947 1612 3002 Deo
1674 2945 2010 3016 inspirante,

313 3031 506 3085 Patres
536 3029 670 3086 istos
717 3038 968 3097 secutus,
1008 3033 1270 3088 saeculari
1327 3033 1512 3089 balteo
1570 3034 2008 3101 abrenuntians,

309 3117 634 3189 Christique
687 3119 898 3190 jugum
955 3121 1291 3191 suscipiens,
1354 3122 1412 3178 in
1472 3123 1706 3192 prafato
1757 3123 2014 3180 cauobio

312 3205 694 3262 monachilem
721 3206 898 3262 vitam
938 3207 1205 3277 arripuit,
1267 3207 1463 3279 ibique
1501 3209 1611 3265 sub
1641 3211 1854 3266 domno
1886 3212 2013 3267 Hu-

314 3294 511 3350 uaudo
567 3294 773 3350 abbate
827 3309 928 3364 per
976 3295 1167 3352 decem
1236 3311 1418 3354 annos
1447 3312 1506 3353 se
1538 3297 1595 3354 in
1627 3299 1723 3354 Dei
1782 3300 2014 3356 servitio

309 3383 601 3439 mactavit.
637 3383 851 3439 Deinde
871 3384 1214 3441 Cluniacum
1242 3386 1496 3456 expetiit.
1533 3409 1552 3434 -
1581 3395 1690 3444 etc.

382 3471 682 3528 Albericus
756 3473 1144 3529 Cisterciensis
1221 3476 1536 3531 monachus
1605 3476 1664 3532 in
1744 3478 2012 3534 chrenico

310 3559 572 3615 nondum
598 3559 750 3614 edito
804 3559 1134 3614 summatim
1193 3569 1351 3631 gesta
1407 3563 1576 3618 refert
1629 3564 1692 3619 Β.
1741 3563 2009 3628 Simonis,

308 3647 576 3703 videlicet
626 3648 796 3702 annis
856 3649 1007 3714 1074,
1053 3651 1187 3703 1076
1236 3658 1292 3706 et
1342 3652 1497 3719 toea,
1547 3653 1645 3708 sed
1697 3653 1834 3722 quia
1867 3653 2008 3710 nihil

308 3734 632 3806 singulare,
663 3743 870 3805 prater
889 3750 956 3792 ea
986 3751 1118 3808 qua
1147 3737 1206 3794 in
1233 3739 1354 3794 vita
1383 3747 1659 3807 recenset,
1695 3742 2012 3811 regerenda

310 3837 426 3880 non
459 3823 682 3893 putavi.

378 3912 554 3968 Porro
595 3921 784 3968 autem
835 3913 1112 3982 praclara
1157 3921 1332 3986 atque
1361 3916 1626 3987 religiosa
1657 3917 1728 3973 ab
1758 3916 2006 3986 Simone,

307 3999 445 4056 dum
478 4001 672 4058 adhuc
699 4001 1078 4058 sacularibus
1122 4003 1534 4074 implicaretur,
1583 4014 1710 4060 acta
1761 4020 2006 4064 comme-

307 4097 534 4145 morant
565 4089 920 4146 chartularia
948 4091 1279 4162 Crepeiense
1303 4100 1358 4148 et
1384 4093 1778 4150 Cluniacense.

379 4194 406 4227 σι
443 4177 506 4231 ln
537 4178 771 4232 nomine
805 4185 1017 4234 sancta
1071 4187 1125 4235 et
1163 4179 1480 4236 individua
1525 4182 1842 4250 Trinitatis,
1895 4191 2004 4240 etc.

305 4266 506 4323 Omnis
548 4268 647 4338 qui
694 4263 1064 4338 semetipsum
1124 4270 1392 4341 intelligit
1440 4272 1728 4328 hominem
1779 4273 2008 4331 duabus

2110 561 2309 622 Deum,
2341 559 2607 615 eumdem
2647 559 3141 628 archiepiscopum
3171 566 3224 614 et
3275 567 3608 628 martyrem,
3662 558 3839 614 vide-

2109 647 2236 704 licet
2292 648 2521 704 beatum
2573 646 2906 714 Arnulfum,
2967 647 3287 702 habeamus
3343 661 3446 716 pro
3503 647 3840 702 animabus

2108 737 2319 792 nostris
2379 737 2840 799 intercessorem;
2903 735 3084 790 eidem
3114 735 3366 790 ecclesia
3394 749 3496 804 per
3524 735 3836 790 annulum

2109 838 2354 880 aureum
2388 831 2561 879 totam
2619 831 2831 878 terram
2864 823 2932 877 de
2973 823 3279 889 Bonoculo,
3315 837 3491 893 quam
3537 824 3841 879 hactenus

2111 911 2170 968 iu
2200 912 2455 967 dominio
2495 911 2798 971 habebam,
2849 925 2978 965 mm
3011 911 3194 966 servis
3221 919 3275 966 et
3312 911 3580 967 omnibus
3605 925 3844 981 appen-

2111 1001 2275 1057 diciis
2297 1000 2417 1056 suis
2467 1000 2734 1067 concedo,
2775 1008 2882 1056 etc.
2915 1003 3120 1054 Actum
3155 1000 3528 1069 Crispiacensi
3561 1000 3839 1056 castlello

2111 1103 2174 1144 xi
2205 1089 2329 1144 Kal.
2352 1088 2528 1158 April.
2553 1103 2649 1143 an.
2678 1089 2970 1144 lncarnat.
3001 1090 3150 1153 1077,
3175 1089 3368 1144 indict.
3394 1104 3490 1156 xv,
3513 1097 3704 1158 epact.
3735 1089 3838 1154 23,

2110 1191 2378 1233 concurr.
2412 1190 2490 1244 vr,
2520 1185 2799 1246 regnante
2831 1177 3096 1246 Philippo
3127 1191 3259 1246 rege
3295 1180 3673 1234 Francorum.

2187 1287 2209 1315 ι
2245 1265 2484 1335 Signum
2517 1265 2762 1335 Philippi
2794 1265 2965 1336 regis,
3003 1287 3024 1313 -
3059 1273 3166 1320 etc.

2182 1354 2270 1408 Ita
2298 1353 2702 1409 Chartularius
2747 1353 3148 1422 Crespeiensis.
3183 1353 3319 1420 Qua
3377 1369 3512 1409 vero
3549 1354 3840 1424 sequitur

2114 1441 2357 1496 Simonis
2413 1441 2637 1498 comitis
2681 1441 2921 1511 epistola
2974 1441 3046 1496 ad
3097 1442 3325 1498 beatum
3362 1443 3661 1513 Hugonem
3719 1455 3840 1510 pa-

2113 1529 2226 1584 lam
2261 1529 2393 1585 facit
2425 1530 2682 1585 eamdem
2723 1529 2915 1585 Sancti
2971 1530 3198 1586 Arnulti
3238 1531 3522 1588 abbatiam
3579 1530 3836 1586 Clunia-

2112 1617 2380 1673 censibus
2401 1616 2574 1672 fuisse
2605 1618 2894 1673 traditam.

2191 1727 2212 1754 ι
2248 1706 2580 1761 Venerando
2610 1706 2806 1762 abbati
2854 1706 3085 1778 Hugoui
3116 1716 3172 1763 et
3205 1708 3358 1763 omni
3390 1707 3839 1778 congregationi

2043 1766 2085 1820 Β
2113 1792 2507 1850 Cluniacensis
2552 1794 2812 1860 canobii,
2845 1795 3042 1851 Simon
3093 1809 3298 1862 comes,
3360 1796 3571 1852 Vestra
3608 1797 3840 1852 sancti-

2119 1886 2252 1938 tatis
2275 1883 2564 1951 servulus,
2599 1883 2864 1939 salutem.
2902 1903 2930 1934 ››

2189 1977 2341 2026 5M
2391 1992 2418 2020 ‹
2477 1971 2690 2028 Notum
2736 1973 2808 2028 sit
2860 1980 3060 2028 vestra
3106 1972 3464 2040 Celsitudini,
3497 1971 3836 2028 beatissime

2118 2061 2304 2127 Pater,
2351 2075 2440 2116 me
2499 2061 2805 2132 plusquam
2858 2075 3057 2117 omnes
3116 2061 3376 2117 homines
3423 2062 3481 2117 in
3517 2074 3696 2117 carne
3743 2063 3828 2115 vi-

2117 2157 2315 2204 ventes
2347 2149 2404 2204 iu
2450 2149 2628 2204 Deum
2669 2149 2928 2220 diligere,
2970 2158 3146 2220 atque
3194 2151 3515 2219 proficuum
3542 2158 3596 2206 et
3637 2149 3834 2205 hono—

2119 2251 2238 2292 rem
2289 2245 2544 2292 vestrum
2604 2237 2659 2292 in
2715 2248 3000 2308 quantum
3057 2237 3216 2293 valeo
3255 2251 3532 2308 quarere.
3564 2238 3834 2293 Concedo

2121 2325 2316 2396 itaque
2337 2326 2498 2381 vobis
2527 2332 2582 2381 et
2611 2325 2883 2382 omnibus
2931 2326 3360 2382 successoribus
3389 2327 3593 2382 vestris
3649 2327 3832 2382 abba-

2123 2413 2257 2469 tiam
2289 2413 2472 2469 sancti
2503 2413 2813 2484 Aruulphi,
2837 2429 2970 2484 qua
2999 2421 3327 2470 constructa
3347 2422 3431 2470 est
3461 2415 3514 2469 in
3567 2415 3829 2482 castello,

2121 2502 2223 2572 qui
2250 2509 2492 2558 vocatur
2517 2501 2732 2572 Crispi;
2769 2509 2832 2558 ut
2855 2503 3091 2558 omnino
3137 2503 3398 2570 subjecta
3454 2502 3524 2558 sit
3551 2503 3834 2571 vobis;et

2122 2589 2200 2645 ibi
2265 2589 2534 2645 abbatem
2617 2590 2687 2644 de
2752 2590 2957 2645 vestris
3037 2591 3334 2645 monachis
3412 2590 3656 2661 eligatis,
3721 2591 3832 2660 qui

2121 2678 2440 2734 secundum
2497 2678 2702 2744 Deum,
2762 2685 2818 2733 et
2862 2679 3183 2734 secundum
3229 2679 3490 2749 regulam
3539 2677 3687 2734 beati
3729 2679 3834 2734 Be-

2124 2765 2353 2834 nedicti,
2389 2765 2528 2821 illud
2571 2765 2981 2822 monasterium
3034 2780 3229 2837 regere
3280 2767 3472 2837 possit.
3522 2767 3654 2823 Volo
3684 2781 3831 2837 ergo

2125 2861 2187 2909 ut
2215 2853 2406 2909 sciatis
2449 2867 2540 2908 me
2592 2853 2785 2910 fecisse
2813 2868 2944 2910 cum
2971 2854 3226 2920 consilio,
3261 2859 3318 2910 et
3341 2870 3472 2911 cum
3526 2855 3832 2911 voluntate

2123 2955 2381 2997 meorum
2418 2941 2742 3008 hominum,
2801 2942 3015 2998 scilicet
3069 2943 3388 3014 majorum;
3449 2957 3554 2998 nec
3602 2957 3718 2999 non
3769 2951 3828 2997 et

2051 3062 2092 3118 ρ
2124 3043 2318 3099 regem
2366 3029 2515 3084 hanc
2572 3044 2698 3085 meo
2753 3029 3064 3100 deprecatu
3145 3031 3402 3087 firmasse
3465 3031 3824 3100 chartulam;

2125 3117 2384 3188 Philippo
2465 3118 2727 3174 videlicet
2799 3127 3043 3184 astante,
3115 3126 3171 3175 et
3231 3119 3571 3176 concedente
3625 3121 3822 3174 Ivone.

2120 3207 2313 3261 Testes
2350 3205 2543 3261 Simon
2588 3205 2826 3276 dapifer,
2873 3215 2980 3263 etc.
3017 3208 3251 3263 Factum
3299 3208 3359 3263 in
3401 3208 3567 3263 domo
3618 3208 3668 3262 S.
3701 3207 3823 3263 Ma-

2117 3295 2218 3350 ria
2274 3293 2625 3361 Parisiensis,
2695 3295 2785 3351 die
2851 3295 3172 3352 festivitatis
3257 3296 3514 3353 omnium
3579 3299 3825 3352 Sancto—

2119 3396 2274 3438 rum.

2191 3489 2218 3524 α
2250 3471 2489 3542 Signum
2523 3470 2768 3541 Philippi
2798 3471 2968 3542 regis.
3005 3495 3050 3529 ι

2190 3560 2323 3615 Hac
2354 3569 2569 3615 veteres
2599 3561 2949 3616 membrana
2970 3561 3388 3617 Cluniacenses.

2189 3649 2539 3704 Confirmata
2576 3663 2813 3719 quoque
2858 3658 2943 3705 est
2993 3649 3242 3719 prafata
3292 3649 3553 3706 Ecclesia
3582 3649 3815 3705 donatio

2117 3749 2152 3792 a
2207 3735 2619 3793 Silvanectensi
2671 3737 2926 3794 antistite
2977 3739 3219 3810 Hugone
3252 3754 3265 3792 :
3304 3747 3455 3809 patet
3508 3753 3580 3795 ex
3612 3738 3808 3793 iisdem

2117 3825 2489 3880 membranis.
2927 3858 2938 3867 -

2186 3915 2277 3983 (")
2317 3914 2456 3968 lein.
2487 3943 2556 3953 —
2587 3911 2694 3980 Qui
2721 3913 2958 3985 quidem
2990 3915 3333 3987 Radulphm
3355 3931 3528 3987 quam
3554 3913 3811 3981 celebria,

2114 4009 2222 4058 etc.
2300 4002 2439 4072 Ejus
2499 4002 2891 4073 genealogiam
2931 4003 3202 4061 describit
3267 4005 3366 4060 lvo
3432 4005 3810 4068 Carnotensis,

2114 4089 2278 4158 epist.
2327 4090 2416 4143 45.
2469 4108 2497 4140 α
2553 4090 2841 4146 Perlatum
2893 4100 2978 4147 est
3016 4093 3089 4148 ad
3159 4106 3330 4149 aures
3380 4101 3604 4148 nostras
3657 4093 3806 4161 quod

2116 4177 2481 4234 Mellentinus
2547 4192 2735 4234 comes
2786 4179 2995 4235 ducere
3043 4181 3179 4236 velit
3211 4180 3269 4237 in
3347 4195 3584 4237 uxorem
3635 4179 3805 4235 filiam

2116 4265 2377 4335 Hugonis
2423 4267 2806 4336 Crespeiensis
2877 4268 3118 4336 comitis,
3195 4277 3301 4326 etc.
3352 4270 3567 4324 Horum
3618 4276 3802 4324 autem

306 4355 552 4421 naturis,
583 4355 780 4411 anima
798 4355 1062 4412 videlicet
1087 4357 1353 4414 rationali
1379 4367 1434 4415 et
1463 4373 1698 4430 corpore
1745 4370 2008 4419 constare
2044 4360 2088 4414 D
2115 4354 2478 4424 sanguinitas
2534 4368 2638 4410 nec
2685 4355 2883 4426 ignota
2939 4365 3042 4422 est.
3097 4372 3202 4412 nec
3246 4367 3483 4421 remota.
3537 4357 3682 4413 Sicut
3725 4364 3802 4411 ιθ-

305 4441 616 4512 cognoscit,
683 4451 790 4498 etc.
841 4443 1200 4515 Quapropter
1235 4459 1341 4517 ego
1389 4445 1581 4503 Simon
1630 4462 1818 4504 comes
1871 4449 2004 4506 Cre-

305 4528 598 4596 speiensis,
647 4537 754 4585 etc.
805 4529 1056 4587 Salutem
1106 4532 1315 4589 anima
1359 4549 1518 4602 mea,
1567 4535 1681 4591 imo
1727 4545 1782 4592 et
1827 4539 2006 4608 patris

306 4617 414 4671 mei
456 4617 801 4674 venerabilis
858 4619 1078 4676 comitis
1137 4621 1423 4692 Radulphi
1457 4637 1788 4694 pracavens
1828 4627 1884 4682 in
1913 4627 2006 4683 fu-

306 4713 526 4773 turum,
583 4709 880 4776 prasentis
934 4709 1064 4764 vita
1117 4709 1238 4766 dies
1279 4711 1420 4768 nihil
1463 4727 1584 4768 esse
1625 4716 2002 4785 conspiciens.

303 4801 479 4864 atque
512 4803 760 4852 mentem
783 4811 884 4866 pro
915 4811 1076 4867 posse
1108 4799 1166 4853 in
1193 4799 1649 4856 consideratione
1669 4803 2003 4858 aternitatis

306 4881 503 4951 figens,
552 4883 954 4953 supradictum
1004 4886 1374 4956 Radulphum
1429 4896 1644 4958 patrem
1694 4904 1884 4946 meum
1935 4892 2005 4948 de

304 4969 792 5040 Montedesiderio,
811 4973 932 5044 jam
961 4989 1063 5044 per
1095 4982 1207 5030 tres
1236 4989 1419 5032 annos
1446 4985 1571 5047 post
1601 4977 1722 5034 suis
1751 4980 2004 5048 corporis

302 5056 734 5115 dissolutionem
785 5060 862 5116 ibi
887 5061 1194 5132 jaceutem,
1235 5073 1530 5134 asportare
1557 5065 1683 5134 feci,
1724 5075 1779 5122 et
1808 5068 2001 5124 Eccle-

301 5142 401 5199 sia
426 5143 648 5202 Sauctis
676 5148 984 5218 Arnulphi,
1019 5165 1152 5220 qua
1197 5153 1270 5208 ab
1303 5153 1522 5220 eodem,
1553 5161 1609 5210 et
1642 5154 1716 5210 ab
1745 5163 2003 5212 anteces-

301 5229 530 5287 soribus
579 5233 638 5288 in
668 5235 897 5292 castello
947 5236 1318 5308 Crispiacensi
1360 5241 1676 5298 honorifico
1715 5243 2002 5299 schemate

303 5316 576 5386 fundata;
610 5321 666 5376 in
694 5335 812 5393 qua
841 5322 1012 5380 etiam
1041 5341 1114 5380 ex
1143 5341 1298 5398 aqua
1347 5337 1402 5386 et
1440 5328 1653 5398 Spiritu
1680 5339 1876 5386 sancto
1907 5345 2001 5386 re-

301 5412 476 5460 natus
503 5406 706 5475 fuerat,
736 5411 979 5478 reddidi,
1015 5413 1208 5484 ibique
1244 5431 1398 5473 more
1433 5418 2001 5490 antiquorumjuxta

300 5491 626 5561 sepulcrum
659 5499 860 5556 matris
893 5513 1054 5568 mea,
1087 5503 1286 5560 uxoris
1314 5519 1462 5572 sua;
1503 5520 1608 5561 nec
1631 5521 1741 5561 non
1771 5515 1826 5563 et
1858 5521 2001 5576 pra-

297 5579 660 5642 decessorum
692 5594 1047 5653 nostrorum,
1087 5603 1220 5646 cum
1273 5591 1508 5662 psalmis
1549 5601 1606 5649 et
1641 5594 2001 5650 orationibus

2113 4450 2362 4510 stantur,
2414 4450 2468 4498 et
2514 4443 2759 4512 probare
2837 4445 3018 4514 parati
3083 4453 3220 4502 sunt
3279 4445 3536 4515 praclari
3595 4445 3696 4499 viri
3735 4445 3802 4499 de

2109 4531 2307 4586 eadem
2337 4531 2446 4586 sati
2478 4533 2762 4602 prosapia.
2820 4533 3030 4588 Dicunt
3085 4534 3240 4590 enim
3287 4535 3427 4605 quia
3483 4532 3801 4590 Gualterius

2113 4620 2296 4676 Albus
2322 4621 2523 4691 genuit
2545 4628 2786 4676 matrem
2809 4620 3164 4678 Gualeranni
3188 4623 3428 4690 comitis,
3455 4622 3557 4692 qui
3610 4621 3800 4692 genuit

2112 4717 2370 4780 matrem_
2393 4709 2623 4764 Roberti
2655 4709 2900 4764 comitis.
2943 4711 3080 4764 Item
3111 4711 3480 4780 supradictus
3503 4709 3800 4766 Gualterus

2112 4795 2310 4868 genuit
2339 4771 2711 4866 Pladulphum
2745 4806 2963 4866 patrem
2990 4771 3229 4854 alterius
3284 4797 3571 4868 Radulphi
3619 4798 3800 4866 (cujus

2113 4886 2205 4942 hic
2239 4886 2497 4942 meminit
2547 4887 2879 4958 Guibertus)
2927 4888 3028 4958 qui
3087 4887 3288 4958 genuit
3323 4886 3795 4943 Vermandensem

2109 4974 2482 5042 comitissam,
2517 4993 2544 5026 ιν
2572 4983 2678 5030 etc.
2722 4974 2791 5030 Et
2841 4974 2963 5030 hac
3000 4974 3179 5031 haeres
3224 4975 3284 5030 B.
3337 4973 3578 5030 Simonis
3618 4971 3798 5028 fratris

2110 5062 2196 5117 sui
2236 5061 2678 5133 exstitit;cujus
2708 5061 2826 5118 ﬁlia
2879 5061 3057 5118 Adela
3095 5062 3348 5127 nomine,
3395 5061 3638 5131 Hugoni,
3689 5061 3796 5116 tilio

2111 5150 2340 5207 Henrici
2401 5149 2552 5222 regis
2611 5151 2984 5214 Francorum,
3032 5151 3228 5221 nupsit
3275 5151 3549 5222 primum,
3605 5147 3798 5205 deinde

2108 5241 2387 5297 Raiualdo
2469 5241 2663 5297 comiti
2737 5241 3210 5306 Claromontensi,
3282 5249 3346 5298 ut
3405 5239 3572 5297 refert
3641 5247 3798 5295 vetus

2108 5330 2311 5386 charta
2331 5329 2716 5400 Crespeiensis
2737 5339 2982 5386 monast.

2184 5439 2205 5466 ι
2274 5419 2390 5488 Ego
2445 5418 2618 5474 Adela
2684 5419 3212 5474 Viromanduorum
3257 5419 3566 5485 comitissa,
3607 5423 3660 5498 et
3698 5416 3792 5472 filii

2109 5506 2217 5562 mei
2273 5520 2462 5562 comes
2512 5506 2858 5576 Radulphus
2895 5515 2951 5564 et
2981 5508 3281 5572 Henricus,
3314 5507 3578 5563 dedimus
3615 5505 3666 5562 S.
3693 5507 3788 5562 Ar-

2107 5593 2270 5651 nulfo
2321 5596 2581 5665 martyri,
2634 5609 2703 5651 ea
2758 5611 2891 5666 qua
2955 5597 3254 5652 comitissa
3303 5595 3692 5667 Crespeienses
3742 5596 3793 5652 in
