3930 6384
132 361 261 417 1081

1370 360 1595 419 DOMNI
1632 362 1695 417 L.
1746 361 2097 419 D’ACHERY
2136 362 2365 420 NOTE.

3496 369 3640 423 1082

133 498 358 568 privato
405 497 541 569 jure
580 510 706 565 suo,
770 497 827 552 in
876 503 1065 553 castro
1108 510 1236 554 meo
1287 496 1529 568 Crespei,
1577 505 1632 555 et
1680 496 1831 555 villis
1866 496 2260 554 ACarthusiae
2337 497 2645 554 Dominum
2721 499 2914 555 Jesum
2991 498 3283 556 Christum
3344 501 3638 572 quoddam

134 587 332 654 Fenez,
360 593 490 652 ete.,
524 585 596 640 ad
627 584 1100 642 sustentationem
1131 585 1555 642 monachorum
1589 585 1829 644 Clunia-

132 675 392 731 eensium
466 675 618 743 apud
672 673 1001 743 Crespeium
1075 674 1190 729 Deo
1258 675 1655 731 servientium.
1717 677 1833 731 Hoc

134 763 352 818 donum
383 761 641 828 fecimus,
676 771 739 819 ut
762 762 1033 818 dominus
1054 777 1217 818 meus
1245 763 1409 834 Hugo
1436 777 1702 835 magnus,
1730 763 1833 834 qui

136 850 277 906 obiit
327 850 384 906 in
440 850 537 905 via
585 849 1083 919 Jerosolymitana,
1133 865 1266 906 eum
1323 851 1451 907 ﬁliis
1497 860 1552 908 et
1604 852 1834 908 ﬁliabus

136 939 296 1006 meis,
346 953 477 993 eum
526 938 761 993 domino
813 952 937 992 meo
988 938 1192 994 comite
1235 938 1643 996 Clermontensi
1694 941 1836 997 Bai-

136 1027 329 1094 naldo,
364 1026 668 1096 participes
707 1027 888 1081 simus
918 1025 976 1081 in
1005 1026 1365 1082 orationibus
1408 1028 1669 1083 omnium
1699 1042 1833 1082 eon-

138 1114 543 1185 gregationum
620 1113 862 1169 emnobii
923 1112 1184 1169 Cluniae.
1256 1118 1462 1171 Actum
1538 1129 1634 1170 an.
1701 1118 1836 1170 1118

137 1201 411 1257 Paschalc
442 1203 514 1270 ll,
550 1202 657 1257 PP.
691 1216 824 1272 rege
854 1202 1059 1256 Frane.
1089 1202 1400 1269 Ludovico,
1440 1227 1461 1251 -
1495 1211 1600 1259 etc.

214 1290 581 1359 Rodulphum
616 1301 808 1345 autem
841 1305 1015 1346 avum
1062 1290 1271 1358 Adelze,
1305 1292 1374 1347 de
1401 1306 1517 1362 quo
1548 1292 1714 1348 nobis
1754 1298 1840 1347 est

138 1392 348 1445 sermo,
400 1378 842 1448 Crespeiensem.
896 1380 1018 1434 sive
1067 1379 1383 1435 Vadensem
1438 1388 1493 1436 et
1545 1380 1837 1437 Valesien-

140 1480 260 1521 sem
322 1467 586 1522 comitem
662 1467 860 1522 multis
917 1467 1152 1523 auxisse
1207 1468 1371 1523 bonis
1425 1470 1839 1525 monasterium

141 1550 198 1608 S.
233 1551 526 1622 Arnulphi
567 1551 761 1623 Cresp.
798 1552 1000 1623 (hujus
1050 1553 1323 1609 fundator
1368 1568 1515 1609 avus
1552 1555 1836 1624 Badulphi

140 1640 473 1696 Gualterius
504 1641 687 1697 Albus
734 1641 1115 1711 agnoscitur).
1154 1643 1405 1712 produnt
1442 1643 1697 1713 ejusdem
1730 1643 1839 1699 loci

140 1729 475 1800 antiquiora
530 1737 928 1797 monumenta,
994 1731 1091 1785 sed
1152 1730 1405 1786 maxime
1463 1730 1603 1786 illud
1660 1732 1839 1787 sacris

140 1817 202 1872 B.
252 1793 538 1886 A-rnulphi
590 1793 928 1889 pignoribus
983 1818 1299 1874 decorasse.
1347 1819 1576 1876 Veteres
1623 1820 1838 1877 chartae
1875 1793 1920 1849 Β

138 1906 210 1962 de
264 1906 586 1976 Rodulpbo,
627 1920 880 1977 quarum
931 1908 1317 1963 summarium
1349 1907 1458 1963 hoc
1503 1915 1631 1963 est:
1670 1929 1692 1956 ι
1729 1909 1836 1964 Βο-

108 1993 395 2064 -dulphus
440 2008 631 2050 comes
664 1994 1116 2063 Crespeiacensis
1162 1994 1410 2064 plurima
1439 1995 1736 2065 quondam
1780 1996 1839 2051 in

138 2082 417 2139 beneﬁcio
461 2082 691 2138 tenebat
734 2081 942 2138 altaria
985 2083 1056 2138 ab
1088 2084 1353 2152 episeopo
1401 2082 1838 2152 Suessionensi;

136 2171 235 2227 sed
293 2179 418 2240 post
476 2179 716 2226 mortem
769 2170 958 2227 Adelas
1004 2171 1208 2227 uxoris
1260 2184 1399 2236 suae,
1448 2171 1522 2227 ab
1575 2171 1841 2227 Heddone

135 2259 527 2315 Suessionensi
581 2260 845 2329 episcopo
896 2259 1137 2327 obtinet,
1194 2266 1258 2315 ut
1308 2259 1490 2314 altare
1536 2259 1607 2314 de
1663 2259 1839 2314 Bouol

137 2346 430 2418 (Bonoet’l)
482 2348 638 2418 quod
686 2347 745 2403 in
798 2348 1073 2403 beneﬁcio
1130 2348 1356 2404 tenebat
1407 2349 1478 2403 ad
1535 2361 1838 2418 personam

133 2436 566 2506 perpetualiter,
623 2443 679 2492 et
747 2450 879 2491 cum
935 2436 1263 2507 integritate
1342 2444 1528 2492 teneat
1584 2435 1841 2492 Ecclesia

134 2526 191 2581 8.
230 2525 538 2595 Arnulphi,
579 2546 602 2574 ι
630 2533 736 2581 etc.

211 2615 421 2669 Actum
477 2612 765 2669 Suessioni
835 2625 972 2668 ann.
1031 2613 1317 2669 lncarnat.
1391 2615 1549 2682 1053,
1608 2614 1839 2670 Henriei

140 2701 300 2772 regis
328 2716 429 2757 xxx
456 2710 511 2758 et
540 2702 725 2771 primo
753 2700 1038 2756 Heddonis
1067 2701 1338 2772 episcopi.

215 2791 357 2846 Hinc
394 2789 728 2857 nonnullos,
761 2790 864 2860 qui
894 2789 1285 2859 Rodulphum,
1321 2790 1623 2860 ﬁliumque
1653 2791 1714 2846 Β.
1748 2790 1837 2846 Si-

132 2894 368 2935 monem
400 2879 739 2934 Viromand.
789 2878 1022 2934 comites
1055 2878 1278 2947 volunt,
1327 2878 1675 2935 hallucinari
1712 2878 1838 2934 aui-

132 2967 501 3025 madvertere
557 2974 658 3023 est.
721 2968 867 3037 Lege
919 2966 1141 3023 Claudii
1201 2967 1458 3023 Hemerei
1512 2969 1837 3039 Augustam

132 3056 477 3113 Viromand.
507 3056 578 3111 ad
621 3069 712 3110 an.
756 3055 909 3121 1046,
940 3058 997 3110 et
1024 3054 1314 3110 Andream
1348 3055 1668 3123 Duchesne,
1703 3055 1833 3113 bist.
1875 3089 1917 3145 ο

133 3145 455 3203 Castillion.
491 3145 588 3201 lib.
622 3160 682 3211 ιι,
716 3158 764 3199 e.
799 3147 850 3198 9.

210 3234 306 3304 (ιι)
334 3234 471 3288 lem.
505 3262 575 3273 —
606 3233 699 3286 Ad
723 3234 786 3289 S.
812 3229 1153 3303 Eugendum
1185 3230 1247 3284 in
1265 3229 1554 3287 (enitor-io
1575 3232 1833 3288 Juv-emi.

133 3325 281 3380 Jura
309 3321 429 3378 sive
475 3323 747 3378 Jurassus
787 3334 970 3384 mons,
1006 3320 1066 3375 in
1115 3334 1235 3389 quo
1260 3320 1314 3377 S.
1362 3321 1647 3392 Eugendi,
1682 3336 1840 3378 nunc

136 3411 193 3466 S.
244 3410 469 3465 Claudii
510 3408 838 3465 emnobium
871 3423 884 3462 :
918 3409 987 3464 de
1013 3422 1130 3477 quo
1178 3408 1490 3464 Menardus
1536 3408 1833 3466 Observat.

136 3498 528 3567 Martyrologii
585 3496 933 3553 Benedictini
989 3496 1062 3551 ad
1113 3496 1262 3552 diem
1310 3499 1331 3550 1
1384 3497 1666 3553 Januarii.
1716 3498 1839 3565 Quo

139 3585 250 3641 loci
298 3585 712 3641 monasterium
761 3583 1115 3639 Condatense
1161 3583 1282 3639 sive
1321 3584 1768 3641 Condatescense
1805 3600 1840 3641 a

136 3673 368 3730 Jurensi
395 3674 851 3743 haudquaquam
874 3671 1347 3743 distinguendum
1378 3673 1693 3729 contendit.

209 3762 301 3832 (⁸⁸)
336 3761 474 3817 CAP.
506 3762 603 3816 ΧΙ.
637 3790 704 3799 --
738 3759 849 3826 Qui
870 3757 1257 3814 conversionis
1288 3757 1462 3814 initia
1490 3776 1559 3815 ea:
1583 3760 1841 3831 subjecta

135 3852 345 3905 nactus
371 3848 684 3917 occasione,
713 3856 818 3905 etc.
850 3848 1046 3904 Audin
1076 3862 1311 3904 causam
1344 3863 1450 3904 cur
1479 3849 1841 3907 beatissimus

139 3937 233 3994 ille
261 3937 754 3994 Carthusiensium
789 3944 1166 4007 protoparens
1212 3936 1269 3991 in
1303 3951 1559 3993 eremum
1591 3952 1837 3994 secesse-

138 4025 233 4093 rit,
287 4026 359 4082 ab
417 4033 651 4082 auctore
708 4033 996 4081 cowtaneo
1022 4025 1262 4095 posteris
1310 4025 1628 4081 traditam?
1676 4040 1839 4081 eam-

138 4112 266 4169 dem
301 4128 475 4184 prope
520 4114 705 4183 aperit
756 4112 966 4169 illemet
1012 4112 1063 4169 S.
1095 4113 1291 4168 Bruno
1332 4113 1568 4182 epistola
1597 4113 1668 4169 ad
1721 4114 1840 4169 Ra-

137 4201 463 4271 dulphum;
515 4203 615 4258 ubi
674 4202 1032 4272 potissimum
1089 4202 1196 4257 hoc
1244 4209 1588 4272 argumento
1649 4203 1838 4272 ipsum

139 4290 462 4359 sponsionis
508 4290 577 4347 de
632 4292 751 4346 vita
799 4290 1114 4347 monastica
1146 4291 1259 4346 Deo
1319 4291 1481 4345 facta;
1524 4290 1836 4346 admonet:

1938 586 2415 653 conﬁrmantem;
2447 586 2640 642 stellas
2679 587 2854 643 etiam
2886 594 3101 659 septem
3144 588 3423 644 ducatum
3465 588 3639 646 itine-

1941 675 2021 729 ris
2049 674 2156 730 sibi
2200 682 2553 744 praestantes.
2608 674 2722 730 Nec
2755 689 2914 731 mora
2960 676 3031 732 ad
3066 675 3258 746 ipsum
3300 676 3637 747 episcopum

1939 764 2185 819 veniunt
2239 771 2450 832 septem
2504 763 2638 829 viri,
2715 763 2816 834 qui
2878 778 2993 820 uno
3048 765 3330 821 desiderio
3381 766 3645 822 succensi

1944 851 2132 908 locum
2159 851 2461 908 eremiticaa
2503 851 2636 907 vitaz
2666 852 3022 921 quaerebant,
3059 868 3163 910 nee
3192 854 3386 909 adhuc
3415 868 3642 924 repere-

1944 948 2076 996 rant
2106 954 2119 994 :
2153 954 2403 1009 quorum
2438 939 2660 1009 primus
2702 940 2809 995 fuit
2838 941 3112 1011 magister
3142 942 3336 997 Bruno
3368 942 3646 1015 religione

1944 1036 1998 1084 et
2044 1027 2281 1083 scientia
2334 1026 2547 1093 clarus,
2579 1036 2635 1083 et
2686 1028 2783 1082 alii
2837 1036 3092 1099 quatuor
3139 1029 3393 1097 litterati,
3442 1039 3497 1087 et
3529 1032 3645 1088 duo

1947 1116 2095 1181 laici,
2162 1130 2310 1186 quos
2365 1123 2600 1171 sanctus
2672 1116 2838 1186 Hugo
2895 1124 3193 1187 gratanter
3263 1117 3533 1186 suscepit,
3590 1126 3647 1175 et

1946 1205 2059 1261 voti
2114 1213 2402 1274 compotes
2452 1203 2600 1259 fecit.
2654 1205 2783 1274 Ipso
2835 1218 3090 1274 namque
3138 1204 3492 1273 consulente,
3541 1206 3645 1276 ju-

1944 1301 2136 1359 vante,
2184 1302 2239 1349 et
2265 1293 2574 1349 comitante
2620 1292 2939 1348 Carthusiee
2992 1291 3359 1348 solitudinem
3394 1291 3644 1351 intrave-

1946 1390 2106 1449 runt,
2138 1381 2380 1437 aediﬁcia
2427 1388 2899 1448 construxerunt,
2931 1389 2985 1436 et
3024 1380 3098 1436 ibi
3144 1380 3324 1450 quieti
3365 1382 3418 1435 in
3455 1395 3647 1439 eremo

1948 1471 2190 1526 Domino
2226 1475 2376 1524 598
2422 1469 2766 1526 servierunt.
2819 1490 2840 1518 ι
2889 1469 2980 1524 Sic
3010 1468 3124 1535 ille,
3155 1470 3236 1524 sic
3270 1476 3325 1524 et
3354 1468 3647 1525 innumeri

1948 1558 2360 1628 propemodum
2422 1557 2748 1627 scriptores,
2823 1571 2970 1627 quos
3023 1557 3111 1611 his
3181 1556 3649 1614 adnotationibus

1947 1646 2178 1702 insuere
2213 1646 2381 1716 piget,
2430 1645 2898 1716 quandoquidem
2930 1659 3020 1700 me
3050 1644 3123 1700 ab
3153 1644 3262 1700 hoc
3299 1658 3471 1713 onere
3502 1645 3649 1702 levet

1947 1736 2194 1792 Joannes
2247 1735 2315 1789 de
2374 1734 2630 1803 Launoy,
2681 1734 2772 1788 vir
2822 1732 3163 1789 eruditionis
3220 1733 3524 1789 reconditae
3582 1747 3650 1789 ae

1948 1823 2263 1893 disciplinae
2339 1822 2732 1878 ecclesiasticae
2794 1820 3189 1892 peritissimus.
3262 1820 3321 1876 in
3387 1821 3651 1878 disserta-

1946 1911 2098 1969 tione
2148 1913 2227 1968 De
2277 1924 2416 1967 vera
2473 1924 2649 1967 causa
2696 1925 2949 1967 secessus
2987 1909 3042 1965 S.
3104 1910 3396 1965 Brunonis
3428 1910 3484 1965 in
3531 1924 3650 1967 ere-

1947 2012 2128 2054 mum.
2171 1997 2350 2065 Quem
2385 2011 2552 2067 porro
2594 1998 2881 2053 doctorem
2928 1996 3196 2053 habuerit
3244 1997 3446 2067 paucis
3471 2011 3649 2053 enar-

1945 2095 2035 2144 rat
2079 2087 2560 2157 chronographus
2614 2086 3001 2142 Malleacensis
3047 2099 3153 2156 par
3186 2086 3350 2142 beato
3389 2085 3648 2141 Brunoni

1946 2176 2018 2231 a'l
2062 2190 2158 2230 an.
2212 2178 2336 2230 996.
2374 2197 2396 2224 ι
2455 2174 2765 2231 Gerbertus
2814 2174 3006 2230 docuit
3054 2174 3394 2230 Fulbertum
3441 2175 3649 2230 Carno-

1946 2271 2089 2320 tens.
2150 2263 2502 2333 episcopum,
2551 2271 2659 2318 etc.
2719 2262 2819 2317 Hie
2878 2262 3088 2318 iterum
3136 2262 3331 2318 docuit
3371 2262 3650 2333 Berenga-

1945 2353 2097 2408 rium
2145 2352 2488 2407 canonicum
2539 2350 2728 2407 Sancti
2778 2350 3039 2419 Martini;
3083 2349 3188 2421 qui
3236 2351 3369 2406 item
3426 2351 3645 2406 Bruno-

1946 2455 2076 2496 nem
2123 2442 2481 2506 Remensem,
2539 2447 2594 2494 et
2648 2437 2860 2494 multos
2911 2438 3053 2493 alios
3110 2439 3364 2494 baeredes
3411 2438 3649 2508 reliquit

1945 2528 2341 2601 philosophiae.
2387 2528 2582 2583 Bruno
2633 2526 2868 2598 quidem
2913 2526 3198 2596 perfectus
3251 2525 3644 2595 philosophus,

1945 2618 2266 2674 monachus
2291 2616 2528 2673 effectus
2554 2624 2610 2672 et
2641 2615 2879 2671 eremita
2906 2615 3062 2685 apud
3084 2614 3406 2671 Calabriam
3442 2614 3649 2670 multo-

1945 2722 2075 2764 rum
2109 2706 2526 2761 monachorum
2557 2707 2721 2761 Pater
2752 2705 2892 2761 obiit
2930 2705 2987 2759 in
3016 2702 3261 2760 Christo.
3298 2724 3326 2751 ››

2017 2793 2091 2847 At
2141 2791 2524 2847 omittendum
2574 2790 2809 2845 minime
2856 2796 2958 2853 est,
3010 2788 3165 2859 quod
3221 2786 3525 2843 observavi
3578 2787 3648 2843 de

1947 2887 2145 2935 sancto
2192 2880 2482 2945 Brunone,
2516 2879 2792 2948 quodque
2833 2877 3000 2947 fugit,
3033 2876 3254 2947 opinor,
3303 2876 3647 2946 scriptores;

1946 2975 2086 3038 puta
2115 2967 2460 3023 cancellaria
2506 2967 2786 3037 dignitate
2834 2965 3113 3021 claruisse
3143 2965 3201 3020 in
3248 2964 3502 3020 Ecclesia
3544 2965 3647 3020 Re-

1947 3055 2168 3121 mensi;
2204 3056 2410 3111 doceor
2434 3055 2483 3109 id
2520 3069 2593 3109 ex
2623 3054 2838 3109 chartze
2877 3052 3302 3122 subscriptione
3327 3051 3497 3121 jussu
3527 3053 3646 3108 Ma-

1947 3143 2133 3200 nassis
2182 3142 2595 3215 archiepiscopi
2627 3142 2920 3198 Remensis
2976 3142 3221 3210 scriptae,
3280 3155 3400 3211 qua
3456 3153 3650 3195 mona-

1947 3232 2116 3289 sterio
2146 3232 2334 3288 Sancti
2368 3231 2553 3287 Basoli
2580 3230 2797 3287 confert
2827 3230 3034 3285 altaria
3065 3229 3269 3296 Alteio,
3294 3235 3348 3283 et
3377 3227 3644 3297 Caprille,

1945 3330 2053 3378 etc.
2088 3343 2109 3370 ι
2154 3322 2362 3376 Actum
2395 3333 2547 3375 anno
2597 3321 2731 3374 1076
2766 3317 3147 3388 praesentibus
3189 3315 3429 3372 Henrico
3454 3315 3649 3372 Sancti

1947 3408 2212 3481 Remigii,
2279 3407 2558 3465 Joseelino
2626 3407 2986 3471 Altivillaris,
3060 3405 3327 3475 Gybuino
3389 3404 3643 3471 Mosomi,

1947 3496 2285 3554 Baimbaldo
2336 3497 2390 3553 S.
2461 3496 2794 3552 Theodorici
2868 3494 3194 3562 abbatibus,
3245 3502 3300 3549 et
3381 3495 3649 3548 Brunone

1948 3586 2240 3642 Remensis
2269 3585 2534 3641 Ecclesia;
2560 3584 2922 3640 cancellario.
2965 3606 2986 3631 ι

2020 3675 2107 3745 (⁸⁸)
2140 3675 2274 3731 CAP.
2310 3675 2407 3729 XI.
2442 3705 2510 3712 —
2548 3673 2721 3729 Viae:
2746 3676 2938 3727 autem
2971 3669 3200 3726 abbatis
3222 3687 3293 3726 ac
3338 3667 3651 3742 prouisori:

1948 3764 2288 3835 Gratianop.
2329 3762 2649 3834 episcopus,
2678 3761 2770 3817 υἰν
2795 3760 3112 3833 plurimum
3154 3759 3457 3831 religiosus
3481 3773 3645 3812 exse-

1947 3852 2161 3923 quitur.
2224 3852 2306 3907 Ne
2364 3851 2591 3906 mireris
2645 3850 2974 3920 episcopum
3031 3849 3348 3919 Hugonem,
3409 3845 3649 3902 novella

1948 3941 2319 4011 plantationis
2376 3939 2730 4010 praefectum,
2781 3938 2994 4009 quippe
3034 3936 3135 4007 qui
3182 3936 3359 3991 vitam
3411 3934 3652 3990 aretissi-

1948 4044 2101 4086 mam
2149 4030 2456 4099 professus,
2493 4028 2804 4097 prudenter
2852 4026 3258 4095 sapienterque
3307 4023 3464 4078 illam
3502 4022 3651 4093 riga-

1948 4132 2029 4186 re,
2091 4125 2414 4188 amputare,
2469 4115 2772 4181 suffodere,
2827 4122 3142 4170 stercorare
3194 4118 3435 4167 noverat
3478 4126 3491 4166 :
3533 4125 3648 4166 non

1947 4221 2114 4262 secus
2161 4220 2225 4260 ac
2255 4205 2388 4260 olim
2426 4203 2771 4259 sanctissimi
2826 4201 3110 4257 antistites
3142 4200 3411 4256 monachi
3461 4199 3649 4254 Atha-

1948 4295 2167 4362 nasius,
2225 4294 2469 4349 Basilius
2540 4293 2807 4362 Magnus,
2862 4289 3174 4361 Gregorius
3233 4288 3645 4355 Nazianzenus,

146 4401 166 4426 ι
205 4380 614 4435 Reminiscitur
655 4380 869 4450 quippe
921 4379 1147 4436 dilectio
1193 4387 1294 4436 tua
1325 4379 1503 4449 quod,
1552 4394 1682 4434 cum
1730 4393 1835 4449 ego
1873 4385 1917 4438 D
1951 4384 2407 4453 Chrysostomus,
2464 4381 2763 4447 Martinus,
2815 4379 3180 4450 Augustinus
3240 4387 3504 4448 uterque,
3557 4377 3652 4432 do-

139 4475 195 4522 et
221 4468 456 4524 Fulcius
506 4468 859 4534 Monoculus,
893 4469 1146 4538 quadam
1198 4467 1289 4523 die
1320 4467 1492 4524 simul
1533 4467 1838 4523 fuissemus

142 4554 200 4610 in
233 4556 461 4612 hortulo
492 4556 776 4627 adjacenti
830 4557 1028 4613 domui
1071 4556 1229 4624 Adae,
1263 4556 1365 4613 ubi
1419 4563 1557 4612 tunc
1586 4556 1836 4625 hospita-

142 4644 267 4711 bar,
329 4645 399 4701 de
457 4645 613 4701 falsis
662 4644 1158 4712 oblectationibus,
1211 4652 1266 4701 et
1316 4644 1587 4714 perituris
1636 4645 1835 4701 mundi

143 4732 322 4803 hujus
362 4734 600 4800 divitiis,
652 4748 757 4789 nec
785 4747 900 4788 non
946 4733 1015 4788 de
1047 4735 1314 4802 perennis
1345 4734 1541 4804 gloriae
1586 4734 1833 4805 gaudiis,

142 4820 504 4891 aliquandiu,
567 4829 631 4877 ut
676 4820 900 4890 opinor,
959 4828 1375 4888 tractaremus;
1431 4821 1585 4877 unde
1641 4822 1838 4878 divino

141 4908 366 4965 fervore
415 4909 719 4974 ferventes,
765 4909 1137 4979 promisimus
1185 4924 1252 4965 ac
1294 4909 1561 4965 vovimus
1598 4909 1835 4980 Spiritui

139 5007 359 5065 sancto,
410 4998 469 5054 in
517 4998 782 5068 proximo
838 4996 1085 5068 fugitiva
1136 4996 1329 5053 saeculi
1379 4997 1725 5066 relinquere,
1783 5005 1839 5052 et

139 5095 354 5143 aeterna
382 5096 636 5156 captare,
669 5101 776 5142 nec
807 5100 918 5141 non
964 5085 1367 5141 monachicum
1396 5085 1656 5141 habitum
1690 5084 1838 5140 reei-

140 5188 289 5241 pere.
353 5198 373 5225 ι
439 5176 613 5231 Plura
667 5175 824 5232 hunc
881 5175 939 5230 in
994 5174 1230 5231 modum
1284 5174 1547 5231 edisserit
1602 5183 1838 5230 sanctus

139 5263 334 5321 Bruno
360 5266 480 5335 jam
510 5264 830 5321 Carthusiaa
858 5264 1115 5319 colonus.

211 5352 537 5409 Canonicus
593 5366 922 5422 anonymus
969 5352 1162 5408 Sancti
1216 5352 1440 5407 Martini
1490 5352 1839 5407 Turonensis

146 5440 390 5498 Historia
444 5441 656 5497 inedita
708 5440 1072 5498 Bibliotheca:
1131 5441 1340 5511 Regiis.
1391 5461 1419 5490 ‹‹
1475 5440 1642 5496 Anno
1702 5442 1834 5493 1086

144 5528 375 5601 incmpit
418 5531 558 5586 ordo
601 5530 918 5587 Carthusiae
969 5530 1069 5586 tali
1121 5530 1289 5584 modo
1329 5549 1346 5584 :
1379 5530 1624 5586 Sanctus
1672 5528 1837 5599 Hugo

142 5617 709 5691 Gratianopolitanus
758 5619 900 5675 vidit
950 5633 1051 5689 per
1095 5619 1381 5675 somnium
1435 5618 1491 5673 in
1530 5617 1837 5674 solitudine

1946 4480 2069 4529 ctor
2097 4479 2150 4527 et
2182 4470 2404 4542 Anglia:
2457 4469 2766 4539 apostolus,
2816 4467 3102 4524 Caesarius
3147 4466 3384 4533 Arelat.,
3433 4464 3651 4521 Bonifa-

1947 4560 2072 4615 cius
2129 4559 2407 4629 Mogunt.,
2468 4557 2853 4627 Leodegarius
2909 4556 3218 4627 Augusto.,
3267 4553 3646 4620 Lanfrancus,

1946 4647 2264 4713 Anseltnus,
2315 4654 2371 4702 et
2400 4646 2519 4713 alii,
2562 4646 2975 4701 institutionem
3025 4643 3414 4712 suscipiebant
3445 4655 3651 4698 mona-

1946 4737 2209 4792 chorum.
2263 4736 2486 4791 Etenim
2519 4748 2651 4805 quze
2682 4733 2851 4804 longo
2884 4747 2994 4788 usu
3026 4732 3084 4786 in
3128 4730 3405 4787 coenobiis
3434 4729 3649 4784 didice-

1948 4833 2096 4892 rant,
2135 4832 2612 4895 peregerantque,
2645 4821 2774 4877 aliis
2820 4821 3077 4890 apprime
3106 4818 3518 4888 depromebant
3553 4832 3565 4871 :
3595 4826 3651 4873 et

1941 4913 2117 4984 juxta
2160 4911 2301 4967 illud
2334 4912 2500 4967 Luca:
2530 4925 2607 4966 xu
2632 4910 2702 4965 de
2732 4908 2883 4965 ﬁdeli
2914 4908 3304 4978 dispensatore
3335 4906 3646 4962 Dominicae

1946 4999 2400 5066 familizehtritiei
2452 5012 2782 5055 mensuram
2815 4998 2953 5052 dare
2996 4994 3383 5066 percellebant
3422 4995 3480 5050 in
3513 5002 3649 5050 tem-

1948 5104 2119 5162 pore;
2168 5088 2543 5159 sciebantque
2571 5087 2784 5157 pastori
2818 5108 2838 5134 ι
2885 5093 3145 5155 oportere
3175 5084 3438 5154 prodesse
3465 5083 3651 5154 magis

1946 5192 2122 5249 quam
2178 5191 2438 5248 praeesse,
2499 5198 2520 5226 ι
2579 5184 2640 5232 ιιι
2694 5174 2955 5245 loquitur
3019 5179 3255 5228 sanctus
3307 5169 3651 5226 Benedictus

1944 5267 2161 5337 regula
2215 5279 2341 5336 cap.
2375 5266 2480 5335 64;
2515 5273 2570 5321 et
2622 5279 2746 5335 cap.
2805 5267 2860 5331 2,
2911 5263 3174 5318 abbatem
3231 5273 3637 5330 praemonens:

1949 5374 1974 5407 ι
2007 5355 2213 5411 Omnia
2266 5354 2414 5409 bona
2442 5363 2496 5410 et
2528 5361 2725 5410 saneta
2762 5351 2926 5408 factis
2970 5350 3220 5420 amplius
3250 5362 3427 5418 quam
3461 5347 3650 5403 verbis

1944 5444 2263 5508 ostendere,
2297 5451 2360 5499 ut
2404 5457 2536 5514 quae
2563 5441 2860 5512 discipulis
2886 5440 3143 5496 docuerit
3183 5452 3304 5493 esse
3335 5435 3645 5503 contraria,

1946 5532 2005 5587 in
2033 5532 2154 5588 suis
2198 5532 2363 5587 factis
2394 5532 2603 5588 indicet
2648 5545 2762 5588 non
2794 5529 3036 5601 agenda.
3072 5550 3100 5577 »
3134 5528 3295 5584 Unde
3332 5528 3388 5582 in
3419 5526 3649 5581 statutis

1940 5619 2179 5689 jubente
2209 5620 2430 5689 Edgaro
2465 5633 2596 5690 rege
2625 5617 2888 5685 conditis,
2929 5617 3221 5674 decretum
3255 5615 3402 5672 inter
3438 5620 3647 5670 czetera
