3930 6412
309 382 448 437 1083

1341 383 1436 437 AD
1473 383 1628 439 OPP.
1669 384 1826 440 VEN.
1866 381 2205 441 GUIBERTI
2240 383 2329 437 DE
2371 381 2773 439 NOVIGENTO

3671 382 3812 437 1084

309 517 379 574 de
404 516 706 588 episcopis,
740 518 839 588 qui
873 518 1167 574 monachis
1195 532 1434 588 praesse
1465 518 1751 575 debebant
1784 534 1796 573 :
1832 537 1861 570 α
1891 517 1997 586 Qui
2036 520 2083 573 A
2110 526 2166 574 et
2205 532 2488 574 novorum
2538 516 3028 587 comparationem
3053 558 3066 582 ,
3118 531 3221 574 seu
3251 518 3743 585 membranarum,
3780 537 3809 570 ιο

310 607 610 663 ordinatus
664 606 969 677 episcopus
1024 606 1083 662 in
1140 607 1410 662 omnibus
1461 607 1729 663 eumdem
1789 622 2003 664 morem

312 694 527 765 regula
555 709 686 751 cum
719 695 1018 751 monachis
1042 694 1162 750 suis
1193 709 1365 764 quem
1391 694 1570 751 abbas
1596 702 1748 751 tenet
1770 696 2006 766 regula-

313 783 413 848 ris,
458 783 717 852 diligenti
748 797 890 839 cura
936 785 1058 839 sine
1088 783 1507 839 intermissione
1554 784 1857 840 custodiat.
1893 784 2009 840 Nec

311 872 673 941 episcopatus
723 872 1054 940 occasione;
1130 871 1344 942 regula
1402 880 1685 941 pracepta
1752 873 2008 928 tumidus

310 960 402 1017 vel
458 961 773 1016 obliviosus
842 969 1050 1016 temere
1122 960 1484 1025 intermittat,
1559 962 1655 1017 sed
1721 970 2006 1031 quantum

310 1049 553 1105 excellat
596 1058 651 1105 et
693 1063 882 1118 opere.
939 1067 967 1099 ››
1018 1047 1294 1104 Seldenus
1342 1047 1402 1103 in
1451 1048 1575 1105 Not.
1614 1049 1685 1104 ad
1741 1050 2008 1105 Eadmeri

314 1137 476 1202 Hist.,
505 1150 635 1207 pag.
673 1138 790 1190 150.

382 1226 468 1280 En
520 1238 755 1280 causam
790 1238 896 1279 cur
942 1223 1251 1280 identidem
1306 1224 1564 1294 praclari
1613 1232 1695 1280 tot
1739 1225 2010 1294 prasules

312 1313 726 1370 canobitarum
775 1320 1021 1368 rectores
1069 1312 1356 1369 exstitere.
1403 1314 1507 1369 Ast
1541 1313 1640 1369 ubi
1674 1328 1705 1368 e
1742 1313 2009 1369 saculari

312 1403 433 1458 vita
482 1402 541 1457 in
597 1400 800 1457 solium
855 1400 1171 1470 episcopale
1220 1401 1425 1457 intrusi
1483 1409 1642 1467 sunt,
1703 1402 1804 1471 qui
1853 1402 2009 1472 quod

312 1504 601 1560 nusquam
627 1489 894 1545 auditum
918 1489 1223 1555 lectumve,
1256 1488 1469 1544 nedum
1502 1488 1561 1543 in
1592 1504 1704 1545 usu
1726 1490 2006 1556 habitum,

311 1578 477 1635 dictis
528 1579 804 1648 factisque
836 1585 1103 1648 poterunt
1130 1577 1410 1633 edocere‘?
1439 1577 1641 1634 Merito
1684 1578 1864 1650 igitur
1894 1592 2005 1643 eos.

311 1667 413 1736 qui
468 1667 820 1737 evangelica
890 1666 1250 1736 perfectionis
1309 1666 1368 1721 in
1442 1666 1643 1722 ordine
1699 1667 2010 1722 monastico

309 1754 573 1811 instituta
618 1755 933 1825 amplexati
968 1754 1222 1820 fuerunt,
1256 1753 1328 1810 ab
1378 1753 1609 1810 illorum
1635 1755 1768 1825 jure
1796 1756 2008 1811 summi

2110 615 2217 662 etc.
2254 608 2320 663 Et
2350 607 2500 662 infra
2531 622 2544 661 :
2581 627 2609 655 ‹‹
2647 607 2769 676 Ego
2798 606 2996 677 igitur,
3026 614 3081 663 et
3110 605 3213 676 qui
3244 606 3382 661 mihi
3410 606 3694 672 succedet,
3727 603 3812 657 vi-

2114 696 2258 767 ginti
2288 695 2495 751 solidos
2540 695 2841 750 annuatim
2881 696 3048 761 dabo,
3101 704 3231 762 etc.,
3268 695 3424 764 prior
3472 703 3662 750 noster
3713 694 3811 749 de-

2113 799 2235 841 cem
2283 785 2513 851 solidos,
2563 785 2723 853 prior
2752 785 2821 839 de
2870 785 3074 853 regula
3128 785 3319 839 decem
3355 784 3585 847 solidos,
3641 802 3667 833 ι)
3699 791 3808 839 etc.

2106 875 2246 929 Hac
2290 874 2622 929 constitutio
2657 873 2806 928 inter
2852 882 3071 928 veteres
3121 873 3564 928 consuetudines
3602 872 3814 927 biblio-

2113 962 2293 1018 theca
2324 962 2563 1017 Floriac.
2598 976 2727 1031 pag.
2763 963 2885 1016 409.

2186 1051 2467 1120 Majorum
2512 1065 2747 1120 quoque
2776 1050 3058 1120 exemplo,
3108 1050 3302 1105 Patres
3348 1047 3815 1119 congregationis

2115 1137 2302 1193 Sancti
2339 1138 2523 1193 Mauri
2559 1138 2631 1192 ad
2663 1145 2837 1207 caput
2868 1138 3082 1207 regula
3111 1138 3200 1197 48.
3239 1136 3297 1191 in
3327 1135 3815 1192 declarationibus

2113 1235 2364 1283 statuere
2397 1242 2410 1281 :
2445 1249 2466 1275 ι
2498 1227 2565 1281 Ει
2594 1241 2664 1281 ne
2693 1227 2879 1281 desint
2907 1226 3129 1281 codices
3162 1227 3217 1280 iu
3253 1224 3608 1281 bibliothecis
3634 1222 3812 1278 dandi

2115 1315 2392 1371 fratribus
2425 1329 2524 1384 pro
2569 1328 2769 1370 eorum
2801 1322 2991 1383 captu,
3024 1321 3191 1369 erant
3237 1313 3459 1368 solliciti
3491 1313 3815 1381 superiores

2117 1412 2182 1460 ut
2214 1403 2375 1459 libris
2404 1404 2645 1459 utilibus
2675 1402 3039 1458 instruantur
3071 1417 3171 1471 pro
3207 1401 3578 1457 facultatibus
3604 1414 3815 1456 mona-

2116 1492 2292 1557 sterii,
2328 1513 2355 1539 ››
2387 1499 2494 1547 etc.

2189 1577 2286 1649 (⁸⁸)
2311 1581 2444 1635 luto.
2473 1609 2541 1619 —
2570 1578 2951 1634 Nivernensis
2975 1594 3185 1635 comes.
3214 1577 3556 1635 Guillelmus
3585 1577 3809 1643 tertius,

2116 1668 2175 1723 ni
2208 1668 2390 1735 fallor,
2440 1668 2539 1737 qui
2586 1668 2933 1737 aliquandiu
2962 1682 3093 1723 cum
3149 1666 3604 1722 administrasset
3633 1664 3813 1719 comi-

2118 1763 2321 1824 tatum,
2350 1756 2609 1827 neglecto
2638 1756 2939 1826 splendore
2970 1756 3271 1821 natalium,
3310 1755 3381 1809 ad
3413 1762 3595 1811 tutam
3621 1766 3818 1809 mona-

308 1840 573 1897 Ecclesia
614 1819 902 1911 principes
929 1819 1212 1906 exemere,
1257 1840 1402 1909 quin
1432 1847 1488 1896 et
1515 1819 1665 1897 ultro
1694 1842 2007 1898 monacho-
2047 1819 2088 1872 Β
2115 1844 2270 1900 stica
2301 1819 2456 1901 vitav
2479 1819 2779 1900 stationem
2810 1858 2841 1899 e
2889 1843 3171 1899 mundiali
3217 1819 3417 1911 pelago
3469 1840 3706 1910 appulit,
3754 1838 3813 1893 in

308 1944 441 1986 rum
494 1929 751 2001 regimen
801 1927 1086 1984 antistites
1153 1926 1260 1997 ipsi
1315 1941 1491 1998 quam
1548 1928 1716 1985 multi
1771 1930 2008 1985 abdica-

309 2024 469 2075 runt.
844 2040 857 2051 ·

379 2102 470 2177 (‘7)
502 2106 637 2162 Icto.
672 2136 742 2145 —
785 2104 1151 2161 DitLrsimam
1181 2107 1374 2160 tamen
1416 2103 1814 2160 bibliothecam
1842 2122 2008 2178 coag-

304 2197 530 2266 gerant.
588 2195 941 2264 Usurpatum
997 2195 1053 2250 id
1090 2208 1164 2250 ex
1204 2194 1407 2265 regula
1460 2194 1651 2251 Sancti
1696 2195 2004 2264 Benedicti,

309 2284 408 2355 qui
467 2282 812 2353 sapiuscule
859 2289 926 2339 ut
973 2280 1206 2337 lectioni
1233 2284 1457 2350 vacent,
1506 2283 1761 2353 dentque
1804 2283 2009 2340 studiis

307 2379 519 2428 sancta
562 2370 871 2440 Scriptura
919 2384 1150 2439 operam
1200 2371 1543 2427 exhortatur
1588 2372 1769 2440 capite
1798 2373 1887 2439 48,
1939 2386 2007 2428 ac

309 2459 569 2531 pracipit
610 2474 622 2512 :
672 2478 701 2510 α
751 2458 1051 2529 Accipiam
1109 2473 1308 2515 omnes
1350 2459 1610 2531 singulos
1663 2461 1884 2517 codices
1937 2461 2007 2517 de

308 2546 670 2615 bibliotheca,
721 2562 867 2617 quos
897 2561 999 2617 per
1042 2547 1301 2604 ordinem
1352 2548 1564 2619 legant,
1599 2570 1628 2599 ιδ
1658 2557 1763 2605 etc.
1800 2551 2006 2620 Itaque

308 2636 662 2707 primoribus
710 2635 822 2691 illis
871 2635 1380 2693 Carthusieusibus
1436 2636 1492 2691 in
1550 2651 1706 2693 more
1750 2637 2002 2708 positum

306 2724 415 2781 fuit
446 2724 819 2781 bibliothecas
866 2724 1170 2793 instruere,
1223 2733 1512 2794 quatenus
1546 2726 1653 2781 hac
1708 2734 1830 2782 arte
1876 2726 1999 2782 soli-

310 2814 524 2870 tudinis
568 2814 803 2869 tadium
833 2814 1190 2870 allevarent:
1226 2814 1285 2869 hi
1314 2828 1567 2884 namque
1607 2814 2001 2871 institutorum

308 2916 547 2959 suorum
601 2901 914 2958 maximam
965 2910 1185 2972 partem
1235 2916 1295 2958 se
1342 2910 1635 2959 mutuatos
1681 2903 1855 2959 fuisse
1902 2903 2006 2960 abs

309 2990 511 3062 regula
557 2991 776 3059 eadem,
812 2991 909 3047 sed
942 2991 1258 3061 prasertim
1309 2990 1510 3047 litteris
1540 2992 1694 3047 inita
1733 3005 1828 3046 an.
1867 2993 2004 3045 1632

305 3094 438 3136 cum
468 3079 909 3150 congregatione
956 3078 1143 3135 Sancti
1180 3079 1365 3134 Mauri
1411 3079 1713 3145 societatis,
1763 3079 2006 3150 glorian-
2041 3116 2084 3173 ο

305 3176 404 3224 tur
434 3168 522 3223 his
552 3168 745 3224 verbis
776 3183 788 3223 :
826 3189 854 3218 «
891 3171 961 3225 Et
992 3167 1226 3238 quidem
1249 3168 1472 3238 justum
1507 3169 1672 3224 nobis
1702 3168 1811 3224 hac
1854 3168 1909 3223 in
1942 3182 2003 3224 re

305 3257 623 3324 vobiscum,
664 3265 944 3326 tanquam
993 3271 1125 3312 cum
1178 3256 1470 3322 fratribus,
1512 3263 1613 3312 aut
1661 3257 2003 3312 commilito-

304 3345 479 3402 nibus
503 3360 811 3402 commune
841 3344 1144 3415 gaudium,
1193 3344 1291 3414 qui
1323 3344 1430 3400 sub
1460 3344 1719 3414 ejusdem
1749 3344 2001 3400 sanctis-

304 3433 432 3490 simi
487 3435 672 3490 Patris
726 3432 1058 3504 (Benedicti)
1118 3433 1316 3489 labaro
1372 3433 1723 3502 militamus;
1780 3433 2002 3503 quique

304 3523 376 3579 ab
426 3522 581 3579 illius
625 3522 871 3592 sapienti
914 3529 971 3578 et
1021 3521 1283 3591 religioso
1330 3520 1658 3592 magisterio
1710 3521 2004 3590 pracipua

305 3611 523 3667 militia
586 3619 795 3666 nostra
843 3610 1240 3667 Chartusiana
1286 3609 1427 3681 jura
1477 3610 1744 3680 legesque
1801 3610 2005 3679 accipi-

305 3713 457 3767 mus,
492 3720 520 3749 »
549 3707 659 3755 etc.

377 3788 662 3844 Caterum
714 3801 847 3858 qua
902 3796 1216 3857 supersunt
1274 3788 1329 3842 in
1383 3787 1585 3843 ordine
1636 3787 2002 3844 Benedictino

303 3876 682 3947 antiquorum
736 3884 1242 3933 monumentorum
1294 3876 1554 3948 vestigia,
1589 3884 1876 3932 testantur
1917 3891 2004 3931 so-

305 3964 492 4020 lemne
532 3979 672 4027 esse.
725 3964 865 4020 dum
916 3964 1103 4035 viguit
1147 3964 1430 4035 regularis
1484 3964 1872 4031 observantia,
1914 3964 2000 4019 in-

303 4052 715 4111 structissimas
796 4052 1169 4109 bibliothecas
1249 4052 1614 4120 concinnare,
1688 4067 1719 4109 e
1789 4053 2003 4124 quibus

304 4156 511 4212 panem
538 4162 565 4191 «
598 4140 700 4212 qui
732 4155 846 4196 non
879 4141 1043 4212 perit,
1078 4162 1105 4190 ››
1139 4142 1358 4211 quique
1391 4161 1418 4192 α
1450 4155 1549 4197 cor
1577 4141 1831 4197 hominis
1863 4156 2000 4197 con-

305 4231 515 4298 ﬁrmat,
544 4251 572 4279 »
612 4238 991 4300 perceperunt
1022 4232 1256 4286 Asceta.
1294 4229 1428 4286 Vide
1459 4228 1736 4296 Cassiod,
1771 4229 2000 4285 Institu.

305 4320 485 4375 divin.
537 4333 662 4389 cap.
715 4322 823 4389 32;
873 4319 1252 4376 Trithemium
1305 4319 1573 4376 Chronic.
1627 4319 1895 4390 Hirsaug.
1930 4319 2003 4375 ad

306 4421 448 4463 ann.
480 4409 605 4463 838.

379 4496 622 4561 Quanta
652 4511 787 4553 vero
840 4511 995 4553 cura
1025 4497 1195 4554 fuerit
1244 4495 1442 4552 iisdem
1493 4494 1791 4551 monachis
1836 4496 2004 4552 Bene

307 4584 539 4641 dictinis
586 4585 761 4642 libros
789 4600 1086 4658 aggerare,
1137 4586 1453 4656 pradicant
1481 4583 1792 4641 Alexandri
1843 4598 2007 4653 papa

307 4672 387 4744 (ni
438 4673 619 4743 fallor)
671 4675 820 4731 tertii
869 4676 1070 4732 littera
1102 4675 1337 4732 bullata
1366 4674 1440 4729 ad
1491 4673 1753 4729 abbatem
1802 4679 1858 4729 et
1891 4687 2008 4729 mo-

305 4763 522 4819 nachos
545 4764 800 4836 antiqua
832 4764 1102 4822 Corbeia.

377 4869 405 4901 α
435 4852 783 4910 ALEXAND]!!!
835 4853 1156 4923 episcopus,
1192 4866 1396 4908 servus
1440 4863 1743 4906 servorum
1776 4849 1895 4918 Dei,
1927 4848 2010 4904 di-

306 4938 463 4997 lectis
510 4941 639 4998 ﬁliis
667 4941 863 4998 abbati
891 4949 948 4998 et
989 4940 1240 5011 capitulo
1292 4938 1637 5005 Corbcieusi,
1680 4938 1925 4994 salutem
1953 4945 2008 4995 et

306 5029 670 5097 apostolicam
749 5029 1222 5086 benedictionem.
1294 5027 1437 5085 Cum
1506 5026 1695 5083 velitis
1774 5025 2005 5082 utilitati

306 5115 484 5171 vestri
517 5117 869 5185 monasterii,
907 5139 928 5166 ι
962 5124 1069 5174 etc.
1114 5116 1260 5172 Vide
1300 5117 1367 5172 in
1400 5114 1734 5171 Alexandro
1771 5115 1899 5183 III,
1930 5113 2009 5168 ad

307 5220 405 5259 an.
442 5207 598 5260 1181.

380 5298 532 5347 599
573 5292 843 5350 Similiter
886 5294 1137 5352 decrevit
1174 5294 1352 5351 abbas
1376 5292 1567 5351 Sancti
1595 5289 2009 5349 BenedictiFlo-

310 5381 586 5437 riacensis
612 5381 670 5436 in
692 5383 944 5452 capitulo
966 5383 1220 5454 generali
1245 5398 1257 5437 :
1286 5405 1307 5433 ι
1338 5383 1457 5455 Ego
1479 5382 1805 5438 Macharius
1829 5379 2010 5435 abbas

314 5469 643 5524 monasterii
673 5470 868 5526 Sancti
920 5472 1201 5528 Benedicti
1246 5470 1646 5537 Floriacensis,
1692 5469 1893 5524 videns
1923 5467 2006 5524 bi-

314 5557 607 5615 bliotheca
656 5567 866 5614 nostra
904 5561 1144 5627 codices,
1197 5568 1480 5616 vetustate
1511 5559 1687 5614 nimia
1736 5556 2004 5622 cariosos,

313 5660 381 5700 ac
418 5645 573 5700 tinea
619 5647 852 5705 rudente
900 5656 1222 5718 corruptos,
1268 5650 1340 5704 ad
1370 5662 1570 5704 eorum
1614 5646 2005 5713 refectionem,

2115 1934 2314 1989 ordine
2343 1933 2603 1989 videlicet
2645 1931 3037 1988 Carthusiensi
3086 1931 3362 1987 humilem
3401 1942 3812 1984 couversorum

2116 2021 2205 2092 (ut
2233 2024 2468 2091 vocant)
2515 2036 2619 2077 seu
2650 2021 3027 2076 servientium
3056 2029 3140 2076 est
3171 2020 3261 2089 pie
3292 2019 3598 2088 professus.
3633 2015 3817 2071 Testis

2112 2110 2398 2166 Guillelm.
2460 2110 2676 2180 Nangis
2715 2110 2773 2164 in
2805 2111 2941 2165 Hist.
2981 2123 3085 2165 ms.
3128 2110 3198 2163 ad
3250 2122 3347 2162 an.
3402 2109 3537 2162 H38
3572 2121 3585 2160 :
3622 2128 3644 2154 ι
3683 2106 3811 2160 Flo-

2111 2200 2273 2256 rebat
2314 2201 2487 2255 etiam
2532 2198 2874 2255 Guillelmus
2912 2197 3283 2253 Nivernensis
3308 2210 3495 2252 comes
3543 2194 3804 2261 insignis,

2113 2288 2282 2357 cujus
2306 2286 2530 2343 devotio
2575 2286 2723 2341 mira
2762 2285 2990 2351 enituit,
3024 2285 3162 2340 dum
3193 2285 3261 2340 de
3306 2283 3519 2353 potenti
3557 2283 3813 2352 principe

2111 2375 2345 2438 saculi,
2402 2375 2587 2431 factus
2640 2382 2726 2430 est
2782 2374 2841 2428 in
2906 2373 3215 2430 Chartusia
3276 2370 3515 2427 humilis
3589 2384 3814 2440 pauper

2113 2464 2343 2520 Christi.
2376 2484 2397 2511 ι
2434 2464 2621 2520 Guido
2652 2462 2929 2534 Coquille,
2963 2462 3102 2517 Hist.
3135 2462 3497 2526 Nivervens.,
3528 2472 3657 2530 pag.
3686 2460 3808 2513 145.

2185 2552 2361 2608 Plura
2414 2551 2472 2607 id
2544 2565 2728 2623 genus
2775 2551 3041 2620 exempla
3115 2551 3404 2606 memoria
3462 2549 3815 2619 ingeruntur

2113 2641 2370 2696 virorum
2399 2654 2606 2711 genere
2650 2640 2961 2705 clarorum,
2992 2639 3092 2710 qui
3140 2638 3464 2708 posthabita
3493 2636 3688 2693 saculi
3719 2649 3818 2690 va-

2111 2730 2290 2785 nitate
2317 2730 2375 2784 in
2397 2729 2651 2785 claustra
2678 2744 2755 2795 se,
2781 2729 2955 2783 vitam
2986 2728 3310 2799 regularem
3343 2725 3673 2796 professuri,
3702 2724 3817 2780 hac

2114 2819 2236 2888 ipsa
2282 2825 2613 2887 tempestate
2659 2824 3016 2887 receperunt.
3057 2817 3201 2872 Nota
3230 2816 3310 2871 nil
3337 2816 3408 2870 ad
3439 2828 3547 2877 me,
3597 2813 3818 2870 stilicet

2108 2906 2181 2962 ab
2211 2907 2479 2962 omnibus
2510 2906 2616 2977 legi
2670 2912 2944 2974 possunt;
2974 2904 3111 2961 bina
3141 2904 3328 2959 solum
3379 2902 3471 2957 hic
3498 2916 3610 2971 app
3650 2914 3816 2966 nam,

2109 3010 2141 3051 e
2168 2995 2360 3051 codice
2403 2995 2841 3050 metnbranaceo
2890 2993 3124 3063 Majoris
3168 2991 3491 3048 Monasterii
3523 3004 3675 3045 anno
3706 2988 3824 3043 cir-

2110 3083 2251 3140 citer
2285 3085 2416 3136 1116
2441 3090 2700 3148 exarato,
2738 3094 2862 3150 cap.
2896 3083 2982 3135 45.

2185 3192 2214 3222 ‹‹
2249 3170 2495 3226 Illustris
2523 3170 2760 3240 quidam
2799 3169 3234 3225 Carnotensium
3267 3170 3581 3224 vicecomes
3606 3166 3825 3222 Ebrar—

2112 3261 2221 3316 dus
2252 3258 2482 3315 nomine
2523 3252 2723 3313 audita
2774 3257 3000 3313 Domini
3035 3272 3190 3323 voce,
3240 3271 3358 3327 qua
3402 3256 3539 3311 dicit
3568 3270 3581 3309 :
3615 3276 3643 3304 ‹‹
3689 3255 3821 3310 Νιδί

2111 3349 2242 3419 quis
2270 3347 2695 3403 renuntiaverit
2724 3346 2998 3402 omnibus
3023 3360 3156 3416 qua
3189 3344 3451 3415 possidet,
3486 3358 3599 3399 non
3632 3351 3821 3412 potest

2110 3451 2275 3493 meus
2304 3450 2426 3492 esse
2474 3435 2796 3505 discipulus
2846 3438 2994 3502 (Luc.
3031 3449 3149 3499 xrv,
3203 3436 3314 3499 33),
3361 3453 3390 3483 »
3423 3442 3528 3488 etc.
3579 3432 3820 3493 Timtns

2111 3540 2183 3581 ne
2229 3525 2277 3581 si
2342 3525 2415 3580 ab
2478 3524 2585 3580 ista
2650 3524 2878 3580 Domini
2943 3523 3355 3594 benignissima
3421 3519 3817 3577 admoniti-me

2109 3627 2170 3670 se
2237 3614 2445 3669 faceret
2486 3613 2762 3680 alienum,
2803 3611 3155 3667 alienaretur
3199 3611 3369 3666 etiam
3434 3610 3490 3664 in
3539 3609 3739 3665 futuro
3782 3621 3818 3662 a

2111 3717 2288 3773 regno
2314 3702 2586 3758 calorum
2612 3718 2628 3767 ;
2658 3701 2988 3772 excogitare
3018 3700 3188 3770 capit
3228 3699 3480 3769 qualiter
3507 3698 3580 3753 ad
3618 3697 3676 3767 ip
3696 3711 3814 3752 :um

2111 3788 2418 3844 Dominum
2497 3786 2738 3857 propius
2803 3786 3127 3853 accederet,
3214 3785 3512 3855 ipsiusque
3574 3782 3814 3838 servitio

2112 3876 2456 3933 familiarius
2504 3875 2878 3944 manciparet.
2930 3876 3001 3929 Et
3052 3874 3192 3943 quia
3242 3873 3312 3928 ad
3366 3873 3475 3929 hoc
3530 3885 3811 3941 magnum

2112 3964 2398 4021 faciebant
2447 3963 2944 4033 impedimentum,
3003 3971 3058 4018 et
3103 3975 3352 4031 prasens
3397 3960 3697 4024 sarculum,
3758 3967 3815 4014 et

2112 4068 2363 4124 quaque
2415 4052 2473 4107 in
2527 4067 2592 4108 eo
2622 4052 2909 4122 possidere
2965 4051 3313 4120 videbatur;
3368 4064 3472 4105 ner-
3513 4047 3679 4104 facil:
3729 4046 3813 4103 illi

2110 4149 2233 4197 erat
2264 4139 2575 4209 adimplere
2617 4140 2773 4210 quod
2805 4139 3071 4202 volebat,
3106 4138 3310 4193 maluit
3339 4137 3534 4193 omnia
3574 4137 3813 4192 omnino

2110 4229 2456 4298 relinquere,
2507 4242 2685 4298 quam
2734 4242 2837 4297 pro
2882 4227 2969 4283 his
3018 4228 3075 4282 in
3116 4234 3457 4296 perpetuum
3500 4212 3812 4281 infetnales

2112 4318 2406 4373 cruciatus
2434 4316 2734 4372 sustinere.
2769 4316 2954 4387 Igitur
2996 4316 3268 4371 honorem
3298 4328 3471 4370 suum
3498 4321 3554 4369 et
3586 4327 3811 4383 posses-

2040 4410 2084 4464 D
2111 4404 2301 4460 siones
2344 4403 2620 4459 fratribus
2655 4405 2776 4459 suis
2824 4403 3150 4474 dereliquit,
3189 4402 3415 4472 reliqua
3454 4408 3645 4456 autem
3675 4414 3811 4469 qua

2115 4493 2175 4548 in
2206 4506 2354 4548 auro
2381 4500 2437 4548 et
2465 4500 2703 4563 argento
2747 4492 2958 4547 habere
2988 4491 3190 4561 potuit,
3224 4489 3575 4560 pauperibus
3611 4501 3813 4557 eroga-

2114 4582 2219 4648 vit,
2240 4589 2531 4651 quatenus
2554 4580 2694 4635 nihil
2711 4581 2832 4651 jam
2857 4579 3135 4636 sollicitus
3157 4579 3225 4635 de
3249 4578 3421 4635 rebus
3442 4576 3808 4633 transitoriis.

2115 4669 2379 4725 securius
2407 4676 2461 4725 et
2490 4669 2815 4739 expeditius
2857 4668 3106 4723 inhiaret
3133 4667 3365 4733 divinis,
3400 4670 3508 4721 etc.
3542 4666 3710 4720 Anno
3734 4665 3811 4720 ab

2117 4757 2518 4813 Incarnatione
2579 4757 2808 4813 Domini
2873 4759 3027 4811 1073.
3083 4777 3112 4805 ››
3164 4755 3493 4825 Aliquando
3547 4760 3670 4823 post
3730 4766 3814 4808 se-

2117 4846 2319 4916 quitur
2348 4861 2362 4900 :

2189 4956 2218 4984 «
2249 4935 2354 4991 Sed
2386 4942 2451 4991 ut
2487 4934 2559 4991 ad
2589 4934 2947 5005 propositum
2979 4934 3302 4999 redeamus,
3334 4933 3581 4989 domnus
3613 4931 3815 4987 Ebrar-

2115 5023 2224 5080 dus
2276 5023 2474 5079 nudus
2517 5031 2571 5079 et
2620 5036 2838 5092 pauper
2884 5022 3138 5089 effectus,
3206 5021 3409 5091 patria,
3471 5019 3814 5090 parentibus

2116 5112 2237 5169 suis
2285 5112 2607 5179 derelictis,
2655 5126 2892 5183 peregre
2944 5112 3235 5182 profectus
3273 5118 3375 5166 est.
3428 5109 3693 5179 Cumque
3740 5108 3812 5164 de

2118 5201 2578 5273 peregrinatione
2602 5201 2719 5269 illa,
2751 5201 2809 5256 in
2839 5214 2957 5270 qua
2988 5199 3171 5255 multo
3202 5207 3454 5266 tempore
3484 5198 3814 5252 demoratus

2117 5298 2237 5357 est,
2292 5297 2694 5354 reverteretur,
2743 5290 2814 5346 ad
2853 5290 3036 5361 Majus
3082 5287 3493 5345 Monasterium
3549 5284 3812 5341 habitum

2119 5378 2256 5433 inibi
2316 5378 2723 5435 monachicum
2780 5385 3159 5447 suscepturus
3215 5374 3463 5434 devenit.
3524 5372 3629 5428 ulti
3679 5389 3811 5429 cum

2118 5466 2468 5537 quibusdam
2519 5467 2723 5522 uxoris
2758 5481 2880 5522 sua
2910 5464 3329 5535 impedimentis
3373 5460 3718 5532 aliquandiu
3757 5463 3810 5516 in

2118 5556 2306 5613 laicali
2347 5556 2550 5611 habitu
2592 5564 2932 5614 moraretur.
2967 5554 3125 5609 venit
3153 5553 3225 5608 ad
3250 5566 3382 5607 eum
3438 5551 3607 5619 Hugn
3638 5549 3813 5607 frater

2120 5644 2321 5715 ipsius,
2383 5644 2486 5717 qui
2540 5644 2591 5700 ei
2650 5645 2709 5700 in
2768 5644 3043 5700 honorem
3099 5640 3534 5697 vicccomitatus
3582 5652 3811 5696 succes-
