3930 6384
126 339 256 390 1085

1385 337 1611 393 DOMNI
1648 339 1707 392 L.
1750 336 2099 394 D’ACHERY
2137 339 2362 394 NOT/E.

3490 342 3627 398 {086

119 479 297 541 serat;
326 470 427 540 qui
457 486 590 526 cum
640 469 891 541 plurima
938 471 1140 527 salutis
1191 487 1310 528 sua
1359 472 1578 528 monita
1618 471 1814 527 audis-
1853 473 1900 526 Α
1926 471 2157 540 perfecit
2188 486 2314 527 eam
2355 471 2413 526 in
2444 472 2648 528 decore
2677 487 2782 528 suo
2837 472 2982 529 idem
3039 474 3404 530 venerandus
3443 475 3626 532 Guido

119 567 220 627 set,
248 581 269 608 ι
304 567 409 616 etc.

189 649 258 703 Et
305 662 429 716 cap.
481 648 570 714 42,
613 648 714 704 ubi
771 662 990 717 supra:
1049 671 1069 698 ‹
1123 649 1297 706 Nosse
1363 650 1577 706 debetis
1623 650 1670 705 si
1717 651 1818 721 qui

118 736 277 791 eritis
356 737 566 806 posteri
627 738 828 803 nostri,
891 737 1125 808 majoris
1195 738 1410 794 scilicet
1474 740 1822 794 habitatores

120 825 443 880 monasterii
475 825 664 880 Sancti
698 827 948 893 Martini,
985 827 1219 882 militem
1247 828 1556 897 quemdam
1590 831 1820 885 nomine

121 914 504 979 Bernardum,
550 914 888 984 cognomine
939 915 1278 985 Flagellum,
1322 916 1716 973 devenientem
1748 919 1816 974 ad

118 1002 548 1070 suscipiendum
580 1002 732 1071 apud
768 1017 869 1056 nos
897 1004 1327 1071 monachatum,
1379 1005 1623 1061 donasse
1656 1008 1819 1062 nobis

118 1090 422 1144 dimidium
475 1097 658 1156 terra,
718 1100 779 1145 ut
827 1091 1173 1160 appellatur,
1206 1092 1565 1160 Ostrulvilla,
1609 1110 1818 1151 conce-

119 1178 390 1233 dentibus
425 1179 672 1234 dominis
706 1194 939 1249 quoquc
987 1181 1056 1236 de
1105 1182 1318 1252 quibus
1369 1183 1525 1237 illam
1569 1185 1815 1249 tenebat,

119 1267 366 1336 Hugone
433 1267 693 1323 videlicet
751 1268 821 1322 de
887 1269 1168 1324 Putatiolo
1231 1271 1559 1327 vicecomite
1606 1273 1816 1328 Carno-

121 1356 285 1413 tensi.
328 1365 501 1425 atque
550 1356 810 1411 Ebrardo
856 1358 926 1412 de
957 1357 1316 1426 Levaisvilla,
1350 1368 1644 1416 anntrcnte
1674 1377 1817 1432 quo-

117 1457 232 1512 que
265 1442 553 1512 Stephano
591 1445 884 1499 avunculo
906 1459 1030 1512 suo,
1067 1469 1094 1494 »
1125 1455 1231 1502 etc.

191 1529 279 1600 (‘9)
310 1532 442 1586 CAP.
494 1533 620 1587 XII.
647 1563 716 1572 —
759 1533 1085 1588 Calceorum
1115 1535 1184 1588 de
1229 1536 1502 1590 Corduba.
1539 1537 1626 1592 Nil
1662 1537 1818 1593 hunc

117 1621 308 1675 locum
363 1620 672 1676 Ordcricus
725 1622 930 1677 Vitalis
974 1638 1087 1678 non
1145 1624 1414 1689 clucidat,
1470 1627 1568 1694 qui
1617 1627 1814 1682 eadem

117 1707 295 1762 ferme
325 1715 657 1778 tempestate
715 1712 1110 1779 componebat,
1173 1713 1431 1769 Historia
1481 1714 1579 1768 lib.
1614 1715 1818 1784 quinto

119 1795 176 1848 in
209 1795 320 1850 line
354 1811 367 1849 :
407 1817 427 1843 α
464 1796 756 1852 Dederunt
797 1797 1017 1854 Simoni
1049 1800 1312 1871 quinque
1359 1801 1590 1869 solidos,
1623 1811 1677 1858 et
1709 1805 1817 1860 Flo-

117 1882 279 1937 berto
334 1883 618 1939 sotulares
673 1885 924 1954 (calceos)
969 1887 1320 1943 Corduanos.
1384 1910 1405 1936 »
1470 1891 1602 1945 Item
1675 1891 1821 1946 libro

117 1978 341 2038 octavo,
407 1972 620 2042 pagina
677 1977 780 2027 682
842 1977 1112 2048 graphice
1152 1976 1242 2032 sui
1292 1980 1563 2048 temporis
1607 1981 1823 2037 calceos

118 2059 400 2130 depingit,
455 2068 510 2116 et
589 2061 641 2116 id
718 2063 874 2118 haud
920 2079 1040 2119 avo
1091 2073 1283 2120 nostro
1333 2081 1446 2121 non
1504 2071 1817 2137 competit:

122 2169 143 2194 ε
181 2147 286 2203 Hic
321 2149 520 2218 (Fulco
548 2150 996 2221 Andegavensis)
1030 2152 1086 2207 in
1111 2154 1306 2210 multis
1335 2156 1817 2226 reprehensibilis,

115 2244 171 2290 et
206 2236 434 2292 infamis
484 2246 607 2293 erat
665 2239 781 2308 ipse
846 2241 1143 2309 nimirum,
1203 2244 1342 2313 quia
1375 2245 1543 2312 pedes
1577 2246 1823 2303 habebat

115 2324 418 2391 deformes,
454 2325 698 2382 instituit
731 2327 851 2383 fieri
881 2329 1094 2400 longos,
1127 2339 1181 2386 et
1214 2333 1269 2386 in
1300 2334 1628 2390 summitate
1677 2349 1820 2392 acu-

116 2413 367 2468 tissimos
420 2415 758 2481 subtolares,
793 2417 872 2472 ita
901 2424 1050 2472 600
1104 2428 1166 2475 ut
1213 2423 1455 2490 operiret
1489 2424 1674 2492 pedes,
1709 2433 1816 2480 etc.

115 2501 392 2557 lnsolitus
425 2503 525 2558 iste
565 2519 686 2559 mos
730 2506 785 2559 in
842 2508 1146 2563 occiduum
1179 2510 1372 2565 orbem
1408 2513 1700 2580 processit,
1737 2513 1822 2569 le-

115 2589 412 2658 vibusque
444 2598 497 2645 et
525 2591 844 2647 novitatum
879 2596 1232 2651 amatoribus
1291 2599 1658 2655 vehementer
1682 2600 1818 2670 ipla-

114 2677 284 2732 cuit:
337 2679 490 2734 unde
537 2687 762 2735 sutores
823 2683 898 2736 im
952 2683 1350 2740 calceamentis
1405 2688 1570 2756 quasi
1603 2689 1821 2744 caudas

112 2767 506 2835 scorpionum,
548 2783 695 2838 quas
726 2771 900 2840 vulgo
933 2772 1184 2843 pigacias
1211 2775 1520 2845 appellant,
1560 2775 1775 2833 faciant
1804 2794 1816 2832 :

114 2855 303 2923 quue
333 2870 515 2926 genus
544 2858 910 2915 calceamenti
943 2876 1085 2930 pene
1128 2865 1321 2918 cuncti
1347 2864 1552 2920 divites
1577 2874 1630 2920 et
1656 2867 1818 2936 egeni

113 2944 396 3000 nimirum
428 2955 740 3017 expetunt;
775 2963 908 3004 nam
933 2959 1100 3006 antea
1121 2952 1277 3007 omni
1308 2961 1558 3023 tempore
1585 2955 1818 3010 rotundi

1928 560 2227 630 episcopus
2248 560 2570 617 dealbatam
2603 561 2884 631 undique,
2922 570 2977 618 et
3006 562 3246 632 depictis
3294 563 3626 634 insignitam

1929 649 2326 718 laquearibus,
2364 659 2470 705 etc.
2527 649 2630 716 Qui
2683 651 3059 720 inspiratione
3116 652 3334 718 divina,
3387 652 3625 721 sapienti

1931 753 2072 792 usus
2134 738 2388 805 consilio,
2460 753 2591 793 cum
2654 739 2857 808 grandi
2916 740 3150 805 honore,
3216 741 3627 796 comitantibus

1929 827 2115 880 turbis
2149 827 2514 894 psallentium
2543 827 2882 882 clericorum
2916 837 3090 898 atque
3112 828 3410 892 Iaicorum,
3446 837 3626 884 trans-

1932 915 2060 968 tulit
2101 928 2310 983 corpus
2362 914 2611 983 prafata
2651 915 2894 984 virginis
2923 923 2976 970 et
3033 916 3300 984 martyris
3334 917 3622 983 Romana,

1928 1003 1995 1057 de
2027 1003 2278 1058 sacrario
2309 1002 2362 1058 8.
2399 1003 2545 1057 Petri
2596 1003 2667 1057 ad
2710 1016 2839 1057 eam
2871 1018 3046 1073 quam
3095 1011 3502 1060 construxerat
3529 1019 3627 1060 ec-

1927 1090 2176 1157 clesiam,
2225 1112 2245 1137 ι
2289 1099 2396 1145 etc.
2480 1093 2794 1160 Hucusque
2874 1091 3264 1160 fragmentum
3328 1107 3402 1146 ex
3447 1093 3626 1148 Gestis

1927 1183 1981 1235 8.
2015 1180 2285 1235 Romana
2319 1179 2539 1235 calamo
2577 1180 2850 1246 exaratis,
2883 1180 3038 1250 quod
3072 1180 3210 1234 mihi
3242 1182 3627 1236 commodavit

1926 1269 2167 1337 quidam
2232 1268 2546 1322 canonicus
2598 1268 2904 1338 regularis,
2938 1268 3405 1337 congregationis
3452 1268 3626 1324 Galli-

1927 1370 2123 1425 cana;
2156 1355 2313 1411 velut
2338 1363 2393 1410 et
2417 1369 2663 1424 sequens
2686 1355 2938 1425 Gregorii
2970 1356 3073 1409 PP.
3102 1355 3203 1410 VII
3236 1355 3624 1426 privilegium,

1926 1444 2087 1498 lvoni
2149 1453 2338 1514 postea
2384 1443 2720 1499 Carnotensi
2753 1445 3012 1513 episcopo
3061 1444 3381 1511 indultum;
3431 1452 3486 1500 et
3513 1459 3627 1500 ca-

1929 1542 2049 1589 tera
2083 1540 2205 1602 post
2236 1532 2615 1588 describenda
2640 1533 2708 1588 de
2739 1532 2998 1588 Guidonc
3022 1533 3304 1602 episcOpo.

2003 1645 2023 1670 ‹
2055 1622 2371 1678 Gnacomns
2424 1620 2629 1676 dilecto
2688 1620 2743 1674 in
2776 1620 2997 1676 Christo
3029 1621 3139 1676 lilio
3189 1621 3364 1686 lvom,
3403 1635 3627 1690 prapo-

1930 1708 2038 1764 sito
2066 1709 2318 1765 ecclesia
2353 1709 2406 1764 S.
2445 1707 2722 1775 Quintini,
2781 1710 2902 1765 sita
2956 1710 3014 1764 in
3056 1710 3386 1779 episcopatu
3435 1710 3629 1764 Belva-

1929 1798 2103 1863 censi,
2175 1797 2410 1868 suisque
2483 1798 2922 1855 successoribus.
2987 1798 3330 1870 regulariter
3391 1813 3628 1869 promo-

1929 1886 2150 1942 vendis.

2004 1999 2026 2026 ι
2063 1976 2336 2047 Supernae
2391 1974 2770 2032 miserationis
2829 1983 3110 2046 respectu,
3161 1994 3189 2026 ι)
3220 1982 3326 2030 etc.
3388 1973 3533 2029 Vide
3563 1973 3628 2028 in

1930 2066 2199 2137 Gregorio
2243 2066 2386 2119 VII.

1997 2154 2120 2220 Quo
2163 2162 2414 2222 tempore
2457 2151 2685 2207 condita
2731 2152 3111 2222 dedicataque
3160 2151 3332 2208 fuerit
3381 2151 3618 2221 prafata

1929 2243 1987 2297 S.
2042 2242 2305 2307 Quintini
2363 2241 2594 2297 basilica
2653 2241 2908 2296 indicant
2939 2255 3142 2297 versus
3196 2241 3370 2296 codici
3404 2248 3627 2296 vetusto

1932 2331 2214 2400 inscripti.

2071 2442 2243 2490 Anno
2271 2435 2580 2508 millesimo
2611 2453 3004 2508 semagenoque
3024 2453 3256 2501 noveno,

2070 2509 2179 2562 Est
2210 2507 2514 2561 Incamali
2558 2508 2729 2561 Verbi
2755 2507 2857 2562 Lsub
2901 2511 3114 2561 honore
3147 2507 3300 2562 beati

2071 2577 2336 2644 Quintini
2361 2578 2548 2639 factus
2573 2580 2729 2633 locus
2757 2579 2885 2645 iste,
2914 2582 3132 2650 Deoque
3155 2579 3400 2632 dicatus.

1999 2685 2200 2742 Obitus
2233 2699 2365 2740 vero
2396 2683 2674 2739 Guidonis
2719 2684 2962 2753 episcopi
2993 2684 3114 2738 dies
3163 2689 3395 2738 notatur
3425 2683 3484 2738 in
3515 2682 3628 2739 Ne-

1927 2774 2177 2844 crologio
2203 2773 2461 2843 ejusdem
2493 2773 2778 2839 Ecclesiae,
2813 2773 2868 2827 in
2904 2774 3060 2828 hunc
3098 2773 3370 2827 modum:
3410 2793 3436 2820 «
3467 2772 3628 2827 Nono

1929 2863 2052 2918 Kal.
2106 2861 2236 2916 Maii
2285 2862 2424 2916 obiit
2461 2861 2709 2916 domnus
2755 2861 2937 2916 Guido
2989 2861 3348 2917 Belvacensis
3377 2861 3623 2930 episcop.

1928 2951 2028 3020 qui
2086 2951 2264 3020 hujus
2308 2949 2557 3004 ecclesia
2610 2948 2885 3004 fundator
2932 2949 3148 3004 exstitit
3186 2957 3241 3004 et
3294 2949 3622 3015 aedificator,

109 3033 440 3089 subtolares
472 3036 541 3089 ad
593 3035 831 3092 formam
894 3039 1102 3107 pedum
1165 3042 1510 3111 agebantur,
1553 3063 1573 3088 ι
1607 3051 1712 3097 etc.
1749 3044 1819 3098 Et
1859 3059 1898 3111 ο
1927 3053 2104 3109 quam
2135 3038 2330 3093 multis
2360 3037 2810 3106 possessionibus
2831 3038 3051 3099 ditavit,
3085 3045 3140 3092 et
3161 3051 3335 3105 quam
3363 3037 3627 3105 pluribus

107 3120 460 3178 Guillelmus
517 3124 882 3180 Malmesbur.
944 3141 1172 3183 coavus
1203 3129 1270 3184 de
1300 3130 1471 3199 gestis
1501 3131 1818 3199 Anglorum

109 3209 220 3264 lib.
266 3224 343 3276 1v,
369 3226 416 3266 c.
458 3215 504 3275 l,
539 3211 596 3266 in
630 3212 931 3269 Guillelmo
951 3218 997 3270 II
1027 3233 1038 3271 :
1080 3239 1101 3265 σ
1137 3217 1299 3273 Tunc
1329 3217 1527 3274 ﬂuxus
1547 3219 1814 3286 crinium,

113 3305 263 3353 tunc
293 3299 470 3354 luxus
509 3302 776 3369 vestium,
812 3310 953 3359 tunc
982 3320 1124 3360 usus
1153 3306 1477 3362 calceorum
1507 3321 1642 3363 cum
1673 3321 1818 3364 acu-

115 3386 352 3442 minatis
389 3388 602 3444 aculeis
629 3391 914 3459 inventus,
962 3414 983 3440 ι
1019 3401 1125 3449 etc.

186 3473 284 3544 (5")
315 3478 446 3531 CAP.
495 3478 638 3534 XIV.
688 3479 805 3533 His
859 3480 1056 3548 Guido,
1113 3491 1244 3550 etc.,
1293 3482 1444 3538 inter
1474 3501 1621 3556 quas
1667 3487 1814 3540 San-

113 3561 200 3616 cli
232 3561 491 3628 Quintini
518 3580 557 3617 a
584 3564 771 3634 primo
804 3566 999 3637 lapide
1027 3569 1430 3625 canonicorum
1461 3572 1817 3642 regularium

114 3649 420 3704 ecclesiam
477 3653 842 3717 fundaverat.
879 3654 1010 3710 Vita
1034 3665 1246 3713 sancta
1277 3659 1548 3714 Romana
1574 3659 1818 3729 virginis

114 3747 172 3794 et
201 3741 472 3809 martyris
501 3742 797 3812 egregium
825 3743 933 3799 hac
962 3744 1030 3800 de
1051 3760 1111 3800 re
1133 3746 1378 3802 continet
1409 3748 1816 3804 testimonium.

118 3850 140 3876 ε
189 3827 334 3884 Cum
391 3844 578 3885 comes
618 3831 1004 3888 Flandriensis
1063 3834 1380 3890 Balduinus
1409 3851 1654 3906 puerum
1695 3837 1820 3892 Phi-

117 3917 368 3986 lippum,
417 3919 646 3975 Henrici
685 3921 836 3990 regis
884 3921 1086 3989 filium,
1140 3924 1212 3979 ad
1268 3925 1431 3995 regni
1480 3926 1820 3994 proveheret

117 4005 351 4069 solium,
405 4006 594 4075 ipsum
639 4021 739 4077 pro
799 4024 865 4065 eo
920 4011 1246 4080 disponeret
1295 4028 1570 4083 regnum;
1618 4015 1820 4071 civitas

122 4092 487 4148 Belvacensis
546 4108 652 4150 suo
716 4097 988 4153 destituta
1052 4107 1135 4154 est
1190 4101 1458 4157 antistite.
1512 4103 1819 4159 Annuente

119 4181 302 4251 igitur
343 4197 609 4252 superna
684 4185 909 4255 pietatis
979 4188 1270 4258 aquitate,
1329 4190 1512 4246 Guido
1568 4193 1821 4248 decanus

120 4277 432 4340 custosque
453 4272 701 4328 ecclesia
749 4274 938 4330 Sancti
971 4277 1225 4340 Quintini
1263 4279 1726 4347 Vermandensis,
1766 4287 1822 4336 et

1928 3126 2282 3183 ornamentis
2309 3125 2630 3195 decoravit;
2693 3125 2822 3180 fecit
2876 3126 3030 3180 enim
3064 3125 3118 3178 in
3148 3125 3386 3180 ecclesia
3429 3134 3626 3179 nostra

1927 3230 2196 3271 coronam
2218 3222 2568 3284 argenteam,
2603 3221 2656 3268 et
2687 3213 2914 3268 tabulas
2973 3221 3297 3283 argenteas,
3352 3212 3625 3267 feretrum

1927 3312 2285 3374 argenteum,
2339 3310 2472 3366 etc.,
2526 3302 2671 3356 duos
2724 3309 2916 3356 textus
2945 3301 3025 3369 (in
3056 3314 3305 3370 quorum
3340 3314 3452 3355 uno
3486 3299 3621 3354 Gui-

1927 3393 2092 3448 donis
2145 3391 2353 3447 visitur
2407 3389 2666 3461 effigies),
2727 3405 2956 3444 crucem
3012 3398 3368 3459 argenteam,
3416 3401 3626 3456 cappas

1925 3495 2132 3536 novem
2186 3479 2445 3535 meliores
2476 3493 2606 3534 cum
2637 3479 2836 3534 casula
2885 3493 3030 3544 una;
3065 3479 3260 3533 decem
3314 3489 3624 3545 campanas

1926 3571 2174 3640 majores
2202 3577 2256 3624 et
2314 3570 2582 3623 minores.
2620 3568 2774 3623 Fecit
2802 3567 2973 3623 etiam
3004 3566 3196 3622 omnia
3230 3573 3420 3621 vetera
3439 3564 3625 3620 adiﬁ—

1927 3659 2034 3725 cia,
2096 3657 2250 3713 dedit
2296 3657 2460 3712 nobis
2507 3656 2702 3711 villam
2757 3657 2946 3721 istam,
2985 3678 3004 3704 ι
3051 3664 3157 3711 etc.
3216 3659 3355 3708 60!
3400 3653 3625 3723 Legesis

1926 3745 2193 3815 epistolas
2254 3746 2442 3799 lvonis
2509 3747 2629 3808 151,
2683 3746 2770 3798 181
2821 3753 2877 3798 et
2923 3746 3042 3797 193.
3107 3741 3470 3797 Accessiones
3515 3741 3623 3796 Ro-

1928 3835 2070 3890 berti
2102 3835 2172 3889 de
2208 3835 2389 3887 Monte
2438 3832 2505 3887 ad
2553 3832 2897 3903 Sigibertum
2930 3832 3001 3886 ad
3033 3845 3124 3886 an.
3185 3833 3319 3884 l066
3347 3837 3402 3884 et
3466 3831 3620 3882 l069.

1928 3941 1958 3976 α
1990 3923 2172 3979 Guido
2204 3922 2427 3977 Belvac.
2488 3921 2790 3990 episcopus
2838 3920 3067 3976 duobus
3099 3917 3270 3973 annis
3318 3917 3623 3987 perfectam

1929 4011 2214 4066 dedicavit
2238 4009 2531 4065 ecclesiam
2587 4009 2643 4064 in
2680 4010 2891 4065 honore
2932 4007 3192 4063 advocati
3244 4007 3333 4061 sui
3364 4004 3623 4071 Quintini

1929 4101 2094 4156 Mart.
2129 4112 2185 4154 ιν
2213 4099 2404 4154 Nonas
2432 4097 2708 4154 Octobris.
2739 4119 2766 4146 »
2791 4101 2932 4162 Quo,
2969 4095 3344 4164 versibusque
3376 4093 3626 4164 prafatis

1927 4189 2220 4244 advertere
2271 4187 2417 4248 licet,
2481 4187 2844 4257 arguendum
2901 4187 3098 4255 lapsus
3161 4195 3447 4242 auctorem
3485 4184 3625 4238 Vita

1930 4276 2138 4340 lvonis,
2164 4275 2435 4345 operibus
2465 4275 2750 4345 proloquii
2793 4275 2913 4331 loco
2961 4277 3235 4346 apposita
3285 4275 3458 4344 (inter
3483 4271 3625 4327 alios

121 4357 566 4416 archidiaconus
611 4362 1028 4431 Laudunensis,
1077 4367 1422 4422 constitutus
1465 4376 1548 4424 est
1596 4383 1629 4422 a
1677 4384 1819 4439 pra-
1858 4357 1900 4411 D
1929 4363 2190 4432 errores),
2225 4365 2379 4434 QUOd
2427 4364 2497 4419 ad
2530 4379 2748 4420 annum
2802 4367 2936 4419 1078
2968 4365 3362 4421 fundaliOﬂem
3391 4367 3444 4420 S-
3473 4360 3624 4428 Quin

121 4446 240 4500 fato
306 4447 562 4518 principe
627 4450 1054 4509 Belvacensium
1120 4456 1438 4525 episcopus,
1517 4457 1820 4512 ordinante

119 4549 259 4590 eum
289 4550 421 4591 cum
471 4539 686 4594 cateris
731 4539 988 4610 ejusdem
1038 4545 1348 4613 provincia
1383 4544 1660 4616 episcopis
1695 4545 1820 4600 viro

122 4625 333 4681 illustri
362 4625 631 4684 Gervasio
676 4629 938 4686 Remensi
971 4633 1422 4702 metropolitano.
1457 4634 1560 4690 Vir
1607 4634 1822 4704 quippe

119 4716 335 4772 nobilis
391 4717 705 4787 prudenter
762 4719 1075 4775 ascendens
1118 4721 1346 4778 altiores
1375 4722 1593 4792 gradus
1621 4723 1820 4777 Eccle-

117 4803 221 4858 sia
262 4805 503 4875 adeptus
545 4811 627 4859 est
671 4805 900 4860 culmen
959 4807 1294 4877 episcopale.
1349 4808 1457 4874 Qui
1506 4809 1665 4864 facile
1705 4823 1820 4863 non

118 4906 319 4948 carere
349 4893 532 4948 ferens
565 4907 623 4948 se
663 4894 967 4962 prasentia
1016 4897 1299 4966 martyris.
1331 4897 1401 4952 de
1429 4897 1600 4967 cujus
1630 4897 1821 4953 uberi-

119 4980 234 5035 bus
298 4981 560 5037 Ecclesia
613 4991 852 5038 suxerat
897 4983 985 5038 lac
1039 4985 1311 5041 doctrina
1376 4986 1712 5056 spiritualis,
1764 4987 1822 5041 in

120 5070 342 5125 honore
394 5078 448 5125 et
507 5073 778 5126 memoria
830 5072 957 5142 ejus
999 5074 1305 5130 aediﬁcavit
1341 5076 1634 5131 ecclesiam
1670 5076 1823 5130 haud

119 5157 297 5228 longe
328 5173 357 5212 a
391 5159 677 5215 manibus
737 5160 991 5216 Belvaca
1055 5162 1319 5231 civitatis,
1371 5171 1474 5220 etc.
1524 5164 1662 5230 Qua
1691 5179 1825 5219 cum

121 5247 196 5304 sit
225 5247 584 5303 admirabilis
632 5249 815 5318 specie
874 5265 994 5305 sua
1025 5252 1467 5321 compositionis,
1509 5253 1825 5308 admirabi-

124 5334 234 5390 lior
268 5335 463 5390 haberi
497 5343 678 5404 potest
710 5337 829 5405 ipsa
896 5337 1166 5394 facilitate
1216 5340 1527 5396 celerrima
1557 5349 1827 5396 constru—

124 5422 352 5479 ctionis.
386 5423 558 5478 Nulla
579 5424 730 5478 enim
765 5433 878 5480 tam
911 5425 1070 5481 brevi
1101 5427 1284 5496 spatio
1314 5434 1536 5484 tantum
1581 5429 1829 5484 efliceret

125 5527 279 5581 opus
313 5512 398 5566 vis
447 5510 721 5578 humana,
765 5512 868 5567 nisi
913 5512 1298 5568 intercedente
1346 5525 1597 5585 martyre
1645 5517 1831 5571 virtus

126 5600 524 5657 auxiliaretur
547 5598 746 5654 divina
774 5614 785 5652 :
839 5600 1068 5657 duobus
1093 5603 1305 5674 quippe
1327 5604 1495 5660 annis
1515 5604 1745 5680 incapit
1775 5613 1830 5661 et

1929 4455 2030 4510 tini
2064 4453 2388 4509 Belvacens.
2423 4452 2661 4523 rejiciat.

2003 4539 2094 4611 (5‘)
2157 4541 2294 4596 lein.
2354 4571 2423 4580 ——
2495 4538 2867 4595 Flaviacense
2944 4539 3386 4596 monasierium.
3432 4537 3623 4608 Vulgo

1931 4628 2118 4684 Sancti
2175 4629 2484 4693 Geremari,
2548 4628 2606 4682 in
2663 4621 2885 4684 dia‘cesi
2948 4629 3273 4684 Belvacensi
3315 4628 3512 4693 situm,
3551 4625 3624 4680 ab

1929 4717 2126 4774 eadem
2159 4717 2388 4772 civitate
2411 4724 2663 4786 quatuor
2683 4716 2858 4772 leucis
2888 4717 3266 4787 disparatum.

2002 4806 2176 4860 Porro
2260 4819 2627 4875 quacunque
2683 4805 2754 4860 ad
2815 4806 3234 4860 Flaviacensem
3313 4801 3624 4858 Ecclesiam

1932 4901 2209 4964 spectant,
2242 4895 2302 4949 Β.
2337 4894 2395 4948 Ρ.
2426 4894 2675 4948 domnus
2723 4895 2969 4948 Joannes
3019 4892 3250 4962 Baptist.
3294 4892 3362 4947 de
3411 4890 3624 4946 Boulo-

1933 4998 2061 5053 gne,
2112 4990 2234 5038 tum
2290 4982 2549 5052 ejusdem
2601 4983 2872 5037 Asceterii
2927 4989 3261 5052 congregat.
3316 4981 3373 5036 S.
3437 4980 3626 5036 Mauri

1936 5073 2108 5142 prior,
2161 5071 2248 5126 vir
2280 5071 2590 5126 admodum
2623 5071 2902 5138 eruditus,
2939 5085 3136 5126 eorum
3199 5069 3628 5140 cbronologiam

1935 5176 2008 5217 ex
2106 5160 2304 5230 primis
2390 5159 2799 5226 monumentis,
2886 5160 3296 5215 vetustioribus
3381 5159 3629 5224 schedis,

1936 5262 2296 5304 summorum
2373 5246 2569 5316 pontif.
2637 5248 2858 5314 litteris,
2935 5249 3356 5323 diplomatibus.
3407 5262 3632 5318 regum,

1939 5338 2338 5408 principumve
2370 5351 2415 5396 te
2444 5336 2586 5391 laica
2620 5351 2797 5392 manu
2849 5345 2970 5406 post
3013 5352 3269 5392 summos
3317 5337 3540 5393 labores
3568 5352 3639 5391 ac

1938 5427 2175 5483 sudores
2203 5426 2429 5495 ereptis)
2477 5425 2888 5494 amplissimam
2941 5427 3163 5481 retexit.
3215 5425 3336 5491 Quo
3366 5439 3438 5480 ex
3485 5423 3640 5479 fonto

1941 5517 1995 5570 in.
2029 5522 2382 5571 antecessum
2421 5514 2676 5584 ejusdem
2727 5515 2982 5582 Historia
3022 5515 3450 5585 compendium,
3483 5529 3518 5568 a
3550 5529 3645 5578 non

1946 5605 2031 5659 bis
2061 5604 2474 5666 concinnatum
2499 5604 2726 5669 damus.
