3930 6388
325 367 345 420 l
357 363 459 420 087

407 489 683 548 Historia
713 487 1112 546 Flaviacerm's
1137 486 1474 544 monasterii
1499 486 1916 560 compendium.

392 580 802 637 Monasterium
858 579 1224 634 Flaviacense
1273 577 1330 633 in
1373 576 1736 632 Belvacensis
1763 577 2021 634 dimcesis

320 681 486 740 pago,
517 669 693 724 situm
725 681 896 738 prope
947 667 1147 735 Eptam
1197 665 1465 731 ﬂuvium,
1511 673 1762 735 tempore
1828 667 2020 736 Dago-

319 755 485 824 berti,
536 770 758 812 annum
815 755 1040 811 circiter
1093 755 1216 820 650,
1265 767 1386 818 seu,
1435 753 1591 822 quod
1637 753 1840 810 volunt
1897 754 2014 820 alii,

319 845 424 897 660
479 843 817 910 condidisse,
894 843 1232 911 dotasseque
1295 847 1560 896 sanctum
1645 841 2018 898 Geremarum

321 932 510 1002 (cujus
554 932 786 988 nomine
837 939 1028 1000 postea
1075 923 1232 984 illud
1265 927 1603 998 insignitum
1653 929 1780 1000 fuit)
1823 944 2021 986 nosces

319 1033 392 1076 ex
425 1019 624 1075 litteris
678 1019 914 1075 Joannis
953 1017 1022 1083 V,
1074 1017 1322 1087 episcopi
1356 1016 1746 1086 Belvacensis;
1777 1031 1909 1087 quae
1938 1017 2021 1073 sic

320 1108 550 1164 habent.

391 1196 714 1260 «Joannes,
750 1193 1114 1249 miseratione
1162 1192 1361 1248 divina
1407 1191 1768 1249 Belvacensis
1805 1193 2018 1263 episco-

319 1297 447 1354 pus,
503 1283 788 1339 universis
853 1289 1158 1352 prazsentes
1213 1280 1434 1336 litteras
1484 1281 1716 1348 visuris,
1752 1281 2014 1337 salutem.

317 1371 490 1428 Nobis
547 1371 737 1426 dilecti
811 1371 932 1438 lilii,
999 1370 1355 1426 venerabiles
1410 1376 1467 1426 et
1516 1369 1702 1426 devoti
1749 1370 2016 1442 religiosi,

317 1459 515 1526 abbas,
548 1469 602 1514 et
657 1467 996 1525 conventus,
1055 1467 1110 1514 et
1164 1457 1383 1528 priores
1410 1457 1462 1513 ei
1506 1457 1742 1524 subditi,
1773 1457 2016 1514 devotis-

317 1548 446 1604 simi
477 1549 720 1604 cmnobii
771 1548 826 1604 S.
877 1547 1169 1604 Geremari
1211 1548 1280 1602 de
1316 1547 1601 1611 Flaviaco,
1637 1555 1846 1604 nostras
1885 1547 2020 1602 dios-

317 1638 477 1699 cesis.
524 1637 778 1692 dolentes
815 1643 1239 1706 exposuerunt;
1293 1644 1505 1691 sanctae
1549 1635 1837 1706 religionis
1881 1649 2016 1691 con-

317 1732 642 1794 temptores,
675 1725 786 1779 imo
819 1723 1014 1779 verius
1047 1723 1403 1792 despectores
1453 1723 1586 1792 ipsis
1641 1723 2014 1793 exprobrare,

317 1827 488 1870 suum
537 1811 952 1868 monasterium
1013 1811 1234 1882 pridem
1281 1811 1342 1867 in
1405 1812 1678 1868 honorem
1726 1811 2020 1869 Trinitatis

317 1900 692 1958 sanctissimas
744 1901 857 1957 Deo
911 1900 1190 1968 dicatum,
1257 1915 1359 1970 per
1413 1900 1847 1958 devotissimum
1907 1903 2020 1958 Deo

315 1989 688 2045 Geremarum
726 1996 1031 2058 patronum
1071 2001 1267 2056 suum,
1327 1987 1642 2060 adjuvante
1694 1989 2020 2046 beatissimo

315 2077 592 2133 Audoeno
671 2075 1113 2147 Bothomagensi
1185 2075 1631 2146 archiepiscopo,
1711 2091 2015 2148 nunquam

317 2164 626 2221 fundatum
681 2165 966 2220 exstitisse
1010 2163 1080 2220 de
1128 2165 1448 2222 redditibus
1491 2165 1674 2235 ipsius
1703 2165 2014 2234 Geremari,

316 2253 415 2309 sed
462 2266 536 2308 ex
595 2253 938 2324 partialibus
991 2252 1158 2308 bonis
1185 2253 1422 2309 aliunde
1471 2253 1855 2322 venientibus,
1912 2255 2016 2309 im-

316 2343 674 2414 properando
727 2343 882 2412 ipsis,
951 2343 1190 2400 veritate
1248 2358 1366 2398 non
1421 2343 1800 2414 suﬁragante,
1861 2344 2016 2415 quod

317 2432 504 2498 aiunt,
538 2431 702 2486 illum
757 2430 1153 2487 beatissimum
1192 2431 1565 2488 Geremarum
1597 2446 1770 2488 suum
1798 2431 2018 2488 dotasse

317 2519 663 2588 coenobium,
695 2519 997 2590 multaque
1027 2519 1142 2574 alia
1163 2519 1428 2590 religiosa
1455 2519 1581 2576 loca
1608 2520 1742 2591 ipsis
1765 2519 2014 2589 subdita,

317 2621 388 2664 ex
440 2607 562 2663 suis
613 2607 1114 2678 patrimonialibus
1159 2615 1212 2664 et
1265 2608 1782 2678 paraphernalibus
1829 2609 2014 2666 bonis.

320 2695 706 2760 Quamobrem
757 2694 899 2766 quid
931 2697 989 2751 in
1023 2697 1202 2752 sacris
1258 2696 1528 2763 historiis,
1583 2697 1816 2766 chartis,
1868 2697 2016 2769 regi-

319 2783 474 2850 stris,
531 2783 808 2854 librisque
864 2791 920 2840 et
961 2784 1264 2855 scripturis
1307 2784 1593 2840 veteranis
1643 2787 1870 2854 nostris,
1916 2793 2018 2842 aut

318 2871 570 2928 ecclesiae
623 2879 679 2928 et
725 2886 952 2942 sponsas
1007 2877 1239 2940 nostra,
1269 2873 1340 2928 de
1373 2872 1627 2943 ipsorum
1684 2873 2019 2931 fundatione

321 2960 702 3029 inveniretur,
736 2959 1015 3017 vellemus
1045 2959 1353 3029 testificari,
1389 2961 1778 3030 postularunt.

391 3065 418 3101 οι
454 3050 660 3106 Notum
721 3049 966 3106 facimus
1021 3063 1127 3105 nos
1183 3049 1330 3105 male
1360 3049 1697 3106 latrantium
1723 3051 2019 3121 cupientes

319 3150 420 3192 ora
451 3137 736 3203 claudere,
779 3137 1170 3195 testimonium
1215 3138 1442 3194 veritati
1485 3139 1843 3196 exsultantes
1891 3153 2019 3208 per-

318 3224 535 3293 hibere,
566 3226 952 3283 certilicamus
995 3227 1279 3282 veteranis
1308 3227 1489 3295 libris,
1531 3223 1804 3298 legendis,
1842 3228 2016 3284 char-

320 3313 390 3370 tis
436 3322 492 3369 et
532 3315 856 3386 scripturis,
906 3315 1122 3386 quibus
1171 3315 1336 3370 iidem
1376 3315 1704 3386 suspicione
1745 3330 2014 3385 vacuam,

317 3402 600 3474 nullaque
649 3411 788 3460 nota
831 3402 1358 3473 reprehensibilem,
1392 3418 1461 3458 ea
1496 3419 1630 3476 quae
1662 3413 2014 3476 sequuntur,

316 3491 620 3547 contineri.
665 3491 940 3548 Videlicet
968 3492 1310 3547 serenissimi
1353 3493 1504 3563 regis
1541 3493 1840 3564 Dagoberti
1874 3501 2017 3550 tem-

317 3579 556 3648 poribus
601 3577 916 3650 gloriosnm
965 3577 1340 3634 Geremarum
1369 3591 1404 3633 a
1445 3579 1635 3634 sobole
1667 3581 1828 3650 rogia
1877 3593 2017 3650 pro-

315 3675 596 3732 creatum,
627 3665 896 3722 maxima;
923 3667 1205 3722 exstitisse
1234 3667 1573 3736 sanctitatis,
1629 3669 1801 3738 cujus
1834 3666 2018 3724 consi-

315 3754 391 3811 lio
437 3769 603 3811 sacro
670 3755 764 3812 ille
821 3755 1180 3825 Dagobertus
1241 3769 1344 3811 rex
1411 3769 1544 3811 cum
1599 3756 1830 3812 amabili
1878 3770 2016 3827 pace

313 3857 560 3915 regnum
593 3843 958 3916 gubernavit.
995 3843 1183 3900 Voluit
1212 3851 1406 3900 autem
1447 3844 1538 3901 ille
1591 3844 1876 3916 gloriosus
1903 3845 2018 3902 Ge-

313 3946 600 3999 remarus,
637 3940 759 3990 tum
808 3947 922 3989 non
965 3932 1151 3989 solum
1212 3933 1367 4003 apud
1434 3932 1695 3990 homines
1748 3934 2014 4003 militare,

314 4020 431 4078 imo
459 4021 758 4078 mundana
795 4021 1103 4092 postposita
1152 4021 1357 4076 militia
1389 4021 1612 4092 cupivit
1640 4021 1882 4079 caelestis
1907 4023 2016 4078 mi-

314 4108 450 4166 litiae
481 4111 766 4181 particeps
825 4111 968 4178 tieri,
1029 4110 1186 4166 velut
1211 4123 1401 4166 novus
1458 4118 1581 4180 tyro
1607 4111 1715 4167 sub
1746 4119 2015 4168 veterano

313 4204 369 4253 et
425 4197 740 4267 approbato
793 4197 1035 4253 coalestis
1091 4196 1306 4253 militiae
1359 4205 1598 4264 rectore,
1676 4206 1732 4255 et
1773 4199 2014 4256 ccelestis

315 4285 592 4356 principis
618 4285 856 4352 vicario,
888 4293 1086 4342 sancto
1141 4286 1415 4342 Audoeno
1445 4286 1884 4358 Bothomagensi
1914 4303 2015 4344 ar-

1353 361 1446 416 AD
1485 361 1647 416 OPP.
1695 359 1850 414 VEN.
1893 359 2228 416 GUIBERTI
2271 359 2359 415 DE
2394 359 2797 417 NOVIGENTO

3691 361 3836 418 1088

2197 510 2225 538 ‹‹
2265 489 2426 546 Stetit
2451 498 2644 547 autem
2681 490 2740 546 in
2763 505 2883 548 esse
2908 497 2964 547 et
2991 497 3148 548 statu
3191 491 3495 560 praefatum
3528 490 3670 548 illud
3705 505 3832 547 mo-

2128 579 2466 647 nasterium,
2501 579 2763 636 ducentis
2796 579 2967 635 annis
3013 583 3070 636 et
3127 579 3579 652 quinquaginta,
3625 579 3715 636 vel
3765 593 3831 635 eo

2127 667 2300 724 circa.
2338 668 2542 724 Verum
2593 668 2751 738 pacis
2781 669 3018 739 iniquus
3065 670 3452 738 perturbator,
3500 679 3554 725 et
3583 667 3830 724 humani

2128 755 2354 828 generis
2378 756 2796 827 corrosor,qui
2843 771 2880 811 a
2918 757 3142 826 superis
3198 757 3416 814 corruit
3473 757 3544 813 ad
3591 758 3826 823 inferos,

2126 861 2193 902 ex
2226 845 2460 901 servitio
2505 845 2600 900 illo
2631 845 2688 900 in
2723 845 3069 902 monasterio
3101 847 3386 902 celebrato
3432 847 3826 916 perturbatus,

2126 933 2359 990 nefandi
2413 933 2644 990 Rolouis
2694 948 2792 990 cor
2842 934 3200 1003 subintrans,
3245 935 3655 991 monasterium
3699 934 3827 990 πιδ-

2126 1023 2358 1079 viacum
2391 1022 2649 1078 funditus
2703 1037 2888 1093 usque
2911 1023 2981 1078 ad
3013 1023 3199 1079 solum
3229 1023 3444 1079 destrui
3475 1021 3826 1092 procuravit,

2126 1113 2181 1161 et
2211 1105 2492 1175 religiosis
2539 1119 2654 1161 non
2707 1106 2888 1161 multo
2945 1115 3067 1175 post
3113 1105 3418 1170 defunctis,
3444 1113 3500 1162 et
3544 1106 3828 1177 profugis,

2127 1194 2418 1250 desertum
2444 1201 2500 1250 et
2546 1193 2744 1250 incolis
2793 1208 3070 1259 vacuum,
3123 1193 3470 1262 aridumque
3530 1194 3720 1249 fructu
3775 1201 3832 1250 et

2127 1281 2524 1347 inhabitabile,
2569 1290 2798 1338 centum
2833 1290 2889 1338 et
2919 1282 3158 1350 triginta
3202 1281 3414 1337 mansit
3467 1281 3670 1350 annis;
3721 1297 3835 1337 nec

2127 1384 2162 1426 a
2193 1369 2357 1425 nobis
2405 1369 2678 1426 inventus
2705 1378 2789 1426 est
2827 1370 2928 1441 qui
2978 1372 3034 1425 in
3069 1371 3304 1440 praefata
3349 1369 3624 1426 exstiterit
3651 1369 3828 1425 deva-

2125 1459 2368 1516 statione
2397 1473 2704 1514 succursor
2730 1466 2786 1513 et
2815 1458 3164 1528 consolator;
3215 1460 3312 1528 qui
3347 1458 3594 1525 chartas,
3641 1472 3832 1528 papy-

2128 1561 2242 1614 ros,
2277 1547 2538 1617 registra,
2594 1547 2681 1602 vel
2716 1547 2890 1603 libros
2943 1547 3098 1603 illius
3129 1547 3457 1602 monasterii
3487 1561 3832 1602 conservare

2125 1634 2428 1704 cupiverit.
2464 1635 2580 1691 Nec
2633 1635 2843 1690 mirum
2901 1635 3175 1706 quoniam
3232 1637 3383 1705 apud
3429 1635 3742 1705 praedones,
3775 1645 3834 1691 et

2129 1723 2258 1780 lidei
2289 1723 2630 1780 Christianae
2679 1723 2958 1791 inimicos,
3001 1723 3178 1780 moris
3221 1731 3346 1780 erat
3389 1723 3603 1789 usitati,
3635 1730 3690 1779 et
3719 1723 3831 1778 ad-

2059 1785 2100 1841 Β
2133 1811 2245 1866 huc
2284 1810 2488 1867 diebus
2525 1817 2712 1866 exstat
2743 1811 2800 1866 in
2831 1785 2972 1878 istis,
3023 1825 3092 1866 ea
3131 1827 3264 1882 quae
3309 1785 3694 1868 Christianam
3728 1825 3824 1867 sa-

2131 1899 2362 1971 piebaut
2387 1899 2744 1972 religionem,
2779 1899 2910 1969 igne
2931 1899 3122 1955 voraci
3145 1913 3501 1956 consumere.

2201 2006 2228 2040 (
2263 1988 2368 2045 Sed
2423 1988 2564 2059 quia
2610 1987 2866 2044 misereri
2921 1987 3106 2044 voluit
3159 1988 3392 2044 Creator
3441 1987 3829 2058 omnipotens,

2129 2077 2346 2147 populi,
2378 2085 2434 2133 et
2471 2075 2864 2132 beatissimum
2922 2076 3292 2132 Geremarum
3338 2081 3488 2131 nos
3539 2075 3829 2132 confesso-

2127 2179 2250 2221 rem
2275 2179 2450 2221 suum
2491 2165 2549 2220 in
2597 2164 2720 2220 loco
2752 2178 2874 2220 suae
2915 2163 3235 2220 sanctitatis
3287 2165 3493 2220 iterum
3541 2165 3830 2233 venerari,

2127 2261 2378 2310 mentem
2408 2252 2841 2324 predecessoris
2883 2253 3060 2308 nostri
3091 2252 3255 2308 bona:
3294 2253 3584 2308 memoria;
3614 2253 3833 2323 Drogo-

2128 2342 2220 2398 nis
2270 2341 2625 2398 Belvacensis
2670 2340 2942 2410 episcopi,
2994 2340 3180 2412 gratia
3225 2340 3469 2411 Spiritus
3505 2341 3684 2397 sancti
3738 2343 3835 2396 in-

2126 2430 2356 2488 ebrians
2379 2430 2451 2486 ad
2491 2443 2702 2486 novam
2733 2429 2891 2484 illius
2940 2429 3270 2485 monasterii
3329 2427 3634 2500 inspiravit
3689 2445 3831 2486 con-

2127 2519 2532 2575 structionem:
2614 2517 2891 2574 ordinans
2973 2517 3061 2588 (ut
3106 2516 3286 2587 ipsius
3345 2525 3468 2572 erat
3535 2515 3832 2587 ordinare)

2128 2607 2362 2664 antelati
2396 2606 2686 2663 Geremari
2730 2605 3003 2676 praeviam
3047 2605 3403 2676 insequendo
3449 2605 3834 2673 voluntatem,

2127 2696 2268 2752 illud
2320 2695 2731 2752 monasterium
2778 2707 2814 2750 a
2858 2693 3216 2750 sanctissima
3247 2693 3524 2750 Trinitate
3567 2693 3834 2749 denomi-

2128 2785 2276 2852 uari,
2335 2783 2598 2840 addendo
2646 2783 2718 2838 ad
2763 2782 2862 2838 Dei
2908 2782 3137 2838 laudem
3180 2790 3234 2838 et
3281 2783 3460 2852 ipsius
3505 2781 3838 2838 fundatoris

2127 2871 2438 2939 Geremari,
2482 2872 2894 2927 monasterium
2941 2869 3136 2926 Sancti
3195 2871 3484 2926 Geremari
3524 2870 3832 2940 appellari.

2126 2962 2194 3018 In
2223 2960 2395 3031 cujus
2422 2960 2500 3016 rei
2542 2959 2932 3016 testimonium
2985 2957 3363 3028 praesentibus
3411 2958 3609 3014 litteris
3662 2958 3837 3030 sigil-

2055 3083 2098 3138 ρ
2129 3051 2246 3106 lum
2281 3056 2540 3106 nostrum
2561 3048 2841 3105 duximus
2870 3047 3299 3117 apponendum.

2203 3160 2224 3188 ι
2284 3139 2495 3194 Datum
2543 3151 2698 3192 anno
2754 3135 2976 3192 Domini
3021 3136 3341 3192 .millesimo
3381 3135 3840 3206 quadringente-

2125 3227 2270 3284 simo
2299 3225 2722 3297 septuagesimo
2755 3231 2976 3291 octavo,
3014 3224 3106 3281 die
3131 3225 3420 3292 Mercurii,
3457 3227 3621 3281 tertia
3665 3239 3836 3281 men-

2124 3316 2204 3374 sis
2229 3316 2410 3372 Junii.

2200 3427 2222 3454 ι
2256 3405 2334 3460 De
2382 3401 2654 3459 mandato
2700 3400 2920 3457 domini
2971 3400 3053 3456 sic
3108 3401 3421 3472 signatum,
3477 3402 3542 3458 Β.
3575 3400 3834 3473 Champ-

2124 3493 2317 3550 desus.
2345 3513 2366 3540 ι

2192 3581 2476 3637 Craterum
2507 3577 2711 3650 viginti
2745 3577 2983 3634 abbates
3011 3577 3083 3633 ab
3132 3577 3270 3647 ipsis
3314 3577 3617 3634 monaserii
3657 3579 3834 3636 incu-

2125 3669 2352 3736 nabilis,
2385 3667 2458 3722 ad
2505 3665 2799 3723 excidium
2846 3679 2880 3721 a
2937 3665 3344 3723 Northmauuis
3389 3667 3634 3733 illatum,
3676 3682 3830 3736 pra:-

2123 3757 2300 3814 fuisse
2355 3763 2558 3812 notant
2593 3762 2832 3812 veterna
2883 3753 3141 3825 ejusdem
3193 3753 3300 3810 loci
3345 3763 3750 3822 monumenta;
3797 3773 3831 3814 e

2122 3844 2358 3915 quibus,
2429 3856 2654 3898 necnon
2729 3849 2785 3898 et
2835 3855 2908 3898 ex
2946 3841 3394 3910 Gontanellensi,
3449 3843 3570 3899 sive
3627 3842 3828 3900 Sancti

2122 3930 2516 4003 Vandregesili
2585 3929 2878 3994 chronico,
2949 3944 3148 3986 eorum
3207 3931 3444 3986 nomina
3490 3933 3730 4002 (paucos
3775 3934 3827 3988 si

2121 4021 2376 4092 excipias
2440 4019 2542 4090 qui
2617 4023 2943 4088 temporum
3025 4018 3240 4089 injuria
3316 4021 3593 4088 excidere)
3645 4021 3827 4077 desu-

2123 4125 2272 4168 mem
2281 4124 2365 4166 IIS.

2194 4200 2423 4256 Primus
2449 4198 2628 4255 abbas
2645 4205 2880 4254 sanctus
2909 4197 3254 4253 Geremarus
3301 4196 3537 4265 exstitit,
3570 4210 3637 4254 ac
3695 4196 3824 4254 lun-

2121 4287 2287 4344 dator
2319 4285 2646 4344 monasterii
2689 4285 3094 4350 Flaviaceusis,
3138 4285 3512 4342 sanctissimae
3558 4285 3820 4342 Trinitati

313 4373 696 4444 chiepiscopo,
729 4380 903 4444 atque
953 4373 1172 4444 prmfati
1213 4373 1364 4444 regis
1405 4375 1768 4443 cancellario,
1810 4377 2012 4432 adver-
2050 4382 2094 4437 D
2124 4377 2287 4433 initio
2315 4375 2510 4432 dicati.
2560 4375 2670 4431 Res
2725 4382 2912 4446 gestas
2951 4373 3130 4430 sancti
3162 4374 3449 4430 Geremari
3481 4375 3554 4430 ab
3579 4374 3822 4444 antiquo

313 4476 414 4518 sus
455 4475 708 4529 carnem,
756 4462 1062 4529 mundum,
1095 4470 1149 4519 et
1190 4462 1475 4519 daemonia
1506 4463 1715 4520 bellare
1739 4464 2009 4520 decrevit.

389 4574 409 4601 ι
469 4551 650 4622 Cujus
679 4551 940 4608 Audoeni
974 4552 1094 4622 jam
1127 4551 1427 4608 sanctitate
1479 4565 1692 4623 magna
1747 4553 2009 4620 fruentis,

311 4647 545 4698 secutus
573 4641 900 4707 consilium,
950 4642 1020 4698 de
1073 4640 1296 4712 praefati
1334 4642 1487 4713 regis
1514 4643 1820 4713 Dagoberti
1868 4658 2012 4698 con-

309 4743 483 4786 sensu
518 4730 849 4802 religionem
880 4730 1138 4796 intravit,
1173 4729 1230 4784 in
1267 4729 1386 4785 loco
1413 4729 1515 4800 qui
1542 4729 1754 4787 dicitur
1786 4731 2010 4788 Flavia-

308 4832 432 4885 cus,
463 4819 565 4876 ubi
596 4833 711 4874 non
744 4819 924 4875 multo
962 4826 1104 4889 post,
1133 4817 1256 4874 suis
1286 4818 1358 4873 ad
1411 4819 1717 4875 Dominum
1749 4821 2015 4876 transmi-

309 4907 486 4977 gratis
516 4907 729 4974 liberis,
771 4907 841 4963 de
875 4907 1162 4963 Clodovaai
1207 4908 1358 4978 regis
1404 4907 1656 4978 praedicti
1704 4909 2011 4979 Dagoberti

313 4993 412 5050 lilii
439 5009 743 5062 consensu,
791 4996 1009 5066 pariter
1045 5003 1100 5052 et
1145 5009 1404 5063 assensu,
1447 4996 1795 5054 revelatione
1846 5011 2014 5070 ange-

310 5079 422 5138 lica
450 5083 686 5152 praevia,
748 5082 818 5138 ad
867 5083 1242 5140 sanctissima
1270 5090 1326 5140 et
1355 5083 1694 5140 beatissima
1719 5084 2014 5142 Trinitatis

311 5167 537 5225 latriam
581 5177 638 5226 et
711 5171 1161 5239 venerationem,
1236 5171 1588 5241 coenobium,
1639 5173 1795 5244 quod
1852 5188 2012 5230 nunc

311 5256 461 5311 beati
493 5257 784 5314 Geremari
819 5259 1050 5326 dicitur,
1090 5273 1222 5316 cum
1273 5259 1540 5330 pluribus
1569 5260 1697 5316 aliis
1720 5261 2012 5332 religionis

310 5342 466 5406 locis,
522 5345 769 5415 propriis
825 5347 1158 5418 sumptibus
1209 5350 1561 5417 construxit;
1615 5364 1839 5405 necnon
1887 5350 2010 5406 suis

306 5431 576 5488 dominiis
621 5434 794 5496 villis.
845 5436 1066 5500 castris,
1128 5449 1197 5490 ac
1256 5437 1574 5494 redditibus
1623 5437 1861 5505 dotavit,
1900 5451 2008 5494 cu-

309 5521 468 5589 piens
493 5529 548 5578 et
575 5521 851 5579 aﬂ‘ectans
879 5537 951 5579 ex
986 5523 1230 5580 terrenis
1275 5525 1384 5580 sibi
1412 5539 1447 5580 a
1498 5528 1604 5581 Deo
1643 5525 1812 5590 datis,
1853 5526 2010 5581 mul-

305 5609 377 5666 tis
408 5610 466 5668 in
497 5610 633 5670 locis
665 5613 854 5684 ipsum
890 5612 1196 5668 Dominum
1226 5613 1410 5670 Deum
1440 5613 1722 5671 venerari.

2121 4473 2355 4520 auctore
2385 4469 2672 4530 exaratas,
2721 4471 2777 4519 et
2806 4476 2878 4519 ex
2923 4469 3148 4518 vetusto
3197 4462 3389 4518 codice
3426 4461 3822 4532 manuscripto

2120 4552 2470 4610 Conchensis
2493 4551 2842 4618 monasterii,
2871 4565 3016 4629 cura
3055 4559 3250 4608 nostra
3285 4551 3625 4622 exscriptas,
3669 4550 3824 4606 inter

2119 4641 2513 4698 additamenta
2539 4639 2965 4697 collocavimus.

2191 4731 2290 4786 Ill.
2317 4732 2563 4788 Sanctus
2595 4728 2939 4787 Geunardus
2986 4728 3298 4800 (secundus
3333 4727 3486 4782 enim
3544 4725 3821 4783 oblivioni

2121 4819 2389 4890 traditus)
2429 4828 2629 4878 sancto
2671 4819 2956 4874 Ansberto
2987 4817 3155 4888 longe
3207 4816 3421 4872 charus
3480 4815 3614 4884 fuit;
3665 4817 3822 4872 unde

2113 4909 2287 4980 juxta
2333 4923 2546 4979 corpus
2609 4907 2868 4980 ejusdem
2926 4906 2986 4961 in
3063 4903 3486 4960 Fontanellensi
3539 4904 3817 4972 cmnobio,

2117 4999 2210 5055 cui
2241 4997 2412 5053 etiam
2445 4997 2806 5068 praesederat,
2839 4994 3139 5064 sepultura
3171 4992 3369 5048 donari
3392 4992 3671 5048 statuerit.

2189 5085 2282 5144 IV.
2317 5085 2562 5141 Sanctus
2590 5083 2887 5155 Benignus
2915 5081 3263 5138 Fontanellaa
3293 5079 3634 5136 monasterio
3683 5093 3822 5148 prae-

2119 5175 2304 5232 fuerat
2363 5173 2546 5244 prius,
2597 5173 2692 5228 sed
2744 5186 2778 5227 a
2825 5170 3181 5242 Regenfredo
3227 5168 3639 5239 majoridomus
3689 5181 3820 5237 pro-

2111 5263 2300 5334 jectus
2329 5261 2386 5318 in
2431 5261 2695 5318 abbatem
2750 5259 3173 5315 Flaviacensem
3225 5273 3261 5314 a
3305 5257 3600 5314 monachis
3654 5271 3821 5314 assu-

2116 5352 2317 5407 mitur.

2188 5438 2249 5491 V.
2285 5436 2675 5500 Adebrardus,
2723 5435 3088 5506 integritatis,
3150 5433 3470 5505 prudentiae
3500 5447 3566 5489 ac
3603 5432 3820 5505 ingenii

2118 5525 2306 5597 gloria
2325 5525 2537 5590 clarus,
2559 5532 2737 5594 atque
2758 5546 2778 5571 ε
2822 5523 3151 5593 imperatori
3186 5521 3475 5578 Ludovico
3492 5520 3591 5576 Pio
3614 5521 3818 5591 (codex

2117 5628 2296 5670 manu
2339 5620 2616 5670 exaratus
2677 5613 2748 5668 de
2792 5611 3180 5682 Adebrardo),
3241 5609 3442 5667 merito
3497 5610 3821 5681 prudentiae
