3930 6396
118 401 257 454 1089

1409 399 1624 456 DOMNI
1668 401 1723 454 L.
1770 398 2111 455 D’ACHEBY
2154 399 2373 458 ΝΟΤΑΞ.

3492 405 3633 456 1090

115 536 258 590 adeo
290 535 394 591 fuit
429 543 716 604 acceptus,
752 546 817 593 ut
863 535 1009 590 inter
1037 535 1163 604 ejus
1215 533 1500 604 principes
1547 534 1616 588 ad
1669 533 1826 603 pacis
1864 542 1909 592 Α
1934 533 2192 602 pecunia
2221 547 2476 600 censum,
2507 549 2620 588 non
2663 536 2728 589 ut
2781 533 2994 589 divinis
3049 533 3302 589 cultibus
3331 536 3630 592 servitium

117 627 347 694 negotia
391 627 786 694 componenda
837 633 891 679 et
939 624 995 677 in
1046 623 1318 688 Ecclesia,
1358 633 1413 678 et
1457 623 1512 676 in
1559 637 1732 692 regno
1767 621 1823 676 in

116 714 470 784 longinquas
497 729 682 784 usque
712 722 906 784 gentes
936 726 1159 781 semper
1183 712 1352 767 fuerit
1379 711 1617 780 primus.
1652 733 1678 760 ››

189 803 279 856 Vl.
343 802 691 857 Hincmarus
745 817 816 858 ex
870 801 1151 856 monacho
1212 800 1402 855 Sancti
1465 799 1716 869 Dionysii
1766 799 1824 854 in
1872 855 1876 859 .

121 890 384 957 Francia,
446 898 509 945 ut
566 891 737 946 refert
816 889 1171 945 Flodoardus
1229 889 1372 944 libro
1434 904 1513 955 ιιι,
1563 903 1687 958 cap.
1747 893 1821 942 t:

122 1002 142 1027 ε
182 980 353 1048 Regis
412 979 626 1034 ascitus
664 979 954 1051 obsequiis
1014 978 1267 1048 regimen
1318 978 1644 1033 monaSIerii
1690 981 1825 1034 San-

114 1076 222 1124 cta
254 1068 348 1123 Dei
393 1067 658 1123 Genitrici
711 1068 924 1133 Maria,
975 1074 1028 1121 et
1072 1066 1249 1121 sancti
1309 1065 1598 1132 Germani,
1646 1065 1824 1136 regali

114 1164 172 1212 et
214 1155 536 1226 episcopali,
592 1165 767 1226 atque
823 1156 1048 1211 abbatis
1095 1154 1183 1210 sui
1236 1155 1510 1210 Ludovici
1565 1155 1826 1225 jussione

115 1245 388 1314 suscepit.
422 1266 449 1293 »
483 1246 809 1316 Legendum
851 1257 986 1300 vero
1019 1243 1110 1298 hic
1143 1243 1331 1299 Sancti
1361 1243 1672 1310 Geremari,
1697 1256 1828 1298 sua—

113 1334 255 1388 dent
308 1348 439 1402 qua
487 1333 682 1388 eodem
763 1333 887 1399 lib.,
939 1346 1063 1402 cap.
1115 1331 1332 1386 decimo
1381 1339 1583 1387 octavo
1629 1330 1827 1386 scribit

116 1422 238 1490 ipse
296 1421 670 1488 Flodoardus,
720 1421 808 1476 his
855 1421 1092 1476 verbis:
1134 1443 1153 1468 ι
1211 1422 1351 1476 Item
1411 1420 1632 1490 (scribit
1679 1420 1826 1474 Hin-

114 1509 392 1580 cmarus),
427 1524 528 1578 pro
574 1509 734 1572 cella.
799 1509 889 1564 vel
941 1509 1284 1564 monasterio
1334 1508 1618 1575 Flaviaco,
1667 1507 1826 1578 quod

115 1598 268 1653 idem
303 1613 402 1654 rex
438 1598 564 1664 sibi,
597 1599 735 1654 dum
784 1597 842 1652 in
885 1597 1063 1666 ipsius
1092 1605 1222 1652 ante
1276 1597 1664 1666 episcopatum
1699 1611 1825 1652 mo-

112 1695 348 1742 raretur
379 1687 630 1750 servitio.
665 1688 1014 1755 donaverat;
1046 1695 1100 1741 et
1149 1693 1213 1741 ut
1245 1687 1300 1740 in
1359 1687 1481 1740 vita
1536 1700 1642 1740 sua
1683 1685 1822 1740 illud

111 1783 352 1843 teneret,
389 1783 667 1845 praecepto
698 1775 1168 1843 conﬁrmaverat;
1205 1775 1477 1844 quodque
1507 1789 1540 1829 a
1572 1774 1821 1844 quodam

111 1865 379 1920 invasere
411 1865 765 1920 destructum
801 1871 1173 1929 restruxerat,
1200 1871 1254 1917 et
1287 1863 1618 1932 religionem
1654 1861 1823 1931 prout

115 1952 322 2022 potuit,
377 1953 434 2008 in
485 1967 553 2008 eo
605 1959 1049 2016 restauraverat,
1099 1974 1118 1998 ι
1167 1958 1273 2006 etc.
1331 1951 1505 2005 Plura
1560 1951 1628 2006 de
1681 1951 1822 2004 Hin-

110 2056 310 2096 cmaro
333 2041 597 2097 Remensi
625 2040 1050 2109 archiepiscopo
1081 2039 1330 2095 scribere
1358 2039 1819 2108 supersedemus,

109 2127 330 2195 quippe
410 2125 634 2180 notiora
699 2132 752 2180 et
810 2124 1119 2179 celebriora
1210 2131 1344 2178 sunt
1401 2122 1579 2192 ipsius
1650 2123 1820 2189 facta,

107 2212 441 2282 scriptaque
475 2211 720 2280 (duobus
750 2210 1144 2267 γοΙιιιιιιιιὶιιιιε
1181 2211 1614 2280 comprehensa)
1646 2224 1823 2280 quam

114 2309 179 2357 ut
210 2316 280 2356 ea
309 2302 575 2357 detexere
599 2301 930 2356 debeamus.

181 2390 301 2444 VII.
347 2390 464 2445 Odo
495 2404 565 2445 ex
599 2389 808 2445 abbate
840 2388 1162 2444 Corbeiensi
1199 2389 1254 2443 in
1287 2388 1566 2456 Picardia,
1598 2387 1822 2458 episco-

113 2492 229 2548 pus
260 2477 636 2545 Belvacensis,
702 2477 1114 2532 monaSterium
1164 2477 1550 2544 Flaviacense,
1588 2487 1642 2533 et
1677 2477 1821 2533 alte-

108 2581 246 2622 rum
275 2565 635 2632 Nonnarum,
674 2574 989 2636 utrumque
1039 2567 1155 2620 solo
1201 2580 1373 2636 prope
1427 2567 1820 2636 adaquatum,

103 2653 230 2725 juri
260 2654 571 2724 episcopali
610 2655 817 2719 addici,
852 2663 1143 2724 quatenus
1174 2670 1204 2710 e
1229 2655 1372 2710 Iaica
1429 2670 1604 2711 manu
1635 2656 1822 2726 eripe-

109 2751 295 2809 retur,
328 2757 566 2812 suaque
598 2743 802 2812 inopia
829 2743 1259 2810 subveniretur,
1296 2744 1368 2799 ab
1401 2759 1532 2815 rege
1568 2746 1824 2821 Fj‘anco-

109 2846 244 2888 rum
278 2830 551 2900 primum,
586 2831 790 2887 deinde
816 2846 848 2886 a
899 2831 1133 2887 Nicolao
1164 2834 1365 2901 primo,
1422 2847 1590 2903 papa,
1637 2833 1820 2902 impe-

109 2920 308 2976 travit.
350 2941 370 2967 ι
415 2919 498 2974 Eo
529 2927 721 2975 autem
753 2920 952 2975 ordine
982 2920 1110 2990 (fert
1143 2920 1392 2990 diploma
1422 2935 1649 2976 summa
1681 2935 1821 2990 pon-

110 3009 305 3076 tificis)
339 3015 402 3064 ut
434 3009 500 3063 de
535 3008 707 3064 rebus
735 3009 992 3079 ejusdem
1053 3010 1380 3064 monasterii
1412 3009 1648 3076 collatis,
1701 3009 1823 3065 sive

1936 622 2318 690 impendatur,
2363 623 2457 676 sed
2495 631 2556 677 ut
2585 624 2706 678 suis
2739 624 2959 690 usibus,
2993 625 3061 677 ad
3092 623 3498 679 dominationis
3529 641 3634 680 vo—

1936 719 2056 766 tum
2082 710 2462 774 deserviatur,
2491 718 2599 766 etc.

2009 818 2030 845 »
2068 800 2271 854 Datum
2323 807 2406 854 est
2457 799 2510 854 id
2571 799 2856 871 privilegii
2918 815 3056 855 ann.
3099 815 3134 855 v
3179 801 3399 870 imperii
3451 803 3635 859 Ludo-

1933 886 2043 942 vici
2085 888 2154 954 Il,
2188 887 2398 943 Christi
2431 901 2566 942 vero
2597 891 2699 942 860
2752 908 2771 936 ι

2003 976 2150 1032 VIII.
2222 977 2526 1046 Ansigisus
2594 977 2686 1031 vir
2741 976 3029 1045 religione,
3091 977 3351 1032 doctrina
3408 994 3636 1050 usuque

1932 1079 2126 1121 rerum
2169 1074 2465 1134 praestans,
2502 1065 2759 1120 humana
2798 1065 3059 1134 deposuit
3097 1079 3249 1120 anno
3279 1070 3402 1121 882.

2001 1159 2156 1209 603
2216 1154 2489 1210 Pluribus
2553 1163 2674 1223 post
2713 1155 2901 1221 annis,
2955 1168 3156 1222 nempe
3209 1157 3359 1211 circa
3414 1170 3635 1213 annum

1930 1244 2057 1309 900,
2109 1256 2324 1312 susque
2373 1243 2559 1313 deque
2615 1258 2880 1299 eversum
2928 1251 3010 1298 est
3052 1245 3154 1298 abs
3200 1244 3634 1301 Northmannis.

1931 1328 2105 1385 Sacra
2135 1338 2325 1385 autem
2358 1329 2509 1386 beati
2560 1331 2850 1386 Geremari
2898 1343 3026 1386 ossa
3059 1331 3356 1397 translata,
3411 1346 3477 1388 ac
3514 1333 3634 1389 col-

1933 1417 2117 1473 locata
2154 1417 2213 1473 in
2285 1419 2525 1474 ecclesia
2578 1419 2926 1485 Belvacensi,
2987 1419 3085 1474 ubi
3131 1419 3297 1476 hodie
3340 1419 3633 1477 visuntur.

2002 1507 2074 1562 At
2123 1521 2276 1562 anno
2356 1509 2490 1562 l030
2567 1516 2798 1563 strenue
2847 1509 2977 1577 pius
3029 1507 3203 1577 juxta
3244 1522 3311 1564 ac
3387 1509 3640 1578 prudens

1933 1593 2108 1649 Croco
2158 1595 2592 1651 Belvacensium
2649 1598 2955 1666 episcopus
3011 1597 3084 1651 ad
3138 1598 3634 1664 instaurationem,

1932 1696 2033 1737 seu
2098 1683 2290 1738 verius
2339 1683 2870 1750 exadiﬁcationem,
2929 1685 3188 1739 animum
3250 1686 3502 1754 appellit,
3560 1686 3640 1742 ita

1935 1769 2176 1826 feliciter
2218 1778 2272 1826 et
2320 1771 2646 1841 magnifice,
2691 1780 2753 1826 ut
2831 1771 2984 1826 brevi
3051 1772 3346 1826 ecclesiam
3394 1781 3449 1828 et
3502 1774 3638 1828 uni-

1934 1874 2100 1914 versa
2129 1860 2257 1915 vita
2291 1858 2617 1916 monastica
2665 1860 2965 1916 commoda
3004 1861 3248 1916 aedilicia
3303 1861 3636 1932 perfecerit;

1933 1963 2048 2017 quo
2080 1963 2194 2004 non
2230 1956 2457 2005 tantum
2491 1957 2746 2004 vetustas
2785 1949 2953 2010 ades.
2987 1949 3081 2003 sed
3113 1949 3281 2004 etiam
3316 1950 3640 2020 pracipuas

1933 2035 2128 2116 Gallia
2158 2047 2276 2092 tum
2311 2037 2710 2107 amplitudine,
2744 2045 2864 2092 tum
2895 2037 3181 2108 elegantia
3210 2046 3527 2108 superaret.

2003 2125 2338 2182 Constructo
2390 2126 2583 2196 itaque
2641 2133 2694 2182 et
2757 2126 3034 2181 instructo
3092 2127 3419 2182 monasticis
3465 2128 3640 2184 rebus

1932 2222 1986 2269 et
2024 2229 2187 2270 sacra
2232 2215 2567 2283 supellectili
2606 2215 2881 2281 canobio,
2920 2229 3022 2269 nec
3061 2230 3173 2270 non
3218 2216 3463 2285 pradiis,
3508 2231 3638 2287 qua

1933 2305 2256 2374 antiquitus
2284 2304 2650 2373 possederant
2703 2304 3019 2369 etenobita,
3068 2305 3320 2369 redditis,
3391 2304 3639 2361 accersi-

1933 2393 2016 2448 vit
2065 2408 2094 2448 e
2153 2393 2496 2448 monasterio
2583 2391 2772 2447 Sancti
2822 2391 3009 2446 Mauri
3071 2392 3387 2447 Fossatensi
3436 2407 3636 2448 mona-

1933 2482 2090 2547 chos,
2142 2480 2359 2550 quibus
2407 2480 2788 2535 Guntherium
2836 2481 3101 2549 prafccit.
3158 2484 3237 2534 Ac
3298 2482 3526 2536 tandem
3575 2489 3640 2537 ut

1933 2582 2097 2624 sacra
2168 2568 2610 2624 restituerentur
2673 2566 2856 2623 sancti
2922 2567 3214 2622 Geremari
3289 2583 3437 2636 ossa,
3511 2569 3640 2624 totis

1931 2658 2156 2714 viribus
2200 2657 2396 2712 enisus
2438 2665 2540 2724 est,
2591 2657 2688 2712 sed
2723 2656 2958 2722 frustra,
3007 2656 3372 2725 reclamante,
3422 2671 3639 2727 prape-

1933 2747 2240 2816 dienteque
2271 2745 2502 2815 populo.

2005 2834 2105 2889 IX.
2168 2833 2479 2889 Gunterius
2532 2847 2605 2889 ex
2654 2833 2932 2888 monacho
2993 2833 3328 2901 Fossatensi,
3385 2834 3638 2890 ascetica

1930 2922 2064 2977 vita
2096 2935 2299 2976 norma
2344 2921 2686 2990 postliminio
2736 2930 3001 2976 revocata
3034 2922 3087 2975 in
3124 2922 3306 2977 sancti
3349 2921 3638 2977 Geremari

1931 3009 2208 3077 canobio,
2262 3023 2533 3080 magnam
2606 3009 2710 3064 sibi
2786 3009 3068 3064 virtutum
3123 3024 3190 3065 ac
3263 3011 3636 3066 scientiarum

107 3095 497 3163 conferendis,
531 3097 798 3152 Ecclesia
829 3097 1185 3152 Belvacensis
1217 3098 1651 3154 necessitatibus
1678 3099 1818 3154 sub—
1861 3137 1902 3193 ρ
1933 3098 2161 3154 laudem
2213 3097 2353 3152 inibi
2410 3097 2654 3167 collegit,
2709 3097 2849 3151 adeo
2897 3105 2959 3151 ut
3007 3099 3332 3166 praestantis
3375 3099 3636 3167 discipli-

109 3185 408 3252 veniatur,
440 3193 612 3254 prout
652 3185 925 3240 voluntas
977 3186 1342 3256 etjudicium
1397 3186 1667 3256 episcopi,
1721 3187 1820 3257 qui

115 3273 414 3343 prafuerit
443 3273 624 3329 eidem
662 3273 927 3329 Ecclesia
980 3275 1327 3343 decreverit;
1369 3282 1424 3330 et
1477 3275 1824 3331 monasteria

108 3362 256 3432 ipsa,
293 3376 396 3417 nec
428 3362 484 3417 in
527 3362 782 3417 adiﬁciis
811 3363 1132 3429 domorum,
1160 3364 1280 3427 {nec
1315 3363 1370 3417 in
1410 3363 1822 3420 restauratione

110 3450 508 3518 ecclesiarum,
545 3465 648 3505 nec
697 3451 755 3504 in
788 3452 1226 3506 necessitatibus
1257 3452 1368 3506 Deo
1417 3451 1532 3506 illic
1560 3451 1820 3507 servien-

112 3539 264 3595 tium
296 3539 552 3594 subsidia
573 3538 1017 3608 defraudentur;
1049 3541 1141 3594 sed
1177 3539 1256 3594 ita
1283 3554 1476 3594 rerum
1529 3539 1821 3610 dispositio

111 3628 210 3683 fiat
241 3627 316 3683 ab
345 3628 606 3697 episcopo
638 3627 1002 3683 Belvacencis
1041 3627 1326 3694 Ecclesia,
1362 3635 1424 3683 ut
1453 3637 1503 3683 et
1548 3629 1667 3698 ipsa
1698 3643 1818 3684 mo-

111 3715 367 3771 nasteria
406 3717 576 3787 juxta
633 3716 866 3771 modum
920 3716 1257 3771 facultatum
1308 3715 1426 3785 {sibi
1482 3716 1820 3771 collatarum

109 3813 531 3870 restaurentur,
568 3811 622 3859 et
672 3812 1110 3870 conserventur,
1162 3812 1215 3860 et
1261 3803 1374 3858 illic
1421 3805 1530 3859 Deo
1564 3803 1823 3858 militan-

111 3894 258 3948 tium
293 3893 566 3947 subsidiis
593 3893 964 3962 adjuventur,
995 3900 1285 3962 quatenus
1316 3893 1435 3947 loca
1467 3893 1581 3948 Deo
1611 3891 1818 3960 dicata,

110 3989 164 4036 et
199 3995 290 4036 res
341 3980 451 4035 illis
509 3981 760 4036 ecclesiis
806 3980 1024 4036 collata
1064 3980 1139 4036 ibi
1210 3981 1568 4050 potissimum
1625 3982 1822 4036 deser—

113 4069 294 4135 viant,
330 4068 430 4125 ubi
463 4070 574 4124 Deo
623 4069 874 4125 fidelium
924 4069 1238 4125 oblationes
1283 4084 1404 4126 esse
1445 4069 1664 4126 collata
1713 4085 1822 4125 no-

113 4165 358 4214 scuntur
391 4172 403 4211 :
435 4157 573 4227 quia
604 4173 708 4214 nec
732 4158 912 4227 pium,
947 4173 1050 4213 nec
1086 4157 1308 4228 justum
1355 4173 1474 4214 esse
1523 4157 1822 4228 cognosci-

116 4253 232 4311 tur,
268 4253 333 4302 ut
365 4245 615 4301 ecclesia
670 4247 920 4315 prafata
969 4247 1046 4302 ita
1077 4247 1197 4302 suis
1254 4247 1428 4303 rebus
1482 4247 1820 4316 spolientur,

115 4343 170 4390 et
221 4334 462 4391 alterius
519 4334 770 4391 ecclesia
851 4336 1288 4392 necessitatibus
1352 4337 1698 4395 deserviant.
1760 4342 1824 4391 ut

1933 3201 2022 3242 na
2075 3186 2314 3256 permoti
2367 3186 2538 3252 fama,
2589 3185 2760 3240 etiam
2827 3185 3026 3252 exteri,
3082 3185 3291 3241 saculo
3349 3187 3631 3256 abdicato,

1930 3290 2050 3332 sese
2079 3272 2256 3344 ipsius
2303 3273 2631 3344 magisterio
2675 3273 3032 3329 subderent:
3071 3274 3213 3344 quin
3261 3283 3316 3330 et
3365 3275 3636 3330 mulieres

1931 3362 2244 3429 nonnulla,
2279 3364 2474 3418 eodem
2510 3369 2702 3432 postea
2745 3363 2917 3418 odore
2941 3362 3175 3428 allecta,
3213 3363 3266 3418 in
3317 3363 3630 3433 adjacenti-

1929 3452 2037 3506 bus
2083 3451 2331 3506 ecclesia
2397 3451 2654 3506 adiculis
2699 3459 3156 3519 commanerent;
3221 3465 3425 3521 nempe
3473 3465 3635 3507 soror

1931 3539 2149 3610 Sugerii
2192 3539 2424 3611 prioris,
2481 3544 2660 3594 mater
2715 3540 2967 3596 Guiberti
3027 3539 3251 3595 abbatis
3306 3539 3630 3611 Novigenti,

1934 3628 2331 3698 Leodegardis.
2386 3629 2464 3683 De
2511 3628 2727 3698 quibus
2786 3629 2932 3682 idem
2999 3629 3311 3684 Guibertus
3369 3629 3518 3684 lib.i
3564 3628 3634 3683 de

1929 3717 2062 3772 Vita
2095 3731 2219 3773 sua.
2255 3719 2511 3786 Itemque
2549 3717 2959 3786 posterioribus
3002 3717 3226 3773 saeculis
3272 3717 3523 3772 Albreda
3564 3717 3635 3772 de

1931 3804 1983 3860 S.
2019 3805 2168 3861 Ouin
2221 3819 2520 3866 conversa,
2583 3819 2730 3860 uxor
2786 3805 3073 3860 Guillelmi
3133 3807 3202 3861 de
3257 3805 3632 3874 Henouville;

1931 3908 2082 3949 uxor
2126 3893 2348 3950 Girardi
2391 3895 2460 3949 de
2505 3893 2836 3960 Hanuoiles,
2880 3903 2933 3949 et
2978 3894 3104 3948 alia
3150 3895 3633 3964 quamplurima;

1930 3997 2061 4053 qua
2087 3982 2423 4037 contraditis
2465 3982 2604 4037 inibi
2637 3983 2758 4036 suis
2789 3983 3012 4051 opibus,
3045 3983 3376 4037 monasterii
3420 3983 3632 4051 stipen-

1929 4071 2056 4139 diis,
2089 4085 2192 4127 seu
2225 4079 2288 4128 ut
2326 4070 2571 4126 codicilli
2616 4070 2957 4140 loquuntur,
3008 4070 3349 4140 praebendis,
3406 4070 3636 4126 nomine

1931 4174 2218 4215 conversa
2248 4174 2314 4215 ac
2372 4159 2602 4226 sororis,
2653 4159 3176 4214 sanctimonialium
3210 4159 3412 4215 habitu
3465 4159 3634 4230 dege-

1933 4249 2089 4303 bant.
2120 4247 2518 4304 zEdicularum
2552 4249 2608 4302 in
2638 4247 2980 4303 hodiernum
3033 4262 3219 4318 usque
3263 4248 3413 4304 diem
3459 4248 3635 4304 vesti-

1932 4337 2024 4406 gia
2051 4343 2295 4391 exstant.

115 4437 321 4479 earum
356 4423 518 4479 nulla
552 4438 787 4494 prorsus
834 4439 975 4480 cura
1018 4425 1283 4481 videatur
1342 4424 1611 4494 impendi.
1664 4423 1823 4480 Unde
1863 4437 1906 4490 ι)
2003 4425 2154 4480 Obiit
2184 4424 2498 4481 Gunterius
2548 4424 2742 4480 Idibus
2797 4425 3004 4494 Martii,
3055 4440 3207 4482 anno
3234 4427 3441 4483 Christi
3475 4428 3632 4493 1058,

115 4510 395 4568 sollicitus
450 4512 641 4568 videat
680 4513 979 4583 episcopus
1011 4513 1440 4581 Bellovacensis,
1476 4521 1540 4569 ut
1597 4513 1716 4568 sive
1749 4513 1819 4568 de

116 4600 343 4656 feminis
373 4601 482 4656 illis
514 4602 627 4657 Deo
657 4601 1131 4669 deservientibus,
1165 4602 1284 4658 sive
1313 4603 1382 4658 de
1411 4602 1818 4672 cujuscunque

113 4689 334 4745 ordinis
384 4689 545 4757 viris,
601 4690 722 4745 sive
765 4690 834 4746 de
874 4689 1349 4746 monasteriorum
1401 4691 1818 4747 restauratione

111 4788 167 4833 et
194 4778 645 4844 conservatione,
677 4793 802 4834 eam
833 4793 1032 4835 curam
1072 4779 1368 4848 suscipiat,
1424 4788 1713 4849 quatenus
1763 4786 1818 4835 et

111 4864 326 4921 divina
374 4866 568 4922 domui
613 4866 847 4938 dignam
928 4868 1137 4923 habere
1187 4868 1293 4923 sibi
1353 4868 1816 4938 procurationem

112 4953 384 5022 gaudeat,
416 4960 470 5008 et
516 4953 636 5022 ipse
685 4953 788 5024 qui
819 4954 1115 5024 prafuerit
1145 4962 1349 5021 rector,
1383 4969 1648 5024 superna
1678 4970 1817 5011 cen-

112 5054 264 5096 sura
299 5041 588 5112 judicium
634 5050 867 5112 propter
915 5043 1326 5114 negligentiam
1365 5059 1478 5099 non
1536 5044 1814 5100 incurrat.

111 5130 174 5184 In
207 5131 574 5186 sacularium
633 5145 769 5186 vero
809 5146 1025 5188 munus
1073 5139 1246 5202 atque
1308 5130 1659 5202 poteStatem,
1695 5132 1818 5201 ipsa

109 5219 457 5274 monasteria
487 5219 648 5275 nulla
689 5220 956 5289 deinceps
987 5220 1207 5275 ratione
1233 5219 1322 5274 vel
1353 5219 1646 5276 occasione
1682 5234 1817 5289 per-

110 5307 376 5373 veniant;
407 5307 546 5377 quia
575 5316 811 5372 non.est
841 5309 964 5364 leve
994 5317 1126 5364 ante
1154 5308 1348 5364 oculos
1405 5309 1617 5364 summi
1667 5308 1819 5378 judi-

110 5395 197 5458 cis.
221 5396 527 5452 discrimen
559 5397 840 5468 religiosis
897 5398 1050 5466 locis,
1083 5405 1136 5454 et
1168 5398 1528 5453 monasteriis
1572 5398 1684 5453 Deo
1724 5396 1818 5452 di-

112 5484 277 5551 catis,
307 5483 640 5540 sacularem
684 5485 971 5555 praﬁcere
1001 5493 1357 5556 potestatem,
1389 5494 1442 5541 et
1473 5485 1524 5541 ei
1582 5493 1816 5541 contra—

109 5573 240 5629 dere
285 5573 588 5643 pastoralis
634 5589 790 5629 cura
847 5574 1311 5638 sollicitudinem,
1371 5574 1494 5644 qui,
1554 5574 1695 5645 quid
1744 5574 1818 5630 sit

111 5669 323 5730 pastor,
365 5661 594 5731 ignorat
646 5676 750 5718 nec
801 5662 1008 5734 quarit
1050 5661 1278 5719 lucrum
1333 5661 1684 5730 animarum,
1718 5662 1816 5719 sed

1927 4521 1981 4569 et
2013 4513 2527 4569 administrationis
2556 4515 2643 4567 22.

1997 4602 2071 4657 Χ.
2099 4601 2411 4658 Garnerius
2443 4601 2720 4657 Gunterio
2774 4603 3078 4674 successit;
3113 4604 3203 4659 vir
3259 4603 3463 4674 utique
3493 4618 3632 4673 pro-

1927 4690 2120 4758 bitate,
2164 4690 2443 4758 doctrina,
2495 4690 2936 4746 administrandi
2984 4692 3293 4761 prudentia
3340 4691 3628 4763 insignis:

1926 4778 2029 4850 qui
2067 4778 2425 4848 disciplinam
2469 4779 2791 4849 regularem
2827 4781 2966 4834 mire
3017 4780 3345 4848 illustravit,
3391 4781 3633 4837 adauxit

1926 4883 2016 4925 res
2036 4868 2386 4924 monasterii.
2418 4868 2498 4922 Eo
2532 4883 2766 4938 quoque
2801 4868 3137 4936 prasidente
3167 4869 3493 4938 complures
3532 4883 3631 4924 ec-

1925 4957 2129 5023 clesia,
2190 4970 2292 5012 seu
2339 4956 2644 5025 prioratus,
2699 4954 2941 5010 Faviaco
2981 4954 3405 5025 conferuntur;
3468 4956 3632 5025 queis

1924 5045 2176 5101 colonias
2249 5043 2687 5110 monachorum,
2776 5043 2878 5112 qui
2943 5043 3270 5098 orationum
3335 5042 3626 5111 subsidiis,

1925 5133 2220 5204 verboque
2265 5141 2320 5188 et
2375 5133 2641 5202 exemplo
2701 5132 2980 5202 populum
3035 5139 3356 5200 tuerentur,
3435 5132 3629 5188 erudi-

1926 5230 2189 5292 rentque,
2243 5221 2554 5276 Garnerius
2616 5221 2794 5277 abbas
2860 5221 3099 5276 addixit.
3141 5223 3372 5278 Constat
3432 5222 3488 5277 id
3538 5237 3632 5291 po-

1926 5311 2210 5367 tissimum
2284 5325 2356 5365 ex
2414 5310 2743 5366 narratione
2815 5309 3170 5365 fundationis
3225 5311 3517 5380 prioratus
3569 5311 3625 5366 S.

1923 5397 2181 5467 Sepulcri
2214 5397 2282 5452 de
2335 5396 2664 5463 Villaribus,
2699 5410 2734 5451 a
2772 5396 3124 5452 nobilissimo
3169 5399 3376 5455 comite
3406 5399 3629 5462 Belva-

1925 5485 2078 5540 censi
2134 5484 2468 5540 Lanscelino
2514 5485 2751 5553 conditi,
2781 5493 2836 5541 et
2872 5485 3134 5542 eamdem
3186 5501 3290 5542 nos
3345 5487 3624 5549 chartam,

1927 5580 2124 5644 utpote
2151 5587 2436 5630 summam
2471 5573 2714 5644 hujusce
2766 5574 2988 5630 comitis
3037 5573 3304 5644 pietatem
3366 5575 3626 5632 redolen-

1928 5670 2063 5730 tem,
2089 5663 2461 5719 internectere
2491 5661 2753 5718 delectat.
