3930 6404
299 437 433 492 1091

1335 435 1425 489 AD
1465 433 1619 489 OPP.
1664 433 1817 488 VEN.
1859 431 2193 488 GUIBERTI
2239 431 2325 486 DE
2365 429 2764 486 NOVIGENTO

3678 431 3837 483 1092

383 589 404 618 ι
448 567 511 622 In
543 565 774 622 nomine
793 573 1004 621 sauctze
1032 574 1088 620 et
1121 564 1430 620 individua:
1460 563 1773 619 Trinitatis.
1806 569 1980 618 Amen
2043 569 2089 620 Α
2115 577 2294 634 gnum
2325 562 2642 633 Anglorum
2687 558 2986 616 Guillelmo
3016 559 3368 616 nobilissimo
3400 574 3532 633 rege
3561 562 3836 618 admini-

307 655 591 713 Omnibus
640 667 796 724 aqua
841 661 896 708 et
939 652 1155 722 Spiritu
1223 660 1420 706 sancto
1477 653 1709 713 renatis,
1775 658 2006 722 gratum

306 745 426 802 fore
456 744 709 800 decrevit
737 743 988 798 charitas
1027 750 1242 808 nostra,
1291 740 1339 795 si
1387 740 1705 796 litterarqu
1749 740 2010 810 apicibus

309 841 678 900 anuotamus,
723 831 972 902 qualiter
1000 844 1034 885 a
1085 829 1432 900 quibusdam
1471 828 1726 898 personis
1774 827 2002 883 ecclesia

310 930 520 990 nostra,
555 921 873 978 auxiliante
918 919 1176 983 Domino,
1222 916 1390 973 fuerit
1423 915 1682 973 fundata.
1733 917 2010 972 Lansceli-

309 1025 422 1068 nus
490 1010 695 1076 senior,
765 1005 1033 1064 Fulconis
1105 1005 1462 1061 Belvaceusis
1525 1005 1696 1072 filius,
1757 1013 2008 1060 strenuae

308 1096 623 1154 nobilitatis
676 1094 786 1161 vir,
844 1102 900 1149 et
938 1093 1256 1148 secundum
1311 1092 1489 1164 hujus
1537 1091 1730 1148 saeculi
1797 1092 2007 1148 fastum

308 1198 534 1257 magnae
563 1183 826 1254 potentiae
868 1179 1022 1237 fuit:
1067 1181 1190 1250 iste,
1249 1187 1311 1236 ut
1361 1181 1443 1236 rei
1489 1180 1682 1236 exitus
1722 1180 2004 1250 probavit,

309 1283 458 1332 nutu
482 1281 538 1330 et
581 1271 878 1328 voluntate
913 1270 1013 1327 Dei
1061 1271 1396 1339 Jerusalem,
1428 1278 1484 1326 et
1538 1283 1702 1326 sacra
1733 1271 1873 1338 loca,
1909 1270 2008 1326 ubi

309 1363 584 1419 Dominus
626 1368 819 1417 noster
869 1362 1036 1417 Jesus
1067 1360 1350 1428 Christus,
1401 1367 1592 1427 natus,
1661 1359 1760 1416 ubi
1814 1359 2008 1416 cruci-

307 1451 480 1518 ﬁxus,
511 1457 566 1506 et
607 1449 936 1518 sepulcrum
981 1447 1036 1504 in
1083 1463 1201 1518 quo
1243 1449 1461 1519 positus
1515 1448 1642 1516 fuit,
1697 1448 1892 1504 multis
1949 1449 2006 1504 iu

307 1539 416 1595 hac
464 1538 760 1608 provincia
788 1551 982 1592 secum
1038 1537 1350 1592 comitatus
1377 1535 1519 1592 adiit
1549 1553 1562 1592 :
1597 1535 1709 1592 illis
1747 1536 2008 1592 videlicet

306 1625 680 1697 temporibus,
731 1625 948 1695 quibus
996 1625 1194 1681 nullus
1227 1625 1538 1681 Christiani
1598 1625 1846 1682 nominis
1873 1641 2006 1681 cou-

307 1715 503 1781 fessor,
561 1714 673 1770 nisi
731 1713 955 1778 furtim.
1005 1721 1128 1782 aut,
1173 1721 1238 1770 ut
1270 1713 1349 1769 ita
1395 1714 1606 1780 dicam,
1648 1714 2007 1785 tapinacione

305 1811 533 1874 propter
603 1802 1000 1858 obsistentium
1081 1815 1438 1872 paganorum
1518 1801 1804 1868 timorem,
1871 1801 2008 1857 illuc

303 1906 538 1964 pergere
599 1905 780 1948 ausus
839 1898 992 1960 erat;
1047 1890 1148 1961 qui
1199 1891 1382 1946 multa
1437 1899 1554 1947 tam
1617 1904 1718 1960 per
1771 1900 2004 1958 terram,

305 1993 484 2051 quam
542 1993 642 2050 per
683 1993 860 2045 mare,
910 1992 1116 2049 passus
1159 1978 1432 2048 pericula,
1486 1977 1558 2033 ad
1591 1977 1858 2034 ultimum
1903 1992 2007 2034 suo

305 2070 519 2139 potitus
565 2068 864 2134 desiderio,
912 2067 1170 2137 satisque
1225 2066 1520 2122 humiliter
1572 2067 1828 2134 adorato,
1873 2080 2006 2122 cum

303 2156 426 2213 suis
454 2157 726 2212 omnibus
753 2155 807 2211 in
839 2155 1079 2211 Galliam
1125 2155 1440 2226 repedavit.
1468 2156 1778 2211 Transacto
1813 2164 2008 2212 autem

303 2259 419 2301 non
480 2245 650 2316 longo
705 2252 979 2314 tempore,
1033 2243 1214 2314 pietas
1265 2244 1576 2300 conditoris
1639 2243 1838 2311 nostri,
1905 2241 2006 2314 qui

307 2339 330 2382 ὁ
381 2347 582 2389 omnes
637 2333 763 2388 vult
806 2332 997 2388 salvos
1057 2332 1198 2399 fieri,
1253 2340 1309 2388 et
1375 2333 1446 2388 ad
1499 2333 1852 2404 agnitionem
1919 2331 2008 2388 sui

305 2421 558 2478 nominis
589 2420 786 2478 venire
819 2423 880 2488 (Ι
927 2419 1070 2476 Tim.
1118 2435 1176 2488 ιι,
1210 2419 1285 2491 4),
1319 2441 1341 2468 ι
1390 2421 1544 2476 misit
1600 2421 1655 2476 iu
1715 2435 1814 2476 cor
1861 2421 2008 2492 ejus,

303 2517 596 2581 quatenus
667 2509 726 2564 in
791 2510 1065 2565 honorem
1113 2509 1294 2565 sancti
1359 2509 1608 2578 sepulcri
1647 2509 1716 2564 de
1763 2509 2010 2579 propriis

304 2598 680 2654 facultatibus
727 2597 1027 2654 ecclesiam
1086 2605 1352 2664 strueret,
1413 2597 1839 2668 monachosque
1895 2597 2010 2653 ibi-

303 2687 431 2742 dem
485 2686 557 2742 ad
616 2685 715 2742 Dei
774 2686 1078 2742 servitium
1133 2686 1223 2741 die
1267 2694 1560 2756 noctuque
1614 2687 2007 2758 peragendum

301 2774 690 2831 constitueret.
749 2774 1062 2830 Consilium
1117 2789 1267 2842 vero,
1316 2773 1788 2845 voluntatemque
1834 2775 2013 2846 hujus

302 2863 405 2930 rei,
436 2863 602 2919 uxori
642 2877 762 2918 suae
807 2871 863 2918 et
909 2863 1042 2918 filiis
1088 2863 1210 2919 suis
1257 2877 1364 2918 nec
1404 2877 1526 2918 nou
1570 2870 1626 2919 et
1679 2862 2011 2920 hominibus

302 2951 548 3022 propriis
619 2951 901 3021 aperiens,
957 2965 1155 3006 omnes
1215 2965 1332 3007 una
1399 2964 1535 3006 voce
1601 2949 2010 3022 laudaveruut,

302 3041 534 3111 Deoque
563 3039 680 3096 fore
713 3047 944 3110 gratum
976 3040 1149 3096 simul
1181 3039 1642 3096 affirmaverunt.

2112 658 2350 706 straute.
2389 673 2409 699 ι

2183 739 2474 796 Monachis
2534 753 2668 796 vero
2717 739 2926 795 ibidem
2993 740 3106 794 Deo
3167 737 3550 794 servientibus
3614 737 3832 808 inclyti

2118 827 2433 884 Lansceliui
2467 843 2581 884 non
2611 827 2791 884 defuit
2821 826 3078 898 largitas.
3132 828 3198 883 Ut
3225 827 3378 882 enim
3410 827 3832 884 sufficientiam

2116 917 2436 988 quotidiani
2480 917 2670 973 victus
2717 916 3013 984 haberent,
3073 916 3226 972 dedit
3273 915 3356 971 eis
3422 916 3834 974 molendinum

2115 1005 2469 1062 Crevicordis
2537 1020 2714 1076 super
2779 1005 2963 1075 ripam
3029 1005 3191 1060 Tarae
3259 1005 3454 1067 situm,
3520 1013 3575 1060 et
3639 1012 3832 1060 totam

2111 1107 2328 1166 aquam
2367 1096 2437 1151 de
2497 1095 2711 1151 Cailoto
2762 1109 2948 1164 usque
3002 1093 3075 1150 ad
3127 1094 3361 1150 Pontem
3427 1093 3677 1158 Harmis,
3753 1093 3836 1148 ad

2113 1185 2476 1255 piscandum,
2502 1185 2656 1240 dedit
2682 1192 2738 1240 et
2772 1183 3024 1254 hospites
3070 1198 3203 1239 suos
3231 1182 3444 1238 ibidem
3497 1189 3830 1249 manentes,

2116 1281 2409 1344 totamque
2480 1272 2830 1329 mansionem
2912 1271 3236 1338 Hildefredi,
3309 1285 3441 1328 cum
3501 1273 3678 1341 pratis
3749 1271 3830 1326 ad

2111 1363 2470 1420 mansionem
2547 1361 2966 1430 pertinentibus
3017 1375 3030 1415 :
3088 1366 3475 1430 querquetum
3529 1358 3827 1429 Burgerii,

2113 1460 2170 1508 et
2224 1451 2478 1507 alnetum
2539 1457 2929 1520 querquetum
2984 1449 3358 1520 adiacentem,
3411 1447 3624 1504 Nemus
3678 1447 3826 1512 Hes,

2117 1539 2408 1596 Faiolum:
2468 1553 2668 1594 omnes
2721 1537 2988 1593 brochias
3034 1537 3104 1592 ad
3147 1535 3601 1592 comburendum
3643 1543 3702 1592 et
3749 1531 3831 1591 ad

2117 1627 2524 1698 hospitandum
2571 1625 2867 1682 concessit.
2917 1626 3063 1680 Vasa
3112 1626 3309 1694 apium
3369 1623 3425 1678 in
3485 1623 3830 1679 nemoribus

2114 1717 2232 1772 suis
2258 1723 2512 1784 reperta;
2569 1722 2624 1770 et
2668 1715 2814 1770 duas
2862 1722 3052 1783 partes
3089 1713 3323 1768 decimae
3377 1712 3446 1768 de
3477 1712 3741 1776 Harmis;
3770 1719 3830 1767 et

2115 1805 2263 1860 duas
2319 1805 2388 1859 de
2469 1802 2747 1860 Serenciis
2809 1811 2864 1858 et
2915 1803 2985 1858 de
3072 1800 3493 1869 Medianavilla,
3553 1800 3831 1856 similiter

2117 1893 2263 1950 duas
2311 1900 2500 1963 partes
2553 1893 2808 1958 decimae,
2857 1898 2912 1947 et
2957 1891 3245 1948 culturam
3304 1891 3504 1954 Crene,
3552 1889 3830 1946 clausum

2117 1996 2351 2052 quoque
2444 1980 2847 2044 mouasterioli,
2932 1980 3089 2050 quod
3151 1993 3186 2034 a
3242 1979 3493 2049 quodam
3569 1979 3830 2043 homine,

2119 2071 2345 2128 Gildino
2409 2069 2659 2138 nomine,
2694 2076 2906 2140 septem
2960 2067 3119 2124 libris
3164 2067 3525 2124 Belvacensis
3575 2077 3829 2123 moneta

2115 2168 2171 2216 et
2209 2175 2326 2216 uno
2353 2159 2543 2214 modio
2569 2157 2843 2214 frumenti
2871 2157 3041 2226 emit;
3069 2157 3253 2226 ipsum
3301 2169 3436 2211 vero
3484 2154 3832 2211 Gilduinum

2118 2263 2304 2318 usque
2332 2245 2403 2302 ad
2431 2247 2600 2302 finem
2630 2245 2764 2301 vita:
2803 2260 2923 2301 suae
2970 2243 3234 2300 monachi
3273 2245 3480 2299 vestitu
3531 2251 3586 2300 et
3625 2243 3832 2313 quoti-

2117 2335 2290 2392 diano
2334 2336 2490 2391 victu
2539 2341 3028 2391 sustentaverunt.
3070 2333 3232 2388 Dedit
3283 2331 3455 2388 etiam
3502 2332 3829 2402 quamdam

2119 2424 2498 2492 mansionem,
2529 2438 2707 2494 quam
2751 2430 2984 2479 centum
3031 2420 3228 2478 solidis
3280 2420 3638 2476 Belvacensis
3695 2435 3831 2475 mo-

2119 2521 2264 2570 netae
2302 2513 2439 2569 emit
2477 2512 2551 2568 ab
2601 2511 2889 2568 Hemelino
2931 2511 3000 2567 de
3051 2519 3246 2566 sancto
3296 2509 3830 2573 Luciano,'conce-

2118 2603 2286 2658 dente
2317 2603 2478 2658 Petro
2527 2601 2708 2658 sancti
2747 2598 2990 2656 Luciani
3049 2599 3271 2664 abbate,
3319 2599 3389 2654 de
3435 2598 3826 2665 Consenfisco,

2116 2697 2172 2746 et
2221 2690 2346 2746 aliis
2391 2691 2664 2745 omnibus
2728 2687 3024 2745 monachis
3061 2687 3518 2744 concedentibus.
3576 2687 3653 2742 De
3703 2700 3830 2756 qua

2120 2793 2180 2834 re
2209 2778 2484 2834 dominus
2529 2777 2902 2834 Lanscelinus
2955 2777 3147 2832 abbati
3190 2776 3260 2831 de
3310 2783 3506 2831 sancto
3565 2775 3830 2831 Luciano

2120 2866 2440 2923 hominium
2498 2867 2644 2922 fecit.
2711 2865 2904 2921 Abbas
2951 2879 3089 2922 vero
3152 2864 3226 2920 ad
3275 2871 3654 2936 augmentum
3703 2864 3831 2922 fisci

2118 2971 2303 3014 unum
2339 2957 2562 3012 dentem
2594 2955 2778 3010 sancti
2801 2954 3037 3010 Luciani
3066 2955 3116 3010 ei
3139 2953 3312 3010 dedit.

2192 3044 2321 3100 Post
2382 3044 2502 3099 haec
2572 3042 2740 3098 talem
2805 3041 3294 3097 confirmationem
3358 3040 3504 3106 fecit,
3556 3047 3618 3096 ut
3687 3041 3739 3096 si
3794 3054 3835 3096 a

376 3148 404 3180 α
439 3129 568 3184 Post
600 3129 722 3184 haec
768 3128 1046 3185 domuum
1094 3129 1417 3184 Garuerum
1478 3128 1864 3185 Flaviacensis
1899 3144 2010 3186 cce-
2051 3159 2092 3214 ρ
2119 3131 2429 3188 clientibus
2459 3131 2578 3188 suis
2625 3145 2699 3186 ex
2752 3131 3086 3186 hominibus
3140 3129 3557 3185 monachorum
3605 3128 3832 3200 aliquis

302 3217 460 3273 nobii
521 3217 786 3274 abbatem
868 3217 1048 3288 petiit,
1125 3225 1180 3273 et
1237 3224 1303 3273 ut
1354 3217 1670 3273 monachos
1747 3218 1819 3274 ad
1895 3219 2008 3274 tale

301 3305 594 3377 negotium
651 3305 1043 3377 peragendum
1097 3305 1302 3376 dignos
1368 3319 1561 3362 secum
1622 3306 2008 3363 transmittere

302 3394 664 3466 dignaretur,
715 3393 1057 3450 humillimis
1083 3394 1350 3464 precibus
1377 3395 1658 3460 exoravit,
1711 3395 1810 3452 tali
1852 3395 2006 3451 scili-

299 3491 388 3540 cet
451 3483 692 3549 ratione,
739 3489 804 3538 ut
853 3481 1113 3549 ecclesia,
1183 3497 1362 3553 quam
1407 3483 1694 3540 aedificare
1755 3483 2006 3552 volebat,

300 3572 572 3629 omnibus
635 3571 840 3627 diebus
900 3570 1257 3626 Flaviacensi
1322 3571 1570 3628 ecclesiae
1626 3571 1824 3628 fuisset
1864 3572 2006 3629 sub-

296 3658 469 3728 jecta,
496 3665 552 3714 et
581 3665 646 3714 ut
697 3657 814 3726 ipse
857 3656 1058 3726 abbas,
1094 3657 1304 3728 suique
1359 3671 1766 3726 succcessores,
1803 3673 2010 3714 mona-

302 3746 441 3802 chos
485 3760 634 3816 quos
684 3744 896 3801 vellent
966 3745 1434 3814 transmittereut,
1495 3753 1552 3802 et
1605 3760 1752 3817 quos
1800 3746 2012 3804 vellent

300 3834 658 3890 reducerent.
687 3832 796 3900 Qui
846 3833 1216 3890 libentissime
1268 3833 1422 3904 quod
1473 3839 1668 3890 tantus
1709 3835 2006 3900 exorabat,

302 3937 420 3979 non
447 3922 635 3979 solum
681 3923 976 3989 concessit,
1018 3929 1102 3978 set
1151 3929 1214 3978 ut
1266 3929 1382 3977 tam
1431 3930 1668 3978 sanctus
1718 3923 2012 3992 perﬁceret

302 4024 407 4067 sua
435 4019 634 4068 sancta
683 4010 1083 4068 exhortatione
1113 4010 1432 4066 admonuit.
1491 4010 1656 4066 Tunc
1703 4009 2011 4080 incipiendi

301 4098 490 4168 operis
538 4099 688 4154 inter
731 4113 790 4154 se
825 4098 916 4154 die
958 4097 1288 4166 constituta,
1321 4097 1502 4154 abbas
1547 4099 1838 4155 Garnerus
1877 4115 2010 4156 cum

301 4187 422 4244 suis
469 4187 768 4244 monachis
805 4187 1010 4254 adfuit,
1062 4186 1432 4242 Lanscelinus
1459 4201 1694 4258 quoque
1731 4187 2012 4245 nobilium

302 4276 564 4332 virorum
613 4276 860 4346 stipatus
906 4275 1157 4346 agmine,
1216 4275 1596 4348 virqsoperis
1661 4277 2012 4334 czemeutarii

303 4377 517 4436 gnaros
565 4377 760 4420 secum
809 4363 1104 4420 adducens
1131 4377 1165 4419 a
1195 4364 1529 4420 Belvacensi
1575 4364 1824 4432 civitate,
1879 4381 2013 4423 cum

2117 3220 2434 3292 aliquando
2466 3226 2803 3290 caperetur;
2835 3226 2936 3275 aut
2973 3219 3124 3275 sicut
3164 3232 3285 3274 mos
3325 3225 3409 3274 est
3452 3217 3827 3284 rusticorum,

2117 3309 2296 3365 silvas
2321 3321 2457 3364 suas
2512 3307 2800 3374 caedendo,
2842 3315 2944 3363 aut
2990 3305 3226 3377 aliquod
3260 3306 3609 3362 forisfactum
3645 3321 3825 3361 suum

2115 3397 2350 3454 clientes
2409 3397 2499 3452 sui
2565 3396 2635 3451 de
2698 3395 2927 3450 homine
2998 3396 3110 3463 illo,
3187 3395 3289 3465 qui
3345 3393 3822 3460 calumniaretur,

2115 3482 2420 3538 clamorem
2477 3481 2549 3536 ad
2615 3481 2925 3535 monachos
2992 3481 3286 3546 referrent,
3329 3487 3385 3534 et
3450 3479 3717 3534 monachi
3761 3479 3821 3534 in

2116 3571 2278 3627 curia
2323 3583 2431 3624 sua
2467 3567 2752 3640 justitiam
2809 3575 3086 3623 tenerent.
3161 3565 3534 3622 Confirmavit
3605 3565 3821 3634 adhuc,

2118 3671 2418 3728 manuque
2453 3657 2704 3713 filiorum
2752 3670 2992 3712 suorum
3033 3655 3345 3722 roboravit,
3389 3662 3453 3710 ut
3489 3653 3538 3709 si
3585 3654 3719 3724 quis
3746 3669 3822 3710 ex

2119 3747 2402 3803 militibus
2433 3746 2553 3802 suis
2597 3744 2666 3801 de
2696 3745 2828 3800 fisco
2861 3759 2970 3801 suo
3012 3744 3264 3800 ecclesiae
3296 3743 3509 3798 donare
3545 3743 3816 3809 voluerit,

2119 3834 2340 3905 absque
2376 3848 2482 3890 suo
2505 3834 2676 3904 jussu
2707 3839 2762 3888 et
2811 3832 3058 3888 filiorum
3105 3845 3343 3888 suorum
3401 3831 3570 3887 donet
3605 3829 3826 3886 iudiﬂ‘e-

2119 3929 2330 3990 renter,
2380 3922 2460 3978 ita
2500 3920 2714 3977 scilicet
2763 3927 2828 3976 ut
2862 3918 3108 3974 militare
3162 3917 3464 3974 servitium
3529 3915 3658 3972 inde
3705 3931 3823 3972 non

2119 4009 2362 4066 amittat.

2190 4099 2400 4154 Adhuc
2439 4105 2629 4154 autem
2681 4095 3067 4161 confirmavit,
3115 4093 3560 4150 concedentibus
3587 4092 3726 4154 suis,
3757 4102 3823 4149 ut

2121 4187 2354 4258 quando
2376 4186 2450 4242 ad
2493 4185 2786 4242 ecclesiam
2823 4183 3004 4254 ipsam
3037 4191 3138 4240 aut
3187 4181 3379 4238 villam
3422 4181 3504 4238 ire
3554 4181 3820 4248 voluerit,

2121 4275 2266 4332 nihil
2290 4275 2347 4331 in
2395 4275 2594 4332 eadem
2643 4273 2873 4342 habeat,
2922 4273 3032 4329 nisi
3079 4271 3436 4328 solummodo
3466 4275 3817 4340 procuratio-

2123 4379 2253 4421 nem
2288 4363 2466 4420 unius
2499 4362 2787 4430 monachi,
2841 4361 3104 4432 nihilque
3157 4359 3392 4416 omnino
3435 4359 3542 4416 sibi
3583 4359 3820 4415 retinuit

303 4452 426 4508 suis
479 4451 612 4509 filiis
656 4451 910 4508 advenit.
961 4451 1170 4509 Omnes
1222 4452 1378 4508 enim
1437 4454 1538 4524 qui
1596 4463 2004 4525 convenerant,
2045 4454 2178 4510 Din
2205 4454 2366 4519 villa,
2405 4467 2510 4510 nec
2545 4450 2852 4524 justitiam,
2914 4465 3019 4507 nec
3061 4447 3423 4520 sanguinem,
3479 4462 3583 4504 nec
3640 4447 3819 4503 latro-

303 4539 494 4596 locum
524 4540 597 4596 ad
628 4539 1038 4596 habitationem
1068 4541 1483 4598 monachorum
1513 4555 1838 4612 congruum
1891 4543 2010 4600 fore

304 4628 695 4697 affirmabant,
751 4629 1276 4700 circumspicientes
1305 4629 1656 4686 vicinitatem
1693 4645 2007 4702 aquarum,

303 4717 741 4788 amplitudinem
814 4726 1138 4788 pratorum,
1203 4717 1623 4774 abundantiam
1683 4733 2007 4788 nemorum,

301 4806 622 4864 ubertatem
712 4807 1043 4876 vinearum,
1118 4807 1666 4878 multitudinemque
1733 4807 2008 4864 arborum

302 4895 514 4952 diversi
547 4897 773 4968 generis
799 4895 1126 4953 ferentium.

377 5003 405 5036 α
443 4986 698 5042 Tandem
741 4985 960 5056 paratis
995 4985 1270 5042 omnibus
1313 4999 1446 5056 qua:
1493 4986 1815 5042 necessaria
1857 4991 2008 5041 604

303 5079 467 5128 erant
539 5071 824 5142 lineisque
880 5087 914 5128 a
985 5073 1368 5129 caementariis
1407 5073 1579 5144 juxta
1628 5075 2008 5144 quantitatem

297 5160 499 5232 jactis;
566 5165 816 5217 domnus
865 5161 1208 5218 Lanceliuus
1263 5175 1398 5218 cum
1455 5175 1668 5233 magna
1710 5163 2012 5218 devotione

303 5250 363 5305 in
411 5249 624 5304 honore
687 5258 898 5305 sanctae
949 5259 1004 5306 et
1068 5249 1384 5306 individuis
1441 5250 1752 5318 Trinitatis,
1821 5251 2008 5308 locum

303 5336 403 5394 ubi
433 5337 812 5394 fundamenta
841 5337 1090 5394 basilicae
1131 5339 1400 5409 jacienda
1429 5347 1614 5407 erant,
1654 5339 1803 5396 fossa
1833 5339 2010 5396 humo

305 5425 532 5496 primus
555 5426 798 5494 aperuit.

381 5534 403 5563 ι
447 5512 708 5582 Εωβιιιω
749 5522 834 5572 est
882 5530 1029 5586 opus
1084 5514 1236 5572 istud
1301 5529 1496 5572 mense
1547 5516 1772 5584 Martio,
1821 5517 2010 5574 mille-

300 5601 448 5658 simo
505 5603 880 5675 sexagesimo,
933 5601 1195 5674 Philippo
1250 5617 1384 5673 rege
1431 5604 1587 5675 apud
1653 5604 1864 5661 Gallias
1921 5621 2009 5662 re-

301 5693 541 5759 gnante,
631 5691 909 5750 ducatum
981 5703 1120 5748 vero
1197 5690 1733 5749 Northmauuorum
1812 5700 1869 5748 et
1921 5707 2010 5748 re-

2118 4557 2280 4613 nem;
2313 4557 2417 4599 nec
2445 4541 2662 4608 taliam,
2685 4555 2790 4596 nec
2813 4553 3053 4605 saevum,
3083 4553 3190 4594 nec
3211 4535 3582 4593 forisfactum.

2195 4655 2215 4680 ι
2260 4631 2452 4688 Sciant
2496 4637 2820 4701 praesentes,
2851 4637 2908 4685 et
2965 4627 3068 4699 qui
3103 4625 3283 4682 futuri
3341 4632 3496 4693 sunt,
3543 4623 3681 4696 quia
3708 4639 3814 4694 ego

2116 4720 2430 4776 Reuaudus
2483 4719 2753 4776 dominus
2817 4717 2887 4774 de
2934 4717 3062 4774 Bul.
3123 4714 3405 4787 profunde
3459 4715 3528 4770 de
3575 4715 3815 4784 peccatis

2117 4807 2260 4864 meis
2341 4807 2641 4878 paenitens,
2715 4805 2999 4877 quasdam
3050 4804 3297 4875 injustas
3357 4801 3808 4868 consuetudines,

2117 4895 2357 4954 tailliam
2432 4894 2714 4964 videlicet,
2767 4902 2823 4950 et
2869 4907 3070 4950 omnes
3117 4893 3262 4948 alias
3307 4890 3696 4962 oppressiones
3757 4899 3812 4946 et

2117 4985 2572 5056 procurationes,
2633 4997 2782 5054 quas
2829 4983 2887 5038 in
2932 4980 3090 5050 villa,
3150 4995 3282 5052 quas
3331 4980 3544 5036 dicitur
3593 4977 3814 5034 Villaris

2119 5074 2309 5131 Sancti
2343 5071 2621 5143 Sepulcri,
2673 5071 2885 5142 injuste
2943 5084 3044 5142 per
3099 5069 3320 5140 aliquot
3349 5081 3530 5124 annos
3585 5080 3812 5138 accepe-

2118 5177 2266 5228 ram,
2321 5163 2545 5234 quietas
2587 5160 2796 5227 dimisi,
2834 5168 2890 5216 et
2919 5173 2954 5214 a
2999 5157 3298 5215 monachis
3359 5157 3814 5212 Flaviacensibus

2118 5252 2178 5307 in
2241 5251 2441 5306 eadem
2497 5249 2638 5305 villa
2691 5247 3184 5305 commorantibus
3238 5245 3457 5302 absolvi
3510 5243 3808 5314 postulavi,

2118 5339 2273 5412 quod
2303 5347 2357 5396 et
2376 5338 2621 5396 obtinui.

2193 5449 2217 5479 ι
2261 5428 2331 5484 Et
2374 5442 2445 5484 ne
2487 5427 2594 5483 hoc
2623 5434 2904 5483 statutum
2933 5439 3126 5482 meum
3149 5423 3394 5482 ulterius
3415 5436 3449 5477 a
3469 5435 3811 5492 quocunque

2118 5530 2515 5574 successorum
2545 5530 2806 5573 meorum
2862 5515 3040 5585 possit
3093 5512 3299 5571 violari
3335 5511 3570 5568 omnino
3625 5512 3810 5580 prohi-

2118 5605 2278 5672 bons,
2308 5603 2480 5675 sigilli
2508 5603 2616 5660 mei
2649 5602 3020 5674 impressione
3048 5601 3294 5658 firmavi.
3333 5621 3354 5648 :-

2191 5690 2500 5762 Privilegia
2549 5698 2604 5747 et
2681 5689 2898 5762 praedia
2955 5689 3255 5762 Philippus
3311 5700 3414 5745 rex
3463 5685 3810 5746 Francorum
