  <div class='ocr_page' id='page_1' title='image "/cluster/home/n/w/nwhite01/storage/ocr_20150623/156-157/uc1.31175010662024/553.png"; bbox 0 0 3930 6386; ppageno 0'>
   <div class='ocr_carea' id='block_1_1' title="bbox 333 381 470 434">
    <p class='ocr_par' dir='ltr' id='par_1_1' title="bbox 333 381 470 434">
     <span class='ocr_line' id='line_1_1' title="bbox 333 381 470 434; baseline 0 0"><span class='ocrx_word' id='word_1_1' title='bbox 333 381 470 434; x_wconf 74' lang='grc'><strong>1095</strong></span> 
     </span>
    </p>
   </div>
   <div class='ocr_carea' id='block_1_2' title="bbox 1381 374 2798 435">
    <p class='ocr_par' dir='ltr' id='par_1_2' title="bbox 1381 374 2798 435">
     <span class='ocr_line' id='line_1_2' title="bbox 1381 374 2798 435; baseline 0.002 -3"><span class='ocrx_word' id='word_1_2' title='bbox 1381 377 1478 432; x_wconf 85' lang='lat' dir='ltr'><strong>AD</strong></span> <span class='ocrx_word' id='word_1_3' title='bbox 1517 377 1669 434; x_wconf 82' lang='lat' dir='ltr'><strong>OPP.</strong></span> <span class='ocrx_word' id='word_1_4' title='bbox 1716 375 1872 432; x_wconf 87' lang='lat' dir='ltr'><strong>VEN.</strong></span> <span class='ocrx_word' id='word_1_5' title='bbox 1913 374 2242 432; x_wconf 81' lang='lat' dir='ltr'><strong>GUIBERTI</strong></span> <span class='ocrx_word' id='word_1_6' title='bbox 2281 377 2370 432; x_wconf 87' lang='lat' dir='ltr'><strong>DE</strong></span> <span class='ocrx_word' id='word_1_7' title='bbox 2408 377 2798 435; x_wconf 80' lang='lat' dir='ltr'><strong>NOVIGENTO</strong></span> 
     </span>
    </p>
   </div>
   <div class='ocr_carea' id='block_1_3' title="bbox 3705 383 3856 434">
    <p class='ocr_par' dir='ltr' id='par_1_3' title="bbox 3705 383 3856 434">
     <span class='ocr_line' id='line_1_3' title="bbox 3705 383 3856 434; baseline 0 0"><span class='ocrx_word' id='word_1_8' title='bbox 3705 385 3726 434; x_wconf 99' lang='grc'><strong>1</strong></span> <span class='ocrx_word' id='word_1_9' title='bbox 3740 383 3856 434; x_wconf 76' lang='lat'><strong>096</strong></span> 
     </span>
    </p>
   </div>
   <div class='ocr_carea' id='block_1_4' title="bbox 331 512 3856 584">
    <p class='ocr_par' dir='ltr' id='par_1_4' title="bbox 331 512 3856 584">
     <span class='ocr_line' id='line_1_4' title="bbox 331 512 3856 584; baseline -0.001 -10"><span class='ocrx_word' id='word_1_10' title='bbox 331 519 657 574; x_wconf 82' lang='lat' dir='ltr'><strong>Belvacensi</strong></span> <span class='ocrx_word' id='word_1_11' title='bbox 708 517 958 572; x_wconf 75' lang='lat' dir='ltr'><strong>antistite</strong></span> <span class='ocrx_word' id='word_1_12' title='bbox 1012 519 1165 583; x_wconf 71' lang='grc'><strong>1146,</strong></span> <span class='ocrx_word' id='word_1_13' title='bbox 1219 514 1647 570; x_wconf 86' lang='lat' dir='ltr'><strong>iminnnitatum</strong></span> <span class='ocrx_word' id='word_1_14' title='bbox 1695 512 2023 583; x_wconf 85' lang='lat' dir='ltr'><strong>privilegio-</strong></span> <span class='ocrx_word' id='word_1_15' title='bbox 2063 513 2672 584; x_wconf 83' lang='lat' dir='ltr'><strong>Avoluntnnnnulli),</strong></span> <span class='ocrx_word' id='word_1_16' title='bbox 2713 515 2892 569; x_wconf 84' lang='lat' dir='ltr'><strong>abbas</strong></span> <span class='ocrx_word' id='word_1_17' title='bbox 2939 513 3342 582; x_wconf 84' lang='lat' dir='ltr'><strong>Flaviaccnsis,</strong></span> <span class='ocrx_word' id='word_1_18' title='bbox 3393 516 3596 571; x_wconf 84' lang='lat' dir='ltr'><strong>deinde</strong></span> <span class='ocrx_word' id='word_1_19' title='bbox 3645 517 3856 572; x_wconf 84' lang='lat' dir='ltr'><strong>Sancti</strong></span> 
     </span>
    </p>
   </div>
   <div class='ocr_carea' id='block_1_5' title="bbox 333 603 1604 676">
    <p class='ocr_par' dir='ltr' id='par_1_5' title="bbox 333 603 1604 676">
     <span class='ocr_line' id='line_1_5' title="bbox 333 603 1604 676; baseline -0.006 -13"><span class='ocrx_word' id='word_1_20' title='bbox 333 621 581 676; x_wconf 90' lang='lat' dir='ltr'><strong>rumque</strong></span> <span class='ocrx_word' id='word_1_21' title='bbox 612 606 830 662; x_wconf 82' lang='lat' dir='ltr'><strong>litteras</strong></span> <span class='ocrx_word' id='word_1_22' title='bbox 851 604 1229 674; x_wconf 89' lang='lat' dir='ltr'><strong>amplissimas</strong></span> <span class='ocrx_word' id='word_1_23' title='bbox 1261 603 1604 672; x_wconf 86' lang='lat' dir='ltr'><strong>impetravit.</strong></span> 
     </span>
    </p>
   </div>
   <div class='ocr_carea' id='block_1_6' title="bbox 402 689 2034 764">
    <p class='ocr_par' dir='ltr' id='par_1_6' title="bbox 402 689 2034 764">
     <span class='ocr_line' id='line_1_6' title="bbox 402 689 2034 764; baseline -0.004 -13"><span class='ocrx_word' id='word_1_24' title='bbox 402 693 582 752; x_wconf 82' lang='lat' dir='ltr'><strong>Multa</strong></span> <span class='ocrx_word' id='word_1_25' title='bbox 610 709 846 764; x_wconf 83' lang='lat' dir='ltr'><strong>quoque</strong></span> <span class='ocrx_word' id='word_1_26' title='bbox 874 692 1148 748; x_wconf 83' lang='lat' dir='ltr'><strong>beneficia</strong></span> <span class='ocrx_word' id='word_1_27' title='bbox 1177 706 1328 746; x_wconf 90' lang='lat' dir='ltr'><strong>anno</strong></span> <span class='ocrx_word' id='word_1_28' title='bbox 1365 691 1498 745; x_wconf 77' lang='grc'><strong>1148</strong></span> <span class='ocrx_word' id='word_1_29' title='bbox 1530 689 1773 745; x_wconf 86' lang='lat' dir='ltr'><strong>contulit</strong></span> <span class='ocrx_word' id='word_1_30' title='bbox 1813 689 2034 745; x_wconf 76' lang='lat' dir='ltr'><strong>Hadul-</strong></span> 
     </span>
    </p>
   </div>
   <div class='ocr_carea' id='block_1_7' title="bbox 331 776 2033 853">
    <p class='ocr_par' dir='ltr' id='par_1_7' title="bbox 331 776 2033 853">
     <span class='ocr_line' id='line_1_7' title="bbox 331 776 2033 853; baseline -0.005 -15"><span class='ocrx_word' id='word_1_31' title='bbox 331 783 484 853; x_wconf 92' lang='lat' dir='ltr'><strong>phus</strong></span> <span class='ocrx_word' id='word_1_32' title='bbox 510 782 578 838; x_wconf 91' lang='lat' dir='ltr'><strong>de</strong></span> <span class='ocrx_word' id='word_1_33' title='bbox 620 781 932 846; x_wconf 85' lang='lat' dir='ltr'><strong>Mavoison,</strong></span> <span class='ocrx_word' id='word_1_34' title='bbox 962 778 1250 835; x_wconf 89' lang='lat' dir='ltr'><strong>Samsonis</strong></span> <span class='ocrx_word' id='word_1_35' title='bbox 1279 776 1694 846; x_wconf 84' lang='lat' dir='ltr'><strong>archiepiscopi</strong></span> <span class='ocrx_word' id='word_1_36' title='bbox 1743 777 2033 833; x_wconf 49' lang='lat' dir='ltr'><strong>Remensis</strong></span> 
     </span>
    </p>
   </div>
   <div class='ocr_carea' id='block_1_8' title="bbox 331 864 2029 936">
    <p class='ocr_par' dir='ltr' id='par_1_8' title="bbox 331 864 2029 936">
     <span class='ocr_line' id='line_1_8' title="bbox 331 864 2029 936; baseline -0.004 -11"><span class='ocrx_word' id='word_1_37' title='bbox 331 869 526 936; x_wconf 83' lang='lat' dir='ltr'><strong>frater,</strong></span> <span class='ocrx_word' id='word_1_38' title='bbox 559 867 953 925; x_wconf 89' lang='lat' dir='ltr'><strong>annuentibus</strong></span> <span class='ocrx_word' id='word_1_39' title='bbox 983 880 1160 922; x_wconf 78' lang='lat' dir='ltr'><strong>uxore</strong></span> <span class='ocrx_word' id='word_1_40' title='bbox 1191 865 1418 932; x_wconf 88' lang='lat' dir='ltr'><strong>Bertha,</strong></span> <span class='ocrx_word' id='word_1_41' title='bbox 1454 879 1521 920; x_wconf 91' lang='lat' dir='ltr'><strong>ac</strong></span> <span class='ocrx_word' id='word_1_42' title='bbox 1553 865 1682 920; x_wconf 82' lang='lat' dir='ltr'><strong>filiis</strong></span> <span class='ocrx_word' id='word_1_43' title='bbox 1704 864 2029 934; x_wconf 69' lang='lat' dir='ltr'><strong>Radulplm,</strong></span> 
     </span>
    </p>
   </div>
   <div class='ocr_carea' id='block_1_9' title="bbox 330 953 2035 1025">
    <p class='ocr_par' dir='ltr' id='par_1_9' title="bbox 330 953 2035 1025">
     <span class='ocr_line' id='line_1_9' title="bbox 330 953 2035 1025; baseline -0.003 -12"><span class='ocrx_word' id='word_1_44' title='bbox 330 957 654 1025; x_wconf 88' lang='lat' dir='ltr'><strong>Guillelmo,</strong></span> <span class='ocrx_word' id='word_1_45' title='bbox 705 957 984 1023; x_wconf 80' lang='lat' dir='ltr'><strong>Manasse,</strong></span> <span class='ocrx_word' id='word_1_46' title='bbox 1039 961 1093 1010; x_wconf 89' lang='lat' dir='ltr'><strong>et</strong></span> <span class='ocrx_word' id='word_1_47' title='bbox 1154 953 1384 1009; x_wconf 80' lang='lat' dir='ltr'><strong>ﬁliabus</strong></span> <span class='ocrx_word' id='word_1_48' title='bbox 1430 957 1648 1025; x_wconf 86' lang='lat' dir='ltr'><strong>Agnetc</strong></span> <span class='ocrx_word' id='word_1_49' title='bbox 1712 961 1767 1009; x_wconf 90' lang='lat' dir='ltr'><strong>et</strong></span> <span class='ocrx_word' id='word_1_50' title='bbox 1810 953 2035 1009; x_wconf 83' lang='lat' dir='ltr'><strong>Joanna</strong></span> 
     </span>
    </p>
   </div>
   <div class='ocr_carea' id='block_1_10' title="bbox 332 1045 552 1116">
    <p class='ocr_par' dir='ltr' id='par_1_10' title="bbox 332 1045 552 1116">
     <span class='ocr_line' id='line_1_10' title="bbox 332 1045 552 1116; baseline -0.014 -14"><span class='ocrx_word' id='word_1_51' title='bbox 332 1045 552 1116; x_wconf 83' lang='lat' dir='ltr'><strong>regina.</strong></span> 
     </span>
    </p>
   </div>
   <div class='ocr_carea' id='block_1_11' title="bbox 402 1129 2033 1200">
    <p class='ocr_par' dir='ltr' id='par_1_11' title="bbox 402 1129 2033 1200">
     <span class='ocr_line' id='line_1_11' title="bbox 402 1129 2033 1200; baseline -0.003 -11"><span class='ocrx_word' id='word_1_52' title='bbox 402 1133 509 1189; x_wconf 90' lang='lat' dir='ltr'><strong>Sed</strong></span> <span class='ocrx_word' id='word_1_53' title='bbox 551 1141 607 1188; x_wconf 90' lang='lat' dir='ltr'><strong>et</strong></span> <span class='ocrx_word' id='word_1_54' title='bbox 657 1131 984 1188; x_wconf 85' lang='lat' dir='ltr'><strong>Ludovicus</strong></span> <span class='ocrx_word' id='word_1_55' title='bbox 1034 1130 1135 1186; x_wconf 90' lang='lat' dir='ltr'><strong>VII</strong></span> <span class='ocrx_word' id='word_1_56' title='bbox 1181 1129 1513 1186; x_wconf 85' lang='lat' dir='ltr'><strong>christiana</strong></span> <span class='ocrx_word' id='word_1_57' title='bbox 1563 1130 1804 1200; x_wconf 90' lang='lat' dir='ltr'><strong>pietatis,</strong></span> <span class='ocrx_word' id='word_1_58' title='bbox 1858 1129 2033 1199; x_wconf 80' lang='lat' dir='ltr'><strong>atque</strong></span> 
     </span>
    </p>
   </div>
   <div class='ocr_carea' id='block_1_12' title="bbox 335 1218 2033 1293">
    <p class='ocr_par' dir='ltr' id='par_1_12' title="bbox 335 1218 2033 1293">
     <span class='ocr_line' id='line_1_12' title="bbox 335 1218 2033 1293; baseline -0.003 -15"><span class='ocrx_word' id='word_1_59' title='bbox 335 1235 634 1293; x_wconf 88' lang='lat' dir='ltr'><strong>propensa</strong></span> <span class='ocrx_word' id='word_1_60' title='bbox 661 1219 977 1276; x_wconf 85' lang='lat' dir='ltr'><strong>voluntatis</strong></span> <span class='ocrx_word' id='word_1_61' title='bbox 1005 1233 1072 1276; x_wconf 89' lang='lat' dir='ltr'><strong>ac</strong></span> <span class='ocrx_word' id='word_1_62' title='bbox 1105 1218 1512 1275; x_wconf 90' lang='lat' dir='ltr'><strong>benevolentia</strong></span> <span class='ocrx_word' id='word_1_63' title='bbox 1555 1218 1612 1274; x_wconf 90' lang='lat' dir='ltr'><strong>in</strong></span> <span class='ocrx_word' id='word_1_64' title='bbox 1651 1219 2033 1289; x_wconf 88' lang='lat' dir='ltr'><strong>Sangerema-</strong></span> 
     </span>
    </p>
   </div>
   <div class='ocr_carea' id='block_1_13' title="bbox 332 1305 2035 1378">
    <p class='ocr_par' dir='ltr' id='par_1_13' title="bbox 332 1305 2035 1378">
     <span class='ocr_line' id='line_1_13' title="bbox 332 1305 2035 1378; baseline -0.004 -11"><span class='ocrx_word' id='word_1_65' title='bbox 332 1325 502 1368; x_wconf 91' lang='lat' dir='ltr'><strong>renos</strong></span> <span class='ocrx_word' id='word_1_66' title='bbox 561 1309 870 1365; x_wconf 90' lang='lat' dir='ltr'><strong>monachos</strong></span> <span class='ocrx_word' id='word_1_67' title='bbox 935 1308 1223 1378; x_wconf 89' lang='lat' dir='ltr'><strong>specimen</strong></span> <span class='ocrx_word' id='word_1_68' title='bbox 1286 1307 1458 1374; x_wconf 90' lang='lat' dir='ltr'><strong>dedit,</strong></span> <span class='ocrx_word' id='word_1_69' title='bbox 1511 1307 1795 1363; x_wconf 86' lang='lat' dir='ltr'><strong>concessis</strong></span> <span class='ocrx_word' id='word_1_70' title='bbox 1857 1305 2035 1362; x_wconf 89' lang='lat' dir='ltr'><strong>variis</strong></span> 
     </span>
    </p>
   </div>
   <div class='ocr_carea' id='block_1_14' title="bbox 329 1394 2033 1467">
    <p class='ocr_par' dir='ltr' id='par_1_14' title="bbox 329 1394 2033 1467">
     <span class='ocr_line' id='line_1_14' title="bbox 329 1394 2033 1467; baseline -0.003 -12"><span class='ocrx_word' id='word_1_71' title='bbox 329 1397 816 1464; x_wconf 85' lang='lat' dir='ltr'><strong>immunitatibus,</strong></span> <span class='ocrx_word' id='word_1_72' title='bbox 879 1409 1130 1467; x_wconf 90' lang='lat' dir='ltr'><strong>quarum</strong></span> <span class='ocrx_word' id='word_1_73' title='bbox 1201 1395 1512 1466; x_wconf 87' lang='lat' dir='ltr'><strong>diplomata</strong></span> <span class='ocrx_word' id='word_1_74' title='bbox 1565 1394 1824 1452; x_wconf 88' lang='lat' dir='ltr'><strong>brevitati</strong></span> <span class='ocrx_word' id='word_1_75' title='bbox 1891 1407 2033 1450; x_wconf 91' lang='lat' dir='ltr'><strong>con-</strong></span> 
     </span>
    </p>
   </div>
   <div class='ocr_carea' id='block_1_15' title="bbox 327 1483 938 1554">
    <p class='ocr_par' dir='ltr' id='par_1_15' title="bbox 327 1483 938 1554">
     <span class='ocr_line' id='line_1_15' title="bbox 327 1483 938 1554; baseline -0.007 -13"><span class='ocrx_word' id='word_1_76' title='bbox 327 1485 522 1541; x_wconf 91' lang='lat' dir='ltr'><strong>sulens</strong></span> <span class='ocrx_word' id='word_1_77' title='bbox 551 1483 938 1554; x_wconf 84' lang='lat' dir='ltr'><strong>pratermitto.</strong></span> 
     </span>
    </p>
   </div>
   <div class='ocr_carea' id='block_1_16' title="bbox 402 1569 2034 1644">
    <p class='ocr_par' dir='ltr' id='par_1_16' title="bbox 402 1569 2034 1644">
     <span class='ocr_line' id='line_1_16' title="bbox 402 1569 2034 1644; baseline -0.005 -14"><span class='ocrx_word' id='word_1_78' title='bbox 402 1575 570 1644; x_wconf 85' lang='lat' dir='ltr'><strong>Hugo</strong></span> <span class='ocrx_word' id='word_1_79' title='bbox 603 1573 673 1628; x_wconf 90' lang='lat' dir='ltr'><strong>de</strong></span> <span class='ocrx_word' id='word_1_80' title='bbox 702 1572 962 1628; x_wconf 88' lang='lat' dir='ltr'><strong>Gornaco</strong></span> <span class='ocrx_word' id='word_1_81' title='bbox 992 1570 1273 1642; x_wconf 79' lang='lat' dir='ltr'><strong>approbat</strong></span> <span class='ocrx_word' id='word_1_82' title='bbox 1310 1570 1400 1626; x_wconf 93' lang='lat' dir='ltr'><strong>his</strong></span> <span class='ocrx_word' id='word_1_83' title='bbox 1439 1569 1629 1626; x_wconf 89' lang='lat' dir='ltr'><strong>verbis</strong></span> <span class='ocrx_word' id='word_1_84' title='bbox 1668 1582 2034 1641; x_wconf 86' lang='lat' dir='ltr'><strong>quacunque</strong></span> 
     </span>
    </p>
   </div>
   <div class='ocr_carea' id='block_1_17' title="bbox 330 1659 1436 1720">
    <p class='ocr_par' dir='ltr' id='par_1_17' title="bbox 330 1659 1436 1720">
     <span class='ocr_line' id='line_1_17' title="bbox 330 1659 1436 1720; baseline -0.005 -1"><span class='ocrx_word' id='word_1_85' title='bbox 330 1663 675 1720; x_wconf 91' lang='lat' dir='ltr'><strong>monasterio</strong></span> <span class='ocrx_word' id='word_1_86' title='bbox 709 1661 1064 1718; x_wconf 82' lang='lat' dir='ltr'><strong>Flaviacensi</strong></span> <span class='ocrx_word' id='word_1_87' title='bbox 1097 1659 1436 1716; x_wconf 84' lang='lat' dir='ltr'><strong>contulerat.</strong></span> 
     </span>
    </p>
   </div>
   <div class='ocr_carea' id='block_1_18' title="bbox 405 1745 2033 1819">
    <p class='ocr_par' dir='ltr' id='par_1_18' title="bbox 405 1745 2033 1819">
     <span class='ocr_line' id='line_1_18' title="bbox 405 1745 2033 1819; baseline -0.004 -10"><span class='ocrx_word' id='word_1_88' title='bbox 405 1773 432 1801; x_wconf 87' lang='grc'><em>‹‹</em></span> <span class='ocrx_word' id='word_1_89' title='bbox 459 1752 669 1808; x_wconf 92' lang='lat' dir='ltr'><strong>Notum</strong></span> <span class='ocrx_word' id='word_1_90' title='bbox 702 1751 774 1806; x_wconf 91' lang='lat' dir='ltr'><strong>sit</strong></span> <span class='ocrx_word' id='word_1_91' title='bbox 801 1749 1074 1805; x_wconf 91' lang='lat' dir='ltr'><strong>omnibus</strong></span> <span class='ocrx_word' id='word_1_92' title='bbox 1106 1747 1484 1819; x_wconf 78' lang='lat' dir='ltr'><strong>prasentibus</strong></span> <span class='ocrx_word' id='word_1_93' title='bbox 1513 1755 1568 1802; x_wconf 91' lang='lat' dir='ltr'><strong>et</strong></span> <span class='ocrx_word' id='word_1_94' title='bbox 1606 1747 1835 1814; x_wconf 90' lang='lat' dir='ltr'><strong>futuris,</strong></span> <span class='ocrx_word' id='word_1_95' title='bbox 1877 1745 2033 1818; x_wconf 92' lang='lat' dir='ltr'><strong>quod</strong></span> 
     </span>
    </p>
   </div>
   <div class='ocr_carea' id='block_1_19' title="bbox 329 1835 2032 1912">
    <p class='ocr_par' dir='ltr' id='par_1_19' title="bbox 329 1835 2032 1912">
     <span class='ocr_line' id='line_1_19' title="bbox 329 1835 2032 1912; baseline -0.004 -15"><span class='ocrx_word' id='word_1_96' title='bbox 329 1841 453 1912; x_wconf 85' lang='lat' dir='ltr'><strong>Ego</strong></span> <span class='ocrx_word' id='word_1_97' title='bbox 487 1841 653 1910; x_wconf 82' lang='lat' dir='ltr'><strong>Hugo</strong></span> <span class='ocrx_word' id='word_1_98' title='bbox 693 1840 762 1895; x_wconf 91' lang='lat' dir='ltr'><strong>de</strong></span> <span class='ocrx_word' id='word_1_99' title='bbox 803 1837 1062 1894; x_wconf 90' lang='lat' dir='ltr'><strong>Gornaco</strong></span> <span class='ocrx_word' id='word_1_100' title='bbox 1100 1836 1471 1906; x_wconf 87' lang='lat' dir='ltr'><strong>impressione</strong></span> <span class='ocrx_word' id='word_1_101' title='bbox 1507 1835 1680 1906; x_wconf 84' lang='lat' dir='ltr'><strong>sigilli</strong></span> <span class='ocrx_word' id='word_1_102' title='bbox 1721 1835 1851 1897; x_wconf 89' lang='lat' dir='ltr'><strong>mei,</strong></span> <span class='ocrx_word' id='word_1_103' title='bbox 1896 1849 2032 1890; x_wconf 88' lang='lat' dir='ltr'><strong>con-</strong></span> 
     </span>
    </p>
   </div>
   <div class='ocr_carea' id='block_1_20' title="bbox 331 1921 2030 1995">
    <p class='ocr_par' dir='ltr' id='par_1_20' title="bbox 331 1921 2030 1995">
     <span class='ocr_line' id='line_1_20' title="bbox 331 1921 2030 1995; baseline -0.005 -12"><span class='ocrx_word' id='word_1_104' title='bbox 331 1927 496 1983; x_wconf 82' lang='lat' dir='ltr'><strong>firmo</strong></span> <span class='ocrx_word' id='word_1_105' title='bbox 541 1941 740 1982; x_wconf 90' lang='lat' dir='ltr'><strong>omnes</strong></span> <span class='ocrx_word' id='word_1_106' title='bbox 780 1925 1169 1995; x_wconf 87' lang='lat' dir='ltr'><strong>eleemosynas</strong></span> <span class='ocrx_word' id='word_1_107' title='bbox 1211 1923 1280 1978; x_wconf 90' lang='lat' dir='ltr'><strong>de</strong></span> <span class='ocrx_word' id='word_1_108' title='bbox 1327 1921 1595 1978; x_wconf 90' lang='lat' dir='ltr'><strong>domanio</strong></span> <span class='ocrx_word' id='word_1_109' title='bbox 1628 1936 1751 1977; x_wconf 91' lang='lat' dir='ltr'><strong>meo</strong></span> <span class='ocrx_word' id='word_1_110' title='bbox 1783 1921 2030 1991; x_wconf 92' lang='lat' dir='ltr'><strong>proprio,</strong></span> 
     </span>
    </p>
   </div>
   <div class='ocr_carea' id='block_1_21' title="bbox 328 2009 2032 2086">
    <p class='ocr_par' dir='ltr' id='par_1_21' title="bbox 328 2009 2032 2086">
     <span class='ocr_line' id='line_1_21' title="bbox 328 2009 2032 2086; baseline -0.005 -14"><span class='ocrx_word' id='word_1_111' title='bbox 328 2023 444 2072; x_wconf 85' lang='lat' dir='ltr'><strong>tam</strong></span> <span class='ocrx_word' id='word_1_112' title='bbox 490 2015 546 2072; x_wconf 91' lang='lat' dir='ltr'><strong>in</strong></span> <span class='ocrx_word' id='word_1_113' title='bbox 588 2014 816 2086; x_wconf 82' lang='lat' dir='ltr'><strong>Anglia,</strong></span> <span class='ocrx_word' id='word_1_114' title='bbox 875 2027 1052 2084; x_wconf 90' lang='lat' dir='ltr'><strong>quam</strong></span> <span class='ocrx_word' id='word_1_115' title='bbox 1102 2012 1162 2068; x_wconf 91' lang='lat' dir='ltr'><strong>in</strong></span> <span class='ocrx_word' id='word_1_116' title='bbox 1200 2009 1624 2068; x_wconf 88' lang='lat' dir='ltr'><strong>Northmannia</strong></span> <span class='ocrx_word' id='word_1_117' title='bbox 1665 2017 1720 2066; x_wconf 90' lang='lat' dir='ltr'><strong>et</strong></span> <span class='ocrx_word' id='word_1_118' title='bbox 1766 2009 2032 2076; x_wconf 88' lang='lat' dir='ltr'><strong>Francia,</strong></span> 
     </span>
    </p>
   </div>
   <div class='ocr_carea' id='block_1_22' title="bbox 330 2097 2031 2175">
    <p class='ocr_par' dir='ltr' id='par_1_22' title="bbox 330 2097 2031 2175">
     <span class='ocr_line' id='line_1_22' title="bbox 330 2097 2031 2175; baseline -0.005 -15"><span class='ocrx_word' id='word_1_119' title='bbox 330 2117 478 2175; x_wconf 89' lang='lat' dir='ltr'><strong>quas</strong></span> <span class='ocrx_word' id='word_1_120' title='bbox 524 2103 654 2158; x_wconf 89' lang='lat' dir='ltr'><strong>dedi</strong></span> <span class='ocrx_word' id='word_1_121' title='bbox 701 2101 952 2158; x_wconf 87' lang='lat' dir='ltr'><strong>ecclesia</strong></span> <span class='ocrx_word' id='word_1_122' title='bbox 1004 2101 1151 2156; x_wconf 86' lang='lat' dir='ltr'><strong>beati</strong></span> <span class='ocrx_word' id='word_1_123' title='bbox 1195 2099 1485 2156; x_wconf 87' lang='lat' dir='ltr'><strong>Geremari</strong></span> <span class='ocrx_word' id='word_1_124' title='bbox 1531 2098 1601 2154; x_wconf 89' lang='lat' dir='ltr'><strong>de</strong></span> <span class='ocrx_word' id='word_1_125' title='bbox 1648 2097 1916 2153; x_wconf 88' lang='lat' dir='ltr'><strong>Flaviaco</strong></span> <span class='ocrx_word' id='word_1_126' title='bbox 1974 2097 2031 2152; x_wconf 89' lang='lat' dir='ltr'><strong>in</strong></span> 
     </span>
    </p>
   </div>
   <div class='ocr_carea' id='block_1_23' title="bbox 329 2186 2036 2262">
    <p class='ocr_par' dir='ltr' id='par_1_23' title="bbox 329 2186 2036 2262">
     <span class='ocr_line' id='line_1_23' title="bbox 329 2186 2036 2262; baseline -0.005 -14"><span class='ocrx_word' id='word_1_127' title='bbox 329 2195 694 2262; x_wconf 90' lang='lat' dir='ltr'><strong>perpetuum.</strong></span> <span class='ocrx_word' id='word_1_128' title='bbox 747 2191 989 2260; x_wconf 87' lang='lat' dir='ltr'><strong>Insuper</strong></span> <span class='ocrx_word' id='word_1_129' title='bbox 1025 2189 1169 2244; x_wconf 87' lang='lat' dir='ltr'><strong>alias</strong></span> <span class='ocrx_word' id='word_1_130' title='bbox 1207 2201 1404 2244; x_wconf 91' lang='lat' dir='ltr'><strong>omnes</strong></span> <span class='ocrx_word' id='word_1_131' title='bbox 1443 2186 1848 2256; x_wconf 89' lang='lat' dir='ltr'><strong>eleemosynas,</strong></span> <span class='ocrx_word' id='word_1_132' title='bbox 1903 2198 2036 2255; x_wconf 89' lang='lat' dir='ltr'><strong>qua</strong></span> 
     </span>
    </p>
   </div>
   <div class='ocr_carea' id='block_1_24' title="bbox 329 2275 2038 2346">
    <p class='ocr_par' dir='ltr' id='par_1_24' title="bbox 329 2275 2038 2346">
     <span class='ocr_line' id='line_1_24' title="bbox 329 2275 2038 2346; baseline -0.004 -11"><span class='ocrx_word' id='word_1_133' title='bbox 329 2287 467 2336; x_wconf 88' lang='lat' dir='ltr'><strong>sunt</strong></span> <span class='ocrx_word' id='word_1_134' title='bbox 503 2280 558 2334; x_wconf 92' lang='lat' dir='ltr'><strong>in</strong></span> <span class='ocrx_word' id='word_1_135' title='bbox 592 2279 774 2346; x_wconf 91' lang='lat' dir='ltr'><strong>feodo,</strong></span> <span class='ocrx_word' id='word_1_136' title='bbox 816 2286 871 2334; x_wconf 89' lang='lat' dir='ltr'><strong>et</strong></span> <span class='ocrx_word' id='word_1_137' title='bbox 912 2279 969 2332; x_wconf 92' lang='lat' dir='ltr'><strong>in</strong></span> <span class='ocrx_word' id='word_1_138' title='bbox 1019 2277 1362 2346; x_wconf 91' lang='lat' dir='ltr'><strong>protectione</strong></span> <span class='ocrx_word' id='word_1_139' title='bbox 1401 2289 1550 2341; x_wconf 89' lang='lat' dir='ltr'><strong>mea,</strong></span> <span class='ocrx_word' id='word_1_140' title='bbox 1583 2289 1730 2346; x_wconf 86' lang='lat' dir='ltr'><strong>quas</strong></span> <span class='ocrx_word' id='word_1_141' title='bbox 1776 2275 2038 2330; x_wconf 89' lang='lat' dir='ltr'><strong>homines</strong></span> 
     </span>
    </p>
   </div>
   <div class='ocr_carea' id='block_1_25' title="bbox 331 2362 2036 2424">
    <p class='ocr_par' dir='ltr' id='par_1_25' title="bbox 331 2362 2036 2424">
     <span class='ocr_line' id='line_1_25' title="bbox 331 2362 2036 2424; baseline -0.005 0"><span class='ocrx_word' id='word_1_142' title='bbox 331 2368 440 2424; x_wconf 92' lang='lat' dir='ltr'><strong>mei</strong></span> <span class='ocrx_word' id='word_1_143' title='bbox 489 2367 672 2424; x_wconf 91' lang='lat' dir='ltr'><strong>eidem</strong></span> <span class='ocrx_word' id='word_1_144' title='bbox 721 2365 972 2422; x_wconf 87' lang='lat' dir='ltr'><strong>ecclesia</strong></span> <span class='ocrx_word' id='word_1_145' title='bbox 1017 2365 1380 2420; x_wconf 83' lang='lat' dir='ltr'><strong>donaverunt</strong></span> <span class='ocrx_word' id='word_1_146' title='bbox 1418 2371 1473 2420; x_wconf 91' lang='lat' dir='ltr'><strong>et</strong></span> <span class='ocrx_word' id='word_1_147' title='bbox 1521 2362 1840 2419; x_wconf 88' lang='lat' dir='ltr'><strong>donabunt.</strong></span> <span class='ocrx_word' id='word_1_148' title='bbox 1884 2365 2036 2417; x_wconf 69' lang='lat' dir='ltr'><strong>eoo</strong></span> 
     </span>
    </p>
   </div>
   <div class='ocr_carea' id='block_1_26' title="bbox 337 2451 2033 2522">
    <p class='ocr_par' dir='ltr' id='par_1_26' title="bbox 337 2451 2033 2522">
     <span class='ocr_line' id='line_1_26' title="bbox 337 2451 2033 2522; baseline -0.004 -10"><span class='ocrx_word' id='word_1_149' title='bbox 337 2456 545 2512; x_wconf 84' lang='lat' dir='ltr'><strong>Adhuc</strong></span> <span class='ocrx_word' id='word_1_150' title='bbox 575 2470 711 2512; x_wconf 90' lang='lat' dir='ltr'><strong>vero</strong></span> <span class='ocrx_word' id='word_1_151' title='bbox 741 2455 1060 2510; x_wconf 89' lang='lat' dir='ltr'><strong>libertatem</strong></span> <span class='ocrx_word' id='word_1_152' title='bbox 1095 2453 1444 2508; x_wconf 91' lang='lat' dir='ltr'><strong>famulorum</strong></span> <span class='ocrx_word' id='word_1_153' title='bbox 1473 2451 1734 2522; x_wconf 86' lang='lat' dir='ltr'><strong>ejusdem</strong></span> <span class='ocrx_word' id='word_1_154' title='bbox 1760 2451 2033 2517; x_wconf 89' lang='lat' dir='ltr'><strong>ecclesia,</strong></span> 
     </span>
    </p>
   </div>
   <div class='ocr_carea' id='block_1_27' title="bbox 331 2539 2034 2614">
    <p class='ocr_par' dir='ltr' id='par_1_27' title="bbox 331 2539 2034 2614">
     <span class='ocr_line' id='line_1_27' title="bbox 331 2539 2034 2614; baseline -0.004 -14"><span class='ocrx_word' id='word_1_155' title='bbox 331 2544 432 2614; x_wconf 90' lang='lat' dir='ltr'><strong>qui</strong></span> <span class='ocrx_word' id='word_1_156' title='bbox 467 2543 828 2614; x_wconf 87' lang='lat' dir='ltr'><strong>negationem</strong></span> <span class='ocrx_word' id='word_1_157' title='bbox 859 2557 974 2596; x_wconf 90' lang='lat' dir='ltr'><strong>non</strong></span> <span class='ocrx_word' id='word_1_158' title='bbox 1008 2541 1283 2606; x_wconf 89' lang='lat' dir='ltr'><strong>fecerunt,</strong></span> <span class='ocrx_word' id='word_1_159' title='bbox 1317 2539 1579 2595; x_wconf 89' lang='lat' dir='ltr'><strong>similiter</strong></span> <span class='ocrx_word' id='word_1_160' title='bbox 1615 2539 1882 2596; x_wconf 88' lang='lat' dir='ltr'><strong>concedo.</strong></span> <span class='ocrx_word' id='word_1_161' title='bbox 1917 2539 2034 2594; x_wconf 83' lang='lat' dir='ltr'><strong>Hoc</strong></span> 
     </span>
    </p>
   </div>
   <div class='ocr_carea' id='block_1_28' title="bbox 334 2626 2038 2700">
    <p class='ocr_par' dir='ltr' id='par_1_28' title="bbox 334 2626 2038 2700">
     <span class='ocr_line' id='line_1_28' title="bbox 334 2626 2038 2700; baseline -0.003 -13"><span class='ocrx_word' id='word_1_162' title='bbox 334 2638 398 2688; x_wconf 90' lang='lat' dir='ltr'><strong>ut</strong></span> <span class='ocrx_word' id='word_1_163' title='bbox 447 2639 638 2688; x_wconf 88' lang='lat' dir='ltr'><strong>ratum</strong></span> <span class='ocrx_word' id='word_1_164' title='bbox 689 2635 1042 2700; x_wconf 85' lang='lat' dir='ltr'><strong>permaneat,</strong></span> <span class='ocrx_word' id='word_1_165' title='bbox 1088 2627 1274 2699; x_wconf 87' lang='lat' dir='ltr'><strong>sigillo</strong></span> <span class='ocrx_word' id='word_1_166' title='bbox 1329 2642 1470 2695; x_wconf 90' lang='lat' dir='ltr'><strong>meo,</strong></span> <span class='ocrx_word' id='word_1_167' title='bbox 1530 2631 1588 2683; x_wconf 85' lang='lat' dir='ltr'><strong>et</strong></span> <span class='ocrx_word' id='word_1_168' title='bbox 1632 2627 1858 2682; x_wconf 88' lang='lat' dir='ltr'><strong>testium</strong></span> <span class='ocrx_word' id='word_1_169' title='bbox 1905 2626 2038 2682; x_wconf 85' lang='lat' dir='ltr'><strong>sub-</strong></span> 
     </span>
    </p>
   </div>
   <div class='ocr_carea' id='block_1_29' title="bbox 332 2713 2035 2800">
    <p class='ocr_par' dir='ltr' id='par_1_29' title="bbox 332 2713 2035 2800">
     <span class='ocr_line' id='line_1_29' title="bbox 332 2713 2035 2800; baseline -0.004 -24"><span class='ocrx_word' id='word_1_170' title='bbox 332 2719 643 2790; x_wconf 90' lang='lat' dir='ltr'><strong>scriptione</strong></span> <span class='ocrx_word' id='word_1_171' title='bbox 673 2719 996 2800; x_wconf 73' lang='lat' dir='ltr'><strong>corrpboro.</strong></span> <span class='ocrx_word' id='word_1_172' title='bbox 1029 2717 1222 2772; x_wconf 88' lang='lat' dir='ltr'><strong>Testes</strong></span> <span class='ocrx_word' id='word_1_173' title='bbox 1257 2723 1395 2772; x_wconf 91' lang='lat' dir='ltr'><strong>sunt</strong></span> <span class='ocrx_word' id='word_1_174' title='bbox 1439 2716 1691 2771; x_wconf 82' lang='lat' dir='ltr'><strong>Joannes</strong></span> <span class='ocrx_word' id='word_1_175' title='bbox 1725 2714 1792 2770; x_wconf 89' lang='lat' dir='ltr'><strong>de</strong></span> <span class='ocrx_word' id='word_1_176' title='bbox 1842 2713 2035 2770; x_wconf 84' lang='lat' dir='ltr'><strong>Hoda-</strong></span> 
     </span>
    </p>
   </div>
   <div class='ocr_carea' id='block_1_30' title="bbox 336 2817 632 2875">
    <p class='ocr_par' dir='ltr' id='par_1_30' title="bbox 336 2817 632 2875">
     <span class='ocr_line' id='line_1_30' title="bbox 336 2817 632 2875; baseline -0.014 -11"><span class='ocrx_word' id='word_1_177' title='bbox 336 2822 430 2875; x_wconf 90' lang='lat' dir='ltr'><strong>ne,</strong></span> <span class='ocrx_word' id='word_1_178' title='bbox 468 2829 490 2857; x_wconf 71' lang='grc' dir='ltr'><strong>ι</strong></span> <span class='ocrx_word' id='word_1_179' title='bbox 525 2817 632 2864; x_wconf 91' lang='lat' dir='ltr'><strong>etc.</strong></span> 
     </span>
    </p>
   </div>
   <div class='ocr_carea' id='block_1_31' title="bbox 406 2890 2038 2967">
    <p class='ocr_par' dir='ltr' id='par_1_31' title="bbox 406 2890 2038 2967">
     <span class='ocr_line' id='line_1_31' title="bbox 406 2890 2038 2967; baseline -0.004 -15"><span class='ocrx_word' id='word_1_180' title='bbox 406 2897 556 2952; x_wconf 91' lang='lat' dir='ltr'><strong>Lites</strong></span> <span class='ocrx_word' id='word_1_181' title='bbox 601 2909 732 2967; x_wconf 87' lang='lat' dir='ltr'><strong>qua</strong></span> <span class='ocrx_word' id='word_1_182' title='bbox 762 2894 1012 2950; x_wconf 88' lang='lat' dir='ltr'><strong>suborta</strong></span> <span class='ocrx_word' id='word_1_183' title='bbox 1043 2892 1272 2949; x_wconf 81' lang='lat' dir='ltr'><strong>fuerant</strong></span> <span class='ocrx_word' id='word_1_184' title='bbox 1324 2891 1472 2948; x_wconf 92' lang='lat' dir='ltr'><strong>inter</strong></span> <span class='ocrx_word' id='word_1_185' title='bbox 1508 2891 1818 2948; x_wconf 90' lang='lat' dir='ltr'><strong>monachos</strong></span> <span class='ocrx_word' id='word_1_186' title='bbox 1857 2890 2038 2947; x_wconf 88' lang='lat' dir='ltr'><strong>diver-</strong></span> 
     </span>
    </p>
   </div>
   <div class='ocr_carea' id='block_1_32' title="bbox 332 2979 2036 3052">
    <p class='ocr_par' dir='ltr' id='par_1_32' title="bbox 332 2979 2036 3052">
     <span class='ocr_line' id='line_1_32' title="bbox 332 2979 2036 3052; baseline -0.004 -12"><span class='ocrx_word' id='word_1_187' title='bbox 332 2998 528 3042; x_wconf 89' lang='lat' dir='ltr'><strong>sorum</strong></span> <span class='ocrx_word' id='word_1_188' title='bbox 587 2983 1091 3050; x_wconf 86' lang='lat' dir='ltr'><strong>monasteriorum,</strong></span> <span class='ocrx_word' id='word_1_189' title='bbox 1142 2995 1244 3051; x_wconf 92' lang='lat' dir='ltr'><strong>pro</strong></span> <span class='ocrx_word' id='word_1_190' title='bbox 1292 2995 1455 3052; x_wconf 89' lang='lat' dir='ltr'><strong>posse</strong></span> <span class='ocrx_word' id='word_1_191' title='bbox 1510 2981 1607 3050; x_wconf 90' lang='lat' dir='ltr'><strong>(ad</strong></span> <span class='ocrx_word' id='word_1_192' title='bbox 1668 2980 1775 3036; x_wconf 91' lang='lat' dir='ltr'><strong>hoc</strong></span> <span class='ocrx_word' id='word_1_193' title='bbox 1833 2979 2036 3036; x_wconf 90' lang='lat' dir='ltr'><strong>charta</strong></span> 
     </span>
    </p>
   </div>
   <div class='ocr_carea' id='block_1_33' title="bbox 2149 601 3858 670">
    <p class='ocr_par' dir='ltr' id='par_1_33' title="bbox 2149 601 3858 670">
     <span class='ocr_line' id='line_1_33' title="bbox 2149 601 3858 670; baseline 0.002 -13"><span class='ocrx_word' id='word_1_194' title='bbox 2149 603 2380 658; x_wconf 83' lang='lat' dir='ltr'><strong>Luciani</strong></span> <span class='ocrx_word' id='word_1_195' title='bbox 2411 601 2786 670; x_wconf 84' lang='lat' dir='ltr'><strong>Belvacensis,</strong></span> <span class='ocrx_word' id='word_1_196' title='bbox 2824 616 2890 658; x_wconf 92' lang='lat' dir='ltr'><strong>ac</strong></span> <span class='ocrx_word' id='word_1_197' title='bbox 2927 603 3157 659; x_wconf 87' lang='lat' dir='ltr'><strong>demum</strong></span> <span class='ocrx_word' id='word_1_198' title='bbox 3192 604 3602 660; x_wconf 86' lang='lat' dir='ltr'><strong>Cluniacensis.</strong></span> <span class='ocrx_word' id='word_1_199' title='bbox 3631 606 3858 662; x_wconf 85' lang='lat' dir='ltr'><strong>Omnia</strong></span> 
     </span>
    </p>
   </div>
   <div class='ocr_carea' id='block_1_34' title="bbox 2139 691 3854 761">
    <p class='ocr_par' dir='ltr' id='par_1_34' title="bbox 2139 691 3854 761">
     <span class='ocr_line' id='line_1_34' title="bbox 2139 691 3854 761; baseline 0.002 -15"><span class='ocrx_word' id='word_1_200' title='bbox 2139 704 2272 760; x_wconf 88' lang='lat' dir='ltr'><strong>qua</strong></span> <span class='ocrx_word' id='word_1_201' title='bbox 2297 691 2454 748; x_wconf 76' lang='lat' dir='ltr'><strong>luris</strong></span> <span class='ocrx_word' id='word_1_202' title='bbox 2491 699 2627 747; x_wconf 91' lang='lat' dir='ltr'><strong>sunt</strong></span> <span class='ocrx_word' id='word_1_203' title='bbox 2659 693 2986 748; x_wconf 89' lang='lat' dir='ltr'><strong>monasterii</strong></span> <span class='ocrx_word' id='word_1_204' title='bbox 3031 691 3438 761; x_wconf 85' lang='lat' dir='ltr'><strong>Flaviacensis,</strong></span> <span class='ocrx_word' id='word_1_205' title='bbox 3483 694 3721 750; x_wconf 87' lang='lat' dir='ltr'><strong>bullatis</strong></span> <span class='ocrx_word' id='word_1_206' title='bbox 3759 695 3854 750; x_wconf 86' lang='lat' dir='ltr'><strong>lit-</strong></span> 
     </span>
    </p>
   </div>
   <div class='ocr_carea' id='block_1_35' title="bbox 2142 779 3856 851">
    <p class='ocr_par' dir='ltr' id='par_1_35' title="bbox 2142 779 3856 851">
     <span class='ocr_line' id='line_1_35' title="bbox 2142 779 3856 851; baseline 0.001 -17"><span class='ocrx_word' id='word_1_207' title='bbox 2142 779 2280 834; x_wconf 88' lang='lat' dir='ltr'><strong>teris</strong></span> <span class='ocrx_word' id='word_1_208' title='bbox 2313 779 2678 836; x_wconf 78' lang='lat' dir='ltr'><strong>confirmavit</strong></span> <span class='ocrx_word' id='word_1_209' title='bbox 2724 779 3054 836; x_wconf 81' lang='lat' dir='ltr'><strong>Alexander</strong></span> <span class='ocrx_word' id='word_1_210' title='bbox 3093 781 3168 836; x_wconf 92' lang='lat' dir='ltr'><strong>lII</strong></span> <span class='ocrx_word' id='word_1_211' title='bbox 3221 795 3370 851; x_wconf 87' lang='lat' dir='ltr'><strong>papa</strong></span> <span class='ocrx_word' id='word_1_212' title='bbox 3422 795 3574 838; x_wconf 91' lang='lat' dir='ltr'><strong>anno</strong></span> <span class='ocrx_word' id='word_1_213' title='bbox 3625 781 3856 840; x_wconf 89' lang='lat' dir='ltr'><strong>Christi</strong></span> 
     </span>
    </p>
   </div>
   <div class='ocr_carea' id='block_1_36' title="bbox 2149 868 2302 921">
    <p class='ocr_par' dir='ltr' id='par_1_36' title="bbox 2149 868 2302 921">
     <span class='ocr_line' id='line_1_36' title="bbox 2149 868 2302 921; baseline 0 -1"><span class='ocrx_word' id='word_1_214' title='bbox 2149 868 2302 921; x_wconf 83' lang='grc'><strong>1178.</strong></span> 
     </span>
    </p>
   </div>
   <div class='ocr_carea' id='block_1_37' title="bbox 2211 952 3856 1024">
    <p class='ocr_par' dir='ltr' id='par_1_37' title="bbox 2211 952 3856 1024">
     <span class='ocr_line' id='line_1_37' title="bbox 2211 952 3856 1024; baseline 0.002 -16"><span class='ocrx_word' id='word_1_215' title='bbox 2211 952 2389 1009; x_wconf 92' lang='lat' dir='ltr'><strong>Cessit</strong></span> <span class='ocrx_word' id='word_1_216' title='bbox 2416 968 2447 1010; x_wconf 91' lang='lat' dir='ltr'><strong>e</strong></span> <span class='ocrx_word' id='word_1_217' title='bbox 2487 954 2605 1010; x_wconf 90' lang='lat' dir='ltr'><strong>vita</strong></span> <span class='ocrx_word' id='word_1_218' title='bbox 2643 969 2698 1010; x_wconf 75' lang='lat' dir='ltr'><strong>vr</strong></span> <span class='ocrx_word' id='word_1_219' title='bbox 2743 954 2875 1010; x_wconf 88' lang='lat' dir='ltr'><strong>Idus</strong></span> <span class='ocrx_word' id='word_1_220' title='bbox 2915 953 3128 1024; x_wconf 77' lang='lat' dir='ltr'><strong>Aprilis</strong></span> <span class='ocrx_word' id='word_1_221' title='bbox 3169 957 3303 1010; x_wconf 86' lang='lat' dir='ltr'>H88</span> <span class='ocrx_word' id='word_1_222' title='bbox 3336 969 3349 1010; x_wconf 94' lang='lat'><strong>:</strong></span> <span class='ocrx_word' id='word_1_223' title='bbox 3392 955 3631 1012; x_wconf 89' lang='lat' dir='ltr'><strong>tradunt</strong></span> <span class='ocrx_word' id='word_1_224' title='bbox 3655 956 3856 1012; x_wconf 87' lang='lat' dir='ltr'><strong>Chro-</strong></span> 
     </span>
    </p>
   </div>
   <div class='ocr_carea' id='block_1_38' title="bbox 2140 1042 3854 1114">
    <p class='ocr_par' dir='ltr' id='par_1_38' title="bbox 2140 1042 3854 1114">
     <span class='ocr_line' id='line_1_38' title="bbox 2140 1042 3854 1114; baseline 0.001 -16"><span class='ocrx_word' id='word_1_225' title='bbox 2140 1042 2311 1098; x_wconf 89' lang='lat' dir='ltr'><strong>nicon</strong></span> <span class='ocrx_word' id='word_1_226' title='bbox 2338 1043 2770 1100; x_wconf 87' lang='lat' dir='ltr'><strong>Fontanellense</strong></span> <span class='ocrx_word' id='word_1_227' title='bbox 2801 1045 3284 1114; x_wconf 90' lang='lat' dir='ltr'><strong>manuscriptum,</strong></span> <span class='ocrx_word' id='word_1_228' title='bbox 3326 1051 3381 1099; x_wconf 92' lang='lat' dir='ltr'><strong>et</strong></span> <span class='ocrx_word' id='word_1_229' title='bbox 3410 1044 3629 1100; x_wconf 90' lang='lat' dir='ltr'><strong>codices</strong></span> <span class='ocrx_word' id='word_1_230' title='bbox 3658 1044 3854 1100; x_wconf 87' lang='lat' dir='ltr'><strong>sancti</strong></span> 
     </span>
    </p>
   </div>
   <div class='ocr_carea' id='block_1_39' title="bbox 2143 1130 3857 1200">
    <p class='ocr_par' dir='ltr' id='par_1_39' title="bbox 2143 1130 3857 1200">
     <span class='ocr_line' id='line_1_39' title="bbox 2143 1130 3857 1200; baseline 0.001 -14"><span class='ocrx_word' id='word_1_231' title='bbox 2143 1130 2404 1197; x_wconf 87' lang='lat' dir='ltr'><strong>Luciani,</strong></span> <span class='ocrx_word' id='word_1_232' title='bbox 2445 1140 2500 1186; x_wconf 89' lang='lat' dir='ltr'><strong>et</strong></span> <span class='ocrx_word' id='word_1_233' title='bbox 2546 1131 2724 1187; x_wconf 90' lang='lat' dir='ltr'><strong>sancti</strong></span> <span class='ocrx_word' id='word_1_234' title='bbox 2775 1130 3106 1200; x_wconf 87' lang='lat' dir='ltr'><strong>Geremari;</strong></span> <span class='ocrx_word' id='word_1_235' title='bbox 3151 1131 3265 1198; x_wconf 87' lang='lat' dir='ltr'><strong>vel,</strong></span> <span class='ocrx_word' id='word_1_236' title='bbox 3309 1131 3357 1187; x_wconf 90' lang='lat' dir='ltr'><strong>si</strong></span> <span class='ocrx_word' id='word_1_237' title='bbox 3414 1131 3548 1189; x_wconf 85' lang='lat' dir='ltr'><strong>fides</strong></span> <span class='ocrx_word' id='word_1_238' title='bbox 3593 1133 3857 1189; x_wconf 86' lang='lat' dir='ltr'><strong>chrono-</strong></span> 
     </span>
    </p>
   </div>
   <div class='ocr_carea' id='block_1_40' title="bbox 2141 1218 3858 1292">
    <p class='ocr_par' dir='ltr' id='par_1_40' title="bbox 2141 1218 3858 1292">
     <span class='ocr_line' id='line_1_40' title="bbox 2141 1218 3858 1292; baseline 0.001 -16"><span class='ocrx_word' id='word_1_239' title='bbox 2141 1220 2362 1292; x_wconf 90' lang='lat' dir='ltr'><strong>grapho</strong></span> <span class='ocrx_word' id='word_1_240' title='bbox 2408 1218 2768 1276; x_wconf 87' lang='lat' dir='ltr'><strong>Cluniacensi</strong></span> <span class='ocrx_word' id='word_1_241' title='bbox 2826 1219 3172 1286; x_wconf 88' lang='lat' dir='ltr'><strong>adhibenda,</strong></span> <span class='ocrx_word' id='word_1_242' title='bbox 3255 1222 3408 1275; x_wconf 81' lang='lat' dir='ltr'><strong>H99.</strong></span> <span class='ocrx_word' id='word_1_243' title='bbox 3469 1221 3533 1276; x_wconf 91' lang='lat' dir='ltr'><strong>In</strong></span> <span class='ocrx_word' id='word_1_244' title='bbox 3603 1222 3858 1277; x_wconf 83' lang='lat' dir='ltr'><strong>ecclesia</strong></span> 
     </span>
    </p>
   </div>
   <div class='ocr_carea' id='block_1_41' title="bbox 2143 1307 3856 1378">
    <p class='ocr_par' dir='ltr' id='par_1_41' title="bbox 2143 1307 3856 1378">
     <span class='ocr_line' id='line_1_41' title="bbox 2143 1307 3856 1378; baseline 0 -14"><span class='ocrx_word' id='word_1_245' title='bbox 2143 1307 2506 1364; x_wconf 89' lang='lat' dir='ltr'><strong>Cluniacensi</strong></span> <span class='ocrx_word' id='word_1_246' title='bbox 2533 1307 2704 1378; x_wconf 81' lang='lat' dir='ltr'><strong>jacet,</strong></span> <span class='ocrx_word' id='word_1_247' title='bbox 2738 1315 2802 1364; x_wconf 92' lang='lat' dir='ltr'><strong>ut</strong></span> <span class='ocrx_word' id='word_1_248' title='bbox 2823 1307 2979 1363; x_wconf 91' lang='lat' dir='ltr'><strong>testis</strong></span> <span class='ocrx_word' id='word_1_249' title='bbox 3007 1315 3087 1363; x_wconf 90' lang='lat' dir='ltr'><strong>est</strong></span> <span class='ocrx_word' id='word_1_250' title='bbox 3118 1307 3264 1364; x_wconf 90' lang='lat' dir='ltr'><strong>idem</strong></span> <span class='ocrx_word' id='word_1_251' title='bbox 3297 1316 3518 1376; x_wconf 89' lang='lat' dir='ltr'><strong>auctor,</strong></span> <span class='ocrx_word' id='word_1_252' title='bbox 3553 1309 3608 1365; x_wconf 91' lang='lat' dir='ltr'><strong>in</strong></span> <span class='ocrx_word' id='word_1_253' title='bbox 3637 1309 3856 1364; x_wconf 92' lang='lat' dir='ltr'><strong>Biblio-</strong></span> 
     </span>
    </p>
   </div>
   <div class='ocr_carea' id='block_1_42' title="bbox 2143 1395 3129 1467">
    <p class='ocr_par' dir='ltr' id='par_1_42' title="bbox 2143 1395 3129 1467">
     <span class='ocr_line' id='line_1_42' title="bbox 2143 1395 3129 1467; baseline -0.004 -13"><span class='ocrx_word' id='word_1_254' title='bbox 2143 1397 2306 1454; x_wconf 88' lang='lat' dir='ltr'><strong>theca</strong></span> <span class='ocrx_word' id='word_1_255' title='bbox 2336 1395 2696 1452; x_wconf 87' lang='lat' dir='ltr'><strong>Cluniacensi</strong></span> <span class='ocrx_word' id='word_1_256' title='bbox 2730 1397 2942 1467; x_wconf 83' lang='lat' dir='ltr'><strong>pagina</strong></span> <span class='ocrx_word' id='word_1_257' title='bbox 2976 1397 3129 1450; x_wconf 85' lang='lat' dir='ltr'><strong>l663.</strong></span> 
     </span>
    </p>
   </div>
   <div class='ocr_carea' id='block_1_43' title="bbox 2214 1483 3854 1556">
    <p class='ocr_par' dir='ltr' id='par_1_43' title="bbox 2214 1483 3854 1556">
     <span class='ocr_line' id='line_1_43' title="bbox 2214 1483 3854 1556; baseline 0 -16"><span class='ocrx_word' id='word_1_258' title='bbox 2214 1485 2343 1540; x_wconf 85' lang='lat' dir='ltr'><strong>X‘X.</strong></span> <span class='ocrx_word' id='word_1_259' title='bbox 2387 1484 2744 1552; x_wconf 88' lang='lat' dir='ltr'><strong>Lambertus,</strong></span> <span class='ocrx_word' id='word_1_260' title='bbox 2789 1499 2864 1540; x_wconf 85' lang='lat' dir='ltr'><strong>ex</strong></span> <span class='ocrx_word' id='word_1_261' title='bbox 2886 1483 3178 1540; x_wconf 88' lang='lat' dir='ltr'><strong>cellerario</strong></span> <span class='ocrx_word' id='word_1_262' title='bbox 3209 1484 3464 1556; x_wconf 89' lang='lat' dir='ltr'><strong>ejusdem</strong></span> <span class='ocrx_word' id='word_1_263' title='bbox 3511 1486 3854 1542; x_wconf 74' lang='lat' dir='ltr'><strong>monasterii</strong></span> 
     </span>
    </p>
   </div>
   <div class='ocr_carea' id='block_1_44' title="bbox 2143 1571 3855 1645">
    <p class='ocr_par' dir='ltr' id='par_1_44' title="bbox 2143 1571 3855 1645">
     <span class='ocr_line' id='line_1_44' title="bbox 2143 1571 3855 1645; baseline 0 -15"><span class='ocrx_word' id='word_1_264' title='bbox 2143 1573 2368 1630; x_wconf 89' lang='lat' dir='ltr'><strong>circiter</strong></span> <span class='ocrx_word' id='word_1_265' title='bbox 2400 1575 2554 1628; x_wconf 90' lang='grc'><strong>1180.</strong></span> <span class='ocrx_word' id='word_1_266' title='bbox 2598 1573 2744 1629; x_wconf 85' lang='lat' dir='ltr'><strong>Huic</strong></span> <span class='ocrx_word' id='word_1_267' title='bbox 2786 1571 3187 1644; x_wconf 87' lang='lat' dir='ltr'><strong>syngraphum</strong></span> <span class='ocrx_word' id='word_1_268' title='bbox 3221 1573 3518 1630; x_wconf 83' lang='lat' dir='ltr'><strong>tutelarem</strong></span> <span class='ocrx_word' id='word_1_269' title='bbox 3571 1575 3855 1645; x_wconf 89' lang='lat' dir='ltr'><strong>impertiit</strong></span> 
     </span>
    </p>
   </div>
   <div class='ocr_carea' id='block_1_45' title="bbox 2143 1661 3852 1733">
    <p class='ocr_par' dir='ltr' id='par_1_45' title="bbox 2143 1661 3852 1733">
     <span class='ocr_line' id='line_1_45' title="bbox 2143 1661 3852 1733; baseline 0.001 -16"><span class='ocrx_word' id='word_1_270' title='bbox 2143 1661 2488 1732; x_wconf 88' lang='lat' dir='ltr'><strong>Radulphus</strong></span> <span class='ocrx_word' id='word_1_271' title='bbox 2516 1675 2704 1717; x_wconf 89' lang='lat' dir='ltr'><strong>comes</strong></span> <span class='ocrx_word' id='word_1_272' title='bbox 2733 1661 3230 1718; x_wconf 89' lang='lat' dir='ltr'><strong>Claromontanus.</strong></span> <span class='ocrx_word' id='word_1_273' title='bbox 3269 1662 3402 1732; x_wconf 88' lang='lat' dir='ltr'><strong>Egit</strong></span> <span class='ocrx_word' id='word_1_274' title='bbox 3439 1663 3696 1718; x_wconf 90' lang='lat' dir='ltr'><strong>animam</strong></span> <span class='ocrx_word' id='word_1_275' title='bbox 3731 1664 3852 1733; x_wconf 90' lang='lat' dir='ltr'><strong>pri-</strong></span> 
     </span>
    </p>
   </div>
   <div class='ocr_carea' id='block_1_46' title="bbox 2145 1749 2722 1806">
    <p class='ocr_par' dir='ltr' id='par_1_46' title="bbox 2145 1749 2722 1806">
     <span class='ocr_line' id='line_1_46' title="bbox 2145 1749 2722 1806; baseline -0.003 0"><span class='ocrx_word' id='word_1_276' title='bbox 2145 1750 2236 1806; x_wconf 91' lang='lat' dir='ltr'><strong>die</strong></span> <span class='ocrx_word' id='word_1_277' title='bbox 2265 1751 2344 1805; x_wconf 86' lang='lat' dir='ltr'><strong>Id.</strong></span> <span class='ocrx_word' id='word_1_278' title='bbox 2373 1749 2530 1806; x_wconf 76' lang='lat' dir='ltr'><strong>Junii</strong></span> <span class='ocrx_word' id='word_1_279' title='bbox 2567 1751 2722 1804; x_wconf 84' lang='lat' dir='ltr'><strong>H90.</strong></span> 
     </span>
    </p>
   </div>
   <div class='ocr_carea' id='block_1_47' title="bbox 2213 1838 3854 1910">
    <p class='ocr_par' dir='ltr' id='par_1_47' title="bbox 2213 1838 3854 1910">
     <span class='ocr_line' id='line_1_47' title="bbox 2213 1838 3854 1910; baseline 0 -16"><span class='ocrx_word' id='word_1_280' title='bbox 2213 1838 2368 1894; x_wconf 85' lang='lat' dir='ltr'><strong>XXI.</strong></span> <span class='ocrx_word' id='word_1_281' title='bbox 2422 1838 2590 1908; x_wconf 73' lang='lat' dir='ltr'><strong>[Iugo</strong></span> <span class='ocrx_word' id='word_1_282' title='bbox 2620 1839 2714 1903; x_wconf 87' lang='lat' dir='ltr'><strong>IlI,</strong></span> <span class='ocrx_word' id='word_1_283' title='bbox 2746 1845 3126 1908; x_wconf 87' lang='lat' dir='ltr'><strong>cognomento</strong></span> <span class='ocrx_word' id='word_1_284' title='bbox 3175 1838 3432 1910; x_wconf 88' lang='lat' dir='ltr'><strong>Pauper,</strong></span> <span class='ocrx_word' id='word_1_285' title='bbox 3487 1853 3518 1893; x_wconf 92' lang='lat' dir='ltr'><strong>e</strong></span> <span class='ocrx_word' id='word_1_286' title='bbox 3561 1838 3854 1894; x_wconf 85' lang='lat' dir='ltr'><strong>ditissima</strong></span> 
     </span>
    </p>
   </div>
   <div class='ocr_carea' id='block_1_48' title="bbox 2141 1924 3852 1998">
    <p class='ocr_par' dir='ltr' id='par_1_48' title="bbox 2141 1924 3852 1998">
     <span class='ocr_line' id='line_1_48' title="bbox 2141 1924 3852 1998; baseline -0.001 -15"><span class='ocrx_word' id='word_1_287' title='bbox 2141 1941 2306 1998; x_wconf 85' lang='lat' dir='ltr'><strong>aque</strong></span> <span class='ocrx_word' id='word_1_288' title='bbox 2336 1941 2402 1982; x_wconf 87' lang='lat' dir='ltr'><strong>ac</strong></span> <span class='ocrx_word' id='word_1_289' title='bbox 2432 1924 2787 1981; x_wconf 89' lang='lat' dir='ltr'><strong>nobilissima</strong></span> <span class='ocrx_word' id='word_1_290' title='bbox 2809 1925 3026 1980; x_wconf 82' lang='lat' dir='ltr'><strong>familia</strong></span> <span class='ocrx_word' id='word_1_291' title='bbox 3049 1933 3228 1981; x_wconf 91' lang='lat' dir='ltr'><strong>ortus.</strong></span> <span class='ocrx_word' id='word_1_292' title='bbox 3255 1926 3354 1981; x_wconf 90' lang='lat' dir='ltr'><strong>Sui</strong></span> <span class='ocrx_word' id='word_1_293' title='bbox 3377 1926 3672 1996; x_wconf 88' lang='lat' dir='ltr'><strong>regiminis</strong></span> <span class='ocrx_word' id='word_1_294' title='bbox 3693 1941 3852 1982; x_wconf 90' lang='lat' dir='ltr'><strong>anno</strong></span> 
     </span>
    </p>
   </div>
   <div class='ocr_carea' id='block_1_49' title="bbox 2145 2013 3848 2086">
    <p class='ocr_par' dir='ltr' id='par_1_49' title="bbox 2145 2013 3848 2086">
     <span class='ocr_line' id='line_1_49' title="bbox 2145 2013 3848 2086; baseline -0.001 -15"><span class='ocrx_word' id='word_1_295' title='bbox 2145 2015 2327 2086; x_wconf 87' lang='lat' dir='ltr'><strong>primo</strong></span> <span class='ocrx_word' id='word_1_296' title='bbox 2373 2013 2771 2085; x_wconf 88' lang='lat' dir='ltr'><strong>possessiones,</strong></span> <span class='ocrx_word' id='word_1_297' title='bbox 2817 2028 2949 2084; x_wconf 88' lang='lat' dir='ltr'><strong>qua</strong></span> <span class='ocrx_word' id='word_1_298' title='bbox 3001 2015 3058 2070; x_wconf 92' lang='lat' dir='ltr'><strong>in</strong></span> <span class='ocrx_word' id='word_1_299' title='bbox 3125 2014 3350 2070; x_wconf 70' lang='lat' dir='ltr'><strong>dimcesi</strong></span> <span class='ocrx_word' id='word_1_300' title='bbox 3401 2015 3848 2086; x_wconf 85' lang='lat' dir='ltr'><strong>Rothomagensi</strong></span> 
     </span>
    </p>
   </div>
   <div class='ocr_carea' id='block_1_50' title="bbox 2141 2101 3846 2172">
    <p class='ocr_par' dir='ltr' id='par_1_50' title="bbox 2141 2101 3846 2172">
     <span class='ocr_line' id='line_1_50' title="bbox 2141 2101 3846 2172; baseline 0.001 -14"><span class='ocrx_word' id='word_1_301' title='bbox 2141 2111 2390 2167; x_wconf 80' lang='lat' dir='ltr'><strong>exstant,</strong></span> <span class='ocrx_word' id='word_1_302' title='bbox 2441 2109 2605 2158; x_wconf 87' lang='lat' dir='ltr'><strong>curat</strong></span> <span class='ocrx_word' id='word_1_303' title='bbox 2643 2101 2716 2157; x_wconf 92' lang='lat' dir='ltr'><strong>ab</strong></span> <span class='ocrx_word' id='word_1_304' title='bbox 2767 2101 3187 2172; x_wconf 84' lang='lat' dir='ltr'><strong>archiepiscopo</strong></span> <span class='ocrx_word' id='word_1_305' title='bbox 3224 2102 3454 2158; x_wconf 88' lang='lat' dir='ltr'><strong>Valtero</strong></span> <span class='ocrx_word' id='word_1_306' title='bbox 3490 2103 3846 2159; x_wconf 79' lang='lat' dir='ltr'><strong>conﬁrmari.</strong></span> 
     </span>
    </p>
   </div>
   <div class='ocr_carea' id='block_1_51' title="bbox 2145 2190 3847 2262">
    <p class='ocr_par' dir='ltr' id='par_1_51' title="bbox 2145 2190 3847 2262">
     <span class='ocr_line' id='line_1_51' title="bbox 2145 2190 3847 2262; baseline -0.001 -15"><span class='ocrx_word' id='word_1_307' title='bbox 2145 2193 2384 2261; x_wconf 89' lang='lat' dir='ltr'><strong>Insuper</strong></span> <span class='ocrx_word' id='word_1_308' title='bbox 2414 2204 2448 2246; x_wconf 91' lang='lat' dir='ltr'><strong>a</strong></span> <span class='ocrx_word' id='word_1_309' title='bbox 2476 2190 2760 2246; x_wconf 81' lang='lat' dir='ltr'><strong>Richardo</strong></span> <span class='ocrx_word' id='word_1_310' title='bbox 2790 2190 3112 2260; x_wconf 83' lang='lat' dir='ltr'><strong>Anglorum</strong></span> <span class='ocrx_word' id='word_1_311' title='bbox 3157 2205 3287 2260; x_wconf 88' lang='lat' dir='ltr'><strong>rege</strong></span> <span class='ocrx_word' id='word_1_312' title='bbox 3319 2191 3558 2246; x_wconf 89' lang='lat' dir='ltr'><strong>tutelare</strong></span> <span class='ocrx_word' id='word_1_313' title='bbox 3591 2191 3847 2262; x_wconf 86' lang='lat' dir='ltr'><strong>diploma</strong></span> 
     </span>
    </p>
   </div>
   <div class='ocr_carea' id='block_1_52' title="bbox 2141 2278 3233 2349">
    <p class='ocr_par' dir='ltr' id='par_1_52' title="bbox 2141 2278 3233 2349">
     <span class='ocr_line' id='line_1_52' title="bbox 2141 2278 3233 2349; baseline -0.001 -13"><span class='ocrx_word' id='word_1_314' title='bbox 2141 2287 2483 2337; x_wconf 87' lang='lat' dir='ltr'><strong>consecutus</strong></span> <span class='ocrx_word' id='word_1_315' title='bbox 2509 2287 2613 2348; x_wconf 89' lang='lat' dir='ltr'><strong>est,</strong></span> <span class='ocrx_word' id='word_1_316' title='bbox 2647 2278 2799 2349; x_wconf 90' lang='lat' dir='ltr'><strong>quod</strong></span> <span class='ocrx_word' id='word_1_317' title='bbox 2833 2279 2909 2334; x_wconf 92' lang='lat' dir='ltr'><strong>ita</strong></span> <span class='ocrx_word' id='word_1_318' title='bbox 2931 2293 2989 2334; x_wconf 90' lang='lat' dir='ltr'><strong>sc</strong></span> <span class='ocrx_word' id='word_1_319' title='bbox 3019 2279 3187 2335; x_wconf 89' lang='lat' dir='ltr'><strong>habet</strong></span> <span class='ocrx_word' id='word_1_320' title='bbox 3219 2293 3233 2334; x_wconf 88' lang='lat'><strong>:</strong></span> 
     </span>
    </p>
   </div>
   <div class='ocr_carea' id='block_1_53' title="bbox 2218 2367 3848 2438">
    <p class='ocr_par' dir='ltr' id='par_1_53' title="bbox 2218 2367 3848 2438">
     <span class='ocr_line' id='line_1_53' title="bbox 2218 2367 3848 2438; baseline 0.003 -19"><span class='ocrx_word' id='word_1_321' title='bbox 2218 2391 2239 2419; x_wconf 76' lang='grc' dir='ltr'><strong>ι</strong></span> <span class='ocrx_word' id='word_1_322' title='bbox 2270 2369 2592 2425; x_wconf 79' lang='lat' dir='ltr'><strong>Richardus</strong></span> <span class='ocrx_word' id='word_1_323' title='bbox 2620 2367 2718 2422; x_wconf 90' lang='lat' dir='ltr'><strong>Dei</strong></span> <span class='ocrx_word' id='word_1_324' title='bbox 2754 2367 2941 2438; x_wconf 88' lang='lat' dir='ltr'><strong>gratia</strong></span> <span class='ocrx_word' id='word_1_325' title='bbox 2972 2381 3072 2422; x_wconf 86' lang='lat' dir='ltr'><strong>rex</strong></span> <span class='ocrx_word' id='word_1_326' title='bbox 3103 2368 3443 2438; x_wconf 84' lang='lat' dir='ltr'><strong>Anglorum,</strong></span> <span class='ocrx_word' id='word_1_327' title='bbox 3478 2368 3598 2424; x_wconf 91' lang='lat' dir='ltr'><strong>dux</strong></span> <span class='ocrx_word' id='word_1_328' title='bbox 3628 2368 3848 2424; x_wconf 86' lang='lat' dir='ltr'><strong>North—</strong></span> 
     </span>
    </p>
   </div>
   <div class='ocr_carea' id='block_1_54' title="bbox 2141 2456 3850 2527">
    <p class='ocr_par' dir='ltr' id='par_1_54' title="bbox 2141 2456 3850 2527">
     <span class='ocr_line' id='line_1_54' title="bbox 2141 2456 3850 2527; baseline 0.001 -14"><span class='ocrx_word' id='word_1_329' title='bbox 2141 2457 2412 2523; x_wconf 88' lang='lat' dir='ltr'><strong>mannia,</strong></span> <span class='ocrx_word' id='word_1_330' title='bbox 2483 2456 2830 2527; x_wconf 82' lang='lat' dir='ltr'><strong>Aquitania,</strong></span> <span class='ocrx_word' id='word_1_331' title='bbox 2899 2469 3088 2512; x_wconf 89' lang='lat' dir='ltr'><strong>comes</strong></span> <span class='ocrx_word' id='word_1_332' title='bbox 3149 2456 3602 2527; x_wconf 88' lang='lat' dir='ltr'><strong>Andegavensis,</strong></span> <span class='ocrx_word' id='word_1_333' title='bbox 3653 2458 3850 2514; x_wconf 91' lang='lat' dir='ltr'><strong>archi-</strong></span> 
     </span>
    </p>
   </div>
   <div class='ocr_carea' id='block_1_55' title="bbox 2137 2544 3849 2617">
    <p class='ocr_par' dir='ltr' id='par_1_55' title="bbox 2137 2544 3849 2617">
     <span class='ocr_line' id='line_1_55' title="bbox 2137 2544 3849 2617; baseline -0.002 -13"><span class='ocrx_word' id='word_1_334' title='bbox 2137 2546 2428 2617; x_wconf 90' lang='lat' dir='ltr'><strong>episcopis.</strong></span> <span class='ocrx_word' id='word_1_335' title='bbox 2462 2544 2761 2616; x_wconf 88' lang='lat' dir='ltr'><strong>episcopis,</strong></span> <span class='ocrx_word' id='word_1_336' title='bbox 2785 2544 3112 2613; x_wconf 88' lang='lat' dir='ltr'><strong>abbatibus,</strong></span> <span class='ocrx_word' id='word_1_337' title='bbox 3135 2544 3462 2612; x_wconf 90' lang='lat' dir='ltr'><strong>comitibus,</strong></span> <span class='ocrx_word' id='word_1_338' title='bbox 3479 2545 3849 2616; x_wconf 91' lang='lat' dir='ltr'><strong>justiciariis,</strong></span> 
     </span>
    </p>
   </div>
   <div class='ocr_carea' id='block_1_56' title="bbox 2139 2633 3852 2701">
    <p class='ocr_par' dir='ltr' id='par_1_56' title="bbox 2139 2633 3852 2701">
     <span class='ocr_line' id='line_1_56' title="bbox 2139 2633 3852 2701; baseline -0.001 -9"><span class='ocrx_word' id='word_1_339' title='bbox 2139 2643 2194 2692; x_wconf 91' lang='lat' dir='ltr'><strong>et</strong></span> <span class='ocrx_word' id='word_1_340' title='bbox 2238 2634 2626 2699; x_wconf 88' lang='lat' dir='ltr'><strong>vicomitibus,</strong></span> <span class='ocrx_word' id='word_1_341' title='bbox 2675 2633 2974 2700; x_wconf 89' lang='lat' dir='ltr'><strong>ministris,</strong></span> <span class='ocrx_word' id='word_1_342' title='bbox 3015 2641 3070 2689; x_wconf 93' lang='lat' dir='ltr'><strong>et</strong></span> <span class='ocrx_word' id='word_1_343' title='bbox 3132 2634 3408 2689; x_wconf 89' lang='lat' dir='ltr'><strong>omnibus</strong></span> <span class='ocrx_word' id='word_1_344' title='bbox 3472 2634 3722 2701; x_wconf 90' lang='lat' dir='ltr'><strong>ballivis,</strong></span> <span class='ocrx_word' id='word_1_345' title='bbox 3791 2643 3852 2691; x_wconf 91' lang='lat' dir='ltr'><strong>et</strong></span> 
     </span>
    </p>
   </div>
   <div class='ocr_carea' id='block_1_57' title="bbox 2142 2721 3852 2790">
    <p class='ocr_par' dir='ltr' id='par_1_57' title="bbox 2142 2721 3852 2790">
     <span class='ocr_line' id='line_1_57' title="bbox 2142 2721 3852 2790; baseline -0.001 -10"><span class='ocrx_word' id='word_1_346' title='bbox 2142 2723 2412 2780; x_wconf 84' lang='lat' dir='ltr'><strong>ﬁdelibus</strong></span> <span class='ocrx_word' id='word_1_347' title='bbox 2457 2723 2596 2790; x_wconf 91' lang='lat' dir='ltr'><strong>suis,</strong></span> <span class='ocrx_word' id='word_1_348' title='bbox 2651 2722 2823 2778; x_wconf 88' lang='lat' dir='ltr'><strong>totius</strong></span> <span class='ocrx_word' id='word_1_349' title='bbox 2887 2729 3058 2778; x_wconf 88' lang='lat' dir='ltr'><strong>terra</strong></span> <span class='ocrx_word' id='word_1_350' title='bbox 3103 2735 3244 2787; x_wconf 86' lang='lat' dir='ltr'><strong>sua,</strong></span> <span class='ocrx_word' id='word_1_351' title='bbox 3311 2721 3574 2778; x_wconf 89' lang='lat' dir='ltr'><strong>salutem.</strong></span> <span class='ocrx_word' id='word_1_352' title='bbox 3642 2722 3852 2780; x_wconf 88' lang='lat' dir='ltr'><strong>Sciatis</strong></span> 
     </span>
    </p>
   </div>
   <div class='ocr_carea' id='block_1_58' title="bbox 2142 2810 3852 2884">
    <p class='ocr_par' dir='ltr' id='par_1_58' title="bbox 2142 2810 3852 2884">
     <span class='ocr_line' id='line_1_58' title="bbox 2142 2810 3852 2884; baseline -0.001 -15"><span class='ocrx_word' id='word_1_353' title='bbox 2142 2812 2297 2884; x_wconf 91' lang='lat' dir='ltr'><strong>quod</strong></span> <span class='ocrx_word' id='word_1_354' title='bbox 2337 2811 2586 2880; x_wconf 88' lang='lat' dir='ltr'><strong>abbatia,</strong></span> <span class='ocrx_word' id='word_1_355' title='bbox 2635 2810 2835 2878; x_wconf 88' lang='lat' dir='ltr'><strong>abbas,</strong></span> <span class='ocrx_word' id='word_1_356' title='bbox 2895 2819 2950 2867; x_wconf 91' lang='lat' dir='ltr'><strong>et</strong></span> <span class='ocrx_word' id='word_1_357' title='bbox 2989 2810 3257 2867; x_wconf 91' lang='lat' dir='ltr'><strong>monachi</strong></span> <span class='ocrx_word' id='word_1_358' title='bbox 3301 2811 3371 2868; x_wconf 90' lang='lat' dir='ltr'><strong>de</strong></span> <span class='ocrx_word' id='word_1_359' title='bbox 3417 2810 3620 2868; x_wconf 90' lang='lat' dir='ltr'><strong>Sancto</strong></span> <span class='ocrx_word' id='word_1_360' title='bbox 3667 2813 3852 2868; x_wconf 82' lang='lat' dir='ltr'><strong>Gere-</strong></span> 
     </span>
    </p>
   </div>
   <div class='ocr_carea' id='block_1_59' title="bbox 2141 2897 3850 2970">
    <p class='ocr_par' dir='ltr' id='par_1_59' title="bbox 2141 2897 3850 2970">
     <span class='ocr_line' id='line_1_59' title="bbox 2141 2897 3850 2970; baseline 0.001 -15"><span class='ocrx_word' id='word_1_361' title='bbox 2141 2913 2302 2956; x_wconf 89' lang='lat' dir='ltr'><strong>maro</strong></span> <span class='ocrx_word' id='word_1_362' title='bbox 2340 2899 2410 2954; x_wconf 90' lang='lat' dir='ltr'><strong>de</strong></span> <span class='ocrx_word' id='word_1_363' title='bbox 2441 2898 2598 2968; x_wconf 84' lang='lat' dir='ltr'><strong>Flay,</strong></span> <span class='ocrx_word' id='word_1_364' title='bbox 2629 2905 2682 2954; x_wconf 92' lang='lat' dir='ltr'><strong>et</strong></span> <span class='ocrx_word' id='word_1_365' title='bbox 2713 2897 2973 2953; x_wconf 89' lang='lat' dir='ltr'><strong>homines</strong></span> <span class='ocrx_word' id='word_1_366' title='bbox 2998 2897 3113 2963; x_wconf 92' lang='lat' dir='ltr'><strong>sui,</strong></span> <span class='ocrx_word' id='word_1_367' title='bbox 3159 2905 3212 2954; x_wconf 89' lang='lat' dir='ltr'><strong>et</strong></span> <span class='ocrx_word' id='word_1_368' title='bbox 3252 2912 3450 2954; x_wconf 91' lang='lat' dir='ltr'><strong>omnes</strong></span> <span class='ocrx_word' id='word_1_369' title='bbox 3486 2912 3576 2954; x_wconf 91' lang='lat' dir='ltr'><strong>res</strong></span> <span class='ocrx_word' id='word_1_370' title='bbox 3619 2907 3674 2955; x_wconf 91' lang='lat' dir='ltr'><strong>et</strong></span> <span class='ocrx_word' id='word_1_371' title='bbox 3708 2915 3850 2970; x_wconf 90' lang='lat' dir='ltr'><strong>pos-</strong></span> 
     </span>
    </p>
   </div>
   <div class='ocr_carea' id='block_1_60' title="bbox 2143 2987 3855 3053">
    <p class='ocr_par' dir='ltr' id='par_1_60' title="bbox 2143 2987 3855 3053">
     <span class='ocr_line' id='line_1_60' title="bbox 2143 2987 3855 3053; baseline 0.001 -9"><span class='ocrx_word' id='word_1_372' title='bbox 2143 2989 2421 3044; x_wconf 90' lang='lat' dir='ltr'><strong>sessiones</strong></span> <span class='ocrx_word' id='word_1_373' title='bbox 2471 3001 2690 3053; x_wconf 87' lang='lat' dir='ltr'><strong>eorum,</strong></span> <span class='ocrx_word' id='word_1_374' title='bbox 2725 2993 2862 3042; x_wconf 90' lang='lat' dir='ltr'><strong>sunt</strong></span> <span class='ocrx_word' id='word_1_375' title='bbox 2893 2987 2950 3041; x_wconf 92' lang='lat' dir='ltr'><strong>in</strong></span> <span class='ocrx_word' id='word_1_376' title='bbox 2984 2999 3162 3042; x_wconf 88' lang='lat' dir='ltr'><strong>manu</strong></span> <span class='ocrx_word' id='word_1_377' title='bbox 3219 2994 3435 3049; x_wconf 86' lang='lat' dir='ltr'><strong>nostra,</strong></span> <span class='ocrx_word' id='word_1_378' title='bbox 3463 2995 3518 3041; x_wconf 91' lang='lat' dir='ltr'><strong>et</strong></span> <span class='ocrx_word' id='word_1_379' title='bbox 3584 2990 3855 3045; x_wconf 87' lang='lat' dir='ltr'><strong>custodia</strong></span> 
     </span>
    </p>
   </div>
   <div class='ocr_carea' id='block_1_61' title="bbox 333 3067 3854 3148">
    <p class='ocr_par' dir='ltr' id='par_1_61' title="bbox 333 3067 3854 3148">
     <span class='ocr_line' id='line_1_61' title="bbox 333 3067 3854 3148; baseline -0.003 -19"><span class='ocrx_word' id='word_1_380' title='bbox 333 3073 610 3140; x_wconf 90' lang='lat' dir='ltr'><strong>confecta)</strong></span> <span class='ocrx_word' id='word_1_381' title='bbox 645 3071 871 3128; x_wconf 91' lang='lat' dir='ltr'><strong>diremit</strong></span> <span class='ocrx_word' id='word_1_382' title='bbox 912 3071 1218 3127; x_wconf 89' lang='lat' dir='ltr'><strong>Fulbertus</strong></span> <span class='ocrx_word' id='word_1_383' title='bbox 1259 3069 1436 3126; x_wconf 88' lang='lat' dir='ltr'><strong>abbas</strong></span> <span class='ocrx_word' id='word_1_384' title='bbox 1471 3083 1485 3124; x_wconf 93' lang='lat'>:</span> <span class='ocrx_word' id='word_1_385' title='bbox 1521 3091 1542 3118; x_wconf 78' lang='grc' dir='ltr'><strong>ι</strong></span> <span class='ocrx_word' id='word_1_386' title='bbox 1590 3067 1670 3124; x_wconf 81' lang='lat' dir='ltr'><strong>Ne</strong></span> <span class='ocrx_word' id='word_1_387' title='bbox 1713 3068 1862 3124; x_wconf 89' lang='lat' dir='ltr'><strong>inter</strong></span> <span class='ocrx_word' id='word_1_388' title='bbox 1894 3067 2036 3123; x_wconf 84' lang='lat' dir='ltr'><strong>ﬁlios</strong></span> <span class='ocrx_word' id='word_1_389' title='bbox 2073 3091 2114 3148; x_wconf 71' lang='grc' dir='ltr'>ο</span> <span class='ocrx_word' id='word_1_390' title='bbox 2142 3085 2197 3134; x_wconf 72' lang='grc' dir='ltr'>ει</span> <span class='ocrx_word' id='word_1_391' title='bbox 2241 3079 2586 3148; x_wconf 63' lang='lat' dir='ltr'><strong>proiectione</strong></span> <span class='ocrx_word' id='word_1_392' title='bbox 2621 3091 2634 3130; x_wconf 83' lang='lat'><strong>;</strong></span> <span class='ocrx_word' id='word_1_393' title='bbox 2689 3088 2872 3146; x_wconf 75' lang='lat' dir='ltr'><strong>quare</strong></span> <span class='ocrx_word' id='word_1_394' title='bbox 2919 3074 3208 3143; x_wconf 69' lang='lat' dir='ltr'><strong>volumus,</strong></span> <span class='ocrx_word' id='word_1_395' title='bbox 3258 3083 3312 3131; x_wconf 67' lang='lat' dir='ltr'><strong>et</strong></span> <span class='ocrx_word' id='word_1_396' title='bbox 3358 3074 3594 3132; x_wconf 57' lang='lat' dir='ltr'><strong>ﬁrmiter</strong></span> <span class='ocrx_word' id='word_1_397' title='bbox 3643 3079 3854 3146; x_wconf 56' lang='lat' dir='ltr'><strong>prwci-</strong></span> 
     </span>
    </p>
   </div>
   <div class='ocr_carea' id='block_1_62' title="bbox 333 3155 2034 3232">
    <p class='ocr_par' dir='ltr' id='par_1_62' title="bbox 333 3155 2034 3232">
     <span class='ocr_line' id='line_1_62' title="bbox 333 3155 2034 3232; baseline -0.005 -14"><span class='ocrx_word' id='word_1_398' title='bbox 333 3162 512 3232; x_wconf 89' lang='lat' dir='ltr'><strong>pacis,</strong></span> <span class='ocrx_word' id='word_1_399' title='bbox 548 3160 867 3232; x_wconf 89' lang='lat' dir='ltr'><strong>inquiebat,</strong></span> <span class='ocrx_word' id='word_1_400' title='bbox 903 3173 1036 3230; x_wconf 86' lang='lat' dir='ltr'><strong>pax,</strong></span> <span class='ocrx_word' id='word_1_401' title='bbox 1069 3171 1189 3230; x_wconf 87' lang='lat' dir='ltr'><strong>qua</strong></span> <span class='ocrx_word' id='word_1_402' title='bbox 1230 3158 1370 3214; x_wconf 90' lang='lat' dir='ltr'><strong>nihil</strong></span> <span class='ocrx_word' id='word_1_403' title='bbox 1402 3157 1609 3213; x_wconf 91' lang='lat' dir='ltr'><strong>melius</strong></span> <span class='ocrx_word' id='word_1_404' title='bbox 1655 3163 1760 3221; x_wconf 90' lang='lat' dir='ltr'><strong>est,</strong></span> <span class='ocrx_word' id='word_1_405' title='bbox 1795 3155 1888 3212; x_wconf 87' lang='lat' dir='ltr'><strong>lite</strong></span> <span class='ocrx_word' id='word_1_406' title='bbox 1931 3155 2034 3211; x_wconf 87' lang='lat' dir='ltr'><strong>ali-</strong></span> 
     </span>
    </p>
   </div>
   <div class='ocr_carea' id='block_1_63' title="bbox 339 3245 2035 3322">
    <p class='ocr_par' dir='ltr' id='par_1_63' title="bbox 339 3245 2035 3322">
     <span class='ocr_line' id='line_1_63' title="bbox 339 3245 2035 3322; baseline -0.005 -15"><span class='ocrx_word' id='word_1_407' title='bbox 339 3250 572 3322; x_wconf 88' lang='lat' dir='ltr'><strong>quando</strong></span> <span class='ocrx_word' id='word_1_408' title='bbox 603 3250 860 3316; x_wconf 89' lang='lat' dir='ltr'><strong>suborta,</strong></span> <span class='ocrx_word' id='word_1_409' title='bbox 902 3248 1258 3305; x_wconf 88' lang='lat' dir='ltr'><strong>turbaretur.</strong></span> <span class='ocrx_word' id='word_1_410' title='bbox 1291 3269 1320 3296; x_wconf 89' lang='lat'>»</span> <span class='ocrx_word' id='word_1_411' title='bbox 1367 3245 1728 3318; x_wconf 86' lang='lat' dir='ltr'><strong>Ejuscemodi</strong></span> <span class='ocrx_word' id='word_1_412' title='bbox 1773 3245 2035 3301; x_wconf 90' lang='lat' dir='ltr'><strong>chartam</strong></span> 
     </span>
    </p>
   </div>
   <div class='ocr_carea' id='block_1_64' title="bbox 334 3333 2037 3406">
    <p class='ocr_par' dir='ltr' id='par_1_64' title="bbox 334 3333 2037 3406">
     <span class='ocr_line' id='line_1_64' title="bbox 334 3333 2037 3406; baseline -0.005 -11"><span class='ocrx_word' id='word_1_413' title='bbox 334 3339 667 3396; x_wconf 90' lang='lat' dir='ltr'><strong>nominibus</strong></span> <span class='ocrx_word' id='word_1_414' title='bbox 697 3339 980 3404; x_wconf 89' lang='lat' dir='ltr'><strong>muniere,</strong></span> <span class='ocrx_word' id='word_1_415' title='bbox 1007 3337 1295 3393; x_wconf 83' lang='lat' dir='ltr'><strong>Theoldus</strong></span> <span class='ocrx_word' id='word_1_416' title='bbox 1320 3336 1494 3406; x_wconf 91' lang='lat' dir='ltr'><strong>prior.</strong></span> <span class='ocrx_word' id='word_1_417' title='bbox 1529 3334 1865 3390; x_wconf 87' lang='lat' dir='ltr'><strong>Lambertus</strong></span> <span class='ocrx_word' id='word_1_418' title='bbox 1894 3333 2037 3390; x_wconf 87' lang='lat' dir='ltr'><strong>sub-</strong></span> 
     </span>
    </p>
   </div>
   <div class='ocr_carea' id='block_1_65' title="bbox 334 3423 2039 3498">
    <p class='ocr_par' dir='ltr' id='par_1_65' title="bbox 334 3423 2039 3498">
     <span class='ocr_line' id='line_1_65' title="bbox 334 3423 2039 3498; baseline -0.004 -14"><span class='ocrx_word' id='word_1_419' title='bbox 334 3427 514 3498; x_wconf 89' lang='lat' dir='ltr'><strong>prior,</strong></span> <span class='ocrx_word' id='word_1_420' title='bbox 549 3427 867 3484; x_wconf 85' lang='lat' dir='ltr'><strong>Landricus</strong></span> <span class='ocrx_word' id='word_1_421' title='bbox 897 3433 1116 3492; x_wconf 90' lang='lat' dir='ltr'><strong>cantor,</strong></span> <span class='ocrx_word' id='word_1_422' title='bbox 1147 3425 1265 3482; x_wconf 87' lang='lat' dir='ltr'><strong>Odo</strong></span> <span class='ocrx_word' id='word_1_423' title='bbox 1309 3424 1662 3493; x_wconf 89' lang='lat' dir='ltr'><strong>cellerarius,</strong></span> <span class='ocrx_word' id='word_1_424' title='bbox 1707 3423 2039 3479; x_wconf 89' lang='lat' dir='ltr'><strong>Walnerius</strong></span> 
     </span>
    </p>
   </div>
   <div class='ocr_carea' id='block_1_66' title="bbox 333 3509 2036 3582">
    <p class='ocr_par' dir='ltr' id='par_1_66' title="bbox 333 3509 2036 3582">
     <span class='ocr_line' id='line_1_66' title="bbox 333 3509 2036 3582; baseline -0.003 -12"><span class='ocrx_word' id='word_1_425' title='bbox 333 3515 478 3572; x_wconf 90' lang='lat' dir='ltr'><strong>alter</strong></span> <span class='ocrx_word' id='word_1_426' title='bbox 524 3514 880 3582; x_wconf 89' lang='lat' dir='ltr'><strong>cellerarius,</strong></span> <span class='ocrx_word' id='word_1_427' title='bbox 931 3513 1132 3568; x_wconf 89' lang='lat' dir='ltr'><strong>Petrus</strong></span> <span class='ocrx_word' id='word_1_428' title='bbox 1176 3519 1370 3568; x_wconf 89' lang='lat' dir='ltr'><strong>arator</strong></span> <span class='ocrx_word' id='word_1_429' title='bbox 1413 3510 1586 3582; x_wconf 79' lang='lat' dir='ltr'><strong>[alias</strong></span> <span class='ocrx_word' id='word_1_430' title='bbox 1632 3509 2036 3580; x_wconf 84' lang='lat' dir='ltr'><strong>Carrucarius]</strong></span> 
     </span>
    </p>
   </div>
   <div class='ocr_carea' id='block_1_67' title="bbox 332 3599 2038 3672">
    <p class='ocr_par' dir='ltr' id='par_1_67' title="bbox 332 3599 2038 3672">
     <span class='ocr_line' id='line_1_67' title="bbox 332 3599 2038 3672; baseline -0.003 -13"><span class='ocrx_word' id='word_1_431' title='bbox 332 3603 518 3659; x_wconf 88' lang='lat' dir='ltr'><strong>Godzo</strong></span> <span class='ocrx_word' id='word_1_432' title='bbox 575 3601 943 3672; x_wconf 86' lang='lat' dir='ltr'><strong>prapositus,</strong></span> <span class='ocrx_word' id='word_1_433' title='bbox 997 3600 1312 3656; x_wconf 85' lang='lat' dir='ltr'><strong>Herbertus</strong></span> <span class='ocrx_word' id='word_1_434' title='bbox 1375 3599 1798 3665; x_wconf 86' lang='lat' dir='ltr'><strong>thesaurarius,</strong></span> <span class='ocrx_word' id='word_1_435' title='bbox 1858 3599 2038 3654; x_wconf 90' lang='lat' dir='ltr'><strong>Droco</strong></span> 
     </span>
    </p>
   </div>
   <div class='ocr_carea' id='block_1_68' title="bbox 332 3688 1716 3760">
    <p class='ocr_par' dir='ltr' id='par_1_68' title="bbox 332 3688 1716 3760">
     <span class='ocr_line' id='line_1_68' title="bbox 332 3688 1716 3760; baseline -0.001 -12"><span class='ocrx_word' id='word_1_436' title='bbox 332 3692 402 3748; x_wconf 89' lang='lat' dir='ltr'><strong>de</strong></span> <span class='ocrx_word' id='word_1_437' title='bbox 432 3690 801 3747; x_wconf 89' lang='lat' dir='ltr'><strong>Calvomonte</strong></span> <span class='ocrx_word' id='word_1_438' title='bbox 831 3689 1047 3760; x_wconf 89' lang='lat' dir='ltr'><strong>aliique</strong></span> <span class='ocrx_word' id='word_1_439' title='bbox 1078 3689 1343 3745; x_wconf 91' lang='lat' dir='ltr'><strong>monachi</strong></span> <span class='ocrx_word' id='word_1_440' title='bbox 1375 3688 1716 3759; x_wconf 87' lang='lat' dir='ltr'><strong>complures.</strong></span> 
     </span>
    </p>
   </div>
   <div class='ocr_carea' id='block_1_69' title="bbox 407 3777 2040 3848">
    <p class='ocr_par' dir='ltr' id='par_1_69' title="bbox 407 3777 2040 3848">
     <span class='ocr_line' id='line_1_69' title="bbox 407 3777 2040 3848; baseline -0.004 -12"><span class='ocrx_word' id='word_1_441' title='bbox 407 3778 672 3836; x_wconf 89' lang='lat' dir='ltr'><strong>Interfuit</strong></span> <span class='ocrx_word' id='word_1_442' title='bbox 718 3778 1004 3834; x_wconf 84' lang='lat' dir='ltr'><strong>Bellovaci</strong></span> <span class='ocrx_word' id='word_1_443' title='bbox 1051 3777 1356 3834; x_wconf 90' lang='lat' dir='ltr'><strong>conventui</strong></span> <span class='ocrx_word' id='word_1_444' title='bbox 1395 3777 1815 3848; x_wconf 91' lang='lat' dir='ltr'><strong>episcoporum,</strong></span> <span class='ocrx_word' id='word_1_445' title='bbox 1856 3777 2040 3832; x_wconf 87' lang='lat' dir='ltr'><strong>abba-</strong></span> 
     </span>
    </p>
   </div>
   <div class='ocr_carea' id='block_1_70' title="bbox 333 3865 2038 3938">
    <p class='ocr_par' dir='ltr' id='par_1_70' title="bbox 333 3865 2038 3938">
     <span class='ocr_line' id='line_1_70' title="bbox 333 3865 2038 3938; baseline -0.004 -12"><span class='ocrx_word' id='word_1_446' title='bbox 333 3876 481 3934; x_wconf 91' lang='lat' dir='ltr'><strong>tum,</strong></span> <span class='ocrx_word' id='word_1_447' title='bbox 525 3881 951 3938; x_wconf 90' lang='lat' dir='ltr'><strong>procerumque</strong></span> <span class='ocrx_word' id='word_1_448' title='bbox 978 3865 1174 3923; x_wconf 87' lang='lat' dir='ltr'><strong>Gallia</strong></span> <span class='ocrx_word' id='word_1_449' title='bbox 1203 3867 1276 3922; x_wconf 91' lang='lat' dir='ltr'><strong>ab</strong></span> <span class='ocrx_word' id='word_1_450' title='bbox 1303 3865 1592 3922; x_wconf 87' lang='lat' dir='ltr'><strong>Ludovico</strong></span> <span class='ocrx_word' id='word_1_451' title='bbox 1630 3879 1764 3935; x_wconf 92' lang='lat' dir='ltr'><strong>rege</strong></span> <span class='ocrx_word' id='word_1_452' title='bbox 1791 3879 2038 3935; x_wconf 87' lang='lat' dir='ltr'><strong>congre-</strong></span> 
     </span>
    </p>
   </div>
   <div class='ocr_carea' id='block_1_71' title="bbox 335 3953 2042 4030">
    <p class='ocr_par' dir='ltr' id='par_1_71' title="bbox 335 3953 2042 4030">
     <span class='ocr_line' id='line_1_71' title="bbox 335 3953 2042 4030; baseline -0.003 -16"><span class='ocrx_word' id='word_1_453' title='bbox 335 3965 623 4030; x_wconf 90' lang='lat' dir='ltr'><strong>gatorum.</strong></span> <span class='ocrx_word' id='word_1_454' title='bbox 666 3956 768 4028; x_wconf 92' lang='lat' dir='ltr'><strong>qui</strong></span> <span class='ocrx_word' id='word_1_455' title='bbox 814 3955 1024 4028; x_wconf 88' lang='lat' dir='ltr'><strong>agitari</strong></span> <span class='ocrx_word' id='word_1_456' title='bbox 1066 3963 1317 4026; x_wconf 87' lang='lat' dir='ltr'><strong>rogarat,</strong></span> <span class='ocrx_word' id='word_1_457' title='bbox 1359 3962 1561 4012; x_wconf 92' lang='lat' dir='ltr'><strong>utrum</strong></span> <span class='ocrx_word' id='word_1_458' title='bbox 1610 3953 1938 4010; x_wconf 83' lang='lat' dir='ltr'><strong>Alexander</strong></span> <span class='ocrx_word' id='word_1_459' title='bbox 1965 3966 2042 4009; x_wconf 90' lang='lat' dir='ltr'><strong>an</strong></span> 
     </span>
    </p>
   </div>
   <div class='ocr_carea' id='block_1_72' title="bbox 332 4043 1751 4115">
    <p class='ocr_par' dir='ltr' id='par_1_72' title="bbox 332 4043 1751 4115">
     <span class='ocr_line' id='line_1_72' title="bbox 332 4043 1751 4115; baseline -0.004 -11"><span class='ocrx_word' id='word_1_460' title='bbox 332 4046 532 4105; x_wconf 84' lang='lat' dir='ltr'><strong>Victor</strong></span> <span class='ocrx_word' id='word_1_461' title='bbox 560 4046 618 4102; x_wconf 92' lang='lat' dir='ltr'><strong>in</strong></span> <span class='ocrx_word' id='word_1_462' title='bbox 650 4059 942 4102; x_wconf 89' lang='lat' dir='ltr'><strong>summum</strong></span> <span class='ocrx_word' id='word_1_463' title='bbox 976 4045 1300 4115; x_wconf 86' lang='lat' dir='ltr'><strong>pontiﬁcem</strong></span> <span class='ocrx_word' id='word_1_464' title='bbox 1335 4043 1751 4099; x_wconf 89' lang='lat' dir='ltr'><strong>admitteretur.</strong></span> 
     </span>
    </p>
   </div>
   <div class='ocr_carea' id='block_1_73' title="bbox 405 4129 2040 4202">
    <p class='ocr_par' dir='ltr' id='par_1_73' title="bbox 405 4129 2040 4202">
     <span class='ocr_line' id='line_1_73' title="bbox 405 4129 2040 4202; baseline -0.003 -12"><span class='ocrx_word' id='word_1_465' title='bbox 405 4133 717 4192; x_wconf 90' lang='lat' dir='ltr'><strong>Fulbertus</strong></span> <span class='ocrx_word' id='word_1_466' title='bbox 757 4131 1104 4189; x_wconf 79' lang='lat' dir='ltr'><strong>monasterio</strong></span> <span class='ocrx_word' id='word_1_467' title='bbox 1155 4131 1430 4202; x_wconf 87' lang='lat' dir='ltr'><strong>praclare</strong></span> <span class='ocrx_word' id='word_1_468' title='bbox 1483 4133 1547 4186; x_wconf 89' lang='grc'><strong>19</strong></span> <span class='ocrx_word' id='word_1_469' title='bbox 1584 4131 1753 4186; x_wconf 90' lang='lat' dir='ltr'><strong>annis</strong></span> <span class='ocrx_word' id='word_1_470' title='bbox 1799 4129 2040 4186; x_wconf 84' lang='lat' dir='ltr'><strong>admini-</strong></span> 
     </span>
    </p>
   </div>
   <div class='ocr_carea' id='block_1_74' title="bbox 331 4217 2040 4293">
    <p class='ocr_par' dir='ltr' id='par_1_74' title="bbox 331 4217 2040 4293">
     <span class='ocr_line' id='line_1_74' title="bbox 331 4217 2040 4293; baseline -0.002 -15"><span class='ocrx_word' id='word_1_471' title='bbox 331 4229 534 4293; x_wconf 87' lang='lat' dir='ltr'><strong>strato,</strong></span> <span class='ocrx_word' id='word_1_472' title='bbox 581 4221 742 4279; x_wconf 89' lang='lat' dir='ltr'><strong>Nono</strong></span> <span class='ocrx_word' id='word_1_473' title='bbox 812 4220 938 4276; x_wconf 87' lang='lat' dir='ltr'><strong>Kal.</strong></span> <span class='ocrx_word' id='word_1_474' title='bbox 1001 4219 1134 4276; x_wconf 83' lang='lat' dir='ltr'><strong>Maii</strong></span> <span class='ocrx_word' id='word_1_475' title='bbox 1181 4220 1354 4277; x_wconf 91' lang='lat' dir='ltr'><strong>rebus</strong></span> <span class='ocrx_word' id='word_1_476' title='bbox 1403 4217 1678 4276; x_wconf 88' lang='lat' dir='ltr'><strong>humanis</strong></span> <span class='ocrx_word' id='word_1_477' title='bbox 1737 4225 2040 4288; x_wconf 80' lang='lat' dir='ltr'><strong>exemptus</strong></span> 
     </span>
    </p>
   </div>
   <div class='ocr_carea' id='block_1_75' title="bbox 333 4314 436 4367">
    <p class='ocr_par' dir='ltr' id='par_1_75' title="bbox 333 4314 436 4367">
     <span class='ocr_line' id='line_1_75' title="bbox 333 4314 436 4367; baseline -0.019 -1"><span class='ocrx_word' id='word_1_478' title='bbox 333 4314 436 4367; x_wconf 67' lang='lat' dir='ltr'><strong>BSt.</strong></span> 
     </span>
    </p>
   </div>
   <div class='ocr_carea' id='block_1_76' title="bbox 2148 3163 3853 3236">
    <p class='ocr_par' dir='ltr' id='par_1_76' title="bbox 2148 3163 3853 3236">
     <span class='ocr_line' id='line_1_76' title="bbox 2148 3163 3853 3236; baseline 0.001 -15"><span class='ocrx_word' id='word_1_479' title='bbox 2148 3166 2338 3236; x_wconf 88' lang='lat' dir='ltr'><strong>pimus</strong></span> <span class='ocrx_word' id='word_1_480' title='bbox 2398 3164 2552 3236; x_wconf 92' lang='lat' dir='ltr'><strong>quod</strong></span> <span class='ocrx_word' id='word_1_481' title='bbox 2605 3164 2804 3234; x_wconf 89' lang='lat' dir='ltr'><strong>ipsam.</strong></span> <span class='ocrx_word' id='word_1_482' title='bbox 2864 3169 2919 3218; x_wconf 92' lang='lat' dir='ltr'><strong>et</strong></span> <span class='ocrx_word' id='word_1_483' title='bbox 2965 3163 3293 3230; x_wconf 92' lang='lat' dir='ltr'><strong>monachos,</strong></span> <span class='ocrx_word' id='word_1_484' title='bbox 3345 3171 3399 3220; x_wconf 89' lang='lat' dir='ltr'><strong>et</strong></span> <span class='ocrx_word' id='word_1_485' title='bbox 3461 3163 3743 3232; x_wconf 91' lang='lat' dir='ltr'><strong>homines,</strong></span> <span class='ocrx_word' id='word_1_486' title='bbox 3792 3175 3853 3223; x_wconf 89' lang='lat' dir='ltr'><strong>et</strong></span> 
     </span>
    </p>
   </div>
   <div class='ocr_carea' id='block_1_77' title="bbox 2147 3251 3849 3324">
    <p class='ocr_par' dir='ltr' id='par_1_77' title="bbox 2147 3251 3849 3324">
     <span class='ocr_line' id='line_1_77' title="bbox 2147 3251 3849 3324; baseline -0.001 -13"><span class='ocrx_word' id='word_1_487' title='bbox 2147 3268 2257 3320; x_wconf 91' lang='lat' dir='ltr'><strong>res,</strong></span> <span class='ocrx_word' id='word_1_488' title='bbox 2303 3260 2360 3309; x_wconf 89' lang='lat' dir='ltr'><strong>et</strong></span> <span class='ocrx_word' id='word_1_489' title='bbox 2399 3252 2782 3324; x_wconf 88' lang='lat' dir='ltr'><strong>possessiones</strong></span> <span class='ocrx_word' id='word_1_490' title='bbox 2825 3265 3026 3307; x_wconf 90' lang='lat' dir='ltr'><strong>eorum</strong></span> <span class='ocrx_word' id='word_1_491' title='bbox 3057 3257 3170 3308; x_wconf 91' lang='lat' dir='ltr'><strong>tam</strong></span> <span class='ocrx_word' id='word_1_492' title='bbox 3212 3251 3622 3308; x_wconf 86' lang='lat' dir='ltr'><strong>ecclesiasticas</strong></span> <span class='ocrx_word' id='word_1_493' title='bbox 3662 3267 3849 3323; x_wconf 89' lang='lat' dir='ltr'><strong>quam</strong></span> 
     </span>
    </p>
   </div>
   <div class='ocr_carea' id='block_1_78' title="bbox 2145 3339 3850 3412">
    <p class='ocr_par' dir='ltr' id='par_1_78' title="bbox 2145 3339 3850 3412">
     <span class='ocr_line' id='line_1_78' title="bbox 2145 3339 3850 3412; baseline -0.001 -14"><span class='ocrx_word' id='word_1_494' title='bbox 2145 3343 2323 3399; x_wconf 90' lang='lat' dir='ltr'><strong>laicas</strong></span> <span class='ocrx_word' id='word_1_495' title='bbox 2379 3355 2477 3412; x_wconf 90' lang='lat' dir='ltr'><strong>per</strong></span> <span class='ocrx_word' id='word_1_496' title='bbox 2523 3348 2730 3396; x_wconf 88' lang='lat' dir='ltr'><strong>terram</strong></span> <span class='ocrx_word' id='word_1_497' title='bbox 2782 3347 3056 3404; x_wconf 88' lang='lat' dir='ltr'><strong>nostram,</strong></span> <span class='ocrx_word' id='word_1_498' title='bbox 3115 3339 3234 3394; x_wconf 83' lang='lat' dir='ltr'><strong>sive</strong></span> <span class='ocrx_word' id='word_1_499' title='bbox 3304 3353 3415 3409; x_wconf 86' lang='lat' dir='ltr'><strong>pax</strong></span> <span class='ocrx_word' id='word_1_500' title='bbox 3483 3340 3670 3406; x_wconf 87' lang='lat' dir='ltr'><strong>fuerit,</strong></span> <span class='ocrx_word' id='word_1_501' title='bbox 3723 3343 3850 3397; x_wconf 79' lang='lat' dir='ltr'><strong>sive</strong></span> 
     </span>
    </p>
   </div>
   <div class='ocr_carea' id='block_1_79' title="bbox 2147 3426 3855 3502">
    <p class='ocr_par' dir='ltr' id='par_1_79' title="bbox 2147 3426 3855 3502">
     <span class='ocr_line' id='line_1_79' title="bbox 2147 3426 3855 3502; baseline -0.001 -16"><span class='ocrx_word' id='word_1_502' title='bbox 2147 3443 2378 3502; x_wconf 88' lang='lat' dir='ltr'><strong>guerra,</strong></span> <span class='ocrx_word' id='word_1_503' title='bbox 2407 3426 2760 3494; x_wconf 84' lang='lat' dir='ltr'><strong>custodiatis,</strong></span> <span class='ocrx_word' id='word_1_504' title='bbox 2796 3427 3103 3497; x_wconf 84' lang='lat' dir='ltr'><strong>protegatis</strong></span> <span class='ocrx_word' id='word_1_505' title='bbox 3129 3433 3184 3482; x_wconf 90' lang='lat' dir='ltr'><strong>et</strong></span> <span class='ocrx_word' id='word_1_506' title='bbox 3224 3442 3400 3483; x_wconf 91' lang='lat' dir='ltr'><strong>manu</strong></span> <span class='ocrx_word' id='word_1_507' title='bbox 3447 3428 3718 3495; x_wconf 85' lang='lat' dir='ltr'><strong>teneatis;</strong></span> <span class='ocrx_word' id='word_1_508' title='bbox 3771 3430 3855 3485; x_wconf 86' lang='lat' dir='ltr'><strong>ita</strong></span> 
     </span>
    </p>
   </div>
   <div class='ocr_carea' id='block_1_80' title="bbox 2147 3514 3853 3590">
    <p class='ocr_par' dir='ltr' id='par_1_80' title="bbox 2147 3514 3853 3590">
     <span class='ocr_line' id='line_1_80' title="bbox 2147 3514 3853 3590; baseline -0.001 -15"><span class='ocrx_word' id='word_1_509' title='bbox 2147 3519 2302 3590; x_wconf 90' lang='lat' dir='ltr'><strong>quod</strong></span> <span class='ocrx_word' id='word_1_510' title='bbox 2349 3518 2432 3574; x_wconf 88' lang='lat' dir='ltr'><strong>eis</strong></span> <span class='ocrx_word' id='word_1_511' title='bbox 2481 3516 2704 3572; x_wconf 90' lang='lat' dir='ltr'><strong>nullam</strong></span> <span class='ocrx_word' id='word_1_512' title='bbox 2749 3514 3044 3586; x_wconf 87' lang='lat' dir='ltr'><strong>injuriam.</strong></span> <span class='ocrx_word' id='word_1_513' title='bbox 3097 3515 3188 3570; x_wconf 88' lang='lat' dir='ltr'><strong>vel</strong></span> <span class='ocrx_word' id='word_1_514' title='bbox 3258 3516 3684 3582; x_wconf 87' lang='lat' dir='ltr'><strong>contumeliam,</strong></span> <span class='ocrx_word' id='word_1_515' title='bbox 3744 3527 3853 3574; x_wconf 87' lang='lat' dir='ltr'><strong>aut</strong></span> 
     </span>
    </p>
   </div>
   <div class='ocr_carea' id='block_1_81' title="bbox 2149 3602 3847 3678">
    <p class='ocr_par' dir='ltr' id='par_1_81' title="bbox 2149 3602 3847 3678">
     <span class='ocr_line' id='line_1_81' title="bbox 2149 3602 3847 3678; baseline -0.002 -15"><span class='ocrx_word' id='word_1_516' title='bbox 2149 3620 2466 3678; x_wconf 89' lang='lat' dir='ltr'><strong>gravamen</strong></span> <span class='ocrx_word' id='word_1_517' title='bbox 2515 3603 2758 3670; x_wconf 90' lang='lat' dir='ltr'><strong>faciatis,</strong></span> <span class='ocrx_word' id='word_1_518' title='bbox 2808 3617 2912 3658; x_wconf 90' lang='lat' dir='ltr'><strong>nec</strong></span> <span class='ocrx_word' id='word_1_519' title='bbox 2943 3603 3014 3659; x_wconf 88' lang='lat' dir='ltr'><strong>ab</strong></span> <span class='ocrx_word' id='word_1_520' title='bbox 3057 3602 3256 3674; x_wconf 89' lang='lat' dir='ltr'><strong>aliquo</strong></span> <span class='ocrx_word' id='word_1_521' title='bbox 3314 3603 3434 3660; x_wconf 84' lang='lat' dir='ltr'><strong>fieri</strong></span> <span class='ocrx_word' id='word_1_522' title='bbox 3485 3605 3847 3674; x_wconf 85' lang='lat' dir='ltr'><strong>permittatis.</strong></span> 
     </span>
    </p>
   </div>
   <div class='ocr_carea' id='block_1_82' title="bbox 2148 3691 3851 3764">
    <p class='ocr_par' dir='ltr' id='par_1_82' title="bbox 2148 3691 3851 3764">
     <span class='ocr_line' id='line_1_82' title="bbox 2148 3691 3851 3764; baseline -0.001 -12"><span class='ocrx_word' id='word_1_523' title='bbox 2148 3697 2219 3752; x_wconf 89' lang='lat' dir='ltr'><strong>Et</strong></span> <span class='ocrx_word' id='word_1_524' title='bbox 2261 3696 2309 3751; x_wconf 89' lang='lat' dir='ltr'><strong>si</strong></span> <span class='ocrx_word' id='word_1_525' title='bbox 2360 3694 2501 3750; x_wconf 92' lang='lat' dir='ltr'><strong>forte</strong></span> <span class='ocrx_word' id='word_1_526' title='bbox 2550 3693 2608 3748; x_wconf 91' lang='lat' dir='ltr'><strong>in</strong></span> <span class='ocrx_word' id='word_1_527' title='bbox 2653 3692 2850 3762; x_wconf 90' lang='lat' dir='ltr'><strong>aliquo</strong></span> <span class='ocrx_word' id='word_1_528' title='bbox 2884 3692 2966 3747; x_wconf 90' lang='lat' dir='ltr'><strong>eis</strong></span> <span class='ocrx_word' id='word_1_529' title='bbox 3013 3691 3184 3748; x_wconf 90' lang='lat' dir='ltr'><strong>fuerit</strong></span> <span class='ocrx_word' id='word_1_530' title='bbox 3226 3691 3597 3761; x_wconf 87' lang='lat' dir='ltr'><strong>forisfactum,</strong></span> <span class='ocrx_word' id='word_1_531' title='bbox 3645 3695 3851 3764; x_wconf 91' lang='lat' dir='ltr'><strong>plena-</strong></span> 
     </span>
    </p>
   </div>
   <div class='ocr_carea' id='block_1_83' title="bbox 2147 3779 3850 3853">
    <p class='ocr_par' dir='ltr' id='par_1_83' title="bbox 2147 3779 3850 3853">
     <span class='ocr_line' id='line_1_83' title="bbox 2147 3779 3850 3853; baseline 0 -13"><span class='ocrx_word' id='word_1_532' title='bbox 2147 3783 2291 3840; x_wconf 90' lang='lat' dir='ltr'><strong>riam</strong></span> <span class='ocrx_word' id='word_1_533' title='bbox 2335 3783 2417 3838; x_wconf 91' lang='lat' dir='ltr'><strong>eis</strong></span> <span class='ocrx_word' id='word_1_534' title='bbox 2465 3794 2638 3850; x_wconf 92' lang='lat' dir='ltr'><strong>super</strong></span> <span class='ocrx_word' id='word_1_535' title='bbox 2665 3781 2773 3836; x_wconf 88' lang='lat' dir='ltr'><strong>hoc</strong></span> <span class='ocrx_word' id='word_1_536' title='bbox 2797 3779 3077 3850; x_wconf 91' lang='lat' dir='ltr'><strong>justitiam</strong></span> <span class='ocrx_word' id='word_1_537' title='bbox 3111 3779 3348 3849; x_wconf 90' lang='lat' dir='ltr'><strong>faciatis,</strong></span> <span class='ocrx_word' id='word_1_538' title='bbox 3385 3788 3660 3853; x_wconf 88' lang='lat' dir='ltr'><strong>tanquam</strong></span> <span class='ocrx_word' id='word_1_539' title='bbox 3704 3785 3850 3840; x_wconf 91' lang='lat' dir='ltr'><strong>mihi</strong></span> 
     </span>
    </p>
   </div>
   <div class='ocr_carea' id='block_1_84' title="bbox 2147 3867 3372 3942">
    <p class='ocr_par' dir='ltr' id='par_1_84' title="bbox 2147 3867 3372 3942">
     <span class='ocr_line' id='line_1_84' title="bbox 2147 3867 3372 3942; baseline -0.007 -15"><span class='ocrx_word' id='word_1_540' title='bbox 2147 3871 2276 3942; x_wconf 91' lang='lat' dir='ltr'><strong>ipsi.</strong></span> <span class='ocrx_word' id='word_1_541' title='bbox 2300 3870 2469 3942; x_wconf 90' lang='lat' dir='ltr'><strong>Apud</strong></span> <span class='ocrx_word' id='word_1_542' title='bbox 2506 3869 2748 3926; x_wconf 91' lang='lat' dir='ltr'><strong>Vallena</strong></span> <span class='ocrx_word' id='word_1_543' title='bbox 2779 3867 3009 3924; x_wconf 80' lang='lat' dir='ltr'><strong>Rudolii</strong></span> <span class='ocrx_word' id='word_1_544' title='bbox 3032 3883 3108 3924; x_wconf 84' lang='lat' dir='ltr'><strong>xv</strong></span> <span class='ocrx_word' id='word_1_545' title='bbox 3134 3869 3313 3924; x_wconf 79' lang='lat' dir='ltr'><strong>Junii.</strong></span> <span class='ocrx_word' id='word_1_546' title='bbox 3350 3891 3372 3918; x_wconf 76' lang='grc' dir='ltr'><strong>ι</strong></span> 
     </span>
    </p>
   </div>
   <div class='ocr_carea' id='block_1_85' title="bbox 2223 3955 3846 4028">
    <p class='ocr_par' dir='ltr' id='par_1_85' title="bbox 2223 3955 3846 4028">
     <span class='ocr_line' id='line_1_85' title="bbox 2223 3955 3846 4028; baseline 0.001 -13"><span class='ocrx_word' id='word_1_547' title='bbox 2223 3958 2544 4015; x_wconf 86' lang='lat' dir='ltr'><strong>Prioratum</strong></span> <span class='ocrx_word' id='word_1_548' title='bbox 2573 3956 2768 4013; x_wconf 91' lang='lat' dir='ltr'><strong>Sancti</strong></span> <span class='ocrx_word' id='word_1_549' title='bbox 2797 3955 3081 4027; x_wconf 90' lang='lat' dir='ltr'><strong>Arnulphi</strong></span> <span class='ocrx_word' id='word_1_550' title='bbox 3118 3957 3406 4027; x_wconf 86' lang='lat' dir='ltr'><strong>martyris,</strong></span> <span class='ocrx_word' id='word_1_551' title='bbox 3443 3972 3614 4028; x_wconf 88' lang='lat' dir='ltr'><strong>prope</strong></span> <span class='ocrx_word' id='word_1_552' title='bbox 3650 3959 3846 4017; x_wconf 88' lang='lat' dir='ltr'><strong>Claro-</strong></span> 
     </span>
    </p>
   </div>
   <div class='ocr_carea' id='block_1_86' title="bbox 2151 4045 3842 4117">
    <p class='ocr_par' dir='ltr' id='par_1_86' title="bbox 2151 4045 3842 4117">
     <span class='ocr_line' id='line_1_86' title="bbox 2151 4045 3842 4117; baseline 0.001 -13"><span class='ocrx_word' id='word_1_553' title='bbox 2151 4055 2422 4115; x_wconf 92' lang='lat' dir='ltr'><strong>montem,</strong></span> <span class='ocrx_word' id='word_1_554' title='bbox 2455 4061 2486 4103; x_wconf 91' lang='lat' dir='ltr'><strong>a</strong></span> <span class='ocrx_word' id='word_1_555' title='bbox 2519 4045 2780 4116; x_wconf 87' lang='lat' dir='ltr'><strong>Philippo</strong></span> <span class='ocrx_word' id='word_1_556' title='bbox 2831 4045 3160 4102; x_wconf 90' lang='lat' dir='ltr'><strong>Belvacensi</strong></span> <span class='ocrx_word' id='word_1_557' title='bbox 3209 4046 3472 4117; x_wconf 89' lang='lat' dir='ltr'><strong>episcopo</strong></span> <span class='ocrx_word' id='word_1_558' title='bbox 3511 4048 3690 4104; x_wconf 89' lang='lat' dir='ltr'><strong>sancti</strong></span> <span class='ocrx_word' id='word_1_559' title='bbox 3733 4048 3842 4105; x_wconf 88' lang='lat' dir='ltr'><strong>Ge-</strong></span> 
     </span>
    </p>
   </div>
   <div class='ocr_carea' id='block_1_87' title="bbox 2148 4132 3840 4208">
    <p class='ocr_par' dir='ltr' id='par_1_87' title="bbox 2148 4132 3840 4208">
     <span class='ocr_line' id='line_1_87' title="bbox 2148 4132 3840 4208; baseline 0 -16"><span class='ocrx_word' id='word_1_560' title='bbox 2148 4137 2358 4192; x_wconf 88' lang='lat' dir='ltr'><strong>remari</strong></span> <span class='ocrx_word' id='word_1_561' title='bbox 2421 4135 2674 4192; x_wconf 88' lang='lat' dir='ltr'><strong>ecclesia</strong></span> <span class='ocrx_word' id='word_1_562' title='bbox 2738 4132 3076 4206; x_wconf 89' lang='lat' dir='ltr'><strong>dilargitum</strong></span> <span class='ocrx_word' id='word_1_563' title='bbox 3157 4142 3376 4192; x_wconf 90' lang='lat' dir='ltr'><strong>constat</strong></span> <span class='ocrx_word' id='word_1_564' title='bbox 3435 4149 3510 4192; x_wconf 84' lang='lat' dir='ltr'><strong>ex</strong></span> <span class='ocrx_word' id='word_1_565' title='bbox 3583 4138 3840 4208; x_wconf 89' lang='lat' dir='ltr'><strong>sequenti</strong></span> 
     </span>
    </p>
   </div>
   <div class='ocr_carea' id='block_1_88' title="bbox 2145 4225 2375 4282">
    <p class='ocr_par' dir='ltr' id='par_1_88' title="bbox 2145 4225 2375 4282">
     <span class='ocr_line' id='line_1_88' title="bbox 2145 4225 2375 4282; baseline -0.017 0"><span class='ocrx_word' id='word_1_566' title='bbox 2145 4225 2375 4282; x_wconf 88' lang='lat' dir='ltr'><strong>scheda.</strong></span> 
     </span>
    </p>
   </div>
   <div class='ocr_carea' id='block_1_89' title="bbox 2223 4309 3837 4384">
    <p class='ocr_par' dir='ltr' id='par_1_89' title="bbox 2223 4309 3837 4384">
     <span class='ocr_line' id='line_1_89' title="bbox 2223 4309 3837 4384; baseline 0.005 -22"><span class='ocrx_word' id='word_1_567' title='bbox 2223 4335 2245 4362; x_wconf 84' lang='grc'><strong>‹</strong></span> <span class='ocrx_word' id='word_1_568' title='bbox 2276 4313 2488 4370; x_wconf 90' lang='lat' dir='ltr'><strong>Notum</strong></span> <span class='ocrx_word' id='word_1_569' title='bbox 2519 4310 2592 4368; x_wconf 91' lang='lat' dir='ltr'><strong>sit</strong></span> <span class='ocrx_word' id='word_1_570' title='bbox 2625 4318 2738 4367; x_wconf 89' lang='lat' dir='ltr'><strong>tam</strong></span> <span class='ocrx_word' id='word_1_571' title='bbox 2769 4309 3165 4381; x_wconf 85' lang='lat' dir='ltr'><strong>prasentibus,</strong></span> <span class='ocrx_word' id='word_1_572' title='bbox 3201 4325 3378 4381; x_wconf 91' lang='lat' dir='ltr'><strong>quam</strong></span> <span class='ocrx_word' id='word_1_573' title='bbox 3416 4311 3646 4380; x_wconf 90' lang='lat' dir='ltr'><strong>futuris,</strong></span> <span class='ocrx_word' id='word_1_574' title='bbox 3685 4315 3837 4384; x_wconf 91' lang='lat' dir='ltr'><strong>quod</strong></span> 
     </span>
    </p>
   </div>
   <div class='ocr_carea' id='block_1_90' title="bbox 404 4373 3838 4473">
    <p class='ocr_par' dir='ltr' id='par_1_90' title="bbox 404 4373 3838 4473">
     <span class='ocr_line' id='line_1_90' title="bbox 404 4373 3838 4473; baseline 0.001 -18"><span class='ocrx_word' id='word_1_575' title='bbox 404 4398 582 4455; x_wconf 87' lang='lat' dir='ltr'><strong>XVII.</strong></span> <span class='ocrx_word' id='word_1_576' title='bbox 609 4396 916 4454; x_wconf 88' lang='lat' dir='ltr'><strong>Gerardus.</strong></span> <span class='ocrx_word' id='word_1_577' title='bbox 962 4396 1269 4454; x_wconf 84' lang='lat' dir='ltr'><strong>Litterulas</strong></span> <span class='ocrx_word' id='word_1_578' title='bbox 1306 4395 1523 4453; x_wconf 89' lang='lat' dir='ltr'><strong>obtinet</strong></span> <span class='ocrx_word' id='word_1_579' title='bbox 1558 4397 1630 4453; x_wconf 89' lang='lat' dir='ltr'><strong>ab</strong></span> <span class='ocrx_word' id='word_1_580' title='bbox 1671 4396 1916 4452; x_wconf 86' lang='lat' dir='ltr'><strong>Henrico</strong></span> <span class='ocrx_word' id='word_1_581' title='bbox 1961 4395 2034 4464; x_wconf 90' lang='lat' dir='ltr'><strong>II,</strong></span> <span class='ocrx_word' id='word_1_582' title='bbox 2075 4373 2246 4473; x_wconf 80' lang='lat' dir='ltr'><strong>Dego</strong></span> <span class='ocrx_word' id='word_1_583' title='bbox 2309 4398 2604 4471; x_wconf 84' lang='lat' dir='ltr'><strong>Philippus</strong></span> <span class='ocrx_word' id='word_1_584' title='bbox 2663 4373 2789 4455; x_wconf 40' lang='lat' dir='ltr'><strong>Dei-</strong></span> <span class='ocrx_word' id='word_1_585' title='bbox 2819 4397 3009 4469; x_wconf 89' lang='lat' dir='ltr'><strong>gratia</strong></span> <span class='ocrx_word' id='word_1_586' title='bbox 3086 4373 3444 4456; x_wconf 78' lang='lat' dir='ltr'><strong>Belvacensis</strong></span> <span class='ocrx_word' id='word_1_587' title='bbox 3519 4373 3838 4472; x_wconf 74' lang='lat' dir='ltr'><strong>episcopus,</strong></span> 
     </span>
    </p>
   </div>
   <div class='ocr_carea' id='block_1_91' title="bbox 334 4485 2036 4559">
    <p class='ocr_par' dir='ltr' id='par_1_91' title="bbox 334 4485 2036 4559">
     <span class='ocr_line' id='line_1_91' title="bbox 334 4485 2036 4559; baseline -0.002 -15"><span class='ocrx_word' id='word_1_588' title='bbox 334 4487 657 4559; x_wconf 86' lang='lat' dir='ltr'><strong>Anglorum</strong></span> <span class='ocrx_word' id='word_1_589' title='bbox 706 4499 859 4557; x_wconf 90' lang='lat' dir='ltr'><strong>rege,</strong></span> <span class='ocrx_word' id='word_1_590' title='bbox 932 4485 1147 4556; x_wconf 91' lang='lat' dir='ltr'><strong>quibus</strong></span> <span class='ocrx_word' id='word_1_591' title='bbox 1207 4485 1462 4542; x_wconf 87' lang='lat' dir='ltr'><strong>stabilita</strong></span> <span class='ocrx_word' id='word_1_592' title='bbox 1519 4492 1856 4556; x_wconf 88' lang='lat' dir='ltr'><strong>permanent</strong></span> <span class='ocrx_word' id='word_1_593' title='bbox 1904 4498 2036 4555; x_wconf 88' lang='lat' dir='ltr'><strong>qua</strong></span> 
     </span>
    </p>
   </div>
   <div class='ocr_carea' id='block_1_92' title="bbox 332 4571 2031 4644">
    <p class='ocr_par' dir='ltr' id='par_1_92' title="bbox 332 4571 2031 4644">
     <span class='ocr_line' id='line_1_92' title="bbox 332 4571 2031 4644; baseline -0.003 -13"><span class='ocrx_word' id='word_1_594' title='bbox 332 4581 691 4632; x_wconf 88' lang='lat' dir='ltr'><strong>concesserat</strong></span> <span class='ocrx_word' id='word_1_595' title='bbox 751 4574 1035 4630; x_wconf 88' lang='lat' dir='ltr'><strong>Henricus</strong></span> <span class='ocrx_word' id='word_1_596' title='bbox 1098 4574 1142 4642; x_wconf 88' lang='grc' dir='ltr'><strong>Ι,</strong></span> <span class='ocrx_word' id='word_1_597' title='bbox 1207 4572 1298 4629; x_wconf 89' lang='lat' dir='ltr'><strong>his</strong></span> <span class='ocrx_word' id='word_1_598' title='bbox 1347 4573 1582 4644; x_wconf 90' lang='lat' dir='ltr'><strong>signum</strong></span> <span class='ocrx_word' id='word_1_599' title='bbox 1656 4572 1922 4644; x_wconf 89' lang='lat' dir='ltr'><strong>apposuit</strong></span> <span class='ocrx_word' id='word_1_600' title='bbox 1977 4571 2031 4628; x_wconf 90' lang='lat' dir='ltr'><strong>S.</strong></span> 
     </span>
    </p>
   </div>
   <div class='ocr_carea' id='block_1_93' title="bbox 331 4661 1444 4734">
    <p class='ocr_par' dir='ltr' id='par_1_93' title="bbox 331 4661 1444 4734">
     <span class='ocr_line' id='line_1_93' title="bbox 331 4661 1444 4734; baseline -0.004 -14"><span class='ocrx_word' id='word_1_601' title='bbox 331 4663 600 4729; x_wconf 85' lang='lat' dir='ltr'><strong>Thomas,</strong></span> <span class='ocrx_word' id='word_1_602' title='bbox 634 4669 774 4719; x_wconf 93' lang='lat' dir='ltr'><strong>tunc</strong></span> <span class='ocrx_word' id='word_1_603' title='bbox 798 4661 1018 4734; x_wconf 85' lang='lat' dir='ltr'><strong>Anglia</strong></span> <span class='ocrx_word' id='word_1_604' title='bbox 1043 4661 1444 4718; x_wconf 89' lang='lat' dir='ltr'><strong>cancellarius.</strong></span> 
     </span>
    </p>
   </div>
   <div class='ocr_carea' id='block_1_94' title="bbox 407 4748 2038 4820">
    <p class='ocr_par' dir='ltr' id='par_1_94' title="bbox 407 4748 2038 4820">
     <span class='ocr_line' id='line_1_94' title="bbox 407 4748 2038 4820; baseline -0.002 -12"><span class='ocrx_word' id='word_1_605' title='bbox 407 4751 618 4810; x_wconf 89' lang='lat' dir='ltr'><strong>Tribus</strong></span> <span class='ocrx_word' id='word_1_606' title='bbox 646 4751 934 4808; x_wconf 81' lang='lat' dir='ltr'><strong>duntaxat</strong></span> <span class='ocrx_word' id='word_1_607' title='bbox 971 4749 1141 4806; x_wconf 88' lang='lat' dir='ltr'><strong>annis</strong></span> <span class='ocrx_word' id='word_1_608' title='bbox 1179 4749 1408 4820; x_wconf 73' lang='lat' dir='ltr'><strong>praefuit</strong></span> <span class='ocrx_word' id='word_1_609' title='bbox 1433 4748 1743 4818; x_wconf 88' lang='lat' dir='ltr'><strong>Gerardus,</strong></span> <span class='ocrx_word' id='word_1_610' title='bbox 1777 4762 1845 4805; x_wconf 91' lang='lat' dir='ltr'><strong>ac</strong></span> <span class='ocrx_word' id='word_1_611' title='bbox 1891 4761 2038 4805; x_wconf 88' lang='lat' dir='ltr'><strong>mor-</strong></span> 
     </span>
    </p>
   </div>
   <div class='ocr_carea' id='block_1_95' title="bbox 334 4835 1633 4911">
    <p class='ocr_par' dir='ltr' id='par_1_95' title="bbox 334 4835 1633 4911">
     <span class='ocr_line' id='line_1_95' title="bbox 334 4835 1633 4911; baseline -0.005 -14"><span class='ocrx_word' id='word_1_612' title='bbox 334 4840 432 4898; x_wconf 85' lang='lat' dir='ltr'><strong>tali</strong></span> <span class='ocrx_word' id='word_1_613' title='bbox 462 4840 582 4897; x_wconf 88' lang='lat' dir='ltr'><strong>vita</strong></span> <span class='ocrx_word' id='word_1_614' title='bbox 608 4838 876 4911; x_wconf 85' lang='lat' dir='ltr'><strong>fungitur</strong></span> <span class='ocrx_word' id='word_1_615' title='bbox 902 4852 964 4894; x_wconf 69' lang='lat' dir='ltr'><strong>xu</strong></span> <span class='ocrx_word' id='word_1_616' title='bbox 997 4836 1282 4894; x_wconf 85' lang='lat' dir='ltr'><strong>Kalendas</strong></span> <span class='ocrx_word' id='word_1_617' title='bbox 1307 4835 1442 4893; x_wconf 81' lang='lat' dir='ltr'><strong>Maii</strong></span> <span class='ocrx_word' id='word_1_618' title='bbox 1475 4839 1633 4892; x_wconf 80' lang='grc'><strong>1167.</strong></span> 
     </span>
    </p>
   </div>
   <div class='ocr_carea' id='block_1_96' title="bbox 400 4923 2038 4998">
    <p class='ocr_par' dir='ltr' id='par_1_96' title="bbox 400 4923 2038 4998">
     <span class='ocr_line' id='line_1_96' title="bbox 400 4923 2038 4998; baseline -0.003 -13"><span class='ocrx_word' id='word_1_619' title='bbox 400 4930 590 4986; x_wconf 83' lang='lat' dir='ltr'><strong>XVIII.</strong></span> <span class='ocrx_word' id='word_1_620' title='bbox 628 4926 993 4998; x_wconf 85' lang='lat' dir='ltr'><strong>Hildegarius</strong></span> <span class='ocrx_word' id='word_1_621' title='bbox 1021 4925 1086 4981; x_wconf 89' lang='lat' dir='ltr'><strong>II.</strong></span> <span class='ocrx_word' id='word_1_622' title='bbox 1127 4948 1148 4974; x_wconf 78' lang='grc' dir='ltr'><strong>ι</strong></span> <span class='ocrx_word' id='word_1_623' title='bbox 1188 4924 1614 4994; x_wconf 84' lang='lat' dir='ltr'><strong>Parvipendens</strong></span> <span class='ocrx_word' id='word_1_624' title='bbox 1639 4923 1880 4982; x_wconf 89' lang='lat' dir='ltr'><strong>salutem</strong></span> <span class='ocrx_word' id='word_1_625' title='bbox 1909 4923 2038 4980; x_wconf 89' lang='lat' dir='ltr'><strong>ani-</strong></span> 
     </span>
    </p>
   </div>
   <div class='ocr_carea' id='block_1_97' title="bbox 333 5011 2035 5085">
    <p class='ocr_par' dir='ltr' id='par_1_97' title="bbox 333 5011 2035 5085">
     <span class='ocr_line' id='line_1_97' title="bbox 333 5011 2035 5085; baseline -0.003 -12"><span class='ocrx_word' id='word_1_626' title='bbox 333 5030 561 5074; x_wconf 88' lang='lat' dir='ltr'><strong>marum</strong></span> <span class='ocrx_word' id='word_1_627' title='bbox 609 5016 716 5072; x_wconf 90' lang='lat' dir='ltr'><strong>sibi</strong></span> <span class='ocrx_word' id='word_1_628' title='bbox 762 5015 1222 5081; x_wconf 88' lang='lat' dir='ltr'><strong>commissarum,</strong></span> <span class='ocrx_word' id='word_1_629' title='bbox 1267 5013 1398 5084; x_wconf 90' lang='lat' dir='ltr'><strong>plus</strong></span> <span class='ocrx_word' id='word_1_630' title='bbox 1439 5027 1644 5085; x_wconf 90' lang='lat' dir='ltr'><strong>gerens</strong></span> <span class='ocrx_word' id='word_1_631' title='bbox 1690 5011 2035 5070; x_wconf 91' lang='lat' dir='ltr'><strong>sollicitudi-</strong></span> 
     </span>
    </p>
   </div>
   <div class='ocr_carea' id='block_1_98' title="bbox 333 5101 2032 5173">
    <p class='ocr_par' dir='ltr' id='par_1_98' title="bbox 333 5101 2032 5173">
     <span class='ocr_line' id='line_1_98' title="bbox 333 5101 2032 5173; baseline -0.003 -12"><span class='ocrx_word' id='word_1_632' title='bbox 333 5118 464 5161; x_wconf 89' lang='lat' dir='ltr'><strong>nem</strong></span> <span class='ocrx_word' id='word_1_633' title='bbox 516 5105 586 5161; x_wconf 89' lang='lat' dir='ltr'><strong>de</strong></span> <span class='ocrx_word' id='word_1_634' title='bbox 633 5103 810 5160; x_wconf 88' lang='lat' dir='ltr'><strong>rebus</strong></span> <span class='ocrx_word' id='word_1_635' title='bbox 852 5103 1199 5160; x_wconf 89' lang='lat' dir='ltr'><strong>transitoriis</strong></span> <span class='ocrx_word' id='word_1_636' title='bbox 1245 5110 1422 5173; x_wconf 90' lang='lat' dir='ltr'><strong>atque</strong></span> <span class='ocrx_word' id='word_1_637' title='bbox 1466 5101 1701 5158; x_wconf 88' lang='lat' dir='ltr'><strong>caducis</strong></span> <span class='ocrx_word' id='word_1_638' title='bbox 1738 5123 1758 5150; x_wconf 77' lang='grc' dir='ltr'><strong>ι</strong></span> <span class='ocrx_word' id='word_1_639' title='bbox 1812 5102 2032 5172; x_wconf 90' lang='lat' dir='ltr'><strong>(contra</strong></span> 
     </span>
    </p>
   </div>
   <div class='ocr_carea' id='block_1_99' title="bbox 334 5190 2036 5263">
    <p class='ocr_par' dir='ltr' id='par_1_99' title="bbox 334 5190 2036 5263">
     <span class='ocr_line' id='line_1_99' title="bbox 334 5190 2036 5263; baseline -0.001 -15"><span class='ocrx_word' id='word_1_640' title='bbox 334 5193 550 5263; x_wconf 88' lang='lat' dir='ltr'><strong>regula</strong></span> <span class='ocrx_word' id='word_1_641' title='bbox 596 5191 977 5248; x_wconf 89' lang='lat' dir='ltr'><strong>Benedictina</strong></span> <span class='ocrx_word' id='word_1_642' title='bbox 1021 5191 1419 5262; x_wconf 82' lang='lat' dir='ltr'><strong>prascriptum</strong></span> <span class='ocrx_word' id='word_1_643' title='bbox 1469 5204 1591 5261; x_wconf 89' lang='lat' dir='ltr'><strong>cap.</strong></span> <span class='ocrx_word' id='word_1_644' title='bbox 1646 5192 1730 5260; x_wconf 81' lang='lat'><strong>2),</strong></span> <span class='ocrx_word' id='word_1_645' title='bbox 1781 5190 2036 5247; x_wconf 84' lang='lat' dir='ltr'><strong>habenas</strong></span> 
     </span>
    </p>
   </div>
   <div class='ocr_carea' id='block_1_100' title="bbox 335 5279 2037 5352">
    <p class='ocr_par' dir='ltr' id='par_1_100' title="bbox 335 5279 2037 5352">
     <span class='ocr_line' id='line_1_100' title="bbox 335 5279 2037 5352; baseline -0.001 -16"><span class='ocrx_word' id='word_1_646' title='bbox 335 5280 554 5337; x_wconf 82' lang='lat' dir='ltr'><strong>laxavit</strong></span> <span class='ocrx_word' id='word_1_647' title='bbox 585 5280 861 5352; x_wconf 83' lang='lat' dir='ltr'><strong>religiosa</strong></span> <span class='ocrx_word' id='word_1_648' title='bbox 898 5279 1244 5350; x_wconf 87' lang='lat' dir='ltr'><strong>disciplina;</strong></span> <span class='ocrx_word' id='word_1_649' title='bbox 1288 5293 1489 5350; x_wconf 93' lang='lat' dir='ltr'><strong>nempe</strong></span> <span class='ocrx_word' id='word_1_650' title='bbox 1526 5279 1872 5338; x_wconf 85' lang='lat' dir='ltr'><strong>ofﬁcialibus</strong></span> <span class='ocrx_word' id='word_1_651' title='bbox 1909 5293 2037 5336; x_wconf 89' lang='lat' dir='ltr'><strong>mo-</strong></span> 
     </span>
    </p>
   </div>
   <div class='ocr_carea' id='block_1_101' title="bbox 335 5367 2040 5440">
    <p class='ocr_par' dir='ltr' id='par_1_101' title="bbox 335 5367 2040 5440">
     <span class='ocr_line' id='line_1_101' title="bbox 335 5367 2040 5440; baseline -0.003 -12"><span class='ocrx_word' id='word_1_652' title='bbox 335 5371 568 5428; x_wconf 85' lang='lat' dir='ltr'><strong>nasterii</strong></span> <span class='ocrx_word' id='word_1_653' title='bbox 617 5371 786 5440; x_wconf 91' lang='lat' dir='ltr'><strong>(quos</strong></span> <span class='ocrx_word' id='word_1_654' title='bbox 855 5367 1193 5426; x_wconf 90' lang='lat' dir='ltr'><strong>claustrales</strong></span> <span class='ocrx_word' id='word_1_655' title='bbox 1256 5368 1487 5438; x_wconf 91' lang='lat' dir='ltr'><strong>vocant)</strong></span> <span class='ocrx_word' id='word_1_656' title='bbox 1533 5376 1716 5425; x_wconf 88' lang='lat' dir='ltr'><strong>certos</strong></span> <span class='ocrx_word' id='word_1_657' title='bbox 1782 5367 2040 5425; x_wconf 88' lang='lat' dir='ltr'><strong>redditus</strong></span> 
     </span>
    </p>
   </div>
   <div class='ocr_carea' id='block_1_102' title="bbox 336 5457 950 5529">
    <p class='ocr_par' dir='ltr' id='par_1_102' title="bbox 336 5457 950 5529">
     <span class='ocr_line' id='line_1_102' title="bbox 336 5457 950 5529; baseline -0.005 -15"><span class='ocrx_word' id='word_1_658' title='bbox 336 5458 640 5515; x_wconf 89' lang='lat' dir='ltr'><strong>annuatim</strong></span> <span class='ocrx_word' id='word_1_659' title='bbox 665 5457 950 5529; x_wconf 89' lang='lat' dir='ltr'><strong>ascripsit.</strong></span> 
     </span>
    </p>
   </div>
   <div class='ocr_carea' id='block_1_103' title="bbox 406 5543 1541 5610">
    <p class='ocr_par' dir='ltr' id='par_1_103' title="bbox 406 5543 1541 5610">
     <span class='ocr_line' id='line_1_103' title="bbox 406 5543 1541 5610; baseline -0.004 -6"><span class='ocrx_word' id='word_1_660' title='bbox 406 5545 652 5604; x_wconf 75' lang='lat' dir='ltr'><strong>Moritur</strong></span> <span class='ocrx_word' id='word_1_661' title='bbox 675 5561 830 5604; x_wconf 89' lang='lat' dir='ltr'><strong>anno</strong></span> <span class='ocrx_word' id='word_1_662' title='bbox 871 5545 1032 5610; x_wconf 80' lang='lat' dir='ltr'><strong>H72,</strong></span> <span class='ocrx_word' id='word_1_663' title='bbox 1062 5558 1140 5599; x_wconf 86' lang='lat' dir='ltr'><strong>vn</strong></span> <span class='ocrx_word' id='word_1_664' title='bbox 1167 5544 1292 5601; x_wconf 85' lang='lat' dir='ltr'><strong>Kal.</strong></span> <span class='ocrx_word' id='word_1_665' title='bbox 1330 5543 1541 5602; x_wconf 85' lang='lat' dir='ltr'><strong>Martii.</strong></span> 
     </span>
    </p>
   </div>
   <div class='ocr_carea' id='block_1_104' title="bbox 406 5629 2038 5710">
    <p class='ocr_par' dir='ltr' id='par_1_104' title="bbox 406 5629 2038 5710">
     <span class='ocr_line' id='line_1_104' title="bbox 406 5629 2038 5710; baseline -0.001 -20"><span class='ocrx_word' id='word_1_666' title='bbox 406 5632 561 5690; x_wconf 85' lang='lat' dir='ltr'><strong>XIX.</strong></span> <span class='ocrx_word' id='word_1_667' title='bbox 596 5635 762 5710; x_wconf 71' lang='lat' dir='ltr'><strong>[Iugo</strong></span> <span class='ocrx_word' id='word_1_668' title='bbox 795 5637 842 5692; x_wconf 90' lang='lat' dir='ltr'><strong>II</strong></span> <span class='ocrx_word' id='word_1_669' title='bbox 874 5635 1077 5704; x_wconf 89' lang='lat' dir='ltr'><strong>(quem</strong></span> <span class='ocrx_word' id='word_1_670' title='bbox 1117 5630 1545 5691; x_wconf 73' lang='lat' dir='ltr'><strong>Claromontani</strong></span> <span class='ocrx_word' id='word_1_671' title='bbox 1593 5629 1817 5689; x_wconf 90' lang='lat' dir='ltr'><strong>comitis</strong></span> <span class='ocrx_word' id='word_1_672' title='bbox 1855 5629 2038 5688; x_wconf 85' lang='lat' dir='ltr'><strong>filium</strong></span> 
     </span>
    </p>
   </div>
   <div class='ocr_carea' id='block_1_105' title="bbox 2141 4487 3839 4560">
    <p class='ocr_par' dir='ltr' id='par_1_105' title="bbox 2141 4487 3839 4560">
     <span class='ocr_line' id='line_1_105' title="bbox 2141 4487 3839 4560; baseline 0 -13"><span class='ocrx_word' id='word_1_673' title='bbox 2141 4490 2441 4560; x_wconf 88' lang='lat' dir='ltr'><strong>capellam.</strong></span> <span class='ocrx_word' id='word_1_674' title='bbox 2471 4503 2603 4560; x_wconf 88' lang='lat' dir='ltr'><strong>qua</strong></span> <span class='ocrx_word' id='word_1_675' title='bbox 2637 4487 2694 4543; x_wconf 90' lang='lat' dir='ltr'><strong>in</strong></span> <span class='ocrx_word' id='word_1_676' title='bbox 2727 4487 2942 4543; x_wconf 88' lang='lat' dir='ltr'><strong>honore</strong></span> <span class='ocrx_word' id='word_1_677' title='bbox 2973 4487 3286 4544; x_wconf 89' lang='lat' dir='ltr'><strong>beatissimi</strong></span> <span class='ocrx_word' id='word_1_678' title='bbox 3325 4490 3592 4560; x_wconf 86' lang='lat' dir='ltr'><strong>martyris</strong></span> <span class='ocrx_word' id='word_1_679' title='bbox 3633 4491 3839 4547; x_wconf 84' lang='lat' dir='ltr'><strong>Amul-</strong></span> 
     </span>
    </p>
   </div>
   <div class='ocr_carea' id='block_1_106' title="bbox 2141 4572 3840 4651">
    <p class='ocr_par' dir='ltr' id='par_1_106' title="bbox 2141 4572 3840 4651">
     <span class='ocr_line' id='line_1_106' title="bbox 2141 4572 3840 4651; baseline -0.001 -16"><span class='ocrx_word' id='word_1_680' title='bbox 2141 4578 2239 4651; x_wconf 93' lang='lat' dir='ltr'><strong>phi</strong></span> <span class='ocrx_word' id='word_1_681' title='bbox 2271 4578 2515 4635; x_wconf 86' lang='lat' dir='ltr'><strong>fundata</strong></span> <span class='ocrx_word' id='word_1_682' title='bbox 2554 4583 2658 4645; x_wconf 91' lang='lat' dir='ltr'><strong>est,</strong></span> <span class='ocrx_word' id='word_1_683' title='bbox 2709 4572 2959 4632; x_wconf 86' lang='lat' dir='ltr'><strong>ecclesia</strong></span> <span class='ocrx_word' id='word_1_684' title='bbox 2998 4575 3068 4632; x_wconf 90' lang='lat' dir='ltr'><strong>de</strong></span> <span class='ocrx_word' id='word_1_685' title='bbox 3112 4575 3378 4634; x_wconf 88' lang='lat' dir='ltr'><strong>Flaviaco</strong></span> <span class='ocrx_word' id='word_1_686' title='bbox 3421 4578 3664 4634; x_wconf 87' lang='lat' dir='ltr'><strong>concedo</strong></span> <span class='ocrx_word' id='word_1_687' title='bbox 3707 4593 3840 4650; x_wconf 88' lang='lat' dir='ltr'><strong>per-</strong></span> 
     </span>
    </p>
   </div>
   <div class='ocr_carea' id='block_1_107' title="bbox 2140 4664 3840 4740">
    <p class='ocr_par' dir='ltr' id='par_1_107' title="bbox 2140 4664 3840 4740">
     <span class='ocr_line' id='line_1_107' title="bbox 2140 4664 3840 4740; baseline -0.002 -14"><span class='ocrx_word' id='word_1_688' title='bbox 2140 4675 2312 4740; x_wconf 90' lang='lat' dir='ltr'><strong>petuo</strong></span> <span class='ocrx_word' id='word_1_689' title='bbox 2346 4665 2768 4738; x_wconf 88' lang='lat' dir='ltr'><strong>possidendam,</strong></span> <span class='ocrx_word' id='word_1_690' title='bbox 2800 4664 2962 4720; x_wconf 90' lang='lat' dir='ltr'><strong>salvo</strong></span> <span class='ocrx_word' id='word_1_691' title='bbox 2988 4665 3122 4736; x_wconf 91' lang='lat' dir='ltr'><strong>jure</strong></span> <span class='ocrx_word' id='word_1_692' title='bbox 3167 4665 3701 4736; x_wconf 88' lang='lat' dir='ltr'><strong>circumjacentium</strong></span> <span class='ocrx_word' id='word_1_693' title='bbox 3732 4681 3840 4736; x_wconf 89' lang='lat' dir='ltr'><strong>pa-</strong></span> 
     </span>
    </p>
   </div>
   <div class='ocr_carea' id='block_1_108' title="bbox 2143 4751 3839 4824">
    <p class='ocr_par' dir='ltr' id='par_1_108' title="bbox 2143 4751 3839 4824">
     <span class='ocr_line' id='line_1_108' title="bbox 2143 4751 3839 4824; baseline -0.001 -12"><span class='ocrx_word' id='word_1_694' title='bbox 2143 4755 2474 4812; x_wconf 91' lang='lat' dir='ltr'><strong>rochiarum</strong></span> <span class='ocrx_word' id='word_1_695' title='bbox 2504 4768 2518 4809; x_wconf 87' lang='lat'><strong>:</strong></span> <span class='ocrx_word' id='word_1_696' title='bbox 2550 4753 2632 4810; x_wconf 92' lang='lat' dir='ltr'><strong>sic</strong></span> <span class='ocrx_word' id='word_1_697' title='bbox 2657 4751 2811 4808; x_wconf 90' lang='lat' dir='ltr'><strong>enim</strong></span> <span class='ocrx_word' id='word_1_698' title='bbox 2844 4751 3092 4824; x_wconf 89' lang='lat' dir='ltr'><strong>singulis</strong></span> <span class='ocrx_word' id='word_1_699' title='bbox 3123 4767 3231 4810; x_wconf 89' lang='lat' dir='ltr'><strong>sua</strong></span> <span class='ocrx_word' id='word_1_700' title='bbox 3260 4761 3456 4810; x_wconf 90' lang='lat' dir='ltr'><strong>teneor</strong></span> <span class='ocrx_word' id='word_1_701' title='bbox 3483 4769 3839 4824; x_wconf 90' lang='lat' dir='ltr'><strong>conservare,</strong></span> 
     </span>
    </p>
   </div>
   <div class='ocr_carea' id='block_1_109' title="bbox 2145 4839 3840 4912">
    <p class='ocr_par' dir='ltr' id='par_1_109' title="bbox 2145 4839 3840 4912">
     <span class='ocr_line' id='line_1_109' title="bbox 2145 4839 3840 4912; baseline -0.002 -13"><span class='ocrx_word' id='word_1_702' title='bbox 2145 4850 2211 4900; x_wconf 92' lang='lat' dir='ltr'><strong>ut</strong></span> <span class='ocrx_word' id='word_1_703' title='bbox 2253 4841 2382 4898; x_wconf 88' lang='lat' dir='ltr'><strong>aliis</strong></span> <span class='ocrx_word' id='word_1_704' title='bbox 2431 4855 2545 4897; x_wconf 93' lang='lat' dir='ltr'><strong>non</strong></span> <span class='ocrx_word' id='word_1_705' title='bbox 2589 4840 2898 4910; x_wconf 90' lang='lat' dir='ltr'><strong>depereant</strong></span> <span class='ocrx_word' id='word_1_706' title='bbox 2942 4839 3148 4911; x_wconf 90' lang='lat' dir='ltr'><strong>legata,</strong></span> <span class='ocrx_word' id='word_1_707' title='bbox 3197 4839 3368 4896; x_wconf 90' lang='lat' dir='ltr'><strong>etiam</strong></span> <span class='ocrx_word' id='word_1_708' title='bbox 3418 4855 3549 4912; x_wconf 87' lang='lat' dir='ltr'><strong>qua</strong></span> <span class='ocrx_word' id='word_1_709' title='bbox 3596 4840 3840 4911; x_wconf 83' lang='lat' dir='ltr'><strong>prafata</strong></span> 
     </span>
    </p>
   </div>
   <div class='ocr_carea' id='block_1_110' title="bbox 2143 4927 3840 5000">
    <p class='ocr_par' dir='ltr' id='par_1_110' title="bbox 2143 4927 3840 5000">
     <span class='ocr_line' id='line_1_110' title="bbox 2143 4927 3840 5000; baseline -0.001 -13"><span class='ocrx_word' id='word_1_710' title='bbox 2143 4929 2398 4988; x_wconf 90' lang='lat' dir='ltr'><strong>ecclesia</strong></span> <span class='ocrx_word' id='word_1_711' title='bbox 2447 4928 2596 4986; x_wconf 90' lang='lat' dir='ltr'><strong>facta</strong></span> <span class='ocrx_word' id='word_1_712' title='bbox 2643 4928 2903 4996; x_wconf 86' lang='lat' dir='ltr'><strong>fuerunt,</strong></span> <span class='ocrx_word' id='word_1_713' title='bbox 2952 4927 3074 4986; x_wconf 88' lang='lat' dir='ltr'><strong>sive</strong></span> <span class='ocrx_word' id='word_1_714' title='bbox 3134 4927 3397 4985; x_wconf 89' lang='lat' dir='ltr'><strong>ministro</strong></span> <span class='ocrx_word' id='word_1_715' title='bbox 3451 4929 3728 5000; x_wconf 89' lang='lat' dir='ltr'><strong>ejusdem,</strong></span> <span class='ocrx_word' id='word_1_716' title='bbox 3789 4931 3840 4986; x_wconf 91' lang='lat' dir='ltr'><strong>ei</strong></span> 
     </span>
    </p>
   </div>
   <div class='ocr_carea' id='block_1_111' title="bbox 2150 5016 3840 5090">
    <p class='ocr_par' dir='ltr' id='par_1_111' title="bbox 2150 5016 3840 5090">
     <span class='ocr_line' id='line_1_111' title="bbox 2150 5016 3840 5090; baseline -0.001 -15"><span class='ocrx_word' id='word_1_717' title='bbox 2150 5025 2426 5090; x_wconf 87' lang='lat' dir='ltr'><strong>prasente</strong></span> <span class='ocrx_word' id='word_1_718' title='bbox 2471 5017 2705 5088; x_wconf 90' lang='lat' dir='ltr'><strong>scripto,</strong></span> <span class='ocrx_word' id='word_1_719' title='bbox 2755 5023 2811 5074; x_wconf 89' lang='lat' dir='ltr'><strong>et</strong></span> <span class='ocrx_word' id='word_1_720' title='bbox 2850 5016 3023 5088; x_wconf 90' lang='lat' dir='ltr'><strong>sigilli</strong></span> <span class='ocrx_word' id='word_1_721' title='bbox 3071 5017 3250 5074; x_wconf 89' lang='lat' dir='ltr'><strong>nostri</strong></span> <span class='ocrx_word' id='word_1_722' title='bbox 3296 5019 3653 5085; x_wconf 85' lang='lat' dir='ltr'><strong>auctoritate,</strong></span> <span class='ocrx_word' id='word_1_723' title='bbox 3707 5033 3840 5074; x_wconf 90' lang='lat' dir='ltr'><strong>con-</strong></span> 
     </span>
    </p>
   </div>
   <div class='ocr_carea' id='block_1_112' title="bbox 2152 5106 2391 5162">
    <p class='ocr_par' dir='ltr' id='par_1_112' title="bbox 2152 5106 2391 5162">
     <span class='ocr_line' id='line_1_112' title="bbox 2152 5106 2391 5162; baseline 0 0"><span class='ocrx_word' id='word_1_724' title='bbox 2152 5106 2336 5162; x_wconf 83' lang='lat' dir='ltr'><strong>firmo.</strong></span> <span class='ocrx_word' id='word_1_725' title='bbox 2370 5126 2391 5154; x_wconf 75' lang='grc' dir='ltr'><strong>ι</strong></span> 
     </span>
    </p>
   </div>
   <div class='ocr_carea' id='block_1_113' title="bbox 2220 5192 3840 5252">
    <p class='ocr_par' dir='ltr' id='par_1_113' title="bbox 2220 5192 3840 5252">
     <span class='ocr_line' id='line_1_113' title="bbox 2220 5192 3840 5252; baseline 0 -1"><span class='ocrx_word' id='word_1_726' title='bbox 2220 5194 2336 5251; x_wconf 90' lang='lat' dir='ltr'><strong>Sua</strong></span> <span class='ocrx_word' id='word_1_727' title='bbox 2379 5193 2490 5251; x_wconf 91' lang='lat' dir='ltr'><strong>sub</strong></span> <span class='ocrx_word' id='word_1_728' title='bbox 2531 5193 2712 5252; x_wconf 90' lang='lat' dir='ltr'><strong>tutela</strong></span> <span class='ocrx_word' id='word_1_729' title='bbox 2777 5192 3145 5250; x_wconf 88' lang='lat' dir='ltr'><strong>Flaviacense</strong></span> <span class='ocrx_word' id='word_1_730' title='bbox 3205 5193 3529 5250; x_wconf 79' lang='lat' dir='ltr'><strong>canobium</strong></span> <span class='ocrx_word' id='word_1_731' title='bbox 3597 5193 3840 5251; x_wconf 89' lang='lat' dir='ltr'><strong>declarat</strong></span> 
     </span>
    </p>
   </div>
   <div class='ocr_carea' id='block_1_114' title="bbox 2144 5279 3836 5352">
    <p class='ocr_par' dir='ltr' id='par_1_114' title="bbox 2144 5279 3836 5352">
     <span class='ocr_line' id='line_1_114' title="bbox 2144 5279 3836 5352; baseline 0.001 -14"><span class='ocrx_word' id='word_1_732' title='bbox 2144 5282 2446 5352; x_wconf 90' lang='lat' dir='ltr'><strong>Philippus</strong></span> <span class='ocrx_word' id='word_1_733' title='bbox 2476 5283 2833 5338; x_wconf 91' lang='lat' dir='ltr'><strong>Francorum</strong></span> <span class='ocrx_word' id='word_1_734' title='bbox 2864 5282 2914 5336; x_wconf 91' lang='lat' dir='ltr'><strong>II</strong></span> <span class='ocrx_word' id='word_1_735' title='bbox 2939 5295 3062 5344; x_wconf 84' lang='lat' dir='ltr'><strong>rex.</strong></span> <span class='ocrx_word' id='word_1_736' title='bbox 3094 5296 3198 5339; x_wconf 91' lang='lat' dir='ltr'><strong>seu</strong></span> <span class='ocrx_word' id='word_1_737' title='bbox 3229 5279 3418 5352; x_wconf 89' lang='lat' dir='ltr'><strong>potius</strong></span> <span class='ocrx_word' id='word_1_738' title='bbox 3449 5281 3703 5352; x_wconf 88' lang='lat' dir='ltr'><strong>diploma</strong></span> <span class='ocrx_word' id='word_1_739' title='bbox 3731 5282 3836 5340; x_wconf 82' lang='lat' dir='ltr'><strong>Lu-</strong></span> 
     </span>
    </p>
   </div>
   <div class='ocr_carea' id='block_1_115' title="bbox 2143 5367 3172 5441">
    <p class='ocr_par' dir='ltr' id='par_1_115' title="bbox 2143 5367 3172 5441">
     <span class='ocr_line' id='line_1_115' title="bbox 2143 5367 3172 5441; baseline -0.005 -14"><span class='ocrx_word' id='word_1_740' title='bbox 2143 5369 2333 5427; x_wconf 90' lang='lat' dir='ltr'><strong>dovici</strong></span> <span class='ocrx_word' id='word_1_741' title='bbox 2359 5371 2460 5427; x_wconf 92' lang='lat' dir='ltr'><strong>VII</strong></span> <span class='ocrx_word' id='word_1_742' title='bbox 2485 5369 2768 5441; x_wconf 90' lang='lat' dir='ltr'><strong>approbat</strong></span> <span class='ocrx_word' id='word_1_743' title='bbox 2797 5369 2920 5425; x_wconf 92' lang='lat' dir='ltr'><strong>suis</strong></span> <span class='ocrx_word' id='word_1_744' title='bbox 2949 5367 3172 5424; x_wconf 90' lang='lat' dir='ltr'><strong>litteris.</strong></span> 
     </span>
    </p>
   </div>
   <div class='ocr_carea' id='block_1_116' title="bbox 2215 5456 3837 5532">
    <p class='ocr_par' dir='ltr' id='par_1_116' title="bbox 2215 5456 3837 5532">
     <span class='ocr_line' id='line_1_116' title="bbox 2215 5456 3837 5532; baseline 0.002 -20"><span class='ocrx_word' id='word_1_745' title='bbox 2215 5457 2481 5528; x_wconf 88' lang='lat' dir='ltr'><strong>Deposita</strong></span> <span class='ocrx_word' id='word_1_746' title='bbox 2508 5457 2702 5514; x_wconf 87' lang='lat' dir='ltr'><strong>carnis</strong></span> <span class='ocrx_word' id='word_1_747' title='bbox 2728 5456 2958 5512; x_wconf 87' lang='lat' dir='ltr'><strong>sarcina</strong></span> <span class='ocrx_word' id='word_1_748' title='bbox 2982 5457 3150 5528; x_wconf 85' lang='lat' dir='ltr'><strong>Hugo</strong></span> <span class='ocrx_word' id='word_1_749' title='bbox 3175 5457 3248 5514; x_wconf 88' lang='lat' dir='ltr'><strong>ad</strong></span> <span class='ocrx_word' id='word_1_750' title='bbox 3285 5465 3561 5515; x_wconf 87' lang='lat' dir='ltr'><strong>aternam</strong></span> <span class='ocrx_word' id='word_1_751' title='bbox 3593 5460 3837 5532; x_wconf 85' lang='lat' dir='ltr'><strong>requiem</strong></span> 
     </span>
    </p>
   </div>
   <div class='ocr_carea' id='block_1_117' title="bbox 2146 5543 3452 5604">
    <p class='ocr_par' dir='ltr' id='par_1_117' title="bbox 2146 5543 3452 5604">
     <span class='ocr_line' id='line_1_117' title="bbox 2146 5543 3452 5604; baseline 0.003 -6"><span class='ocrx_word' id='word_1_752' title='bbox 2146 5557 2204 5599; x_wconf 77' lang='lat' dir='ltr'><strong>vx</strong></span> <span class='ocrx_word' id='word_1_753' title='bbox 2235 5543 2523 5600; x_wconf 83' lang='lat' dir='ltr'><strong>Kalendas</strong></span> <span class='ocrx_word' id='word_1_754' title='bbox 2545 5543 2808 5602; x_wconf 88' lang='lat' dir='ltr'><strong>Octobris</strong></span> <span class='ocrx_word' id='word_1_755' title='bbox 2840 5546 2975 5601; x_wconf 78' lang='grc'><strong>1200</strong></span> <span class='ocrx_word' id='word_1_756' title='bbox 3005 5545 3322 5603; x_wconf 87' lang='lat' dir='ltr'><strong>translatus</strong></span> <span class='ocrx_word' id='word_1_757' title='bbox 3349 5554 3452 5604; x_wconf 90' lang='lat' dir='ltr'><strong>est.</strong></span> 
     </span>
    </p>
   </div>
   <div class='ocr_carea' id='block_1_118' title="bbox 2215 5632 3842 5708">
    <p class='ocr_par' dir='ltr' id='par_1_118' title="bbox 2215 5632 3842 5708">
     <span class='ocr_line' id='line_1_118' title="bbox 2215 5632 3842 5708; baseline 0.006 -19"><span class='ocrx_word' id='word_1_758' title='bbox 2215 5632 2396 5689; x_wconf 81' lang='lat' dir='ltr'><strong>XXII.</strong></span> <span class='ocrx_word' id='word_1_759' title='bbox 2456 5633 2802 5692; x_wconf 88' lang='lat' dir='ltr'><strong>Eustachius</strong></span> <span class='ocrx_word' id='word_1_760' title='bbox 2863 5633 3150 5708; x_wconf 88' lang='lat' dir='ltr'><strong>singulari</strong></span> <span class='ocrx_word' id='word_1_761' title='bbox 3197 5635 3482 5707; x_wconf 90' lang='lat' dir='ltr'><strong>doctrina,</strong></span> <span class='ocrx_word' id='word_1_762' title='bbox 3550 5640 3842 5698; x_wconf 89' lang='lat' dir='ltr'><strong>sanctitate</strong></span> 
     </span>
    </p>
   </div>
  </div>
