3930 6422
177 349 327 402 1097

174 484 478 554 rebusque
528 482 801 554 praclare
845 482 1037 553 gestis,
1088 482 1235 538 inter
1277 490 1512 539 cateros
1558 483 1892 539 Flaviacen-
1933 487 1977 538 Λ

174 574 261 627 sis
292 572 553 628 asceterii
577 571 1062 626 archimandritas
1082 570 1450 640 conspicuus,
1482 569 1889 625 communibus

173 660 428 716 fratrum
464 661 629 726 votis,
661 668 717 715 et
774 674 1016 714 assensu
1071 659 1318 729 episcopi
1376 659 1756 726 Belvacensis,
1793 657 1887 713 cui

171 762 212 803 a
242 750 473 805 secretis
518 758 639 805 erat
692 748 1055 814 Eustachius,
1092 747 1422 817 praficitur,
1463 748 1547 803 uti
1576 762 1649 804 ex
1695 747 1886 817 subje-

170 844 275 892 cta
322 836 655 907 postulandi
703 850 1014 892 consensus
1069 835 1318 907 episcopi
1378 835 1634 892 formula
1679 834 1890 905 perspi-

168 939 361 981 cuum
397 925 678 980 habetur:

252 1020 403 1069 eo!
440 1033 467 1065 α
503 1013 728 1070 Gratias
747 1013 1280 1085 agimusimmensa
1296 1012 1635 1085 benignitati
1660 1020 1883 1081 vestra,

169 1117 317 1171 qua
346 1117 460 1158 non
488 1102 673 1158 solum
705 1101 959 1168 assentit,
993 1102 1088 1156 sed
1120 1102 1292 1157 etiam
1322 1102 1642 1173 congaudet
1669 1102 1890 1157 electio-

166 1191 239 1245 ni
268 1198 479 1245 nostra
505 1206 518 1245 :
540 1205 608 1246 eo
631 1190 784 1260 quod
812 1189 1168 1246 concorditer
1187 1188 1337 1246 facta
1365 1190 1455 1257 sit,
1483 1197 1539 1246 et
1566 1189 1885 1246 secundum

164 1286 434 1335 tenorem
464 1279 721 1349 justitia.
759 1279 1028 1334 lnvocata
1059 1292 1315 1349 namque
1345 1278 1647 1334 clementia
1695 1277 1887 1333 Sancti

165 1366 451 1437 Spiritus,
482 1367 604 1422 sine
634 1380 751 1437 quo
782 1380 977 1437 preces
1017 1380 1216 1422 omnes
1275 1380 1448 1422 cassa
1506 1373 1661 1433 sunt,
1719 1366 1889 1436 elegi-

165 1468 314 1510 mus
362 1454 762 1520 Eustachium,
814 1454 1186 1510 secretarium
1235 1454 1448 1510 scilicet
1472 1461 1747 1516 vestrum.
1792 1454 1886 1510 vi-

163 1558 313 1599 rum
361 1542 684 1609 honestum,
725 1543 1127 1612 approbatum,
1182 1542 1492 1612 simplicem
1538 1550 1595 1598 et
1641 1551 1882 1609 rectum,

164 1632 340 1687 intus
367 1638 421 1686 et
464 1630 601 1686 foris
644 1630 860 1686 bonum
916 1631 1217 1686 habentem
1268 1630 1675 1686 testimonium.
1720 1632 1886 1686 Hunc

162 1720 372 1787 talem,
405 1719 572 1775 Pater
627 1719 1119 1784 reverendissime,
1154 1718 1318 1774 vobis
1372 1726 1801 1788 prasentamus,
1829 1726 1885 1775 et

1469 345 1689 402 DOMNI
1729 344 1787 398 L.
1830 343 2178 399 D’ACHERY
2217 343 2441 399 ΝΟΤᾸΞ.

3566 346 3586 397 1
3597 346 3703 399 098

2077 485 2256 547 Area,
2291 480 2445 535 lator
2470 479 2615 551 legis
2628 501 2648 546 ;
2661 480 2937 550 formula
2948 481 3124 546 facta
3153 481 3361 552 gregis.

2014 569 2320 626 Vermibus
2347 586 2481 623 esca
2508 569 2699 636 datus,
2727 569 2920 624 cuncti
2937 587 3048 641 quo
3071 570 3375 637 tendimus,
3413 570 3532 626 ivit.

2071 659 2269 713 Abba:
2297 657 2671 724 Eustathius,
2696 659 2810 725 cui,
2848 659 3022 727 Deus,
3051 662 3170 713 esto
3194 657 3342 729 pius.

2068 782 2279 837 XXIII.
2312 781 2590 837 Girardus
2618 782 2664 837 II
2695 782 2999 852 d’Eraigny
3031 783 3238 850 dictus,
3272 783 3359 839 vel
3386 797 3419 837 a
3464 783 3705 861 familia,

1997 872 2086 927 vel
2148 871 2267 926 loco
2296 870 2495 933 natali,
2555 870 2656 940 qui
2707 870 2951 927 Gizortio
2982 872 3212 927 vicinus
3241 879 3345 927 est.
3384 870 3575 927 Primo
3610 886 3706 928 re-

1999 958 2233 1029 giminis
2264 971 2418 1012 anno
2449 957 2639 1027 potius
2695 957 2932 1025 invitus,
2984 972 3158 1028 quam
3193 971 3299 1013 sua
3330 966 3551 1028 sponte,
3583 972 3708 1014 ces—

1997 1047 2068 1103 sit
2099 1046 2455 1117 prafectura.

2067 1152 2265 1209 XXIV.
2297 1151 2575 1207 Girardus
2605 1152 2680 1204 III
2727 1165 2762 1206 a
2813 1151 3082 1207 Fraxino.
3143 1151 3255 1206 Init
3311 1166 3441 1207 cum
3503 1152 3702 1207 Fossa-

1996 1241 2255 1296 tensibus
2334 1239 2631 1295 monachis
2704 1239 3027 1295 societatem
3101 1253 3255 1294 anno
3317 1240 3472 1294 1214.
3526 1240 3706 1309 Cujus

1996 1330 2212 1387 litteras
2244 1330 2398 1386 haud
2430 1330 2534 1386 abs
2566 1344 2624 1385 re
2654 1329 2825 1386 fuerit
2854 1329 3177 1399 exprimere
3206 1344 3218 1383 :

2067 1456 2094 1488 α
2128 1438 2195 1493 In
2234 1437 2464 1493 nomine
2502 1443 2715 1493 sancta
2773 1445 2828 1493 et
2876 1436 3192 1492 individua
3232 1435 3547 1503 Trinitatis,
3596 1450 3702 1507 ego

1994 1525 2337 1595 Radulphus
2367 1525 2462 1580 Dei
2517 1526 2703 1595 gratia
2745 1524 3000 1580 ecclesia
3029 1524 3381 1580 Fossatensis
3422 1525 3617 1591 abbas,
3646 1532 3702 1581 et

1994 1612 2168 1669 totius
2198 1613 2452 1682 ejusdem
2510 1612 2616 1667 loci
2649 1619 2987 1677 conventus,
3047 1611 3332 1667 universis
3363 1620 3699 1681 prasentem

1994 1701 2261 1772 paginam
2295 1700 2639 1770 inspecturis
2667 1709 2865 1756 notum
2922 1699 3184 1766 facimus,
3215 1701 3371 1768 quod
3419 1700 3569 1756 inter
3598 1715 3702 1756 nos

162 1816 245 1865 ut
275 1783 615 1877 ρτὼεθηιωο
648 1821 886 1864 manum
941 1783 1353 1864 benedictionis
1374 1783 1704 1877 'apponms,
1737 1783 1882 1878 ειη),
1921 1783 1965 1839 Β
1991 1795 2048 1878 et
2076 1787 2461 1878 venerabilem
2485 1787 2837 1878 ‘Girardumﬂ
2863 1788 3126 1878 abbatem
3158 1787 3430 1854 Flaviaci,
3460 1795 3514 1843 et
3542 1788 3701 1858 ejus-

162 1897 404 1968 pliciter
432 1896 810 1966 postulamus.
837 1916 865 1945 »

250 1985 684 2041 Northmannia
717 1985 965 2040 ducatus
999 1985 1094 2040 ubi
1128 1983 1185 2038 in
1213 1984 1311 2055 jus
1336 1984 1596 2039 cessisset
1628 1984 1885 2039 Franco-

162 2088 333 2141 rum,
386 2073 685 2143 Philippus
722 2073 771 2127 ΙΙ
820 2087 921 2128 rex
967 2072 1360 2128 Flaviacenses
1389 2072 1591 2127 litteris
1620 2071 1885 2128 tutelari-

162 2163 290 2218 bus
325 2162 513 2217 munit
544 2176 737 2217 mense
766 2161 918 2217 Julio
947 2163 1103 2218 1202.

253 2248 399 2305 Cum
450 2249 535 2303 in-
557 2247 767 2319 Anglia
823 2256 878 2303 et
908 2247 1115 2315 Scotia,
1151 2246 1319 2318 legati
1352 2254 1624 2317 potestate
1675 2247 1747 2303 ab
1785 2248 1885 2301 In-

162 2338 445 2393 nocentio
484 2337 558 2392 III
614 2344 866 2406 accepta,
932 2336 1104 2392 semel
1157 2349 1223 2391 ac
1278 2336 1483 2391 iterum
1546 2335 1886 2405 fungeretur

160 2426 529 2482 Eustachius
569 2425 767 2493 abbas,
805 2445 833 2474 «
864 2424 1204 2480 Pradicavit
1265 2426 1349 2493 (ut
1402 2423 1576 2479 habet
1627 2424 1885 2494 Rogerus

161 2514 552 2584 Hovedenus)
610 2515 852 2569 verbum
913 2512 1162 2579 Domini,
1210 2520 1264 2569 et
1317 2513 1385 2568 de
1429 2513 1883 2581 transgressione

160 2602 493 2659 Dominica
532 2602 640 2658 diei
675 2609 731 2658 et
760 2601 1006 2658 aliarum
1057 2600 1456 2665 festivitatum,
1488 2600 1643 2656 dedit
1672 2599 1882 2669 populo

158 2689 571 2763 paenitentiam
614 2700 669 2746 et
731 2690 1170 2757 absolutionem,
1222 2690 1331 2745 sub
1387 2688 1484 2744 tali
1536 2688 1878 2754 conditione,

158 2779 335 2851 quod
365 2778 446 2834 illi
479 2779 548 2834 de
584 2786 787 2834 catero
827 2778 1077 2833 debitam
1132 2776 1529 2846 impenderent
1571 2775 1881 2831 Dominica

158 2868 286 2925 diei
334 2874 390 2923 et
441 2867 569 2922 aliis
613 2874 942 2922 sanctorum
1007 2864 1414 2921 festivitatibus
1474 2864 1877 2930 reverentiam,

160 2971 295 3013 non
322 2955 580 3011 faciendo
612 2955 668 3010 in
701 2955 781 3010 eis
814 2954 1138 3025 quidquam
1172 2952 1396 3008 servilis
1424 2952 1632 3021 operis,
1678 2966 1782 3007 nec
1824 2952 1879 3006 in

159 3044 486 3102 Dominicis
532 3050 867 3099 exercerent
914 3042 1101 3097 forum
1161 3054 1357 3097 rerum
1408 3041 1725 3104 venalium,
1782 3040 1878 3095 sed
1917 3054 1959 3109 ο

159 3133 342 3191 bonis
370 3132 660 3202 operibus,
710 3129 953 3186 orationi
993 3129 1192 3185 devote
1222 3128 1568 3183 insisterent.
1604 3128 1737 3183 Hac
1764 3141 1883 3183 ser-

159 3221 371 3279 vanda
441 3219 737 3276 constituit
793 3219 866 3275 ab
927 3218 1069 3274 hora
1112 3231 1266 3273 nona
1309 3217 1531 3274 sabbati
1582 3232 1768 3288 usque
1811 3217 1883 3273 ad

158 3318 368 3368 ortum
399 3308 533 3365 solis
566 3308 625 3363 in
655 3307 745 3364 die
776 3308 975 3362 Luna.
1025 3306 1281 3377 Populus
1323 3314 1514 3363 autem
1560 3307 1674 3362 Deo
1703 3306 1883 3362 devo-

160 3407 264 3456 tus
314 3397 389 3453 ad
441 3396 595 3453 illius
644 3395 1127 3466 pradicationem,
1160 3401 1445 3450 voverunt
1477 3394 1591 3450 Deo
1623 3394 1777 3464 quod
1815 3393 1883 3449 de

161 3495 380 3544 catero
413 3485 472 3541 in
503 3485 709 3541 diebus
739 3482 1070 3551 Dominicis,
1119 3497 1225 3538 nec
1251 3482 1574 3553 quidquam
1607 3489 1881 3547 emerent,

162 3590 281 3633 nec
328 3575 662 3638 venderent,
712 3573 821 3628 nisi
888 3572 1031 3627 forte
1071 3571 1264 3628 cibum
1305 3578 1363 3627 et
1417 3579 1613 3640 potum
1662 3578 1887 3640 prater-

161 3662 469 3720 euntibus.
500 3662 800 3720 Voveruut
828 3659 999 3715 etiam
1032 3659 1187 3729 quod
1219 3658 1288 3714 de
1341 3658 1589 3729 singulis
1620 3658 1886 3728 quinque

163 3751 372 3808 solidis
400 3750 659 3806 omnium
692 3761 887 3804 rerum
915 3761 1302 3819 quascunque
1325 3748 1659 3811 venderent,
1680 3746 1885 3802 darent

166 3853 364 3897 unum
398 3838 782 3908 quadrantem
822 3836 892 3891 ad
945 3836 1139 3891 lumen
1179 3835 1431 3891 ecclesia
1469 3834 1798 3902 emendum,
1830 3842 1885 3890 et

168 3929 244 3985 ad
274 3927 639 3998 sepulturam
692 3924 1096 3996 indigentium.
1130 3927 1201 3981 Et
1230 3924 1301 3979 ad
1334 3924 1441 3980 hoc
1470 3923 1881 3995 colligendum,

167 4017 381 4074 statuit
441 4015 749 4086 pradictus
798 4014 978 4070 abbas
1025 4013 1083 4068 in
1136 4013 1381 4083 singulis
1432 4012 1685 4069 ecclesiis
1715 4026 1882 4081 paro-

168 4105 461 4161 chialibus
486 4103 607 4159 ﬁeri
641 4111 914 4159 truncum
951 4114 1289 4168 concavum,
1319 4101 1429 4156 sub
1461 4100 1719 4157 custodia
1741 4100 1884 4156 duo-

171 4208 309 4250 rum
344 4200 448 4249 aut
478 4192 655 4248 trium
684 4190 938 4246 ﬁdelium
979 4188 1302 4255 hominum,
1352 4188 1452 4245 ubi
1509 4188 1756 4259 populus
1796 4188 1886 4259 ja-

170 4289 359 4338 ctaret
418 4278 902 4352 pranominatum
962 4291 1059 4333 as.
1125 4275 1337 4332 Statuit
1374 4277 1545 4332 etiam
1614 4276 1888 4346 prafatus

1996 1875 2122 1931 dem
2167 1875 2417 1932 ecclesia
2476 1875 2700 1942 fratres,
2743 1876 2874 1932 talis
2931 1877 3158 1932 firmata
3208 1885 3263 1932 et
3302 1890 3569 1932 concessa
3616 1884 3700 1933 est

1996 1964 2234 2020 societas
2268 1980 2281 2018 :
2315 1964 2371 2019 Si
2421 1964 2600 2020 abbas
2635 1965 2875 2021 alterius
2903 1964 3154 2020 ecclesia
3188 1965 3257 2019 ad
3309 1964 3481 2021 aliam
3533 1979 3703 2021 vene—

1996 2052 2070 2108 rit
2118 2052 2438 2120 ecclesiam,
2496 2053 2568 2108 ab
2629 2052 2833 2109 abbate
2874 2062 2929 2109 et
2967 2053 3267 2109 monachis
3303 2053 3560 2123 ejusdem
3604 2066 3703 2108 ec-

1996 2140 2198 2208 clesia,
2233 2149 2298 2196 ut
2327 2141 2598 2208 decuerit,
2630 2140 2944 2197 honorifice
2970 2150 3248 2211 receptus,
3291 2142 3348 2196 in
3410 2142 3585 2197 choro
3616 2140 3695 2196 lo-

1996 2244 2129 2285 cum
2189 2229 2415 2285 abbatis
2466 2229 2788 2284 obtinebit:
2839 2238 2894 2284 et
2973 2230 3293 2300 capitulum
3354 2245 3460 2285 ceu
3520 2229 3702 2285 abbas

1993 2317 2250 2388 ejusdem
2306 2317 2412 2373 loci
2475 2317 2709 2378 tenebit,
2743 2325 2798 2373 et
2827 2317 3031 2373 fratres
3070 2319 3128 2372 in
3159 2319 3440 2378 sententia
3468 2318 3697 2388 positos,

1994 2420 2096 2476 pro
2126 2406 2423 2462 voluntate
2466 2419 2574 2463 sua
2612 2405 2890 2471 absolvet,
2921 2413 2977 2462 et
3007 2406 3347 2476 puniendos,
3396 2406 3545 2462 sicut
3598 2420 3701 2461 ex-

1993 2493 2184 2563 pedire
2231 2494 2579 2565 cegnoverit,
2639 2493 2871 2564 afﬂiget.
2918 2492 3169 2554 Alterius
3215 2493 3440 2549 abbatis
3484 2493 3698 2548 dormi-

1992 2582 2164 2639 tionis
2194 2582 2285 2638 die
2315 2581 2561 2653 cognito,
2592 2576 3203 2652 quidquid'prafatum
3235 2581 3701 2652 unumquodque

1993 2670 2403 2726 monasterium
2473 2670 2668 2726 abbati
2728 2684 2834 2725 suo
2888 2670 3179 2725 decedenti
3237 2677 3463 2726 tenetur
3506 2667 3699 2724 exsol-

1995 2772 2148 2826 vere,
2183 2759 2432 2828 idipsum
2462 2757 2623 2814 alteri
2652 2758 3040 2827 persolvetur;
3069 2766 3125 2814 et
3154 2757 3488 2828 auditoejus
3513 2756 3696 2819 obitu,

1993 2846 2237 2916 pulsatis
2285 2847 2600 2916 campanis,
2652 2844 2980 2903 solemniter
3034 2847 3216 2916 ipsius
3257 2845 3510 2901 officium
3552 2845 3697 2900 cele-

1994 2934 2277 3001 brabitur,
2319 2943 2375 2991 et
2423 2934 2472 2990 ei
2506 2949 2579 2990 ex
2633 2934 2855 3007 integro
2901 2934 3277 2991 tricenarium
3324 2948 3459 2991 cum
3509 2933 3699 2989 debita

1992 3022 2302 3093 prabenda
2328 3022 2702 3093 persolvetur.

2067 3132 2088 3160 ι
2128 3110 2233 3166 Sed
2275 3112 2553 3181 quoniam
2621 3110 3025 3166 defunctorum
3080 3110 3326 3166 fratrum
3380 3109 3570 3166 obitus
3624 3109 3699 3165 ad

1991 3200 2249 3255 notitiam
2301 3199 2539 3255 alterius
2599 3199 3061 3270 congregationis
3105 3211 3208 3267 per
3264 3198 3694 3269 negligentiam,

1990 3287 2081 3344 vel
2113 3287 2459 3344 oblivionem
2510 3301 2660 3357 sape
2715 3301 2831 3342 non
2860 3285 3157 3356 pervenire
3217 3285 3475 3356 contigit,
3505 3292 3696 3343 statu-

1991 3382 2115 3431 tum
2153 3383 2237 3431 est
2267 3383 2332 3431 ut
2359 3375 2608 3446 singulis
2639 3375 2810 3430 annis
2850 3375 2908 3429 in
2949 3373 3265 3430 crastinum
3293 3373 3478 3429 sancti
3508 3373 3691 3441 Pauli,

1993 3465 2097 3521 hoc
2126 3472 2209 3519 est
2235 3463 2507 3519 Kalendis
2534 3463 2692 3530 Julii,
2721 3477 2820 3533 pro
2850 3463 3130 3519 fratribus
3178 3462 3465 3519 defunctis
3517 3463 3693 3518 trice-

1992 3554 2223 3608 narium
2265 3552 2572 3607 faciemus:
2606 3559 2662 3607 et
2703 3551 2826 3607 istis
2875 3550 3110 3621 triginta
3155 3550 3362 3607 diebus
3419 3550 3688 3620 singulis,

1995 3648 2108 3696 tam
2139 3640 2293 3710 apud
2320 3654 2441 3707 nos,
2483 3654 2660 3710 quam
2711 3639 2862 3709 apud
2919 3638 3060 3706 illos,
3114 3639 3337 3709 integra
3386 3638 3694 3708 prabenda

1990 3728 2325 3799 erogabitur
2351 3728 2723 3798 pauperibus.
2774 3728 2986 3783 Audito
3028 3727 3201 3783 etiam
3232 3726 3695 3797 uniuscujusque

1989 3816 2240 3873 ecclesia
2277 3815 2524 3872 fratrum
2557 3816 2739 3881 obitu,
2788 3814 3064 3882 ofﬁcium,
3097 3823 3153 3870 et
3185 3815 3414 3870 missam
3463 3815 3521 3869 in
3551 3829 3693 3870 con-

1991 3912 2169 3961 ventu
2206 3905 2535 3960 solemniter
2582 3904 3034 3972 celebrabimus;
3084 3911 3139 3959 et
3169 3903 3384 3973 singuli
3429 3903 3693 3959 sacerdo-

1992 4001 2075 4049 tes
2129 3994 2392 4063 singulas
2449 3993 2651 4048 missas
2699 4006 2800 4063 pro
2831 3992 3077 4062 singulis
3120 3992 3404 4047 defunctis
3432 3991 3694 4047 celebra-

1993 4082 2156 4137 bunt.
2190 4081 2387 4137 Cateri
2449 4095 2588 4136 vero
2633 4080 2734 4150 qui
2780 4094 2899 4135 non
2933 4087 3069 4135 sunt
3098 4079 3432 4146 sacerdotes,
3467 4079 3697 4150 singula

1993 4169 2283 4240 psalteria,
2319 4176 2374 4225 et
2399 4169 2659 4224 conversi
2695 4156 2953 4239 trigesies
3003 4169 3188 4222 Pater
3213 4170 3445 4222 noster:
3473 4174 3528 4223 et
3571 4166 3695 4238 ipso

1994 4258 2084 4313 die
2114 4258 2201 4314 sui
2233 4256 2403 4312 officii
2436 4256 2718 4327 integram
2754 4256 3119 4326 prabendam
3168 4256 3226 4312 in
3259 4255 3555 4312 refectorio
3584 4255 3695 4312 ha-

173 4371 378 4436 abbas,
413 4345 569 4440 quod
598 4368 793 4424 discus
842 4363 1327 4435 eleemosynarius
1383 4345 1695 4420 haberetur
1725 4378 1876 4434 quo-
1914 4354 1958 4408 D
1994 4345 2229 4402 bellum-

172 4460 312 4518 tidie
344 4458 403 4513 in
434 4469 632 4513 mensa
673 4454 940 4523 divitum,
973 4453 1033 4509 in
1061 4467 1178 4524 quo
1199 4460 1421 4523 partem
1452 4451 1712 4508 ciborum
1741 4466 1881 4508 suo—

173 4564 309 4606 rum
355 4546 646 4603 mitterent
683 4544 755 4600 ad
801 4557 948 4613 opus
1000 4540 1404 4612 indigentium,
1439 4540 1542 4611 qui
1575 4554 1689 4595 non
1734 4553 1878 4610 pra-

171 4634 512 4706 paraverint
536 4632 662 4688 sibi.
695 4630 993 4687 Prohibuit
1024 4637 1217 4685 autem
1249 4628 1399 4685 idem
1429 4628 1610 4684 abbas
1638 4641 1710 4683 ne
1748 4627 1882 4697 quis

175 4723 237 4779 in
270 4721 541 4787 ecclesiis,
569 4719 658 4775 vel
699 4719 861 4775 atriis
904 4731 1105 4775 earum
1135 4716 1425 4785 venderet,
1458 4721 1671 4772 emeret
1703 4713 1881 4784 quid-

175 4824 381 4882 quam,
412 4808 501 4865 vel
531 4806 845 4878 placitaret.
880 4826 908 4856 ››

247 4898 499 4954 Tandem
534 4903 726 4967 postea
777 4909 954 4967 quam
1002 4893 1259 4965 probatis
1300 4892 1696 4964 religiosisque
1751 4905 1879 4947 mo-

173 4986 341 5042 ribus
373 4985 711 5042 instituisset
755 4983 961 5040 fratres
990 4997 1148 5053 suos,
1177 4982 1435 5038 auxisset
1478 4980 1627 5036 bona
1671 4992 1877 5035 mona-

175 5074 354 5141 sterii,
393 5081 448 5130 et
496 5074 663 5144 longe
711 5072 939 5143 lateque
993 5071 1147 5127 fama
1191 5083 1432 5126 summa
1482 5067 1704 5138 pietatis
1751 5080 1874 5137 per-

174 5152 441 5231 volasset,
475 5170 611 5219 nota
643 5160 985 5229 sanctitatis,
1016 5173 1147 5230 qua
1200 5158 1519 5215 etiamnum
1566 5155 1879 5227 pervulga-

178 5258 275 5307 tur
331 5250 659 5322 insignitus,
727 5250 801 5305 ad
845 5249 1129 5306 caelestem
1194 5246 1440 5318 patriam
1493 5244 1875 5315 transmigra-

178 5338 260 5395 vit
305 5354 363 5395 tv
421 5340 505 5395 Id.
556 5338 907 5409 Septembris
956 5340 1111 5391 1211.
1165 5335 1441 5392 Conditus
1465 5333 1615 5404 jacet
1654 5333 1713 5388 in
1759 5347 1873 5389 me-

177 5426 402 5484 ditullio
429 5427 680 5485 ecclesia
726 5441 861 5484 cum
917 5425 1027 5482 hac
1058 5424 1369 5497 epigraphe
1398 5436 1539 5479 saxo
1568 5420 1874 5493 sepulcrali

181 5529 379 5572 lllClsa.

179 5603 372 5659 Cullor
400 5602 716 5661 honestati:
740 5617 908 5659 veru:
922 5600 1088 5671 jacet
1113 5599 1223 5665 hic,
1257 5602 1313 5655 et
1334 5598 1591 5671 pietatis.

531 5703 807 5769 Parnon.
859 5701 1066 5769 CLVI.

2066 4473 2094 4502 ‹‹
2123 4451 2404 4509 Caterum
2438 4449 2486 4505 si
2531 4448 2863 4520 quempiam
2921 4447 3339 4504 monachorum
3386 4447 3692 4519 utriusque

1989 4539 2453 4610 congregationis
2499 4537 2722 4593 abbatis
2752 4536 2843 4592 sui
2892 4536 3036 4592 iram
3088 4550 3189 4593 seu
3241 4536 3690 4608 indignationem

1991 4627 2166 4698 (quod
2198 4627 2349 4682 Deus
2373 4623 2645 4693 avertat)!
2683 4623 2992 4678 incurrisse
3050 4622 3372 4692 contigerit,
3420 4630 3476 4678 et
3527 4637 3586 4678 se
3632 4623 3690 4678 in

1989 4715 2227 4771 alterius
2252 4713 2663 4770 monasterium
2689 4710 3013 4777 contulerit,
3044 4717 3324 4779 tanquam
3357 4723 3514 4766 unus
3543 4710 3693 4780 ejus-

1989 4801 2116 4857 dem
2140 4802 2243 4857 loci
2276 4802 2333 4857 in
2365 4800 2769 4857 communione
2799 4799 3013 4855 scilicet
3041 4806 3158 4853 tam
3216 4797 3477 4867 capituli,
3509 4811 3689 4868 quam

1988 4888 2176 4944 victus
2207 4895 2262 4944 et
2287 4888 2531 4945 vestitus
2567 4888 2694 4955 erit,
2748 4886 2928 4942 donec
2984 4898 3100 4955 pax
3150 4884 3300 4940 inter
3343 4898 3476 4939 eum
3508 4891 3563 4939 et
3590 4884 3693 4940 ab-

1987 4977 2178 5033 batem
2215 4976 2586 5047 reformetur;
2619 4976 2729 5032 nisi
2787 4974 2961 5045 (quod
2992 4973 3193 5041 absit!)
3248 4972 3379 5027 talis
3434 4972 3527 5040 sit,
3585 4971 3688 5042 qui

1987 5064 2307 5121 secundum
2338 5066 2624 5135 regulam,
2657 5078 2775 5120 non
2810 5063 3036 5120 valente
3086 5060 3490 5128 satisfactione,
3533 5060 3689 5116 haud

1986 5153 2185 5210 debeat
2215 5152 2526 5208 conciliari.

2060 5260 2087 5290 «
2117 5239 2362 5295 Nomina
2391 5247 2581 5295 autem
2612 5247 2729 5296 tam
2782 5239 3025 5306 abbatis,
3061 5251 3239 5309 quam
3279 5241 3427 5291 ωδ
3475 5235 3688 5292 defun-

1983 5336 2206 5385 ctorum
2240 5326 2505 5393 fratrum,
2539 5326 2596 5383 in
2628 5328 3033 5397 martyrologio
3061 5326 3402 5383 scribentur.

2060 5441 2081 5468 ι
2128 5419 2199 5475 Ut
2243 5430 2379 5471 vero
2433 5416 2554 5471 hac
2601 5418 2840 5472 societas
2892 5417 3039 5471 inter
3078 5429 3183 5471 nos
3224 5422 3281 5470 et
3330 5413 3480 5484 ipsos
3521 5413 3691 5470 firma

1984 5507 2058 5564 sit
2079 5514 2135 5562 et
2164 5504 2383 5562 stabilis
2413 5503 2471 5559 in
2504 5511 2866 5573 perpetuum,
2891 5502 3043 5558 hanc
3069 5503 3330 5558 chartam
3364 5502 3689 5571 sigillorum

1985 5602 2318 5652 nostrorum
2384 5590 2707 5648 munimine
2782 5589 3107 5647 roboratam
3190 5590 3273 5646 eis
3342 5589 3692 5648 indulsimus

3294 5694 3378 5752 35
