3930 6394
1732 7 2023 27 ,ᾖ

318 338 452 393 1099

1355 334 1468 389 AD.
1513 334 1667 390 OPP.
1710 332 1865 388 VEN.
1911 331 2237 389 GUIBERTI
2282 332 2369 385 DE
2406 330 2808 387 NOVIGENTO

2084 4 2555 25 *νυ-υ

3709 333 3844 387 1100

314 483 469 525 anno
491 464 913 524 Incarnationis
958 465 1269 522 Dominica
1297 464 1601 520 millesimo
1630 463 2022 518 ducentesimo
2061 467 2106 517 A
2136 462 2475 517 auctoritate
2521 459 2852 530 episcopali,
2905 458 3014 514 ﬁde
3058 458 3228 526 bona,
3260 466 3524 517 tenemur
3578 476 3840 532 guaran-

313 557 533 611 decimo
559 562 789 625 quarto.
824 574 853 606 »

385 645 651 699 Ecclesia
713 642 1074 714 parochialis.
1137 656 1316 712 quam
1388 640 1445 695 in
1507 639 1751 695 Corileto
1820 653 2019 695 recens

313 740 729 789 exstruxerant
775 732 1190 797 Flaviacenses,
1252 728 1775 799 paasentationem,
1818 735 1883 784 ut
1927 742 2020 784 vo-

313 828 469 889 cant,
502 820 832 890 impertitur
864 818 1162 889 Philippus
1211 816 1701 873 Bellovacensium
1757 815 2012 884 antistes,

314 909 383 964 ad
420 909 578 965 hunc
610 908 845 964 modum
875 922 888 961 ε

391 1020 412 1047 ι
465 998 757 1052 PHILIPPUS
847 996 941 1051 Dei
1029 994 1214 1064 gratia
1289 993 1649 1049 Belvacensis
1698 994 2012 1063 episcopus,

313 1086 583 1142 omnibus
613 1085 671 1139 in
701 1084 924 1140 Christo
967 1083 1248 1146 ﬁdelibus,
1282 1082 1525 1137 salutem
1560 1082 1616 1137 in
1652 1090 2012 1152 perpetuum.

310 1173 542 1231 Noverit
573 1166 918 1229 universitas
947 1179 1138 1226 vestra
1168 1170 1323 1240 quod
1353 1184 1487 1225 cum
1518 1170 1797 1225 Girardus
1816 1169 2012 1236 abbas,

312 1270 367 1318 et
421 1268 738 1317 conventus
794 1259 985 1316 Sancti
1038 1258 1328 1316 Geremari
1387 1258 1791 1324 Flaviacensis,
1836 1265 2017 1313 terras

312 1350 574 1417 arabiles,
606 1363 754 1419 quas
798 1348 857 1404 in
896 1356 1092 1404 nostra
1121 1347 1349 1403 dicecesi
1401 1347 1785 1417 possidebant,
1838 1346 2016 1402 locas-

310 1447 434 1496 sent
462 1438 801 1500 cultoribus.
836 1437 1165 1507 ibidemque
1190 1436 1404 1503 villam,
1429 1436 1739 1492 Coriletum
1762 1435 2012 1503 nomine,

310 1529 379 1584 de
422 1541 573 1583 novo
639 1526 1121 1591 construxissent,
1165 1525 1457 1581 communi
1508 1539 1747 1580 assensu
1806 1524 2015 1580 ibidem

308 1616 605 1671 ecclesiam
662 1615 1059 1671 Iundaverunt
1099 1613 1346 1684 propriis
1401 1613 1749 1684 sumptibus,
1805 1620 1859 1668 et
1889 1614 2015 1668 red-

309 1704 527 1761 ditibus
551 1704 809 1760 eamdem
858 1702 1125 1758 ditantes.
1173 1702 1286 1758 Nos
1316 1717 1550 1773 quoque
1580 1702 1651 1757 ad
1686 1700 2012 1771 petitionem

309 1804 532 1858 eorum,
605 1788 1103 1859 prasentationem
1160 1789 1325 1845 dicta
1388 1788 1691 1859 parochia,
1762 1788 2013 1844 ecclesia

310 1878 505 1935 Sancti
534 1878 825 1934 Geremari
874 1885 1148 1947 perpetuo
1191 1876 1590 1947 possidendam
1627 1877 2012 1933 concedimus.

310 1967 397 2022 Ad
430 1967 603 2037 cujus
657 1966 737 2021 rei
784 1964 1177 2021 testimonium
1231 1974 1565 2035 prasentem
1623 1966 1891 2036 paginam
1923 1965 2017 2020 di-

311 2055 416 2111 ctis
471 2054 769 2111 monachis
826 2052 1191 2119 tradidimus,
1239 2053 1423 2125 sigilli
1464 2054 1641 2109 nostri
1693 2054 2016 2109 munimine

311 2144 660 2200 roboratam.

382 2254 410 2283 ς
453 2234 662 2289 Datum
710 2231 962 2288 Flaviaci
1017 2245 1170 2286 anno
1217 2232 1290 2287 ab
1331 2232 1733 2289 lncarnatione
1791 2231 2017 2288 Domini

311 2323 615 2378 millesimo
645 2321 1034 2377 ducentesimo
1065 2320 1283 2376 decimo
1322 2321 1546 2390 quinto.
1579 2341 1607 2370 ι

382 2409 659 2466 Girardus
688 2424 725 2463 v
756 2409 893 2465 ldus
922 2408 1110 2464 Martii
1154 2411 1289 2462 1215
1328 2409 1461 2466 vita
1486 2424 1723 2466 cursum
1777 2411 2013 2482 peregit.

382 2498 565 2554 XXV.
616 2497 896 2553 Girardus
925 2496 996 2551 de
1037 2495 1357 2569 Haraigny,
1392 2511 1493 2553 seu
1532 2497 1814 2570 Eraigng,
1847 2500 2018 2569 cujus

312 2599 493 2655 supra
532 2585 916 2652 meminimus,
978 2584 1187 2640 iterum
1254 2586 1541 2640 communi
1600 2588 2014 2643 monachorum

312 2673 534 2730 calculo
559 2673 632 2729 ad
660 2673 906 2729 abbatia
946 2672 1407 2743 gubernaculum
1439 2674 1773 2729 assumitur.

381 2760 744 2815 Testamento
811 2758 1278 2815 Flaviacensibus
1347 2772 1574 2815 crucem
1636 2773 1895 2827 auream,
1962 2755 2016 2818 et

309 2847 689 2904 ecclesiastica
736 2855 1096 2913 ornamenta,
1144 2860 1262 2903 una
1290 2846 1440 2903 villa
1466 2847 1774 2918 Spalburgi
1817 2850 2015 2921 (vulgo

311 2935 716 3008 Espaubourg)
750 2943 967 3005 partem
998 2944 1197 3006 erogat
1229 2935 1288 2991 in
1327 2937 1600 2992 extremis
1631 2938 1848 3007 positus
1888 2939 2017 2994 Phi-

2126 550 2249 606 dire
2283 549 2602 620 pralibata,
2638 550 2692 603 in
2720 548 2891 618 cujus
2925 548 3002 603 rei
3030 548 3348 616 ﬁdem,etc.

2202 661 2228 688 ‹‹
2259 640 2405 694 MILO
2433 639 2756 708 episcopus.
2788 659 2814 687 ι

2197 728 2424 784 Statuta
2453 726 2803 797 prascripsit
2830 726 3108 781 Cirardus
3136 726 3316 782 abbas
3347 741 3478 798 qua
3519 727 3591 783 ad
3633 727 3835 799 praci-

2126 830 2271 886 puas
2318 816 2594 873 festorum
2653 822 2912 885 spectant
2958 814 3346 871 solemnitates
3395 831 3408 869 :
3477 815 3558 871 ita
3616 824 3836 872 veteres

2123 905 2569 961 consuetudines
2596 903 2852 974 ejusdem
2886 903 3150 958 canobii.

2198 993 2423 1048 Fundat
2469 1007 2542 1048 ex
2595 1006 2881 1048 consensu
2928 992 3163 1061 capituli
3227 991 3686 1048 anniversariam
3743 993 3830 1048 sui

2123 1081 2314 1137 obitus
2343 1082 2514 1147 diem,
2548 1095 2701 1137 anno
2734 1083 2889 1135 1235.

2197 1171 2429 1226 Mortem
2475 1169 2714 1240 oppetiit
2768 1168 2897 1224 Kal.
2951 1168 3101 1239 Sept.
3152 1170 3307 1224 1236.
3352 1170 3504 1226 Iacet
3565 1169 3622 1226 in
3680 1170 3833 1240 capi-

2123 1258 2279 1329 tulo;
2329 1258 2429 1315 ubi
2477 1259 2584 1314 hoc
2640 1259 2823 1314 visere
2875 1265 2957 1313 est
3010 1258 3369 1329 epitaphium
3416 1257 3677 1328 sepulcro
3736 1259 3825 1314 in-

2124 1361 2309 1403 ctsum
2343 1362 2356 1401 ἒ

2196 1468 2616 1543 fac-ima:
2644 1486 2774 1525 cum
2802 1469 3151 1543 negligimus
3176 1475 3413 1543 peccata
3431 1487 3648 1543 cavere.

2198 1539 2307 1605 Qui
2321 1539 2486 1609 jacet
2505 1539 2607 1613 hic
2627 1556 2859 1613 semper
2873 1539 3115 1613 'stz'iduil
3150 1539 3298 1597 bona
3343 1546 3546 1599 cuncta
3573 1542 3789 1608 fovere.

2196 1615 2343 1665 Cum
2369 1611 2632 1679 moritur,
2664 1611 2778 1667 nail
2807 1612 3093 1667 deseritur
3121 1614 3417 1668 Gerardu:
3442 1613 3509 1670 in
3534 1613 3651 1668 imo

2197 1683 2307 1739 Sed
2330 1682 2465 1737 calo
2492 1681 2746 1753 infertur
2772 1683 2923 1739 dono
2950 1683 3169 1739 ditata:
3191 1687 3399 1756 opimo.

2198 1805 2399 1861 XXVI.
2433 1805 2870 1861 Guillelmusde
2936 1805 3218 1873 Vilaincs,
3270 1821 3495 1863 morum
3545 1806 3825 1876 probitate

2125 1892 2338 1948 clarus.
2386 1891 2551 1949 Sedet
2614 1907 2746 1948 cum
2797 1893 2923 1948 aliis
2979 1893 3289 1949 abbatibus
3355 1894 3650 1949 Remensis
3705 1907 3824 1962 pro-

2123 1982 2329 2036 vincia
2360 1981 2417 2036 in
2473 1981 2743 2050 capitulo,
2792 1981 2911 2037 sive
2955 1982 3430 2053 congregratione
3476 1982 3627 2051 apud
3684 1981 3819 2037 San-

2123 2078 2279 2126 ctum
2314 2070 2675 2125 Vincentium
2707 2070 3147 2126 Laudunensem
3174 2078 3503 2126 convocata.

2192 2157 2394 2213 Theca
2442 2166 2727 2228 argentea
2770 2172 2912 2214 auro
2954 2159 3277 2230 lapillisque
3328 2160 3637 2225 adornata,
3690 2157 3820 2213 sole-

2122 2245 2243 2300 mni
2291 2245 2407 2301 ritu
2454 2247 2778 2303 astantibus
2820 2246 3141 2316 Guillelmo,
3182 2263 3253 2303 ex
3313 2247 3663 2304 Flaviacensi
3710 2260 3819 2301 mo-

2123 2334 2310 2389 nacho
2335 2334 2541 2390 abbate
2597 2335 2982 2405 Cluniacensi,
3016 2345 3070 2393 et
3097 2336 3397 2393 Guillelmo
3436 2337 3505 2392 de
3555 2336 3815 2399 Vilaines,

2123 2422 2350 2478 Guillel.
2401 2423 2570 2492 episc.
2639 2423 3088 2481 benedictionem
3140 2425 3483 2495 impertitur,
3540 2430 3594 2479 et
3643 2423 3702 2477 in
3755 2434 3818 2476 ea

2122 2524 2352 2566 sacrum
2383 2510 2565 2566 sancti
2588 2512 2873 2567 Geremari
2898 2512 3201 2569 brachium
3234 2513 3581 2568 reconditur.

2193 2600 2360 2655 Anno
2421 2603 2577 2667 1255,
2646 2600 2987 2657 Guillelmus
3056 2601 3222 2674 pium
3270 2602 3461 2673 patri:
3520 2598 3817 2655 ostendens

2122 2688 2412 2757 ajeclum,
2463 2688 2680 2758 pradia
2726 2689 2993 2759 quadam
3026 2704 3098 2745 ne
3150 2689 3271 2746 suis
3309 2696 3428 2744 tum
3491 2687 3662 2754 sanis,
3699 2695 3818 2742 tum

2124 2774 2369 2830 inﬁrmis
2400 2774 2542 2844 quid
2569 2774 2805 2841 deesset,
2837 2775 3036 2845 selegit
3092 2789 3159 2831 ac
3189 2774 3460 2831 decernit.
3492 2772 3651 2839 Quod
3701 2770 3821 2840 qui-

2124 2863 2253 2918 dem
2328 2870 2609 2919 statutum
2657 2864 2730 2919 ab
2789 2864 3052 2934 episcopo
3116 2862 3443 2919 Belvacensi
3499 2858 3816 2922 Guillelmo,

2126 2965 2229 3006 nec
2253 2966 2375 3006 non
2403 2952 2476 3007 ab
2521 2951 2848 3008 Alexandro
2892 2952 2966 3008 IV
3021 2952 3124 3022 pia
3171 2950 3461 3007 memoria
3516 2949 3701 3005 voluit
3728 2961 3820 3017 ap-

314 3024 507 3095 lippus
563 3023 977 3080 Bellovacensis
1047 3023 1279 3092 prasul.
1340 3024 1410 3080 Et
1459 3024 1608 3080 hanc
1648 3026 2011 3082 donationem

2194 3040 2452 3096 obatum.
2493 3039 2653 3107 Quod
2675 3048 2731 3096 et
2755 3048 2949 3096 actum
2974 3049 3078 3096 est.
3114 3042 3357 3096 Causam
3405 3046 3599 3095 autem
3630 3037 3819 3107 ejusce

310 3126 601 3169 successor
631 3112 785 3175 Milo.
830 3112 1062 3169 obtento
1111 3112 1274 3182 prius
1302 3126 1337 3168 a
1367 3113 1657 3169 canonicis
1683 3115 1816 3185 jure
1856 3116 2012 3185 quod

311 3201 369 3257 in
419 3201 680 3257 eamdem
753 3200 949 3257 villam
1019 3200 1376 3269 obtinebant,
1436 3202 1720 3272 approbat
1779 3203 1837 3259 in
1893 3204 2015 3259 hac

310 3289 487 3346 verba
519 3305 532 3344 :

385 3398 407 3426 ι
460 3377 603 3435 MILO
651 3377 749 3432 Dei
790 3375 978 3447 gratia
1022 3375 1382 3433 Belvacensis
1441 3377 1693 3434 ecclesia
1754 3379 2014 3436 minister

310 3464 566 3531 humilis,
593 3464 864 3519 omnibus
893 3461 1102 3519 Christi
1134 3462 1398 3519 ﬁdelibus
1426 3464 1498 3519 ad
1527 3479 1677 3535 quos
1707 3475 2015 3535 prasentes

309 3552 511 3609 littera
542 3552 898 3618 devenerint,
926 3559 1200 3607 aternam
1233 3551 1291 3607 in
1344 3552 1584 3608 Domino
1612 3554 1876 3610 salutem.
1899 3556 2013 3613 No-

313 3649 435 3697 tum
494 3639 741 3695 facimus
795 3638 1098 3706 universis,
1149 3639 1305 3709 quod
1366 3654 1497 3695 cum
1554 3642 1820 3711 quadam
1880 3657 2015 3714 pars

309 3728 463 3784 villa
493 3728 562 3783 de
609 3727 996 3798 Espaubourg
1029 3728 1087 3782 in
1142 3728 1492 3795 hominibus,
1554 3730 1746 3797 Ieodis,
1796 3733 2011 3802 campi-

310 3820 492 3887 parte,
524 3815 710 3881 terris,
744 3815 941 3886 pratis,
973 3816 1304 3873 nemoribus
1330 3824 1387 3873 et
1435 3818 1605 3873 rebus
1649 3818 1794 3886 aliis,
1846 3820 2012 3876 dicta

312 3904 493 3975 partis
537 3904 689 3960 villa
736 3905 1111 3974 pertinentiis,
1174 3919 1247 3960 ex
1298 3914 1457 3975 parte
1503 3906 1818 3970 Harmerici
1858 3909 2010 3965 Rufﬁ

308 3991 605 4063 quondam
638 3992 835 4048 militis
888 3991 1264 4059 Belvacensis,
1292 3992 1361 4047 ad
1394 3993 1499 4061 pia
1531 3995 1818 4050 memoria
1880 3995 2009 4051 Phi-

309 4080 527 4151 lippum
567 4082 861 4152 quondam
921 4080 1320 4137 Belvacensem
1381 4083 1734 4151 episcopum,
1793 4084 2010 4153 prade-

308 4183 585 4226 cessorem
617 4177 903 4236 nostrum,
967 4169 1166 4225 fuisset
1192 4169 1490 4240 devoluta;
1523 4178 1579 4226 et
1613 4172 1759 4227 idem
1792 4172 2014 4243 Philip-

310 4271 421 4328 pus
446 4257 737 4314 canonicis
763 4258 941 4313 beata
963 4258 1156 4313 Maria
1186 4258 1543 4315 Belvacensis
1571 4259 1628 4314 in
1671 4269 2012 4330 perpetuum

307 4344 726 4417 pranominata
754 4345 1083 4401 contulisset
1114 4360 1127 4400 :
1163 4346 1310 4401 idem
1363 4347 1626 4402 canonici
1663 4348 1733 4403 de
1772 4362 2011 4405 assensu

307 4432 547 4503 capituli
574 4432 725 4489 beati
756 4432 907 4488 Petri
945 4432 1321 4500 Belvacensis,
1360 4434 1667 4492 sufﬁcienti
1713 4438 2010 4493 excambio

309 4520 443 4577 inde
480 4528 727 4591 recepto,
782 4520 946 4578 nobis
993 4522 1200 4579 eadem
1248 4524 1649 4593 quittaverunt
1690 4524 1747 4580 in
1805 4540 2010 4596 perpe-

307 4617 476 4666 tuum
509 4609 773 4676 tenenda,
804 4609 893 4665 vel
924 4609 1019 4666 cui
1040 4610 1318 4667 vellemus
1352 4612 1768 4668 transferenda.

382 4718 405 4747 ι
438 4696 555 4754 Nos
583 4711 721 4769 ergo
749 4697 1047 4755 ecclesiam
1094 4698 1519 4756 Flaviacensem
1546 4708 1784 4770 paterno
1815 4715 2009 4759 amore

305 4786 759 4857 complectentes,
793 4786 921 4857 ipsi,
962 4796 1019 4844 et
1058 4789 1356 4845 monachis
1396 4789 1602 4846 ibidem
1642 4804 2007 4848 commoran-

305 4874 477 4942 tibus,
506 4876 627 4932 hac
650 4876 846 4932 omnia
883 4876 1269 4932 concessimus
1300 4879 1547 4934 tenenda
1573 4878 1633 4933 in
1664 4888 2006 4950 perpetuum

304 4961 481 5020 libere
507 4972 566 5021 et
593 4964 806 5035 quiete,
857 4978 988 5021 cum
1023 4972 1139 5021 tota
1182 4966 1430 5036 justitia,
1487 4982 1619 5023 cum
1670 4967 1820 5033 aliis,
1874 4983 2006 5038 qua

303 5051 627 5121 antiquitus
694 5052 1178 5122 pradecessorum
1263 5062 1593 5113 nostrorum
1659 5056 2008 5125 temporibus

305 5137 439 5194 dicti
494 5140 759 5197 monachi
851 5141 1060 5198 ibidem
1116 5142 1290 5199 libere
1348 5151 1403 5199 et
1465 5143 1699 5213 paciﬁce
1756 5145 2003 5215 posside-

305 5225 467 5291 bant,
494 5228 752 5298 masagio
782 5228 997 5285 scilicet
1022 5244 1146 5297 suo,
1191 5231 1526 5287 hominibus
1562 5232 1756 5300 Ieodis,
1817 5235 2000 5302 terris,

304 5312 503 5384 pratis,
547 5314 896 5382 nemoribus,
929 5317 1183 5383 decimis,
1217 5318 1578 5383 molendinis.
1612 5320 1801 5389 aquis,
1857 5334 2006 5376 cam-

301 5402 521 5472 piparte
557 5410 613 5457 et
645 5410 758 5458 tota
772 5403 1015 5474 justitia.
1062 5405 1269 5476 Itaque
1316 5407 1375 5462 in
1404 5408 1568 5464 dicta
1617 5408 1768 5464 villa
1826 5409 2000 5479 perti-

300 5490 531 5557 nentiis,
559 5489 703 5547 nihil
728 5492 893 5548 nobis
939 5493 1273 5559 retinemus.
1321 5496 1467 5565 quin
1517 5496 1779 5552 monachi
1810 5498 2005 5554 nomi-

304 5578 424 5634 nati
455 5576 514 5633 in
553 5579 865 5649 pralibatis
903 5580 1068 5650 plene
1115 5582 1407 5651 gaudeant
1447 5582 1726 5639 libertate.
1773 5584 2004 5655 Nosque

2122 3128 2335 3183 decreti
2368 3128 2518 3183 hanc
2568 3127 2734 3184 aIIert
2774 3145 2787 3183 :
2824 3149 2852 3178 «
2902 3129 3139 3199 Egestas
3186 3129 3341 3184 enim
3398 3126 3739 3192 murmuris,
3768 3132 3819 3178 et

2121 3216 2512 3285 impatientia,
2563 3220 2738 3286 atque
2784 3218 2955 3272 etiam
3010 3216 3340 3287 cupiditatis
3397 3226 3816 3283 nonnunquam

2118 3312 2202 3360 est
2229 3303 2469 3360 occasio.
2519 3326 2547 3354 »
2593 3304 2842 3375 Egregia
2896 3304 3183 3361 Guillelmi
3224 3304 3623 3375 providentia!
3658 3302 3815 3357 Diem

2120 3392 2387 3449 ultimum
2418 3393 2624 3449 clausit
2647 3407 2771 3449 xvn
2808 3392 2936 3449 Kal.
2968 3393 3126 3449 Junii
3159 3395 3313 3447 1259.

2188 3480 2417 3537 XXVII.
2502 3481 2705 3537 Petrus
2755 3481 2827 3535 de
2887 3482 3253 3537 Vesencourt.
3325 3479 3602 3536 Praclaro
3648 3492 3815 3548 opere

2118 3570 2469 3625 immortales
2498 3570 2710 3640 glorias
2750 3570 2867 3639 ipso
2920 3571 3013 3627 sui
3041 3570 3340 3641 regiminis
3385 3573 3535 3623 009
3569 3567 3814 3637 primor-

2117 3658 2210 3713 dio
2240 3665 2584 3713 consecutus
2610 3667 2711 3714 est.
2753 3660 3048 3729 Siquidem
3081 3674 3322 3715 summa
3350 3658 3448 3714 Dei
3493 3656 3665 3713 matri
3692 3656 3813 3712 Vir-

2118 3746 2357 3817 ginique
2400 3745 2698 3811 sacellum,
2766 3747 2913 3802 mira
2986 3756 3282 3803 structura
3334 3744 3711 3802 exaediﬁcavit
3762 3751 3811 3799 et

2117 3835 2504 3903 consecravit;
2574 3837 2728 3905 quod
2798 3836 3117 3892 etiamnum
3181 3842 3389 3901 exstat,
3469 3841 3810 3903 prastatque

2116 3937 2250 3978 cum
2308 3922 2758 3993 pulchritudine,
2816 3932 2936 3981 tum
3013 3924 3391 3995 amplitudine
3433 3922 3613 3978 sacris
3679 3934 3809 3991 pene

2116 4011 2388 4067 omnibus
2411 4010 2607 4067 Gallia
2636 4013 2912 4069 adiculis.
2947 4013 3252 4069 Constituit
3276 4015 3334 4068 in
3365 4026 3430 4068 eo
3460 4025 3626 4067 sacra
3670 4025 3808 4080 quo-

2117 4099 2253 4155 tidie
2282 4100 2506 4170 agenda
2562 4115 2872 4172 precesque
2899 4102 3181 4169 horarias,
3225 4100 3346 4157 suis
3402 4098 3804 4161 annitentibus,

2120 4188 2549 4257 persolvendas.

2196 4278 2402 4333 Fadus
2427 4278 2547 4334 sive
2645 4278 2970 4335 societatem
3035 4287 3239 4349 pactus
3287 4284 3372 4333 est
3436 4290 3569 4332 cum
3628 4272 3804 4331 Sancti

2121 4366 2378 4422 Audoeni
2413 4366 2887 4438 Rothomagensis
2913 4367 3210 4424 canobitis
3245 4381 3339 4423 an.
3376 4368 3532 4421 1261.

2189 4456 2405 4511 Auctas
2454 4470 2591 4511 vero
2662 4456 2854 4512 Sancti
2900 4456 3193 4513 Geremari
3264 4454 3644 4526 possessiones
3694 4466 3801 4508 am-

2119 4545 2384 4615 plissimis
2414 4546 2753 4602 muneribus
2805 4546 2970 4614 Petri,
3022 4546 3287 4617 indigitat
3324 4558 3522 4601 annua
3563 4544 3676 4599 diei
3725 4543 3803 4597 de-

2116 4634 2417 4704 positionis
2480 4634 2737 4704 ejusdem
2797 4634 2943 4691 Petri
3008 4632 3495 4701 commemoratio,
3551 4632 3801 4689 ordinata

2116 4736 2309 4778 mense
2339 4722 2486 4778 Maio
2518 4724 2675 4776 1269.

2186 4810 2397 4866 Ineunt
2464 4825 2656 4866 mense
2727 4810 2879 4866 Julio
2962 4813 3098 4864 1275
3159 4809 3703 4881 Sangeremarenses
3755 4813 3800 4861 et

2115 4897 2308 4955 Sancti
2370 4898 2605 4954 Luciani
2665 4898 3085 4955 Bellovacensis
3142 4898 3410 4955 monachi
3478 4911 3601 4954 una
3637 4897 3797 4954 socie-

2114 4995 2285 5043 tatem
2296 5030 2308 5041 .

2182 5075 2370 5131 Tertio
2423 5075 2549 5132 Kal.
2605 5075 2738 5131 Maii
2780 5075 2916 5131 1272
2959 5090 3196 5133 cursum
3242 5076 3376 5132 vita
3426 5074 3683 5145 implevit
3718 5075 3797 5129 Pe-

2112 5171 2257 5230 trus,
2287 5172 2342 5220 et
2382 5164 2439 5219 in
2471 5164 2618 5220 atrio
2648 5163 2841 5219 sacelli
2884 5178 2918 5219 a
2946 5178 3006 5220 se
3035 5164 3349 5220 constructi
3375 5162 3649 5232 afﬁcitur,
3680 5173 3795 5218 cum

2111 5250 2222 5307 hac
2248 5251 2575 5321 rhythmica
2612 5252 2943 5323 epigraphe,
2975 5253 3275 5322 sepultura
3310 5266 3322 5307 :

2219 5375 2452 5448 Petrum
2473 5378 2644 5448 pelta
2672 5375 2809 5448 tegit
2834 5375 3117 5443 abbatem,
3149 5373 3250 5448 qui
3277 5375 3413 5430 bene
3453 5376 3605 5429 rexit

2216 5446 2552 5528 ςιαιιςίηιῃι
2569 5446 2895 5528 ϐενηὶεηεεί
2910 5463 3077 5528 ιιξιεηξ
3099 5446 3549 5528 Ορήεέῳεενυει
3563 5446 3637 5501 ab
3658 5458 3791 5500 eme.

2214 5518 2431 5571 Devota
2452 5517 2578 5571 vita
2596 5533 2829 5586 semper
2857 5517 2989 5585 fuit,
3020 5522 3076 5572 et
3099 5517 3225 5572 sine
3258 5517 3379 5573 lite.

2215 5586 2403 5659 Elegit
2427 5586 2659 5659 cellam,
2699 5604 2875 5659 quam
2904 5587 3159 5645 condidit
3185 5589 3314 5661 ipse
3339 5588 3650 5660 capellam.
