3930 6412
146 354 276 405 1101

230 482 498 564 Zirginis
522 483 582 537 in
616 482 789 564 laude
815 480 961 562 cali,
992 481 1647 564 ⁸νιξιῃᾴεκς-ίξιῃ.ἰη,διξᾱεκ

221 553 380 609 Huic
408 555 482 609 sil
510 554 786 626 propitia,
822 553 919 609 via
946 554 1098 621 caeli,
1142 553 1321 625 Virgo
1349 556 1567 610 Maria.

222 659 489 715 XXVIII.
554 660 790 715 Michael
857 675 888 714 e
961 659 1281 721 Castaneto,
1348 659 1523 731 vulgo
1572 662 1858 733 Calenay,

149 763 328 818 prope
384 750 803 805 Claromontem
853 748 1254 805 Belvacensem
1305 749 1590 806 oriundus
1640 765 1652 804 :
1702 750 1863 820 prius

152 837 543 893 Flaviacensis
592 838 840 893 coenobii
890 836 1248 904 cellerarius,
1298 846 1567 893 accurate
1602 838 1860 908 discipli-

153 939 294 980 nam
332 928 706 982 monasticam
756 926 1027 981 servavit.
1069 926 1343 995 Impetrat
1382 940 1415 980 a
1455 926 1719 996 Philippo
1763 928 1860 995 III,

158 1014 517 1069 Francorum
556 1028 708 1083 rege,
759 1013 1192 1083 privilegiorum
1236 1013 1727 1070 confirmationem
1766 1029 1859 1070 an.

162 1102 321 1154 1275.
354 1102 423 1156 Ει
466 1115 619 1157 anno
662 1104 815 1168 1276,
860 1115 1051 1157 mense
1088 1103 1351 1171 Augusto
1390 1101 1698 1157 nonnullas
1737 1117 1867 1158 con-

160 1188 270 1243 fert
317 1189 713 1257 possessiones.
781 1208 809 1237 «
858 1189 964 1244 Pro
1009 1189 1367 1244 solemnitate
1404 1189 1596 1255 ofﬁcii,
1651 1190 1861 1260 inquit,

158 1276 252 1331 die
292 1276 481 1332 obitus
517 1277 693 1333 nostri
734 1276 1132 1332 anniversario
1162 1276 1427 1343 faciendi,
1467 1285 1521 1334 et
1565 1292 1667 1348 pro
1705 1278 1867 1336 libris

154 1363 408 1419 ecclesia
438 1372 646 1420 nostra
678 1365 1037 1434 reparandis.
1076 1386 1105 1413 ››

232 1451 449 1521 Sepulti
493 1453 682 1524 iacent
732 1454 788 1508 in
835 1453 955 1508 ade
1007 1453 1265 1522 Deipara
1314 1453 1581 1524 Virginis,
1636 1453 1867 1511 Guillel-

154 1555 292 1595 mus
365 1555 432 1595 ac
477 1541 833 1612 Reginaldus
889 1541 1185 1597 castellani
1237 1541 1653 1599 Belvacenses:
1714 1559 1864 1614 quo-

154 1643 292 1684 rum
323 1628 691 1698 depositionis
733 1629 854 1685 dies
898 1630 1296 1685 anniversaria
1336 1638 1570 1687 notatur
1605 1631 1677 1686 ab
1712 1645 1866 1688 anno

166 1718 318 1772 I27I.
373 1717 436 1771 In
483 1717 592 1771 hac
641 1716 765 1786 ipsa
808 1717 930 1772 ade
976 1731 1143 1773 sacra
1192 1718 1465 1774 visuntur
1514 1727 1569 1775 et
1615 1719 1728 1775 alia
1776 1735 1862 1775 se-

156 1806 385 1876 pulcra.

232 1896 463 1950 Natura
521 1894 777 1950 debitum
839 1894 1011 1950 solvit
1058 1894 1297 1951 Michael
1346 1910 1403 1951 IV
1466 1896 1589 1952 Kal.
1659 1898 1863 1968 Augu-

153 1984 232 2037 sti
292 1984 446 2050 1284,
511 1990 566 2038 et
629 1991 761 2038 ante
823 1982 1005 2038 altare
1069 1983 1326 2051 ejusdem
1382 1984 1521 2038 adis
1599 1984 1866 2039 conditus

152 2078 264 2125 est.

236 2158 449 2214 XXIX.
487 2159 687 2214 Petrus
729 2160 802 2214 II.
836 2158 1093 2228 Diploma
1139 2159 1438 2229 Philippus
1482 2160 1569 2226 IV,
1610 2160 1864 2216 Franco‘

155 2260 294 2300 rum
330 2260 450 2309 rex,
498 2247 661 2302 Petro
696 2247 1012 2313 annitente,
1059 2247 1528 2302 Flaviacensibus
1566 2248 1859 2315 concessit,

155 2349 280 2403 quo
325 2335 579 2404 ipsorum
618 2335 904 2390 universa
951 2335 1341 2391 immunitates
1378 2349 1444 2391 ac
1485 2336 1865 2406 possessiones

153 2422 272 2478 sub
298 2424 459 2493 regia
500 2423 758 2490 tuitione,
789 2422 947 2479 velut
986 2423 1169 2493 ipsius
1207 2425 1589 2493 prastiterant
1617 2432 1866 2480 anteces-

154 2524 337 2578 sores,
386 2511 639 2566 declarat
679 2525 833 2568 anno
867 2515 1021 2566 1287.
1075 2512 1229 2569 Obiit
1268 2513 1471 2570 Petrus
1524 2528 1581 2569 IX
1618 2514 1859 2569 Kalend.

152 2599 418 2655 Octobris
450 2602 602 2654 I299.
1052 2598 1058 2605 ’

231 2688 403 2742 XXX.
437 2688 631 2744 Fulco.
667 2688 920 2745 Charum
952 2689 1269 2746 domesticis
1296 2690 1628 2761 exterisque
1658 2691 1859 2747 Fulco-

153 2791 293 2833 nem
365 2777 665 2844 exstitisse,
733 2791 800 2834 ac
862 2777 1109 2834 fratrum
1165 2778 1486 2835 concordiae
1551 2780 1863 2850 probaeque

152 2864 582 2921 conversationi
652 2867 1010 2922 consuluisse
1062 2868 1339 2923 exhibent
1392 2868 1636 2924 canobii
1685 2883 1861 2925 mem-

154 2954 381 3008 brana.
443 2953 645 3009 Villam
714 2954 784 3009 de
841 2953 1021 3024 Reilly
1068 2954 1126 3009 in
1181 2968 1328 3025 pago
1377 2954 1711 3023 Vilcassino,
1764 2956 1861 3011 ubi

1403 354 1622 410 DOMNI
1665 356 1724 409 L.
1769 355 2105 412 D’ACHEBY
2148 357 2365 411 NOTAE.

3530 364 3665 415 1102

1891 494 1931 541 Α
1962 486 2166 550 cimus,
2203 483 2358 553 quod
2391 497 2524 539 cum
2560 484 2829 555 religiosi,
2884 487 3063 543 abbas
3100 495 3155 543 et
3193 495 3510 546 conventus
3546 505 3666 545 mo-

1972 572 2203 627 nasterii
2240 572 2292 626 S.
2337 570 2624 627 Geremari
2662 574 2731 628 de
2776 575 3019 643 Flaiaco,
3060 576 3416 632 Belvacensis
3457 578 3667 632 dioece-

1970 660 2067 727 sis,
2096 662 2386 715 occasione
2417 659 2720 729 cujusdam
2766 661 2973 717 domus
3008 677 3141 718 cum
3177 664 3344 719 certis
3381 665 3667 733 censibus,

1969 762 2168 818 quam,
2194 762 2296 803 seu
2323 762 2469 818 quos
2502 750 2711 804 habent
2743 749 2803 804 in
2837 750 2974 805 villa
3002 751 3352 818 Belvacensi,
3393 767 3493 822 per
3522 753 3668 809 bur-

1973 850 2173 907 genses
2229 837 2550 893 habitantes
2602 837 2786 907 ipsius
2843 838 2994 893 villa
3073 839 3450 906 Belvacensis,
3512 856 3666 896 com-

1976 926 2122 995 pulsi
2154 926 2393 982 fuerunt
2421 927 2494 983 ad
2521 926 3031 996 contribuendum,
3060 935 3115 983 et
3150 929 3489 985 solvendum
3516 936 3668 986 cum

1970 1014 2055 1070 eis
2092 1013 2276 1071 tallias
2324 1022 2379 1070 et
2424 1015 2811 1085 impositiones
2866 1016 2925 1070 in
2971 1016 3121 1071 dicta
3159 1016 3298 1072 villa
3329 1017 3526 1085 factas,
3569 1032 3671 1088 pro

1972 1107 2330 1173 reparatione
2368 1112 2424 1161 et
2458 1104 2857 1160 fortificatione
2906 1104 3240 1159 necessariis
3289 1104 3453 1160 dicta
3496 1105 3669 1173 villa,

1971 1206 2044 1247 ex
2072 1193 2287 1263 quibus
2323 1191 2603 1262 compulsi
2627 1191 2840 1248 fuerint
2870 1193 2940 1247 ad
2969 1193 3453 1249 contribuendum
3483 1202 3536 1250 ct
3560 1195 3668 1250 sol-

1972 1282 2227 1338 vendum
2254 1297 2385 1338 cum
2415 1284 2496 1337 eis
2529 1280 2734 1336 tallias.
2768 1281 2947 1336 Iidem
2991 1281 3241 1351 religiosi
3291 1289 3507 1337 certam
3537 1296 3670 1352 par-

1974 1378 2084 1425 tem
2143 1384 2244 1426 seu
2304 1370 2617 1440 portionem
2673 1371 2901 1439 guerris
2965 1367 3316 1424 durantibus
3379 1372 3672 1439 persolve-

1974 1466 2147 1518 runt:
2194 1461 2346 1530 quod
2393 1468 2586 1516 tamen
2634 1458 2845 1515 futuris
2885 1458 3240 1528 temporibus
3283 1459 3496 1514 eisdem
3540 1461 3671 1517 reli-

1974 1548 2147 1617 giosis
2202 1554 2388 1616 posset
2443 1545 2501 1600 in
2547 1545 2824 1600 damnum
2877 1545 3094 1600 cedere.
3142 1544 3524 1611 Quamobrem
3568 1562 3673 1602 nos

1975 1636 2078 1705 qui
2110 1635 2399 1690 libertates
2440 1646 2495 1689 et
2532 1633 2877 1688 franchisias
2914 1646 3289 1702 personarum
3325 1633 3671 1690 ecclesiasti-

1974 1737 2198 1788 carum,
2252 1723 2381 1779 totis
2426 1722 2730 1778 conatibus
2775 1721 3045 1777 volumus
3085 1722 3413 1787 observare,
3459 1722 3669 1779 eisdem

1902 1785 1944 1839 Β
1978 1811 2260 1883 religiosis
2288 1810 2678 1866 concessimus
2712 1818 2768 1865 et
2805 1810 3191 1877 concedimus,
3231 1810 3403 1865 etiam
3438 1812 3507 1866 de
3539 1826 3674 1882 gra-

1975 1905 2055 1956 tia
2099 1898 2349 1969 speciali,
2395 1913 2494 1969 per
2554 1906 2879 1969 prasentes,
2939 1905 2999 1954 ut
3050 1898 3173 1968 ipsi,
3214 1907 3269 1955 et
3319 1900 3471 1955 dicta
3517 1904 3673 1955 alo

1972 2002 2172 2045 eorum
2229 1988 2454 2055 domus,
2500 1994 2556 2042 et
2606 2000 2811 2042 census
2867 1987 3143 2056 pradicti,
3207 1987 3280 2043 ab
3338 1987 3669 2059 huiusmodi

1972 2075 2514 2143 contributionibus,
2549 2075 2698 2131 sicut
2745 2076 3144 2145 pramittetur,
3178 2076 3361 2143 factis,
3423 2077 3511 2131 vel
3544 2076 3672 2132 aliis

1974 2164 2388 2231 consimilibus,
2446 2165 2503 2218 in
2556 2172 2845 2233 posterum
2888 2163 3161 2219 faciendis
3201 2178 3302 2233 per
3356 2166 3671 2234 burgenscs

1973 2261 2027 2309 et
2059 2253 2382 2309 habitantes
2408 2254 2466 2307 in
2499 2252 2650 2307 dicta
2681 2251 2818 2307 villa
2851 2251 3179 2307 Belvacensi
3211 2253 3464 2319 omnino,
3499 2261 3670 2323 prout

1973 2347 2106 2395 ante
2137 2340 2391 2403 fuerunt,
2433 2340 2597 2396 liberi
2628 2339 2840 2396 futuris
2865 2341 3219 2410 temporibus
3251 2350 3586 2398 remaneant
3615 2349 3671 2396 et

1972 2428 2276 2486 immunes.

2043 2520 2112 2575 Et
2142 2519 2297 2589 quod
2330 2525 2561 2588 propter
2588 2517 2918 2588 hujusmodi
2950 2517 3451 2586 contributionem,
3495 2534 3667 2590 gner-

1974 2608 2052 2663 ris
2112 2606 2442 2678 vigentibus
2496 2606 2723 2673 factam,
2790 2605 3019 2662 nullum
3084 2606 3295 2662 eisdem
3370 2608 3667 2678 religiosis,

1972 2705 2073 2752 aut
2119 2709 2321 2751 eorum
2366 2695 2618 2750 ecclesia
2659 2694 3059 2765 prajudicium
3119 2696 3189 2751 de
3245 2704 3447 2751 catero
3492 2711 3671 2767 gene-

1972 2792 2153 2850 retur,
2206 2784 2408 2840 litteris
2452 2785 2508 2839 in
2556 2785 2912 2839 contrarium
2965 2783 3301 2853 impetratis,
3354 2786 3443 2840 vel
3491 2787 3669 2856 impe-

1971 2872 2211 2940 trandis,
2246 2886 2360 2927 non
2391 2871 2752 2928 obstantibus
2780 2871 3249 2942 quibuscunque.

2046 2981 2074 3011 «
2123 2961 2330 3016 Datum
2380 2959 2610 3016 Parisiis
2679 2960 2771 3015 die
2813 2960 3000 3030 prima
3048 2960 3256 3028 Martii,
3304 2975 3401 3017 an.
3447 2962 3673 3019 Domini

152 3044 482 3112 elegantem
528 3042 834 3099 adiculam
871 3045 1125 3099 construi
1168 3044 1413 3112 curavit,
1451 3050 1502 3099 et
1543 3044 1656 3099 alia
1696 3044 1865 3114 plura
1905 3079 1945 3134 ε
1973 3049 2271 3105 millesimo
2322 3048 2717 3104 trecentesimo
2780 3048 3136 3118 sexagesimo
3207 3057 3435 3120 quarto,
3510 3053 3672 3123 regni

154 3130 513 3186 monasterio
561 3129 891 3200 acquisivit.
942 3130 1195 3188 Orbatur
1246 3132 1366 3186 vita
1410 3145 1526 3186 xvu
1591 3132 1725 3187 Idus
1770 3132 1865 3188 Ja-

153 3217 358 3274 nuarii
410 3219 568 3285 I317,
610 3219 780 3289 cujus
823 3218 1161 3289 sepulcralis
1212 3219 1424 3275 tumuli
1471 3219 1602 3275 talis
1643 3226 1727 3276 est
1771 3219 1867 3276 iu-

153 3305 410 3376 scriptio.

236 3412 407 3467 Fulco
436 3413 540 3468 sub
568 3415 679 3485 hac
700 3412 864 3469 silice
892 3414 1129 3485 milleno
1154 3413 1390 3485 triplici.
1427 3431 1474 3469 ο.
1503 3432 1676 3484 αηηο,

235 3486 600 3555 Septenoque
626 3484 804 3539 simul
833 3484 1026 3553 latuit,
1043 3484 1256 3555 junctb
1282 3485 1394 3539 sibi
1417 3485 1580 3541 dena.

236 3554 403 3627 Felix
440 3554 710 3627 Ecclesia
738 3557 887 3627 tanti
914 3558 1169 3627 pastoris
1196 3557 1456 3627 alumna.

236 3626 414 3708 {uno
452 3625 606 3708 dolet
639 3624 769 3708 illa,
800 3624 954 3708 quia
980 3627 1118 3683 talis
1285 3627 1537 3708 dempta
1575 3628 1863 3708 columna.

250 3695 421 3769 Visus
442 3700 573 3769 erat
598 3697 800 3752 melior
815 3695 1042 3764 nullus,
1074 3697 1175 3768 qui
1194 3695 1478 3769 quidquid
1503 3698 1714 3767 acerbi,
1762 3722 1769 3729 κ

236 3769 354 3840 {tut
382 3766 566 3840 fausti
586 3769 896 3840 accideret,
926 3784 1041 3823 non
1067 3766 1303 3840 dispare
1330 3766 1518 3825 mente
1544 3766 1795 3825 subiret:

236 3836 357 3911 {iis
380 3838 557 3892 abbas
576 3838 832 3907 humilis,
859 3841 1056 3894 doctus
1092 3836 1225 3906 fuit,
1255 3842 1428 3911 atque
1464 3840 1723 3910 pudicus.

247 3908 355 3982 Κίγ-
378 3912 633 3982 sanctus,
665 3912 940 3982 prudens,
972 3915 1028 3965 et
1053 3927 1295 3982 semper
1304 3908 1479 3982 pacis
1492 3911 1726 3966 amicus.

239 3978 491 4052 Nescius
517 3979 627 4034 iste
653 3978 795 4052 doli,
829 3981 969 4052 quia
991 3978 1221 4035 servivit
1239 3978 1356 4052 tibi
1376 3982 1489 4036 soli
1517 3999 1534 4035 :

239 4050 401 4116 Quod
422 4054 626 4122 pereat
651 4051 791 4121 noli,
828 4050 967 4108 coelo
994 4056 1058 4107 at
1086 4052 1182 4119 da,
1216 4051 1463 4121 Christe,
1499 4052 1676 4108 beari.

237 4148 427 4203 XXXI.
507 4149 810 4206 Robertus.
880 4150 1114 4207 Mortem
1175 4150 1411 4222 oppetiit
1475 4165 1560 4207 xu
1627 4150 1865 4207 Kalend.

162 4237 393 4294 Octobr.
426 4239 581 4294 I333.
628 4239 700 4295 Et
731 4239 791 4295 in
837 4239 957 4296 ade
995 4240 1249 4310 Deipara
1292 4239 1547 4310 Virginis
1575 4239 1867 4310 sepelitur,

166 4326 601 4399 insigniturque
630 4328 739 4385 hoc
766 4328 1076 4399 epitaphio.

241 4431 357 4504 Hic
370 4432 538 4501 jacet
567 4433 756 4504 frater
790 4433 1072 4489 Robertus
1108 4433 1180 4487 de
1218 4430 1541 4504 Marcellis,
1586 4432 1873 4504 quondam

232 4503 414 4558 abbas
445 4502 686 4576 hujusce
725 4505 1095 4576 monasterii.
1138 4502 1416 4576 Migravit
1458 4505 1541 4559 ad
1567 4502 1877 4576 Dominum

239 4590 405 4646 anno
422 4574 737 4631 millesimo
762 4575 1157 4646 trecentesimo
1186 4573 1479 4646 trigesimo
1510 4573 1697 4643 tertio,
1729 4574 1793 4629 in

240 4644 445 4725 uigilia
471 4646 663 4700 sancti
686 4645 979 4713 Matthai;
1003 4648 1166 4718 cujus
1195 4644 1397 4701 antrna
1423 4646 1750 4716 requiescat

238 4732 302 4769 in
327 4731 489 4787 pace.

241 4821 462 4877 XXXII.
496 4823 745 4879 Joannes
778 4824 844 4878 II.
889 4822 992 4879 Vir
1036 4823 1191 4879 haud
1240 4822 1453 4879 infima
1500 4829 1648 4878 nota
1682 4838 1695 4876 :
1729 4836 1880 4878 onus

166 4910 526 4979 prafectura
556 4912 797 4982 gravius
831 4911 1107 4978 sentiens,
1156 4911 1387 4968 subesse
1415 4924 1594 4980 quam
1637 4924 1878 4980 praesse

165 4997 404 5069 maluit;
437 4999 644 5056 idcirco
674 4999 815 5056 illud
848 5001 906 5055 in
951 5000 1227 5057 humeros
1271 4999 1578 5070 Arnulphi,
1611 5006 1880 5070 spectata

167 5086 305 5143 vita
349 5088 633 5156 monachi,
686 5089 966 5159 deposuit,
1020 5096 1095 5154 et,
1137 5088 1400 5159 religiose
1448 5089 1568 5144 vita
1627 5088 1880 5144 triennio
1938 5165 1947 5170 ‘

171 5185 427 5245 peracta,
461 5192 495 5232 v
522 5177 604 5232 Id.
637 5177 772 5232 Julii
802 5179 904 5231 353
934 5176 1282 5233 obdormivit
1311 5177 1370 5231 in
1405 5177 1665 5233 Domino.

246 5264 513 5320 XXXIII.
560 5264 924 5334 Arnulphus.
969 5266 1135 5319 Anno
1173 5278 1303 5319 ara
1345 5263 1683 5321 Christiana
1722 5265 1878 5332 1364,

172 5352 494 5410 Galliarum
558 5368 660 5410 rex
731 5353 975 5410 Carolus
1034 5353 1353 5410 libertatem
1427 5352 1880 5409 Flaviacensium

174 5441 446 5497 vendicat
476 5441 584 5497 hoc
612 5441 906 5510 rescripto.

252 5552 275 5579 ι
309 5529 548 5587 Carolus
596 5530 694 5585 Dei
764 5529 953 5601 gratia
1001 5529 1358 5585 Francorum
1423 5542 1545 5595 rex,
1596 5526 1885 5584 universis

175 5626 485 5687 prasentes
511 5618 740 5690 litteras
787 5617 1161 5688 inspecturis,
1211 5616 1478 5673 salutem.
1528 5616 1737 5673 Notum
1792 5616 1880 5672 fa-

1977 3137 2157 3193 nostri
2205 3151 2357 3191 anno
2406 3137 2608 3206 primo.
2664 3136 2770 3192 Per
2823 3150 3014 3207 regem
3058 3138 3129 3193 ad
3182 3138 3514 3196 relationem
3546 3155 3676 3197 con-

1976 3225 2108 3282 silii.
2142 3224 2443 3297 Signatum
2481 3223 2550 3280 de
2572 3224 2780 3281 Remis.
2818 3239 2864 3273 ι·

2046 3313 2389 3383 Aruulphus
2432 3312 2553 3368 vita
2599 3311 2866 3382 fungitur
2915 3326 3070 3369 anno
3115 3315 3271 3383 I37I,
3318 3328 3379 3370 x1
3430 3314 3671 3372 Kalend.

1975 3403 2151 3458 Junii.

2048 3492 2285 3549 XXXIV.
2344 3492 2592 3547 Joannes
2673 3491 2771 3546 III.
2852 3490 3092 3561 Expleto
3165 3491 3676 3549 administrationis

1975 3580 2271 3652 septennio
2306 3595 2400 3636 VIII
2435 3580 2675 3636 Kalend.
2704 3579 2964 3636 Decemh.
3002 3581 3136 3634 I378
3168 3579 3336 3636 finem
3368 3581 3591 3637 clausit.

2046 3669 2243 3726 XXXV.
2295 3670 2544 3724 Joannes
2616 3669 2708 3734 IV,
2775 3669 3016 3722 Reman.
3076 3668 3466 3725 Conferuntur
3521 3685 3676 3725 more

1979 3759 2269 3829 majorum
2331 3758 2533 3813 littera
2576 3773 2610 3813 a
2647 3757 2870 3822 Carolo,
2921 3771 3053 3827 rege
3102 3758 3486 3825 Francorum;
3539 3759 3676 3829 qui-

1979 3848 2108 3914 bus,
2169 3860 2542 3917 quacunque
2595 3845 2747 3917 juris
2799 3853 2933 3901 sunt
2998 3846 3384 3902 Flaviacensis
3435 3848 3675 3903 cmnobii

1981 3937 2423 4002 confirmantur,
2478 3938 2640 4005 regni
2688 3934 2870 4004 ipsius
2926 3936 2989 3989 17
3033 3947 3206 4002 anno,
3273 3935 3477 3992 Christi
3539 3950 3678 3992 vero

1984 4028 2139 4080 1380.

2050 4113 2300 4168 Joannes
2334 4112 2404 4166 de
2435 4111 2702 4167 Rochers.
2738 4111 2945 4166 Doctor
2986 4108 3043 4164 in
3075 4109 3333 4178 decretis,
3366 4125 3439 4166 ex
3481 4125 3679 4167 mona-

1979 4202 2086 4258 cho
2146 4199 2500 4256 Flaviacensi
2544 4198 2904 4254 Fiscanensis
2934 4198 3263 4254 monasterii
3307 4199 3682 4270 eleemosynis

1980 4289 2309 4359 prafectus;
2378 4289 2449 4344 ad
2498 4287 2949 4344 Fontanellensis
2997 4287 3117 4343 sive
3188 4287 3243 4343 8.
3295 4288 3680 4360 Vandregisili

1906 4362 1951 4416 Ῑ)
1984 4378 2241 4435 asceterii
2276 4378 2679 4448 magistratum
2735 4384 3030 4443 evocatur,
3090 4390 3156 4431 ac
3204 4377 3436 4433 tandem
3482 4377 3680 4433 novis-

1982 4467 2192 4523 simum
2227 4466 2375 4522 diem
2406 4465 2644 4521 sortitur
2672 4472 2880 4534 quarto
2903 4464 3035 4520 Maii
3069 4465 3224 4520 1412.

2052 4557 2302 4611 Joannes
2343 4548 2533 4610 autem
2575 4552 2960 4609 Flaviacensis
3005 4553 3260 4621 antistes,
3319 4552 3500 4623 pridie
3552 4554 3679 4611 Kal.

1986 4641 2137 4712 Sept.
2171 4644 2327 4708 I39I,
2377 4649 2552 4710 atque
2591 4640 2650 4695 in
2704 4638 2758 4695 S.
2810 4638 3101 4695 Geremari
3147 4639 3371 4703 sacello.
3427 4640 3528 4696 ubi
3558 4642 3685 4712 ejus

1984 4730 2203 4801 effigies
2224 4731 2671 4796 demonstratur,
2705 4727 2957 4783 traditur
2982 4727 3314 4797 sepultura.
3523 4777 3543 4791 ,

2057 4819 2281 4875 XXXVI.
2342 4817 2688 4874 Eustachius
2738 4817 2804 4871 II.
2853 4816 2981 4885 Ipso
3029 4815 3254 4882 abbate,
3330 4816 3683 4873 Francorum

1985 4908 2187 4978 regina
2226 4906 2495 4974 Blancha,
2543 4906 2793 4975 Philippi
2839 4905 2913 4961 VI
2964 4903 3256 4974 quondam
3305 4918 3475 4969 uxor,
3517 4918 3688 4974 pera-

1990 4995 2178 5068 genda
2211 4995 2329 5051 ritu
2373 4993 2703 5050 solemniori
2753 4993 2953 5049 divina
2998 4991 3186 5048 officia
3230 4993 3542 5062 quotannis
3580 5001 3691 5049 sta-

1989 5083 2098 5140 tuit
2126 5083 2197 5139 ad
2227 5083 2384 5139 hunc
2410 5083 2640 5138 modum
2678 5096 2690 5136 :

2062 5189 2091 5222 α
2142 5170 2417 5234 Blancha,
2470 5170 2566 5226 Dei
2610 5169 2794 5241 gratia
2845 5168 3101 5225 Francia
3149 5169 3369 5240 regina,
3420 5168 3691 5226 omnibus

1991 5268 2104 5317 tam
2158 5260 2537 5330 praesentibus
2581 5272 2755 5329 quam
2825 5258 3037 5313 futuris
3085 5257 3234 5313 hanc
3284 5258 3554 5328 paginam
3610 5259 3693 5313 in-

1992 5351 2294 5422 spectoris,
2355 5357 2556 5406 notum
2600 5347 2847 5405 facimus
2894 5349 3048 5418 quod
3102 5363 3225 5414 nos,
3269 5349 3341 5405 ob
3393 5348 3692 5418 specialem

1991 5440 2349 5496 devotionem
2417 5452 2535 5508 qua
2595 5451 2733 5508 erga
2796 5437 3106 5493 Ecclesiam
3171 5437 3224 5492 S.
3286 5437 3574 5495 Geremari
3624 5439 3694 5494 de

1996 5529 2263 5585 Flaviaco
2294 5526 2603 5594 afficimur,
2627 5534 2682 5581 et
2712 5525 2780 5581 ad
2816 5525 3150 5597 augendum
3191 5525 3397 5581 ibidem
3441 5527 3536 5581 Dei
3565 5526 3695 5582 cul-

1994 5625 2141 5686 tum,
2188 5616 2592 5681 concessimus,
2639 5623 2691 5670 et
2721 5613 2984 5670 dedimus
3012 5621 3064 5669 et
3096 5626 3195 5684 per
3224 5622 3530 5685 prasentcs
3559 5629 3695 5672 con-
