3930 6414
104 427 288 481 1105

1415 429 1635 489 DOMNI
1676 430 1733 485 L.
1778 427 2121 487 D’ACHERY
2161 429 2384 486 NOTAE.

3523 433 3660 488 1106

202 564 423 620 Parieti
453 579 588 622 vero
615 565 895 636 proximo,
931 566 1037 622 hoc
1068 566 1390 623 encomium
1422 581 1594 623 aeneae
1621 565 1849 622 laminae
1887 566 1937 622 Α
2031 567 2197 622 Anno
2229 565 2451 620 Domini
2508 564 2661 620 1644.
2723 565 3087 637 Augustinus
3117 565 3309 622 Potier
3359 567 3662 638 episcopus

96 649 482 721 inscriptum
518 671 532 708 :

287 740 361 794 Ci
392 740 519 816 gisl
541 742 838 816 Reuerengl
870 743 1010 796 Pere
1034 760 1105 796 en
1153 743 1297 816 Dieu
1324 745 1455 816 Guy
1481 743 1550 798 de
1603 742 1846 816 Villers,

198 827 286 863 en
315 827 417 866 son
463 811 662 867 uiuant
713 812 1006 882 Religieum
1051 817 1107 867 et
1146 812 1298 868 Abbé
1341 811 1669 869 de'ceans:
1728 811 1850 868 issu

199 884 271 933 et
311 886 517 948 parent
562 883 662 937 des
729 884 924 940 noble:
977 888 1033 937 el
1094 884 1404 939 ancienne:
1464 886 1725 941 Maisons
1778 886 1848 939 de

200 951 626 1025 Z’IslefAdam,
659 957 714 1025 et
757 955 1151 1010 Aubremont:
1194 955 1297 1025 ﬁla
1336 955 1407 1009 de
1453 957 1614 1021 haut,
1659 956 1844 1022 noble,

198 1026 271 1075 et
295 1023 562 1093 puis-sant
589 1023 865 1094 Seigneur
923 1026 1165 1080 Messire
1195 1023 1447 1082 Anloine
1495 1027 1565 1081 de
1608 1026 1842 1092 Villers,

198 1110 288 1168 gn
318 1110 420 1148 son
447 1095 646 1168 vitiant
683 1095 982 1168 Chevalier
1008 1097 1286 1168 Seigneur
1311 1097 1382 1150 de
1413 1097 1797 1151 l'Isle-Adam
1828 1118 1847 1163 ,-

202 1165 454 1220 Prevost
491 1167 560 1219 de
588 1166 780 1233 Paris,
811 1173 918 1222 etc.
950 1169 1030 1222 El
1067 1165 1136 1222 de
1164 1168 1327 1223 noble
1357 1171 1537 1222 Dame
1572 1169 1849 1223 Madame

194 1235 447 1290 Jeanne
473 1237 543 1289 de
583 1237 776 1300 Nelle,
819 1237 988 1305 frére
1018 1238 1088 1291 de
1105 1239 1219 1303 feu
1269 1238 1339 1291 de
1369 1239 1548 1292 bonne
1578 1239 1847 1293 memoire

203 1305 705 1378 Reverendissime
757 1309 909 1375 [rere
957 1309 1224 1378 Philippe
1252 1309 1322 1361 de
1370 1310 1608 1372 Villers,
1643 1310 1848 1364 Cheva-

191 1375 324 1428 lier
363 1380 415 1432 et
472 1378 672 1432 Grand
734 1379 979 1433 Mais-[re
1045 1375 1121 1433 de
1157 1375 1380 1434 Rhode.
1441 1379 1848 1435 Pareillemenl

168 1446 373 1518 frere
426 1448 497 1501 de
533 1449 648 1518 feu
707 1449 1008 1504 Reuerend
1057 1452 1201 1504 Pere
1253 1468 1323 1504 en
1376 1449 1514 1505 Dieu
1573 1450 1745 1505 Louis
1777 1452 1847 1506 de

199 1517 560 1596 Villere,_en_
595 1537 698 1573 son
743 1520 944 1596 uiuant
1000 1523 1257 1596 _E-uesque
1300 1521 1615 1596 gomteﬂe
1636 1525 1844 1596 _Beau-

186 1589 365 1662 udis,
441 1589 692 1662 AVidame
742 1591 812 1644 de
877 1593 1132 1662 Gerbroy
1159 1589 1230 1647 vel
1298 1591 1445 1646 Pair
1497 1592 1567 1644 de
1630 1593 1847 1647 France

187 1659 390 1712 ()ncle
419 1660 489 1713 de
514 1661 627 1726 feu
678 1663 973 1718 Reuerend
1030 1659 1172 1716 Pere
1205 1678 1273 1718 en
1317 1664 1462 1716 Dieu
1492 1663 1736 1716 Charles
1776 1663 1846 1717 de

202 1729 458 1803 Villers,
516 1732 677 1785 aus-si
732 1734 999 1803 Euesque
1055 1735 1243 1788 Comle
1282 1733 1352 1786 de
1401 1733 1712 1787 Beauuais.
1767 1735 1846 1788 Et

187 1800 374 1875 ausuri
400 1803 676 1875 Onclegde
699 1804 863 1875 noble
889 1800 945 1857 et
971 1803 1242 1875 puissant
1272 1803 1558 1875 .Seigneur
1603 1807 1658 1857 et
1690 1805 1842 1858 Che-

184 1871 405 1927 ualier
451 1873 521 1945 de
576 1873 797 1930 l'Ordre
857 1875 934 1928 du
971 1871 1114 1945 'Roy
1159 1879 1352 1928 noslre
1379 1871 1556 1940 'Sire,
1607 1875 1844 1930 Messire

191 1947 384 2017 .j_nne
434 1943 502 1998 de
553 1946 1004 2017 Monlmorency,
1055 1943 1332 2014 Seigneur
1364 1951 1419 2000 et
1460 1945 1653 1999 Baron
1681 1947 1845 2000 dudil

185 2013 668 2088 Illonlniorency,
749 2013 964 2071 Comte'
1000 2017 1069 2088 de
1108 2017 1460 2088 iBeaumonl
1511 2033 1614 2070 sur
1677 2018 1840 2088 Oyse,

189 2085 406 2141 Grand
453 2085 718 2154 Maishe,
791 2087 1120 2141 Mareschol
1163 2088 1233 2141 de
1298 2087 1538 2152 France,
1585 2085 1844 2142 Gauder-

183 2171 353 2208 ncur
387 2156 470 2230 an
518 2174 667 2230 pays
707 2158 774 2214 de
815 2158 1169 2230 Languedoc,
1226 2157 1281 2211 el
1310 2157 1400 2230 ‘du
1437 2157 1638 2226 depuis
1684 2159 1844 2230 Con,-

184 2227 466 2282 nes-{able
511 2228 582 2282 de
602 2227 889 2283 'France:
938 2227 995 2282 et
1025 2230 1094 2281 de
1143 2227 1384 2282 Messire
1444 2227 1724 2298 Francois
1773 2229 1844 2282 de

183 2299 646 2370 Montrnorency
714 2301 992 2369 Seigneur
1045 2299 1114 2352 de
1161 2299 1221 2352 la
1303 2300 1593 2369 Rochepot
1649 2301 1703 2354 el
1773 2301 1845 2355 de

182 2369 464 2434 Merlou,
516 2369 886 2425 Gouuerneur
930 2373 984 2424 el
1035 2370 1377 2424 Lieutenani
1423 2386 1566 2438 pour
1611 2370 1665 2423 le
1717 2371 1770 2424 R

182 2456 268 2492 au.
347 2441 510 2494 Par/.9
571 2442 641 2494 de
702 2441 989 2494 Picardie.
1057 2440 1340 2494 Ausauels
1402 2440 1709 2494 Seianeurs
1772 2387 1845 2494 (of:

175 2456 268 2512 aa
347 2441 510 2510 Pays
571 2442 641 2495 de
702 2441 989 2497 Picardie.
1057 2440 1360 2512 Ausquelsg
1402 2440 1709 2512 Seigneurs
1774 2440 1843 2494 de

181 2511 644 2583 Manimorency
685 2517 775 2583 est
818 2528 998 2566 neueu
1046 2510 1535 2583 Reuerendissim‘e
1590 2512 1739 2583 Odel
1774 2512 1844 2565 de

181 2580 480 2654 Colligny
497 2580 916 2654 vulgairemml
949 2583 1034 2639 dit
1063 2583 1134 2636 de
1180 2581 1518 2654 Chasfillon,
1553 2581 1846 2637 Cardinal

179 2653 271 2705 du
324 2652 500 2708 Saint
531 2652 713 2724 Siege,
766 2657 1162 2724 Archeuesque
1190 2653 1260 2706 de
1295 2653 1626 2720 Thoulouse,
1671 2654 1843 2708 Eues-

182 2740 309 2794 que
344 2724 547 2777 Comle
577 2725 648 2777 de
679 2725 989 2790 Beauuais,
1011 2724 1156 2780 Pair
1179 2724 1248 2778 de
1270 2725 1492 2778 France
1521 2727 1624 2779 elo.

266 2795 492 2866 Lequel
550 2797 678 2866 Guy
759 2796 828 2848 de
893 2795 1111 2849 Villers
1157 2812 1226 2848 en
1271 2810 1401 2866 son,
1428 2795 1625 2866 uiuant
1670 2810 1843 2866 αρν-εδ

182 2864 378 2919 avoir
420 2864 680 2937 restaure'
723 2867 960 2937 l'Eglise
996 2866 1064 2922 de
1116 2883 1332 2937 ceans,
1355 2865 1481 2937 fait
1546 2864 1843 2937 plusieure

181 2939 405 3008 quires
443 2935 628 2996 biens:
649 2939 706 2990 et
742 2934 1071 3008 da'uanlage
1106 2935 1278 2991 auoir
1302 2936 1415 3008 fait
1455 2934 1842 3008 l’acquisilion

180 3007 261 3080 de
292 3007 364 3080 la
395 3010 545 3080 terre
585 3005 1018 3080 eliseigneurie'
1044 3008 1113 3060 de
1159 3006 1457 3080 Boisville,
1499 3005 1736 3080 afondé
1764 3023 1843 3060 un

180 3076 329 3159 obit
383 3077 485 3159 qui
510 3095 572 3131 se
603 3076 822 3159 ditopdr
843 3080 1086 3159 chacuin
1118 3095 1195 3159 an
1225 3077 1264 3131 ὰ
1297 3077 1492 3159 _treize
1525 3077 1673 3157 fcis;
1710 3093 1841 3159 sca:

1959 654 2334 721 Belvacensis,
2403 669 2628 711 morum
2708 656 3010 726 gravitate,
3085 656 3311 725 pietate,
3399 656 3661 712 doctrina

1956 741 2328 807 clarissimus,
2383 757 2517 798 cum
2572 757 2756 813 prece,
2817 751 2938 799 tum
2974 743 3161 811 minis,
3196 751 3251 799 et
3302 745 3657 812 auctoritate,

1957 830 2172 901 regula
2214 831 2594 887 Benedictinae
2621 831 3065 898 observantiam,
3125 832 3322 888 accitis
3379 847 3446 889 ea
3498 833 3568 889 de
3601 847 3661 889 re

1957 918 2254 974 monachis
2311 920 2771 990 congregationis
2810 919 3000 975 Sancti
3035 920 3240 987 Mauri,
3293 920 3657 988 instauravit,

1957 1020 2108 1076 quae,
2137 1007 2250 1062 Deo
2297 1006 2549 1073 alﬂante,
2581 1007 2734 1077 viget
2765 1006 3063 1076 hodieque.
3124 1007 3284 1064 Unde
3317 1008 3525 1078 praesul
3568 1007 3661 1064 ille

1955 1094 2290 1150 memoriam
2323 1102 2662 1151 consecutus
2686 1103 2769 1150 est
2796 1095 3191 1150 immortalem.

2029 1200 2110 1270 (δ’)
2141 1201 2272 1256 CAP.
2311 1202 2441 1255 XIV.
2475 1232 2543 1241 —
2590 1201 2920 1256 Exstruclis
2968 1201 3164 1272 itaque
3213 1200 3363 1257 inibi
3405 1201 3660 1258 aediculis

1950 1303 2136 1360 prope
2181 1288 2502 1343 ecclesiam.
2562 1289 2910 1359 Stepiuscule
2965 1290 3020 1345 id
3074 1289 3374 1346 actitatum
3427 1291 3662 1348 tradunt

1956 1379 2220 1432 auctores
2275 1392 2451 1448 quam
2514 1378 2702 1445 multi,
2775 1377 3034 1434 Guiberti
3084 1387 3284 1435 matris
3327 1394 3441 1435 non
3494 1380 3660 1436 modo

1955 1473 2308 1536 tempestate,
2357 1466 2455 1522 sed
2511 1474 2564 1522 et
2617 1467 2788 1536 plura
2843 1474 2976 1522 ante
3030 1467 3286 1523 saecula:
3357 1469 3526 1540 cujus
3583 1468 3663 1524 rei

1955 1554 2278 1611 Chronicon
2311 1555 2590 1611 Besuense
2617 1555 3038 1625 amplissimum
3082 1556 3409 1626 suppeditat
3448 1570 3660 1612 monu-

1956 1650 2232 1706 mentum,
2309 1643 2606 1713 epistolam
2657 1644 2920 1700 videlicet
2987 1645 3314 1701 Adalsindae
3367 1645 3658 1714 antistitze,

1955 1743 2073 1799 qua
2101 1737 2156 1785 et
2184 1730 2452 1800 seipsam,
2497 1738 2552 1787 et
2609 1731 2896 1802 quidquid
2952 1733 3321 1802 possessionis
3378 1748 3482 1790 suo
3537 1739 3662 1788 erat

1885 1861 1924 1916 Β
1956 1819 2321 1886 monasterio,
2357 1820 2740 1876 Besuensibus
2780 1820 3145 1888 contradidit,
3198 1828 3252 1878 et
3276 1822 3450 1893 juxta
3508 1822 3656 1892 ipso-

1955 1920 2086 1962 rum
2116 1908 2410 1964 ecclesiam
2424 1909 2722 1966 habitavit.
2739 1910 2826 1965 En
2842 1909 2996 1966 illam
3021 1910 3270 1980 primum
3289 1910 3656 1981 evulgamus.

2032 2017 2053 2044 ι
2088 1997 2328 2053 Domino
2403 2006 2600 2054 sancto
2668 2005 2723 2054 et
2784 1998 2843 2054 in
2905 1999 3124 2055 Christo
3193 1999 3428 2055 amabili
3498 1999 3662 2055 fratri

1959 2084 2313 2153 Waldaleno,
2347 2085 2663 2142 Adalsinda
2693 2086 3000 2144 abbatissa.

2027 2195 2054 2221 «
2089 2173 2234 2229 Dum
2293 2173 2575 2230 malorum
2622 2174 2924 2230 hominum
2963 2183 3168 2231 vexata
3195 2175 3446 2246 injuriis,
3476 2182 3530 2231 et
3560 2189 3660 2230 va-

1953 2260 2052 2316 riis
2081 2261 2525 2318 adversitatibus
2557 2262 2763 2318 ibidem
2793 2271 2944 2319 stare
2974 2279 3089 2320 non
3122 2277 3363 2334 possem,
3396 2264 3528 2320 inde
3555 2278 3663 2334 ego

1951 2357 2004 2404 et
2026 2363 2340 2420 germanus
2369 2365 2530 2408 meus
2585 2351 2907 2420 Adalricus,
2936 2353 3099 2408 vobis
3149 2361 3204 2408 et
3250 2351 3530 2408 fratribus
3560 2366 3663 2408 ve-

1953 2438 2088 2492 stris
2146 2437 2473 2507 petivimus,
2535 2447 2598 2494 ut
2656 2439 2724 2494 ad
2783 2441 3194 2496 monasterium
3266 2440 3456 2497 Sancti
3512 2440 3660 2496 Petri

1952 2526 2214 2582 habitare
2241 2527 2350 2582 sub
2381 2527 2583 2598 regula
2616 2527 2704 2583 vel
2753 2528 2953 2584 ordine
2995 2528 3052 2584 in
3084 2528 3182 2584 Dei
3215 2529 3446 2584 nomine
3487 2529 3658 2585 debe-

1952 2629 2112 2685 rem;
2147 2615 2301 2685 quod
2336 2623 2390 2671 et
2441 2630 2539 2672 vos
2563 2630 2662 2686 pro
2711 2617 3008 2672 charitatis
3045 2616 3234 2673 studio
3287 2617 3661 2673 concessistis.

1951 2703 2081 2759 Ideo
2148 2704 2556 2760 monasterium
2617 2705 3050 2774 Dornatiacum,
3109 2706 3166 2761 in
3219 2706 3435 2762 honore
3481 2705 3666 2762 sancti

1951 2792 2183 2849 Martini
2215 2792 2409 2860 situm,
2474 2793 2628 2863 quod
2688 2794 2912 2865 genitor
2946 2808 3107 2850 meus
3163 2794 3557 2866 Amalgarius,
3611 2801 3666 2850 et

1953 2881 2233 2951 Aquilina
2286 2889 2469 2936 mater
2499 2895 2625 2937 mea
2655 2890 3129 2948 construxerunt,
3160 2890 3214 2938 et
3244 2885 3293 2939 ei
3349 2882 3666 2938 maximam

1955 2977 2176 3040 partem
2219 2969 2286 3024 de
2318 2971 2438 3025 suis
2495 2968 2868 3026 facultatibus
2909 2970 3345 3041 delegaverant,
3378 2971 3486 3026 hoc
3516 2970 3665 3026 reci-

1955 3072 2086 3127 pere
2138 3057 2196 3112 in
2245 3057 2344 3112 Dei
2392 3057 2623 3112 nomine
2666 3058 2877 3114 debetis
2938 3074 3072 3114 cum
3138 3059 3292 3115 villis
3355 3059 3428 3114 ad
3473 3059 3658 3115 locum

178 3137 356 3220 {20in
382 3137 468 3200 les
510 3137 789 3219 premiérs
837 3151 1114 3220 Samedys
1157 3149 1226 3202 de
1255 3149 1473 3220 chath
1515 3137 1680 3220 mea,
1727 3137 1848 3220 étgd
1887 3137 1927 3192 C
1961 3144 2400 3215 pertinentibus,
2442 3152 2496 3199 et
2545 3145 2813 3200 omnibus
2863 3145 3265 3201 universaliter
3325 3147 3670 3216 appenditiis

184 3221 273 3274 lel
326 3217 665 3290 iourr'qu'il
717 3220 927 3275 deceda
974 3217 1446 3290 dc'cemonde,
1490 3219 1589 3289 qui
1631 3218 1736 3282 fut
1794 3217 1848 3290 Ie

176 3289 704 3362 vingt-troieiesme
747 3291 892 3362 jour
947 3290 1017 3344 de
1077 3289 1212 3344 [uin
1258 3291 1376 3362 l’an
1413 3289 1483 3344 de
1521 3305 1697 3360 grace
1741 3289 1849 3342 mil

177 3360 324 3432 cin'q
402 3377 539 3415 cene
628 3360 945 3418 (rente-six.
1030 3362 1188 3417 Priez
1274 3361 1415 3417 Dieu
1506 3374 1652 3430 pour
1743 3374 1847 3415 son

179 3433 457 3557 $21831“
487 3501 991 3560 commendatarii.

180 3593 337 3648 XLI.
372 3591 681 3648 Joannesa
738 3590 1130 3662 Lotharingia,
1189 3589 1242 3646 8.
1302 3591 1368 3647 R.
1405 3590 1468 3646 E.
1521 3588 1836 3646 cardinalis

107 3681 199 3738 tit.
267 3679 472 3736 Sancti
544 3680 794 3748 Onut’rii,
847 3680 924 3748 vi,
981 3694 1048 3736 ac
1091 3679 1386 3735 monachis
1440 3677 1842 3746 renitentibus,

111 3768 423 3824 abbatiam
456 3768 660 3825 retinet
690 3769 748 3824 in
782 3767 1199 3824 commendam.

186 3863 350 3912 an
380 3856 526 3912 XLI.
567 3855 846 3928 Georgius
895 3855 966 3910 de
1006 3855 1324 3910 Narbonne
1367 3869 1466 3925 per
1515 3854 1840 3911 ultroneam

112 3944 368 4002 Joannis
404 3943 735 4000 cessionem.

190 4034 364 4088 XLII.
437 4033 774 4088 Franciscus
811 4031 880 4086 de
935 4035 1212 4097 Tournon,
1252 4031 1497 4101 episcop.
1562 4030 1839 4087 cardinal.

190 4123 398 4178 XLIII.
439 4121 674 4177 Odettus
721 4121 790 4175 de
855 4119 1134 4193 Colligny,
1191 4120 1368 4190 vulgo
1399 4120 1470 4174 de
1523 4119 1842 4185 Chalillon,

115 4211 476 4267 Calviniana
555 4210 753 4266 haeresi
832 4210 1114 4266 inlectus:
1175 4215 1526 4280 quapropter
1584 4223 1649 4264 eo
1739 4221 1841 4263 ex-

115 4300 398 4444 puiSEiv.
437 4386 676 4443 Carolus
702 4385 773 4441 de
803 4387 1067 4442 Bourbon
1112 4385 1183 4440 de
1221 4383 1528 4447 Vendo‘me,
1585 4382 1837 4440 admini-

114 4477 467 4532 strationem
495 4475 733 4531 sortitur
764 4490 916 4532 anno
946 4474 1153 4532 Christi
1188 4476 1340 4530 1569.

191 4564 367 4622 XLV.
402 4565 645 4621 Carolus
694 4564 765 4619 de
820 4563 1086 4620 Bourbon
1132 4563 1202 4618 de
1271 4560 1579 4630 Vendo‘me,
1622 4560 1839 4631 przelati

121 4653 316 4709 Caroli
349 4667 550 4722 nepos,

197 4741 400 4799 XLVI.
438 4743 780 4799 Franciscus
833 4740 1186 4813 d’Espinay,
1231 4740 1500 4796 dominus
1545 4739 1617 4793 de
1655 4736 1846 4795 Saint-

122 4833 265 4898 Luc,
302 4838 642 4901 proventus,
680 4831 967 4901 Stephano
1014 4830 1318 4887 Auxdents
1372 4843 1684 4896 (economo,
1735 4827 1843 4884 sibi

128 4919 425 4975 vendicat.

203 5007 432 5064 XLVII.
484 5007 823 5064 Franciscus
873 5007 940 5063 de
986 5010 1300 5064 Monceaua:
1346 5006 1417 5060 de
1474 5005 1842 5061 Villere—Ho-

129 5097 302 5164 danc,
335 5095 640 5152 abdicante
672 5096 970 5153 Francisco
1025 5096 1355 5166 d’Espinay,
1414 5095 1586 5150 rebus
1617 5093 1846 5149 Flavia-

133 5183 408 5239 censibus
461 5183 695 5252 potitur.
738 5185 966 5254 Equitis
1015 5183 1259 5251 abbatis,
1319 5183 1542 5254 quoties
1592 5181 1844 5238 subscri-

139 5273 291 5340 bere,
328 5286 537 5328 nomen
569 5273 907 5343 usurpabat.

209 5360 457 5418 XLVIII.
519 5362 754 5418 Carolus
831 5362 902 5416 de
965 5364 1298 5423 Monccauz,
1357 5360 1450 5416 cui
1510 5359 1850 5416 Franciscus

142 5463 457 5519 germanus
488 5450 800 5514 abbatiam,
861 5459 1089 5507 servata
1117 5465 1218 5507 sex
1277 5448 1522 5505 millium
1564 5447 1848 5504 librarum

145 5538 437 5607 pensione,
481 5539 836 5594 transmittit.

216 5625 418 5679 XLIX.
450 5625 790 5680 Franciscus
817 5627 887 5680 de
923 5627 1206 5681 Tiercelin
1251 5627 1321 5681 de
1379 5627 1604 5681 Brome.
1661 5623 1847 5683 Caroli

149 5713 217 5768 de
247 5713 568 5770 Monceaux
597 5729 669 5771 ex
701 5723 866 5785 nepte
887 5730 1184 5787 pronepos.

1875 4432 1922 4487 D

1957 3233 2112 3303 suis;
2166 3233 2362 3288 villam
2409 3232 2618 3288 scilicet
2665 3234 2962 3301 Assonam,
3031 3233 3227 3289 villam
3296 3235 3662 3303 Parniacum,

1958 3322 2374 3390 Potentiacum,
2438 3329 2493 3377 et
2551 3322 2928 3389 medietatem,
3007 3336 3186 3392 quam
3240 3323 3298 3377 in
3347 3322 3664 3378 Balatonna

1956 3410 2240 3482 genitores
2286 3410 2468 3464 nostri
2530 3417 2860 3466 tenuerunt.
2920 3410 3163 3480 Reliqua
3210 3425 3362 3478 vero,
3405 3425 3536 3481 quae
3589 3412 3662 3468 ad

1955 3498 2146 3568 ipsum
2204 3496 2612 3553 monasterium
2682 3497 3089 3554 Dornatiacum
3138 3498 3421 3569 genitores
3483 3499 3668 3558 nostri

1955 3586 2385 3657 delegaverunt,
2436 3601 2469 3642 a
2515 3586 2606 3642 die
2658 3587 2919 3657 praesenti
2955 3587 3013 3642 in
3060 3587 3160 3643 Dei
3218 3587 3446 3643 nomine
3516 3587 3661 3643 reci-

1957 3674 2089 3744 pite.
2148 3675 2218 3730 Et
2257 3675 2325 3730 de
2384 3674 2520 3729 villa
2575 3675 2932 3731 Montaniaco
2987 3676 3140 3746 quod
3193 3677 3417 3747 genitor
3469 3683 3662 3732 noster

1952 3763 2340 3833 Amalgarius,
2373 3771 2427 3818 et
2457 3761 2824 3819 Amoloaldus
2871 3764 2940 3820 de
2985 3764 3117 3820 fisco
3162 3765 3379 3834 pariter
3434 3778 3656 3834 prome-

1955 3858 2219 3917 ruerunt,
2262 3851 2574 3920 portionem
2603 3859 2855 3907 nostram
2886 3865 2920 3907 a
2945 3851 3036 3908 die
3085 3852 3346 3922 prtesenti
3379 3851 3438 3906 in
3471 3859 3661 3907 vestra

1955 3938 2344 3994 dominatione
2396 3947 2676 4007 revocate,
2735 3947 2799 3996 ut
2830 3953 2934 3995 nec
2961 3954 3088 4010 ego,
3129 3954 3234 3996 nec
3272 3940 3542 4010 quislibet
3589 3940 3658 3994 de

1954 4035 2113 4098 parte
2147 4035 2358 4096 nostra,
2404 4027 2526 4083 ulla
2573 4027 2828 4098 apposita
2873 4042 3134 4098 persona,
3185 4029 3495 4084 adversum
3555 4043 3657 4084 vos

1953 4115 2022 4172 de
2052 4116 2398 4186 supradictis
2444 4116 2620 4172 rebus
2668 4116 3019 4172 calumniam
3058 4131 3126 4172 ac
3173 4116 3428 4173 laborem
3479 4130 3655 4187 gene-

1952 4218 2081 4260 rare
2138 4213 2468 4274 praesumat.
2527 4205 2581 4261 Si
2615 4219 2733 4276 qua
2780 4219 2914 4260 vero
2967 4205 3178 4274 fecerit,
3234 4204 3489 4261 conferat
3537 4219 3657 4260 una

1952 4306 2086 4348 cum
2115 4291 2499 4349 sacratissimo
2547 4292 2684 4349 fisco
2711 4292 2837 4349 auri
2861 4292 3038 4348 libras
3065 4306 3169 4359 xx,
3213 4291 3434 4364 argenti
3467 4292 3654 4362 pondo

1952 4380 2402 4451 quinquaginta.

2025 4495 2053 4529 α
2083 4477 2292 4534 Actum
2341 4477 2564 4548 publice
2602 4478 3003 4534 Fonte-Besua
3043 4477 3411 4543 monasterio,
3448 4475 3508 4532 in
3553 4475 3653 4532 Dei

1951 4566 2200 4622 nomine.
2259 4567 2378 4638 Ego
2429 4566 2743 4622 Adalsinda
2784 4567 2934 4622 hanc
2980 4565 3344 4622 traditionem
3400 4572 3655 4621 nostram

1949 4654 2279 4725 subscripsi.
2311 4658 2434 4727 Aga
2488 4655 2771 4712 monacha
2812 4654 2983 4724 jussu
3011 4655 3257 4710 dominae
3284 4667 3423 4710 mea)
3474 4653 3654 4709 Adal-

1950 4743 2129 4800 sindze
2166 4743 2482 4814 subscripsi
2528 4743 2678 4800 hanc
2722 4743 3110 4800 donationem.
3162 4741 3217 4798 8.
3268 4741 3543 4813 Dagnius.
3599 4740 3658 4797 S.

1953 4831 2251 4888 Munulrus
2282 4832 2594 4902 presbyter.
2628 4831 2681 4887 S.
2725 4831 2937 4889 Victor.
2974 4831 3028 4886 S.
3077 4829 3376 4886 Proculus.
3416 4828 3471 4885 8.
3512 4828 3652 4884 Wa-

1950 4919 2212 4976 libertus.
2250 4920 2304 4974 8.
2335 4920 2747 4976 Landebertus.
2800 4918 2854 4975 8.
2902 4917 3265 4990 Trasgarius.
3301 4916 3355 4973 S.
3391 4915 3650 4988 Rogitus.

1952 5007 2073 5077 Ego
2122 5005 2241 5061 Allo
2273 5005 2424 5062 hanc
2474 5006 2838 5062 traditionem
2867 5005 3069 5075 scripsi
3116 5012 3172 5060 et
3221 5002 3454 5071 dictavi,
3503 5016 3654 5059 anno

1951 5095 2026 5151 ab
2063 5093 2462 5149 Incarnatione
2519 5093 2741 5149 Domini
2797 5095 2951 5160 H52,
3011 5090 3317 5146 indictione
3360 5104 3401 5145 x
3456 5099 3658 5160 epacta

1953 5184 2049 5250 VI,
2095 5181 2380 5238 Clothario
2410 5195 2542 5252 rege
2580 5188 2858 5252 regnante
2888 5181 2943 5235 in
2977 5179 3238 5246 Francia,
3291 5178 3474 5248 primo
3503 5192 3656 5234 anno

1954 5271 2120 5341 regni
2149 5270 2304 5341 ejus;
2335 5269 2646 5326 venerabili
2676 5270 2798 5325 viro
2830 5270 3051 5325 Donato
3079 5267 3434 5324 Besonticam
3464 5267 3654 5323 sedem

1957 5367 2200 5427 tenente,
2231 5359 2322 5415 die
2360 5358 2629 5415 Mercurii
2659 5358 2921 5429 proximo
2963 5363 3095 5413 ante
3135 5355 3385 5411 medium
3441 5356 3654 5412 mensis

1957 5447 2120 5503 Febr.
2158 5468 2185 5496 »

2030 5536 2388 5607 Biographus
2433 5535 2486 5592 8.
2516 5534 2803 5592 Godel‘ridi
2861 5533 3261 5590 Ambianensis
3297 5533 3395 5590 lib.
3431 5550 3467 5601 ι,
3526 5548 3651 5603 cap.

1955 5626 2023 5677 2'7
2057 5639 2069 5677 :
2110 5646 2130 5672 ι
2164 5624 2489 5680 Adelheidis
2544 5624 2761 5681 Cociaci
2827 5623 3256 5689 vicecomitissa,
3301 5621 3658 5678 liberalitatis

1957 5720 2014 5770 et
2042 5713 2318 5770 castitatis
2345 5713 2531 5771 multa
2558 5713 2835 5786 praeclara
2869 5713 2938 5770 de
2984 5727 3043 5770 se
3076 5711 3320 5783 praebuit
3375 5711 3653 5781 exempla.
