3930 6388
290 385 422 442 H07
1303 391 1418 445 AD.
1460 391 1622 447 OPP.
1664 391 1816 446 VEN.
1849 387 2179 447 GUlBERTI
2218 391 2310 446 DE
2349 392 2770 449 NOVIGENTO.
3663 395 3808 450 “08

281 523 365 578 Ea
399 521 774 580 facultatibus
801 523 924 579 suis
953 537 1165 594 magna
1194 539 1266 580 ex
1298 533 1458 596 parte
1487 526 1546 582 in
1596 540 1895 596 pauperes,
1927 533 1982 582 et
2019 527 2068 582 Α
2097 539 2132 581 a
2189 533 2262 589 te.
2319 526 2554 584 domina
2610 527 2970 584 Jauseranna
3041 526 3393 598 supradicta,
3449 529 3805 584 monasterio

279 611 546 682 pupillos,
607 619 664 668 et
706 611 969 668 ecclesias
1027 614 1293 684 erogatis,
1381 617 1716 685 contemptis
1775 615 1980 672 mundi
2086 612 2274 670 Sancti
2341 615 2601 681 Andrea,
2637 622 2693 671 et
2751 614 3037 685 pradicta
3088 615 3338 672 ecclesia
3393 615 3586 672 Sancti
3642 617 3807 672 Lau-

281 700 520 773 pompis,
555 699 943 771 Novigentum
971 703 1147 765 venit,
1185 711 1360 773 atque
1385 704 1502 759 illic
1541 705 1598 760 in
1630 705 1814 761 multa
1870 719 1978 775 pu-

279 791 447 847 ritate
469 797 523 846 et
552 789 852 846 sanctitate
872 789 1048 846 vitam
1077 791 1216 860 egit.
1250 812 1270 837 ι
1307 792 1455 846 Dum
1499 793 1712 849 scilicet
1758 793 1983 850 abbatis

283 893 525 935 munere
554 879 893 950 fungeretur
949 887 1183 934 sanctus
1238 879 1597 937 Godefridus.
1657 881 1980 938 Chronicon

281 969 559 1024 Beccense
616 968 673 1021 in
715 966 869 1022 calce
917 966 1165 1036 Operum
1218 969 1276 1022 Β.
1327 968 1653 1036 Lanfranci,
1710 970 1781 1025 ad
1839 983 1976 1026 ann.

284 1055 420 1111 1089
453 1071 466 1110 :
504 1076 526 1103 ι
561 1055 836 1124 Tempore
880 1055 1062 1110 sancti
1094 1055 1343 1110 Anselmi
1372 1057 1598 1113 abbatis
1654 1057 1811 1113 Becci
1869 1065 1985 1114 tres

283 1151 558 1200 matrona
585 1141 802 1198 nobiles
829 1142 1112 1198 dederunt
1145 1157 1202 1198 se
1234 1143 1291 1199 in
1348 1145 1764 1215 subjectionem
1799 1147 1980 1215 Becci,

279 1231 544 1288 videlicet
581 1231 789 1286 Basilia
818 1245 970 1286 uxor
1027 1231 1287 1302 Hugonis
1317 1232 1386 1288 de
1417 1233 1696 1302 Guruaco,
1745 1243 1800 1292 et
1845 1237 1982 1292 Am-

281 1319 442 1376 freda
471 1319 659 1389 neptis
701 1317 884 1388 ipsius
931 1319 1175 1380 Basilia,
1226 1327 1280 1375 et
1329 1321 1452 1377 Eva
1496 1337 1645 1378 uxor
1694 1323 1983 1380 Guillelmi

282 1407 545 1478 Crispini,
575 1427 604 1455 »
645 1414 753 1462 etc.
786 1406 948 1471 Quod
975 1420 1112 1462 vero
1153 1407 1320 1464 refert
1349 1408 1640 1466 Gilbertus
1691 1411 1987 1482 Crispinus

281 1496 339 1552 in
369 1495 484 1551 vita
509 1495 658 1551 beati
690 1494 952 1551 Herluini
1003 1509 1132 1566 pag.
1183 1497 1250 1550 35
1301 1496 1447 1566 (post
1477 1498 1798 1555 Chronicon
1842 1499 1986 1556 Bec-

280 1585 467 1653 cense)
497 1597 612 1639 non
646 1591 804 1654 potes
857 1597 972 1638 non
1007 1583 1205 1639 mirari
1241 1599 1254 1638 :
1289 1606 1307 1632 ε
1345 1585 1526 1642 Simili
1577 1601 1635 1642 se
1691 1587 1854 1654 inibi,
1895 1589 1982 1643 in-

279 1672 427 1743 quit,
460 1679 692 1742 propter
738 1673 920 1728 Deum
963 1673 1229 1728 servituti
1263 1674 1474 1730 nobilis
1504 1683 1686 1731 mater
1737 1677 1864 1747 ejus
1895 1677 1981 1747 (Β.

282 1759 566 1831 Herluini)
595 1759 820 1816 addixit
847 1767 903 1816 et
943 1761 1228 1817 concessis
1279 1762 1392 1818 Deo
1434 1764 1662 1832 pradiis
1701 1780 1833 1836 qua
1880 1766 1980 1821 ha-

281 1850 470 1917 bebat,
514 1847 737 1905 ancilla
784 1847 1142 1920 fungebatur
1187 1851 1394 1918 ofﬁcio,
1443 1851 1818 1910 servientium
1868 1855 1982 1909 Deo

280 1951 501 2008 pannos
546 1935 812 2003 abluens,
853 1944 908 1991 et
941 1937 1229 2008 quidquid
1280 1937 1699 2010 injungebatur
1737 1942 1981 1998 extremi

280 2027 468 2096 operis
535 2025 966 2082 accuratissime
1041 2040 1237 2098 agens.
1297 2049 1324 2076 »
1372 2028 1472 2083 His
1524 2044 1640 2085 non
1721 2031 1982 2087 absimile

279 2113 458 2170 altero
499 2122 623 2183 post
675 2113 885 2170 saculo
945 2114 1159 2171 factum
1213 2116 1586 2175 Jauseranna
1625 2118 1980 2175 nobilissimo

279 2201 400 2258 loco
455 2213 624 2270 nata,
668 2201 759 2258 hic
793 2202 852 2257 in
899 2203 1144 2273 gratiam
1183 2204 1546 2276 antiquitatis
1591 2207 1978 2264 studiosorum

279 2289 550 2362 adjiciam
583 2305 596 2344 :

349 2385 501 2434 om
550 2401 572 2427 ι
609 2377 801 2435 Sciant
831 2387 1138 2448 prasentes
1180 2389 1235 2436 et
1287 2379 1511 2438 discant
1540 2383 1772 2452 posteri,
1823 2385 1980 2454 quod

280 2481 434 2523 anno
483 2467 906 2522 Incarnationis
949 2468 1258 2524 Dominica
1305 2470 1461 2536 1223,
1504 2485 1698 2527 mense
1745 2473 1874 2528 Maii
1903 2488 1982 2529 xu

281 2555 567 2611 Kalendas
597 2555 776 2620 Junii,
810 2555 928 2626 Ego
963 2557 1325 2613 Jauseranna
1369 2558 1484 2614 ﬁlia
1523 2560 1814 2630 quondam
1873 2562 1981 2616 Do-

280 2642 420 2698 mini
459 2641 752 2698 Guillelmi
806 2643 875 2698 de
927 2644 1291 2712 Medullione,
1343 2661 1495 2702 uxor
1525 2649 1814 2718 quondam
1856 2651 1984 2706 Ber-

281 2730 445 2786 nardi
478 2730 547 2786 de
579 2729 783 2786 Sancto
814 2731 1143 2800 Saturnino,
1194 2733 1390 2790 dedico
1443 2735 1718 2806 meipsam
1770 2739 1900 2805 Deo,
1931 2743 1987 2794 et

283 2818 626 2874 monasterio
676 2818 868 2874 Sancti
909 2821 1172 2887 Andrea,
1226 2829 1280 2878 et
1323 2823 1572 2880 ecclesia
1622 2825 1770 2880 beati
1833 2827 1983 2883 Lau-

281 2905 448 2962 rentii
476 2907 544 2960 de
599 2909 858 2975 Barreto;
889 2917 944 2964 et
968 2923 1073 2978 pro
1103 2909 1287 2966 salute
1333 2911 1543 2967 anima
1602 2928 1762 2980 mea,
1794 2921 1850 2970 et
1883 2929 1980 2986 pa-

282 3002 511 3051 rentum
568 3009 846 3063 meorum,
873 2996 1040 3068 |dono
1069 3005 1122 3052 et
1150 2997 1327 3054 oﬁ‘cro
1381 2999 1560 3056 eidem
1618 3005 1980 3072 monasterio,

2086 703 2256 757 rentii
2296 703 2572 773 approbo,
2617 711 2674 760 et
2706 703 2764 759 in
2793 711 3135 774 perpetuum
3176 703 3379 773 laudo;
3409 713 3464 761 et
3493 706 3799 762 conﬁrmo,

2090 789 2219 845 ﬁliis
2247 791 2362 846 tuis
2392 791 2448 845 in
2498 791 2798 860 prasentia
2839 805 2964 846 mea
3003 791 3345 847 constitutis.
3380 793 3464 848 Ad
3516 797 3800 864 majorem

2089 879 2425 934 memoriam
2473 879 2550 934 rei
2581 889 2636 934 et
2698 879 2874 933 mli-:r
2924 879 2984 934 in
3039 887 3208 935 antea
3245 880 3583 943 valiturum,
3648 882 3803 937 hanc

2088 965 2345 1021 chartam
2403 965 2503 1022 feci
2547 966 2718 1037 sigilli
2749 969 2860 1022 llJL'l
2893 967 3210 1022 munimine
3237 967 3512 1024 roborari.
3567 969 3635 1025 Et
3675 983 3803 1024 om-

2090 1067 2191 1108 nes
2234 1067 2337 1108 nos
2382 1052 2588 1109 fratres
2636 1052 2912 1123 pradicti,
2971 1053 3072 1109 ﬁlii
3127 1053 3372 1110 domina
3422 1055 3801 1111 Jauseranna

2091 1141 2396 1210 praedicta,
2438 1141 2507 1196 de
2567 1141 2836 1197 mandato
2879 1141 3060 1212 ipsius
3121 1141 3271 1196 hanc
3317 1143 3576 1199 chartam
3605 1143 3801 1199 dona-

2093 1228 2262 1284 tionis
2291 1243 2390 1284 seu
2438 1229 2744 1285 oblationis
2792 1231 3076 1299 pradicta
3133 1229 3304 1300 sigilli
3360 1231 3536 1286 nostri
3601 1230 3800 1288 muni-

2091 1315 2244 1372 mine
2291 1318 2647 1374 roboramus.
2709 1319 2918 1374 Actum
2966 1326 3051 1374 est
3106 1318 3212 1374 hoc
3249 1319 3458 1376 subtus
3498 1319 3800 1376 ecclesiam

2095 1403 2241 1458 beati
2297 1405 2591 1461 Laurentii
2641 1406 2699 1461 in
2753 1413 2916 1476 prato
2957 1407 3140 1477 ipsius
3201 1407 3472 1470 ecclesia.
3519 1417 3802 1478 prasente

2093 1491 2326 1548 domino
2372 1494 2746 1563 Raymbaudo
2775 1495 2844 1550 de
2876 1495 3100 1561 Kalma,
3131 1503 3186 1550 et
3235 1498 3454 1550 Joanne
3483 1496 3552 1551 de
3603 1495 3804 1551 Andu-

2093 1581 2199 1646 sia,
2231 1581 2556 1636 monasterii
2591 1582 2783 1638 Sancti
2823 1585 3064 1638 Andrea
3087 1583 3368 1654 operario,
3399 1593 3454 1640 et
3506 1585 3566 1640 Β.
3622 1585 3804 1640 Laur-

2095 1669 2252 1739 gerio
2307 1670 2494 1739 priore
2552 1671 2622 1726 de
2653 1671 2832 1739 Saltu,
2865 1679 2920 1727 et
2951 1672 3260 1737 Rainardo,
3300 1680 3354 1727 et
3403 1674 3621 1728 Joanne
3668 1673 3805 1728 Ber-

2096 1756 2302 1812 trando
2348 1759 2664 1825 monachis,
2717 1761 2956 1830 Hugone
3006 1759 3074 1815 de
3119 1760 3276 1827 Pino,
3327 1760 3684 1830 Raymundo,
3744 1769 3802 1815 et

2095 1844 2381 1900 Willelmo
2427 1846 2498 1901 de
2540 1846 2680 1902 Pino
2734 1846 3032 1914 fratribus,
3069 1847 3388 1904 Bertranno
3442 1848 3511 1904 de
3565 1847 3798 1917 Pennis,

2091 1932 2290 1999 milite,
2316 1955 2344 1981 ι»
2377 1941 2484 1988 etc.

2159 2022 2231 2076 Et
2267 2019 2376 2077 hoc
2421 2021 2654 2092 quidem
2701 2031 3141 2080 monumentum
3183 2023 3634 2096 chartophylacii
3692 2024 3801 2081 ab-

2093 2108 2260 2164 batia
2307 2109 2500 2165 Sancti
2575 2109 2820 2167 Andrea
2882 2125 3046 2166 secus
3110 2110 3482 2178 Avenionem,
3538 2113 3804 2169 Domuus

2091 2197 2368 2254 Claudius
2416 2197 2731 2255 Chantelou
2762 2199 2972 2255 sodalis
3001 2213 3182 2265 meus,
3231 2199 3309 2256 rei
3362 2200 3614 2271 antiqua
3646 2202 3802 2271 peri-

2090 2293 2185 2342 tus
2223 2285 2544 2357 indagator,
2577 2288 2716 2343 dum
2748 2288 2836 2344 his
2869 2288 2924 2343 in
2974 2288 3310 2358 regionibus
3339 2298 3553 2359 ageret,
3605 2304 3804 2347 excer-

2091 2375 2218 2444 psit,
2255 2375 2512 2444 mihique
2541 2377 2720 2432 amice
2748 2377 3050 2448 suggessit.

2161 2458 2250 2530 (⁵³)
2280 2461 2418 2518 CAP.
2454 2462 2598 2518 XIV.
2628 2493 2697 2504 —
2723 2464 2804 2517 Et
2832 2462 3086 2518 salutari
3133 2463 3464 2536 parlwuric
3491 2464 3800 2537 incorrigi-

2093 2548 2302 2604 bilibus
2335 2551 2636 2606 terebrato.
2673 2552 2790 2608 Hoc
2817 2561 2901 2608 est
2933 2553 3139 2618 calceo,
3172 2553 3292 2609 sive
3321 2552 3526 2608 calceis
3561 2554 3803 2610 omnino

2093 2637 2314 2693 detritis
2345 2638 2632 2695 utebatur.
2668 2641 3040 2696 Partusuram
3072 2649 3262 2696 autem
3294 2643 3379 2696 vel
3433 2651 3800 2711 pertusuram

2093 2740 2128 2780 a
2165 2727 2339 2782 verbo
2391 2727 2676 2796 pertundo
2726 2728 2977 2784 derivari
3028 2729 3288 2800 conjicio.
3336 2729 3578 2786 Sanctus
3621 2732 3804 2803 Roge-

2095 2813 2216 2870 rius
2270 2815 2450 2870 abbas
2495 2815 2728 2872 Ellantii
2773 2817 2828 2872 in
2877 2817 3034 2873 hunc
3085 2819 3318 2874 modum
3363 2834 3482 2875 sese
3517 2821 3797 2889 gerebat:

2099 2926 2118 2949 ι
2182 2903 2472 2960 Sotulares
2537 2904 2738 2960 tandiu
2812 2905 3145 2976 frequenter
3232 2908 3497 2976 portabat
3562 2907 3799 2972 foratus,

2093 2991 2273 3046 donec
2297 3001 2549 3048 stramen
2583 3007 2682 3062 per
2719 2994 2902 3050 soleas
2939 2995 3140 3050 exiret.
3169 3017 3190 3044 ι
3233 2995 3374 3066 Ejus
3429 2996 3569 3051 Acta
3605 3011 3730 3066 cap.
3767 3004 3798 3051 7

280 3093 333 3140 et
359 3083 542 3139 eidem
571 3083 822 3140 ecclesia
870 3085 1057 3141 Sancti
1094 3086 1384 3143 Laurentii
1412 3089 1680 3158 quadam
1713 3091 1781 3147 de
1820 3093 1987 3148 bonis
2023 3096 2066 3150 C
2096 3079 2167 3134 ad
2191 3080 2343 3136 diem
2373 3081 2406 3135 4
2453 3081 2716 3137 Januarii
2768 3082 2921 3152 δριΙά
2971 3083 3332 3140 Βοηλῐιάιιω·
3366 3085 3444 3140 De
3498 3085 3604 3140 hac
3659 3100 3803 3142 V008

285 3171 426 3228 meis
459 3171 732 3242 paternis,
776 3172 969 3242 positis
999 3173 1056 3228 in
1087 3181 1272 3231 castro
1305 3175 1372 3231 de
1427 3177 1656 3234 Barreto
1706 3177 1982 3246 inferiori,

285 3260 442 3316 intus
479 3267 534 3316 et
589 3267 774 3326 extra,
821 3269 1028 3318 catera
1085 3261 1216 3318 ﬁliis
1265 3263 1404 3320 meis
1459 3265 1794 3336 relinquens
1837 3268 1896 3338 Β.
1930 3277 1987 3326 et

285 3349 376 3404 W.
408 3357 464 3406 et
492 3349 550 3402 Β.
583 3357 802 3419 sponte,
833 3364 950 3406 non
979 3359 1195 3418 coacta,
1227 3367 1340 3407 non
1391 3353 1759 3411 suasionibus
1805 3357 1987 3414 alicu-

279 3435 398 3506 jus,
435 3435 523 3491 vel
555 3435 885 3506 aliquorum
941 3436 1195 3503 seducta,
1254 3452 1416 3508 pure,
1457 3449 1510 3495 et
1565 3441 1688 3497 sine
1736 3457 1988 3498 conven-

285 3525 438 3580 tione
484 3531 539 3580 et
569 3523 894 3580 conditione
937 3525 1158 3596 aliqua,
1189 3525 1249 3580 in
1297 3536 1636 3597 perpetuum
1686 3530 1990 3588 donatione

289 3611 652 3668 irrevocabili
687 3612 854 3680 facta,
905 3613 1063 3668 Dono
1091 3613 1351 3684 inquam,
1406 3627 1619 3685 septem
1669 3619 1990 3676 mansiones

286 3700 609 3767 hominum,
641 3707 698 3755 et
727 3714 926 3756 eorum
951 3715 1348 3758 successorum
1381 3711 1434 3759 et
1465 3703 1617 3774 ipsos
1644 3705 1922 3763 homines.
1959 3731 1988 3756 »

291 3790 358 3844 Et
393 3788 522 3843 aliis
551 3787 859 3858 interjectis
893 3803 906 3842 :
941 3812 961 3837 ι
997 3788 1134 3856 Qua
1165 3790 1359 3847 omnia
1388 3794 1658 3862 superius
1708 3795 1878 3859 dicta.
1933 3803 1990 3852 et

287 3877 603 3940 nominata,
637 3877 889 3946 pradicti
919 3876 1122 3934 fratres
1171 3878 1270 3934 ﬁlii
1305 3880 1588 3949 pradicta
1617 3883 1990 3942 Jauseranna

289 3964 677 4036 promiserunt
724 3965 800 4021 ita
859 3966 1169 4034 attendere,
1225 3982 1474 4030 servare.
1524 3978 1579 4026 et
1631 3979 1830 4028 contra
1873 3973 1989 4030 ullo

287 4058 537 4121 tempore
566 4065 678 4107 non
719 4053 917 4108 venire
947 4053 1157 4109 domno
1189 4055 1511 4113 Bermundo
1551 4057 1745 4115 abbati
1798 4059 1990 4118 Sancti

284 4139 548 4209 Andrea,
576 4147 632 4196 et
679 4139 857 4210 priori
913 4141 1164 4197 ecclesia
1210 4142 1374 4199 dicta
1419 4143 1608 4201 Sancti
1665 4147 1988 4219 Laurentii;

288 4236 343 4283 et
375 4227 540 4284 tactis
588 4229 966 4284 sacrosanctis
995 4229 1327 4301 Evangeliis
1376 4231 1748 4303 juraverunt.
1781 4236 1854 4292 Et
1899 4237 1988 4293 in-

288 4329 464 4385 super
490 4329 596 4386 ego
625 4317 984 4371 Jauseranna
1013 4317 1285 4386 pradicta
1336 4319 1737 4389 professionem
1768 4324 1984 4392 emitto,

2089 3167 2371 3224 sutularis
2425 3169 2584 3225 varie
2639 3169 2982 3240 scriptores:
3045 3169 3285 3242 quidam
3341 3173 3679 3241 sub/alarii,
3705 3191 3804 3228 .m-

2096 3255 2306 3312 talari:
2336 3257 2454 3324 alii,
2492 3259 2758 3314 nonnulli
2789 3259 3060 3316 sotularis
3087 3268 3351 3316 exarant.
3407 3262 3471 3316 ln
3511 3263 3641 3319 Vita
3669 3277 3803 3318 san-

2097 3351 2200 3400 cta
2221 3344 2442 3401 Gudila
2473 3347 2620 3417 virg.
2664 3361 2786 3417 cap.
2821 3353 2854 3402 2
2889 3362 2965 3402 τοι
3001 3349 3260 3404 Dimidiis
3294 3350 3564 3407 utebatur
3591 3351 3799 3408 subta-

2097 3431 2338 3501 laribus,
2373 3443 2437 3489 ut
2463 3434 2724 3504 superior
2768 3449 2900 3505 pars
2934 3436 3142 3506 pedum
3171 3436 3494 3508 ivideretur.
3522 3460 3542 3486 ι
3582 3440 3802 3496 Auctor

2097 3521 2235 3576 Vita
2257 3521 2310 3577 S.
2354 3523 2566 3594 Eguini
2605 3525 2780 3593 episc.
2815 3524 3180 3596 Vigornensis
3203 3540 3326 3596 cap.
3358 3528 3391 3580 4
3424 3542 3435 3581 ;
3477 3528 3796 3584 δοίαιανεε.

2096 3610 2341 3666 Joannes
2401 3610 2456 3668 S.
2524 3611 2737 3668 Odonis
2791 3611 3148 3683 biographus
3205 3613 3240 3669 l.
3295 3631 3332 3671 ιι
3381 3624 3524 3684 post.
3576 3617 3723 3672 med.
3781 3633 3796 3671 :

2093 3697 2439 3755 .mbtalares.
2471 3699 2780 3757 Ordericus
2825 3701 2997 3756 Vital.
3033 3702 3176 3758 Hist.
3228 3703 3326 3760 lib.
3361 3719 3417 3771 v,
3474 3718 3606 3776 pag.
3667 3708 3794 3774 591,

2096 3786 2449 3854 sublolarec;
2479 3801 2611 3859 pag.
2637 3789 2762 3858 596,
2789 3789 3092 3844 sotulares.
3126 3789 3348 3856 Quibus
3365 3791 3648 3846 salutare:
3675 3794 3798 3848 sive

2095 3876 2386 3930 salutares
2414 3889 2514 3946 pro
2546 3875 2748 3932 calceis
2780 3876 2867 3932 vel
2889 3885 3221 3948 tegumento
3253 3879 3475 3948 pedum
3521 3881 3797 3951 usurpari

2098 3965 2321 4021 clarum
2339 3972 2442 4020 est.

2169 4052 2260 4125 (⁸⁸)
2291 4055 2432 4109 CAP.
2461 4054 2578 4110 XV.
2611 4083 2680 4093 -—
2712 4053 2984 4110 Proculas
3001 4053 3419 4127 versiculosque
3438 4073 3790 4128 componere.

2099 4143 2367 4213 Superest
2442 4142 2798 4198 solummodo
2863 4157 3053 4213 prosa,
3114 4157 3216 4200 seu
3295 4144 3381 4215 (ut
3441 4149 3665 4214 vocant)
3707 4147 3798 4203 Se-

2099 4229 2338 4298 quentia
2360 4228 2429 4284 de
2457 4227 2662 4284 Sancto
2688 4228 2994 4284 Geremaro
3021 4229 3178 4299 (qua
3213 4229 3529 4285 etiamnum
3564 4230 3624 4284 in
3667 4231 3797 4302 ejus

2099 4315 2190 4371 die
2217 4316 2355 4372 festo
2376 4316 2740 4384 decantatur)
2778 4331 2911 4373 cum
2953 4317 3060 4372 hac
3083 4317 3394 4388 epigraphe
3425 4332 3438 4371 :
3475 4336 3503 4368 α
3548 4317 3799 4388 Sequen-

287 4405 344 4458 et
373 4416 463 4458 me
493 4401 732 4472 imperio
760 4409 814 4458 et
845 4403 1114 4459 mandato
1147 4404 1342 4460 domni
1375 4406 1684 4464 Bermundi
1741 4411 1983 4481 abbatis,
2027 4391 2070 4446 ί)
2102 4403 2178 4460 lia
2209 4404 2268 4460 in
2299 4404 2438 4461 festo
2486 4406 2668 4461 sancti
2699 4405 3013 4472 Geremal‘i.
3045 4420 3224 4476 quam
3252 4406 3500 4462 domnus
3553 4405 3800 4465 Glliber-

290 4498 344 4545 et
374 4489 502 4560 ejus
557 4490 982 4547 successoribus
1014 4492 1278 4562 subjicio,
1307 4501 1362 4549 et
1397 4495 1453 4548 in
1489 4509 1669 4554 manu
1721 4498 1986 4570 Calverii,

289 4578 359 4634 de
389 4577 661 4634 mandato
710 4577 892 4647 ipsius
947 4577 1141 4635 domui
1173 4581 1419 4648 abbatis,
1455 4597 1543 4638 me
1576 4585 1797 4657 absque
1849 4603 1988 4658 pro-

293 4667 416 4736 prio
444 4667 636 4724 vivere
666 4667 960 4738 promitto;
989 4669 1326 4738 promittens
1359 4670 1529 4728 etiam
1565 4687 1654 4730 me
1712 4676 1990 4734 obedien-

289 4756 425 4812 tiam
479 4763 536 4812 et
585 4754 992 4810 continentiam
1054 4763 1342 4825 quantum
1418 4761 1738 4827 permiserit
1791 4763 1992 4820 divina

288 4844 493 4914 gratia,
526 4851 886 4900 servaturam
922 4857 936 4897 :
967 4851 1022 4900 et
1061 4843 1322 4900 habitum
1369 4848 1766 4906 monachalem
1805 4853 1992 4908 susci-

291 4933 400 5002 pio,
433 4941 488 4989 et
543 4933 810 5004 quandiu
868 4932 1090 4999 vixero,
1141 4933 1460 4990 secundum
1530 4927 1792 5008 regulam
1840 4940 1988 4998 beati

290 5020 573 5077 Benedicti
644 5019 838 5076 vivere
881 5021 1173 5090 promitto,
1221 5028 1276 5077 et
1325 5023 1564 5093 tempori
1637 5027 1992 5096 probationis

286 5109 576 5164 renuntio.
785 5169 792 5174 ,

363 5219 383 5244 ε
419 5197 491 5252 Et
525 5210 630 5267 ego
680 5196 1041 5253 Bermundus
1093 5197 1273 5254 abbas
1330 5200 1636 5269 pra‘dictus
1685 5204 1988 5273 professio-

287 5299 418 5340 nem
450 5293 586 5351 ate,
628 5285 1006 5350 Jauseranna,
1039 5286 1302 5342 emissam
1351 5289 1580 5360 recipio,
1638 5299 1694 5348 et
1721 5292 1824 5348 tibi
1870 5307 1988 5349 mo-

286 5372 585 5429 nachalem
617 5372 878 5429 habitum
903 5373 1167 5431 concedo.

359 5483 387 5509 ‹‹
429 5462 499 5518 Et
547 5477 653 5530 ego
703 5462 1121 5532 Raymbaudus
1151 5464 1220 5520 de
1265 5465 1471 5521 Kalma
1501 5467 1686 5538 major
1716 5468 1988 5526 dominus

284 5551 454 5606 castri
483 5550 553 5608 de
593 5551 822 5607 Barreto
871 5550 1147 5618 inferiori,
1189 5552 1550 5611 donationem
1603 5570 1703 5612 seu
1751 5557 1988 5612 oblatio-

285 5652 414 5694 nem
446 5640 835 5711 supradictam
863 5655 1147 5698 consensu
1179 5656 1301 5697 meo
1329 5649 1385 5698 et
1430 5643 1728 5700 voluntate
1775 5645 1985 5702 factam

2101 4501 2192 4550 tus
2221 4493 2399 4565 hujus
2437 4492 2687 4550 ecclesia
2733 4495 3053 4551 monachus
3099 4494 3336 4550 dictavit
3383 4495 3613 4566 ingenio
3668 4510 3796 4552 suo.

2097 4583 2188 4639 Sic
2217 4583 2416 4653 incipit
2449 4597 2461 4636 :

2523 4713 2703 4770 Adest
2726 4714 3048 4786 pracipua,

2520 4805 2781 4870 Fratres,
2809 4807 3072 4870 materia,

2527 4891 2659 4946 Diei
2685 4907 2932 4948 consona.

2523 4984 2666 5036 Date
2696 4979 3006 5054 praeconia,
3031 5003 3060 5030 »
3083 4989 3190 5037 etc.

2096 5115 2244 5184 Quid
2272 5115 2463 5180 Prosa,
2493 5114 2630 5186 quid
2657 5115 3020 5186 Antiphona.
3052 5115 3215 5171 docet
3244 5116 3298 5170 S.
3339 5115 3592 5170 Isidorus
3630 5115 3729 5171 lib.
3757 5133 3793 5172 ι.

2095 5204 2272 5274 Orig,
2303 5217 2426 5273 cap.
2457 5204 2544 5270 37,
2578 5210 2634 5260 et
2664 5203 2762 5258 lib.
2795 5218 2872 5269 v1,
2901 5217 3028 5274 cap.
3065 5204 3150 5258 19.

2168 5291 2258 5362 (⁵9)
2283 5293 2418 5348 CAP.
2453 5291 2604 5348 XVI.
2636 5321 2706 5332 —
2726 5291 2951 5346 Multas
2968 5291 3122 5346 enim
3149 5289 3512 5351 invidentia,
3544 5298 3676 5359 δια,
3696 5310 3798 5364 pa-

2094 5379 2300 5436 tiebar.
2357 5380 2518 5436 Unde
2571 5379 2677 5436 sibi
2731 5388 3046 5450 temperare
3080 5381 3304 5450 nequit,
3353 5378 3668 5450 quominus
3698 5395 3796 5437 sa-

2095 5467 2353 5540 piuscule
2397 5468 2518 5524 suis
2552 5469 2609 5524 in
2643 5469 2870 5538 scriptis
2910 5469 3170 5525 facessita
3216 5468 3322 5525 sibi
3375 5476 3592 5538 repetat
3633 5483 3797 5542 nego-

2094 5557 2202 5612 tia:
2230 5557 2584 5625 potissimum
2625 5571 2760 5612 vero
2815 5557 2869 5612 id
2926 5557 3084 5612 initio
3125 5557 3412 5627 cujusque
3460 5556 3588 5612 libri
3637 5557 3796 5615 Com-

2092 5645 2506 5701 mentariorum
2535 5645 2592 5700 in
2609 5645 2892 5714 Geuesim,
2922 5661 3026 5702 nec
3046 5660 3158 5703 non
3180 5644 3416 5715 epistola
3435 5645 3507 5701 ad
3539 5644 3793 5705 Odouem
