3930 6462
133 441 294 494 1109

1440 437 1656 494 DOMNI
1696 437 1756 491 L.
1800 435 2145 492 D’ACHERY
2182 435 2410 492 NOTZE.

3538 441 3676 494 1110

127 573 754 645 Sansymphorianum
827 573 1090 629 abbatem
1168 573 1313 630 libro
1377 575 1454 629 De
1523 573 1859 645 pignoribus
1894 576 1940 627 A
1965 573 2225 642 proxime
2253 573 2424 628 citato
2458 588 2471 627 :
2512 594 2539 621 ‹‹
2577 573 2752 643 IEgro
2795 572 2852 628 in
2891 573 3101 644 agonia
3130 574 3332 643 posito,
3368 575 3544 631 frater
3569 575 3672 645 qui

128 671 490 719 sanctorum
521 662 779 732 praeﬁxa.

225 752 327 824 (⁸⁸)
365 755 498 807 lein.
533 782 600 792 —
631 751 803 820 Cujus
836 767 1041 807 nomen
1090 754 1146 804 et
1191 750 1451 823 pignera.
1500 751 1858 806 Subuculam

127 857 254 898 seu
286 842 583 896 camisiam
615 840 870 910 ejusdem
904 840 1162 907 gloriosze
1183 840 1432 911 Virginis
1458 839 1652 909 (cujus
1677 839 1863 910 gratia

127 929 597 986 celeberrimum
629 936 711 983 est
739 928 1087 984 Carnotense
1111 929 1444 996 delubrum)
1483 928 1635 983 hisce
1674 927 1863 983 verbis

131 1017 396 1088 intelligi
421 1017 704 1073 existimo.

220 1104 318 1176 (⁵⁷)
366 1106 497 1160 CAP.
545 1105 717 1161 XVII.
767 1133 832 1145 —
863 1104 1052 1160 Nullis
1089 1104 1375 1176 impressa
1423 1103 1654 1158 tabulis.
1709 1105 1862 1159 Con-

123 1201 344 1262 ceptos
388 1193 564 1248 animi
629 1193 775 1248 fetus
827 1193 962 1248 olim
1020 1193 1269 1249 solemne
1315 1193 1693 1262 scriptoribus
1740 1201 1862 1248 erat

126 1283 203 1336 in
258 1281 474 1337 tabulis
521 1281 699 1337 cereis
745 1280 865 1336 sive
935 1281 1318 1353 pugillaribus
1367 1282 1512 1350 stylo
1578 1295 1858 1351 exarare;

130 1384 216 1424 ac
260 1369 622 1438 poStmodum
666 1370 764 1425 ubi
808 1369 876 1424 ad
927 1369 1121 1424 limam
1161 1382 1215 1426 et
1260 1370 1522 1425 incudem
1563 1384 1658 1425 eos
1691 1384 1861 1426 revo-

130 1467 379 1525 carant,
430 1458 835 1514 exscribebant
882 1458 939 1513 in
989 1459 1381 1514 membranis:
1425 1466 1614 1514 exstat
1658 1472 1860 1513 exem-

137 1547 319 1616 plum
365 1547 423 1600 in
471 1546 579 1601 ﬁne
637 1548 770 1603 vitae
812 1547 990 1602 sancti
1040 1548 1310 1603 Bonifacii
1384 1547 1701 1617 Moguntini
1747 1561 1860 1603 au-

131 1642 310 1688 ctore
341 1641 538 1688 sancto
568 1633 868 1700 Vilibaldo,
903 1634 975 1689 ab
1021 1634 1277 1690 Serrario
1303 1634 1598 1705 levulgataa
1632 1650 1644 1688 :
1687 1657 1707 1683 ι
1738 1635 1859 1705 Ego

133 1722 503 1777 Wilibaldus
531 1722 852 1792 episcopus,
896 1731 1026 1789 etc.,
1079 1723 1262 1779 Vitam
1304 1731 1359 1778 et
1399 1724 1717 1792 passionem
1750 1725 1858 1778 Bo-

135 1809 351 1864 nifacii
387 1809 716 1878 conscripsi,
765 1810 1014 1880 primum
1060 1811 1115 1865 in
1157 1811 1334 1866 cereis
1379 1810 1590 1866 tabulis
1619 1810 1689 1865 ad
1721 1825 1858 1880 pro-

137 1899 442 1953 bationem
481 1897 628 1952 Lulli
668 1906 722 1953 et
769 1899 1166 1968 Megengaudi.
1221 1900 1347 1954 Post
1384 1913 1582 1953 eorum
1615 1912 1858 1954 examen

135 1987 208 2041 in
244 1986 608 2056 pergamenis
639 1987 926 2056 rescripsi,
966 2009 986 2035 ι
1021 1996 1127 2043 etc.

223 2080 377 2128 om
452 2075 660 2129 Locum
713 2089 866 2140 vero,
913 2075 1006 2130 ubi
1056 2075 1192 2130 olim
1243 2075 1507 2130 monachi
1565 2075 1859 2145 scriptioni

134 2175 385 2232 operam
417 2162 651 2229 dabant,
687 2162 1048 2231 scriptorium
1082 2163 1260 2218 solere
1279 2164 1627 2232 nuncupari,
1656 2172 1860 2232 praeter

136 2250 463 2306 innumera
502 2250 876 2320 antiquorum
923 2251 1262 2317 testimonia,
1297 2251 1557 2320 perhibet
1587 2253 1859 2307 vetustis-

137 2339 336 2394 simus
411 2339 577 2394 Liber
663 2339 1162 2394 Sacramentorum
1255 2339 1432 2394 nostri
1506 2340 1859 2396 tiorbeiensis

137 2428 503 2494 monasterii,
554 2428 635 2484 tit.
687 2428 887 2482 Oratio
915 2427 976 2480 in
1015 2427 1340 2498 scriptorio,
1383 2443 1514 2498 quae
1561 2429 1642 2484 sic
1670 2429 1860 2499 expri-

139 2515 350 2572 mitur.
400 2537 428 2566 «
474 2517 808 2572 Benedicere
842 2517 1114 2587 digneris,
1162 2518 1418 2582 Domine,
1464 2518 1568 2573 hoc
1610 2519 1857 2588 scripto-

144 2604 312 2660 rium
360 2605 707 2661 famulorum
768 2613 1024 2670 tuorum,
1074 2613 1129 2660 et
1177 2620 1374 2660 omnes
1426 2606 1748 2662 habitantes
1799 2607 1857 2662 in

147 2706 223 2746 eo
278 2709 290 2746 :
342 2701 403 2748 ut
453 2694 736 2763 quidquid
784 2694 1114 2749 divinarum
1173 2694 1600 2764 Scripturarum
1653 2696 1726 2750 ab
1778 2696 1860 2752 eis

147 2781 370 2836 lectum
435 2781 522 2837 vel
567 2783 843 2852 scriptum
911 2782 1080 2837 fuerit
1146 2797 1320 2838 sensu
1387 2784 1638 2854 capiant,
1690 2799 1859 2855 opere

147 2868 491 2938 percipiant.
526 2869 635 2926 Per
665 2870 992 2937 Dominum,
1025 2891 1052 2918 »
1085 2877 1190 2926 etc.

227 2956 320 3028 (⁵⁸)
354 2959 486 3013 CAP.
522 2959 678 3015 XXI.
713 2990 780 2998 —
807 2959 988 3031 Signo
1025 2959 1364 3030 crepitante.
1418 2961 1684 3029 Apertius
1715 2961 1857 3031 quid

143 3061 220 3101 eo
265 3046 370 3102 loci
411 3048 655 3103 innuere
695 3047 830 3103 velit
876 3057 1096 3115 auctor,
1147 3049 1394 3117 explicat
1449 3050 1564 3117 ipse
1611 3063 1736 3118 cap.
1786 3053 1854 3104 23

1973 661 2044 716 ad
2084 662 2192 716 hoc
2242 661 2552 730 deputatus
2598 669 2700 728 est,
2751 662 3000 717 cilicium
3041 662 3353 732 expandat,
3405 670 3459 719 et
3496 677 3675 732 supra

1972 748 2112 805 illud
2162 763 2492 806 mensuram
2535 749 2932 820 longitudinis,
2978 765 3154 820 quam
3198 751 3386 821 ipsum
3422 751 3672 808 cilicium

1972 837 2162 899 habet,
2216 839 2449 908 signum
2493 838 2684 894 crucis
2732 839 2801 893 de
2847 839 3139 894 cineribus
3190 839 3380 906 faciat,
3427 840 3672 896 morien-

1973 933 2203 995 temque
2233 926 2467 982 fratrem
2499 927 2746 995 desuper
2776 934 2966 996 ponat,
3010 949 3028 974 ι
3065 936 3172 983 etc.

2039 1014 2185 1080 Quid
2235 1029 2370 1070 vero
2414 1016 2587 1071 moris
2631 1016 2803 1070 fuerit
2845 1015 2904 1070 in
2949 1016 3395 1086 congregatione
3437 1015 3671 1073 Clunia-

1969 1102 2124 1157 censi
2173 1110 2424 1172 tempore
2466 1105 2524 1157 Β.
2581 1102 2861 1172 Hugonis.
2922 1110 3095 1170 caput
3157 1104 3223 1156 26
3279 1109 3502 1168 statut.,
3569 1117 3670 1158 ex-

1971 1190 2196 1260 primit;
2252 1191 2403 1260 quod
2477 1190 2760 1260 subjicere
2805 1189 2929 1259 (etsi
2995 1190 3296 1260 prolixius)
3348 1190 3501 1245 haud
3565 1191 3673 1246 erit

1972 1275 2286 1345 ingratum,
2322 1284 2517 1346 utpote
2561 1276 2813 1346 plurima
2851 1277 3150 1333 continens
3197 1285 3398 1333 notatu
3447 1279 3672 1349 dignis-

1970 1364 2117 1419 sima
2155 1381 2168 1419 :

2353 1454 2437 1506 De
2463 1452 2625 1508 obitu
2636 1452 2860 1522 fratris
2887 1456 2943 1507 et
2967 1453 3284 1525 sepultura.

2041 1561 2070 1589 «
2104 1542 2302 1596 Frater
2331 1541 2430 1611 qui
2467 1557 2546 1607 se,
2579 1541 2904 1598 inﬁrmitate
2938 1542 3388 1613 ingravescente,
3431 1544 3672 1599 senserit

1968 1627 2027 1683 in
2075 1632 2337 1698 proximo
2382 1631 2454 1686 ab
2509 1632 2613 1686 hoc
2662 1631 2868 1686 saeculo
2926 1632 3336 1701 migraturum,
3387 1632 3456 1687 de
3513 1631 3667 1687 omni

1968 1717 2314 1773 conscientia
2343 1732 2448 1773 sua
2477 1718 2684 1774 domno
2715 1719 2905 1775 abbati
2947 1720 3037 1775 vel
3079 1720 3256 1789 priori
3294 1720 3667 1791 conﬁteatur;

1967 1813 2022 1861 et
2059 1808 2105 1860 si
2136 1806 2195 1861 in
2227 1805 2550 1876 capitulum
2579 1807 2705 1863 vult
2732 1808 2834 1875 ire,
2868 1808 3115 1864 ostendit
3142 1808 3318 1878 priori
3339 1808 3429 1865 vel
3460 1823 3561 1879 per
3587 1823 3665 1876 se,

1969 1894 2060 1950 vel
2101 1907 2201 1963 per
2238 1894 2657 1966 inﬁrmarium;
2701 1902 2755 1950 et
2800 1903 2992 1966 postea
3038 1895 3337 1952 adducunt
3387 1911 3520 1953 eum
3553 1897 3669 1953 duo

1968 1980 2173 2038 fratres
2206 1981 2355 2038 inter
2402 1996 2630 2050 manus,
2682 1982 2729 2038 si
2773 1991 2856 2040 est
2902 1983 3040 2039 adeo
3087 1984 3376 2051 inﬁrmus,
3415 1993 3470 2041 et
3530 1985 3669 2055 petit

1969 2070 2218 2138 veniam,
2267 2085 2550 2142 reumque
2598 2085 2658 2127 se
2696 2071 2766 2127 de
2819 2071 3015 2128 multis
3057 2072 3422 2144 negligentiis
3467 2081 3669 2130 contra

1966 2159 2168 2225 Deum,
2200 2166 2255 2214 et
2283 2166 2482 2214 contra
2512 2159 2638 2216 illos
2666 2159 2991 2216 conﬁtetur.
3025 2160 3278 2218 Absolvit
3321 2176 3456 2217 eum
3489 2161 3667 2232 prior,

1966 2253 2023 2302 et
2078 2246 2300 2302 cunctis
2350 2246 2848 2316 respondentibus.
2902 2253 3108 2314 Amen,
3175 2248 3297 2318 ipse
3340 2257 3578 2304 cunctos
3625 2249 3673 2304 si

1967 2334 2110 2404 quid
2158 2348 2360 2390 contra
2409 2350 2540 2390 eum
2592 2335 3302 2410 deliquerint,_absolvit;
3356 2351 3671 2407 omnesque

1966 2423 2035 2478 de
2074 2425 2196 2478 suis
2239 2423 2472 2479 sedibus
2519 2423 2692 2479 altius
2740 2424 3042 2480 inclinant.
3095 2425 3293 2481 Postea
3335 2426 3668 2496 reducitur;

1965 2513 2240 2568 reductus
2271 2519 2439 2582 rogat
2478 2519 2541 2567 ut
2569 2511 2690 2567 oleo
2735 2512 3099 2568 inﬁrmorum
3135 2520 3412 2584 ungatur,
3446 2521 3500 2569 et
3530 2522 3671 2570 tunc

1967 2601 2279 2657 collocatur
2323 2601 2378 2654 in
2429 2601 2571 2670 lecto
2610 2600 2728 2667 tali,
2781 2601 2834 2655 id
2883 2609 2966 2656 est
3003 2609 3212 2656 terram
3253 2601 3513 2668 demisso,
3567 2602 3668 2658 ubi

1967 2690 2172 2745 fratres
2213 2689 2429 2758 possint
2461 2689 2718 2759 undique
2742 2689 3132 2746 circumstare.
3165 2690 3330 2745 Tunc
3378 2691 3533 2760 prior
3566 2693 3666 2761 qui

1967 2781 2120 2834 tenet
2151 2778 2430 2844 ordinem,
2466 2778 2764 2834 innotescit
2793 2781 3064 2847 armario,
3111 2785 3165 2834 et
3195 2779 3484 2835 armarius
3516 2793 3668 2849 prae-

1967 2867 2121 2922 videt
2143 2867 2339 2921 omnia
2381 2867 2451 2921 ad
2490 2867 2595 2922 hoc
2638 2868 2994 2936 necessaria;
3038 2867 3250 2923 scilicet
3287 2868 3661 2937 sacerdotem,

1968 2968 2138 3024 quem
2189 2953 2351 3010 indui
2406 2955 2540 3010 facit
2592 2955 2724 3011 alba
2767 2963 2822 3011 et
2863 2955 3026 3022 stola,
3072 2963 3128 3011 et
3185 2971 3504 3025 conversos,
3563 2958 3664 3028 qui

1967 3043 2224 3100 deferant
2253 3058 2464 3113 aquam
2509 3044 2884 3110 benedictam,
2916 3058 3168 3109 crucem,
3214 3052 3270 3099 et
3295 3045 3662 3112 candelabra,

143 3137 275 3190 sive
319 3136 406 3202 24,
453 3149 582 3206 pag.
633 3138 756 3190 486.
811 3137 868 3190 C.
927 3159 946 3184 ι
997 3137 1079 3190 Ad
1129 3137 1565 3191 convocandum
1608 3136 1853 3193 aliorum
1895 3138 1934 3192 C
1962 3139 2018 3187 et
2046 3133 2166 3201 ipse
2196 3139 2382 3201 portat
2411 3131 2621 3187 oleum.
2655 3133 2819 3187 Tunc
2851 3132 3064 3201 paratis
3097 3133 3366 3189 omnibus
3395 3134 3664 3203 praecedit

142 3231 501 3278 conventum
554 3223 810 3279 tabulam
857 3239 930 3279 ex
998 3239 1154 3280 more
1215 3225 1563 3294 percutiunt.
1625 3226 1734 3280 Ista
1776 3227 1852 3281 si-

145 3311 386 3381 quidem
419 3311 719 3381 disciplina
761 3313 1038 3368 continuo
1072 3313 1142 3368 ad
1182 3320 1376 3368 nostra
1415 3320 1681 3381 tempora,
1715 3328 1851 3383 prae-

143 3406 238 3455 ter
270 3399 428 3453 nolas
451 3407 504 3454 et
534 3413 843 3469 campanas
873 3400 930 3454 in
975 3414 1085 3455 usu
1117 3400 1477 3455 monasteriis
1520 3400 1645 3467 fuit,
1683 3402 1850 3457 tabu-

144 3485 220 3540 lis
250 3501 349 3542 seu
381 3487 599 3542 malleis
630 3487 852 3557 ligneis,
886 3487 1197 3542 ctenobitas
1222 3489 1290 3542 ad
1324 3487 1549 3556 privata
1581 3489 1848 3557 quaedam

142 3574 424 3628 exercitia
457 3574 781 3638 convocari,
824 3575 911 3629 vel
954 3574 1190 3629 excitari
1231 3589 1265 3628 a
1304 3589 1523 3631 somno.
1565 3575 1708 3632 Vita:
1751 3577 1850 3632 Pa-

144 3669 305 3718 trum
347 3662 444 3718 lib.
491 3678 544 3726 v,
589 3663 740 3718 libel.
791 3667 873 3730 t7,
916 3678 974 3718 n.
1008 3665 1123 3716 20:
1170 3686 1190 3712 ι
1242 3663 1479 3720 Percute
1516 3664 1748 3734 signum
1789 3666 1845 3721 in

139 3751 288 3805 cella
326 3751 593 3815 fratrum,
647 3758 709 3806 ut
749 3759 1100 3822 congregent
1146 3765 1204 3805 se
1254 3750 1346 3807 hic
1389 3765 1604 3807 omnes.
1646 3773 1668 3800 ι
1713 3753 1845 3809 Cas-

141 3837 294 3891 sian.
329 3837 426 3894 lib.
462 3854 518 3894 IV
556 3839 625 3894 de
670 3839 807 3894 Inst.
863 3846 1095 3907 renunt,
1137 3853 1263 3909 cap.
1309 3842 1374 3894 t2
1406 3880 1419 3892 .
1455 3860 1483 3889 ‹‹
1529 3840 1670 3896 Cum
1700 3842 1848 3897 soni-

141 3931 268 3980 tum
303 3926 588 3995 pulsantis
616 3927 847 3991 ostium,
873 3941 938 3982 ac
969 3927 1327 3983 diversorum
1371 3927 1608 3984 cellulas
1640 3944 1843 3999 percu-

138 4015 333 4069 tientis
363 4015 668 4080 audierint,
706 4016 776 4071 ad
821 4016 1133 4071 orationem
1175 4017 1408 4083 scilicet,
1457 4032 1558 4073 seu
1590 4019 1659 4073 ad
1700 4033 1846 4089 opus

144 4103 381 4171 aliquod
432 4103 749 4170 invitantis,
795 4104 1052 4160 certatim
1091 4118 1121 4158 e
1162 4104 1445 4159 cubiculis
1489 4106 1611 4161 suis
1656 4120 1844 4161 unus-

145 4191 395 4262 quisque
415 4193 754 4262 prorumpit.
785 4214 804 4240 ι
831 4192 1066 4248 Adolius
1087 4192 1348 4248 Tarsens.
1375 4193 1432 4248 in
1455 4193 1586 4250 Vita
1610 4194 1843 4250 Patrum

144 4294 275 4348 cap.
333 4281 396 4333 14
449 4295 461 4334 :
517 4299 544 4332 α
595 4281 872 4350 Tempore
932 4289 1206 4336 consueto
1255 4281 1589 4337 excitatorio
1640 4283 1844 4338 malleo

141 4367 412 4436 pulsabat
461 4368 633 4423 cellas
692 4368 972 4429 omnium,
1027 4389 1055 4417 »
1115 4375 1219 4424 etc.
1292 4369 1592 4424 Lanfranc.
1644 4371 1843 4426 Decret

1965 3221 2264 3290 processio,
2327 3228 2382 3275 et
2446 3219 2824 3289 subsequitur
2897 3219 3179 3284 sacerdos,
3238 3227 3294 3276 et
3362 3235 3462 3290 per
3509 3223 3664 3276 anti-

1961 3323 2138 3379 quam
2204 3309 2686 3364 consuetudinem
2769 3311 2920 3363 totus
2984 3316 3322 3375 conventus,
3399 3309 3661 3379 imposito

1960 3397 2444 3468 quinquagesimo
2506 3396 2748 3463 Psalmo,
2801 3405 2855 3452 et
2900 3404 3114 3465 postea,
3170 3396 3218 3452 si
3271 3411 3416 3467 opus
3462 3396 3658 3466 fuerit,

1959 3487 2386 3557 adjunguntur,
2415 3494 2522 3542 etc.
2560 3508 2580 3533 ι

2027 3576 2336 3646 Aliquanto
2363 3582 2486 3644 post
2514 3574 2783 3645 sequitur
2817 3589 2830 3628 :

2027 3664 2320 3720 «Interim
2368 3664 2631 3719 sacerdos
2681 3662 2794 3718 hoc
2863 3662 3031 3718 modo
3097 3662 3231 3718 facit
3301 3663 3654 3719 unctionem.

1955 3752 2220 3808 Pollicem
2269 3753 2390 3808 oleo
2432 3752 2619 3815 illinit,
2661 3759 2716 3807 et
2760 3765 2895 3807 cum
2933 3751 3135 3820 pollice
3184 3751 3416 3822 signum
3470 3752 3658 3807 crucis

1955 3839 2230 3910 imprimit
2257 3855 2431 3910 super
2477 3849 2792 3910 utrumque
2834 3839 3066 3896 oculum
3108 3840 3186 3895 ita
3222 3840 3463 3897 dicendo
3497 3857 3511 3895 :
3547 3841 3659 3894 Per

1951 3929 2128 3984 istam
2164 3929 2489 3984 unctionem
2529 3933 2581 3984 et
2616 3945 2785 3982 suam
2825 3926 3155 3998 piissimam
3195 3928 3655 3984 misericordiam

1947 4017 2246 4089 indulgeat
2276 4017 2378 4071 tibi
2413 4017 2689 4072 Dominus
2719 4015 2997 4087 quidquid
3036 4017 3290 4087 peccasti
3312 4034 3422 4087 per
3447 4017 3649 4072 visum.

1952 4106 2131 4176 Super
2160 4117 2466 4176 utramque
2488 4120 2716 4174 aurem;
2737 4121 2847 4176 per
2874 4105 3157 4161 auditum.
3193 4105 3375 4175 Super
3403 4113 3653 4176 utraque

1952 4195 2134 4264 labia;
2161 4212 2266 4267 per
2291 4198 2538 4266 gustum.
2575 4195 2758 4264 Super
2790 4208 3014 4260 nasum,
3041 4210 3144 4264 per
3181 4194 3500 4248 odoratum.
3537 4194 3650 4250 Su-

1952 4297 2055 4354 per
2103 4299 2348 4351 manus;
2389 4301 2492 4354 per
2530 4286 2763 4336 tactum.
2819 4283 2911 4351 (Et
2960 4283 3169 4338 fratrer
3210 4296 3528 4338 conversus
3569 4292 3652 4338 est

1954 4372 2217 4438 interius,
2254 4372 2300 4427 si
2334 4372 2597 4427 sacerdos
2639 4371 2918 4439 exterius)
2958 4385 3134 4440 super
3178 4371 3382 4441 pedes;
3421 4388 3528 4442 per
3555 4372 3650 4425 in-

142 4435 247 4524 pro
275 4455 396 4508 ord.
435 4455 488 4510 S.
521 4455 810 4521 Benedict,
852 4470 977 4524 cap.
1011 4458 1042 4509 9
1079 4471 1092 4510 :
1126 4475 1152 4507 ‹‹
1187 4457 1339 4512 Cura
1379 4457 1741 4527 (inﬁrmario)
1773 4459 1840 4513 de
1880 4435 1923 4487 θ
1952 4435 2416 4530 οεεςωηίὸυρθτ
2447 4461 2727 4530 inguina;
2766 4475 2870 4530 per
2903 4435 3193 4514 ardorem—
3219 4435 3495 4514 libidinis.
3528 4460 3650 4528 Quo

141 4543 600 4599 administranda
623 4544 842 4612 tabula,
865 4558 1043 4614 quam
1070 4559 1142 4600 ex
1167 4559 1320 4600 more
1343 4545 1499 4614 prior
1521 4549 1784 4614 percutit,
1811 4566 1839 4597 ι)

142 4639 255 4686 etc.
313 4632 377 4686 Et
416 4645 541 4701 cap.
594 4634 684 4694 23,
730 4632 799 4686 de
845 4632 1262 4702 aegrotantibus
1311 4633 1473 4688 morti
1523 4635 1842 4703 proximis:

142 4737 172 4770 α
208 4720 466 4789 Cumque
530 4735 664 4775 eum
719 4719 838 4790 jam
881 4719 941 4775 in
983 4720 1247 4775 exeundo
1309 4721 1513 4777 viderit
1556 4722 1839 4792 laborare,

146 4816 371 4879 gestans
419 4822 597 4864 manu
644 4809 924 4876 tabulam,
969 4809 1042 4863 ad
1084 4809 1294 4864 ostium
1334 4810 1569 4866 claustri
1621 4820 1838 4879 currat,

146 4896 376 4966 ictuque
407 4897 748 4952 creberrimo
792 4897 999 4953 acriter
1039 4911 1164 4953 eam
1196 4900 1495 4968 percutiat,
1539 4915 1844 4971 quousque

148 4985 207 5040 in
236 4993 519 5042 conventu
550 4986 814 5041 auditum
857 5001 975 5041 esse
1014 4995 1336 5057 cognoscat.
1370 5009 1391 5035 ι
1429 4988 1844 5045 Declarationes

149 5073 381 5130 Patrum
425 5087 592 5144 cong.
637 5073 824 5128 Sancti
875 5073 1063 5130 Mauri
1116 5073 1173 5128 iu
1222 5075 1482 5145 regulam
1529 5075 1583 5131 S.
1630 5077 1837 5133 Bened.

149 5174 266 5230 cap.
311 5164 387 5216 8:
424 5184 444 5210 ι
490 5163 716 5217 Fratres
767 5175 963 5217 omnes
1011 5162 1254 5217 malleoli
1299 5164 1540 5232 strepitu
1590 5165 1839 5220 ostiatim

150 5251 567 5306 excitabantur.
608 5272 628 5298 ι

219 5338 308 5410 (⁵³)
337 5340 473 5394 Iam.
508 5369 574 5379 —-
616 5339 692 5393 Ut
719 5339 1032 5393 monastici
1056 5339 1235 5393 moris
1261 5343 1365 5407 est,
1405 5339 1595 5395 cilicio
1622 5357 1838 5413 suppo-

149 5425 330 5482 situm.
381 5429 439 5482 In
491 5427 765 5483 extremis
814 5428 1026 5497 positos
1071 5428 1204 5484 vitae
1251 5429 1505 5483 asceticae
1538 5430 1838 5499 professos,

150 5516 323 5570 cilicio
349 5516 647 5585 cinerique
679 5517 895 5585 imponi
937 5517 1013 5570 nil
1050 5516 1317 5572 usitatius
1346 5517 1518 5585 olim;
1552 5533 1667 5586 quo
1715 5519 1836 5574 Filii

155 5606 242 5659 Dei
272 5622 300 5660 e
347 5620 519 5660 cruce
561 5605 628 5657 ad
681 5604 919 5673 gloriam
975 5605 1324 5659 transeuntis
1371 5605 1607 5674 propius
1643 5607 1838 5661 imita-

152 5704 343 5751 rentur
415 5692 762 5761 exemplum.
838 5715 864 5739 ››
931 5694 1148 5748 Decret.
1216 5693 1276 5747 Β.
1345 5693 1649 5749 Laufranci
1719 5696 1837 5751 loco

1949 4548 2098 4604 facto
2151 4549 2302 4604 lavat
2359 4563 2584 4614 manus,
2639 4556 2694 4603 et
2750 4548 2911 4617 prius
2966 4548 3025 4602 in
3075 4548 3263 4604 cinere
3310 4548 3586 4604 confricet
3635 4564 3648 4602 :

1951 4637 2088 4693 olim
2132 4637 2283 4693 istud
2318 4637 2484 4693 ﬁebat
2537 4637 2595 4692 in
2633 4636 2842 4692 crustis
2882 4636 3130 4706 siliginei
3177 4637 3376 4705 panis;
3433 4645 3487 4694 et
3527 4638 3650 4693 haec

1951 4726 2160 4782 levatio
2188 4740 2302 4780 non
2336 4725 2443 4780 nisi
2475 4725 2533 4781 in
2563 4726 2717 4796 igne,
2752 4725 2839 4780 vel
2873 4725 2931 4780 in
2964 4725 3084 4780 loco
3117 4726 3339 4780 mundo
3363 4733 3417 4781 et
3460 4727 3650 4782 abdito

1951 4814 2090 4870 solet
2118 4812 2358 4870 effundi.
2388 4814 2570 4880 Tunc,
2613 4814 2656 4869 si
2703 4814 2969 4868 inﬁrmus
3011 4827 3127 4868 non
3166 4813 3647 4881 communicatur,

1950 4902 2024 4957 ab
2051 4901 2168 4971 ipso
2200 4901 2494 4957 sacerdote
2524 4901 2802 4957 dicuntur
2842 4915 3040 4956 omnes
3075 4899 3162 4954 hae
3196 4898 3462 4962 collecta,
3498 4913 3648 4968 prae—

1949 4991 2138 5046 missis
2168 4989 2256 5045 his
2284 4989 2549 5059 capitulis
2584 5005 2596 5043 :
2641 4990 2874 5046 Salvum
2900 4989 3014 5059 fac
3037 5004 3263 5043 servum
3311 4991 3494 5055 tuum,
3539 4996 3646 5044 etc.

2024 5101 2052 5127 «
2077 5079 2385 5148 Postquam
2418 5078 2476 5132 in
2517 5078 2810 5134 ecclesiam
2841 5077 3124 5144 venerint,
3167 5091 3350 5133 unum
3391 5077 3459 5133 de
3499 5091 3649 5147 quo-

1951 5165 2184 5221 tidianis
2223 5166 2499 5222 calicibus
2539 5167 2594 5221 in
2626 5166 2877 5221 armario
2917 5166 3122 5234 accipit
3164 5165 3256 5220 vel
3299 5165 3418 5235 ipse
3455 5179 3650 5220 sacer-

1949 5255 2051 5309 dos
2095 5253 2181 5308 vel
2229 5255 2520 5309 armarius
2573 5255 2759 5324 (prius
2806 5261 2997 5309 tamen
3046 5253 3173 5308 lotis
3217 5253 3525 5323 manibus),
3594 5261 3646 5308 et

1950 5344 2154 5398 vinum
2180 5351 2234 5398 et
2265 5357 2481 5413 aquam
2519 5357 2586 5398 ac
2612 5344 2657 5399 si
2691 5343 2865 5398 missa
2907 5342 3124 5398 cantari
3171 5343 3418 5408 deberet,
3453 5343 3645 5398 infun-

1949 5431 2050 5486 dit.
2101 5430 2263 5485 Tunc
2316 5431 2579 5486 sacerdos
2631 5431 2701 5486 ad
2770 5431 2962 5501 majus
3002 5431 3200 5497 altare,
3264 5444 3436 5499 super
3493 5431 3646 5501 quod

1951 5521 2171 5577 Domini
2204 5533 2413 5588 corpus
2443 5528 2728 5586 servatur,
2776 5519 3012 5585 accedit,
3055 5527 3108 5574 et
3146 5518 3306 5589 prius
3357 5533 3534 5589 quam
3563 5534 3650 5574 ac-

1947 5609 2140 5678 cipiat,
2182 5607 2478 5675 inccnsat;
2533 5607 2889 5676 postmodum
2932 5607 3236 5676 accipiens,
3289 5607 3504 5678 frangit
3543 5622 3647 5663 su-

1953 5710 2054 5765 per
2100 5697 2285 5764 ipsum
2334 5696 2599 5763 calicem;
2652 5704 2708 5752 et
2753 5695 2908 5751 illam
2961 5703 3206 5766 partem,
3256 5701 3408 5751 (H5
3469 5711 3647 5767 quam
