3930 6416
259 391 387 446 1111

1290 392 1385 446 AD
1425 391 1576 447 OPP.
1622 391 1780 446 VEN.
1821 386 2146 443 GUIBERTI
2181 383 2276 440 DE
2312 383 2715 441 NOVIGENTO

3642 388 3804 441 1112

254 521 542 578 allaturus
583 527 688 589 est,
741 535 916 592 super
942 522 1178 579 calicem
1218 529 1387 590 tenet,
1427 523 1600 580 aliam
1647 523 1706 578 in
1750 520 1944 592 pixide
1980 524 2022 576 Δ
2056 517 2516 575 Christianorum
2551 531 2736 574 mores
2764 517 2993 574 allicere
3021 518 3384 577 conabantur
3413 519 3592 592 (quod
3637 521 3800 577 scite

257 609 512 680 reponit;
545 617 600 666 et
632 617 772 666 tunc
801 611 876 667 ab
915 611 1168 666 armario
1211 619 1326 667 tam
1370 621 1604 667 manus‘
1626 609 1955 677 sacerdotis,

257 711 436 767 quam
485 697 607 768 ipse
649 697 801 753 calix
846 697 1070 754 linteolo
1106 698 1484 754 mundissimo
1525 699 1956 769 cooperiuntur.

259 785 313 841 Si
349 793 488 842 tunc
514 794 833 842 conventus
878 786 935 840 in
983 785 1160 842 choro
1198 794 1302 853 est,
1344 788 1579 857 quando
1622 787 1859 843 discedit
1885 787 1958 844 ab

258 875 451 943 altari,
484 884 638 931 totus
675 875 900 932 veniam
947 889 1047 944 pro
1083 876 1401 931 reverentia
1443 877 1716 932 Dominici
1750 891 1960 947 corpo-

257 964 338 1020 ris
378 964 530 1034 petit.
585 963 856 1020 Similiter
903 964 1235 1034 ubicunque
1283 965 1531 1022 viderint
1568 981 1702 1022 eum
1755 967 1960 1022 fratres

257 1059 649 1108 transeuntem
692 1051 928 1107 faciunt.
965 1052 1185 1106 Interea
1213 1061 1453 1110 curatur
1485 1062 1547 1110 ut
1577 1055 1790 1110 infirmi
1819 1055 1957 1110 buc-

259 1155 325 1196 ca
354 1141 583 1196 lavetur
607 1139 890 1209 reccpturi
919 1138 1103 1209 ipsum
1127 1141 1489 1198 Dominicum
1529 1157 1758 1213 corpus.
1792 1143 1960 1200 Prius

258 1236 452 1285 autem
489 1241 664 1298 quam
714 1228 971 1298 recipiat,
1015 1229 1305 1296 Conﬁteor
1335 1231 1568 1300 dicitur,
1597 1240 1652 1287 et
1683 1231 1958 1288 fratribus

260 1319 319 1372 in
350 1330 651 1374 commune
681 1317 1026 1370 Muli-creatur
1054 1317 1230 1372 vestri
1260 1319 1776 1389 respondentibus;
1801 1320 1957 1376 solus

258 1406 523 1462 sacerdos
553 1405 961 1474 prosequitur:
997 1406 1428 1477 Indulgenliam
1465 1411 1518 1463 et
1556 1407 1957 1464 remissionem

255 1493 513 1550 omnium
537 1497 903 1565 peccatorum
939 1497 1192 1562 tuorum,
1231 1505 1337 1552 etc.
1387 1497 1584 1567 Ipsum
1621 1507 1815 1554 autem
1846 1499 1954 1554 Do-

259 1583 399 1639 mini
429 1597 640 1652 corpus
671 1583 730 1638 in
759 1582 893 1638 vino
923 1597 1091 1653 aqua:
1125 1584 1392 1653 permisto
1429 1585 1799 1657 intinguitur.
1833 1585 1956 1653 Quo

257 1679 484 1742 epotato
509 1671 690 1728 ebibit
719 1685 954 1742 quoque
980 1671 1331 1728 ablutionem
1363 1673 1574 1740 calicis,
1611 1682 1663 1730 et
1697 1675 1742 1730 si
1777 1683 1958 1745 potest

256 1759 613 1816 ablutionem
644 1759 957 1831 digitorum
991 1760 1322 1830 sacerdotis,
1365 1769 1420 1818 et
1448 1763 1638 1819 adhuc
1663 1763 1874 1830 calicis,
1909 1765 1952 1819 si

254 1863 370 1904 non
403 1855 604 1918 potest,
636 1848 786 1904 alius
807 1849 1004 1904 ebibit.
1046 1848 1370 1906 Adhibetur
1410 1866 1644 1922 quoque
1685 1851 1762 1907 illi
1803 1867 1950 1908 crux

252 1946 287 1987 a
315 1933 624 2000 sacerdote,
672 1939 737 1989 ut
772 1946 900 1988 eam
948 1933 1146 1989 adoret
1181 1941 1238 1990 et
1279 1935 1591 1992 osculetur.
1645 1935 1953 1993 Osculatur

252 2021 423 2078 etiam
457 2020 625 2092 quasi
661 2021 931 2078 ultimum
968 2022 1096 2077 vale
1135 2021 1431 2093 facturus;
1467 2025 1648 2094 primo
1682 2026 1950 2082 sacerdo-

253 2115 386 2176 tem,
417 2109 620 2166 deinde
649 2124 844 2165 omnes
875 2109 1101 2176 fratres,
1131 2117 1186 2166 et
1217 2125 1319 2180 per
1357 2112 1658 2183 antiquam
1702 2128 1950 2170 consue-

255 2195 533 2256 tudinem,
566 2195 718 2264 ipsos
748 2209 982 2266 quoque
1016 2209 1244 2265 pueros.
1278 2196 1440 2253 Redit
1468 2206 1806 2254 conventus.

334 2305 354 2331 ι
391 2283 702 2353 Postquam
757 2292 951 2340 autem
992 2283 1168 2340 frater
1211 2285 1282 2340 ad
1342 2286 1674 2356 hujusmodi
1733 2287 1954 2344 venerit

259 2369 673 2438 inﬁrmitatem,
729 2371 1037 2428 adhibetur
1077 2372 1126 2428 ei
1176 2387 1332 2429 unus
1368 2373 1640 2442 famulus,
1691 2375 1790 2446 qui
1837 2391 1951 2432 non

260 2459 434 2516 habet
461 2460 619 2515 aliud
653 2459 856 2524 facere,
907 2460 1016 2514 nisi
1063 2466 1125 2516 ut
1162 2460 1519 2530 obsequatur
1554 2460 1812 2532 infirmo;
1855 2462 1952 2518 sed

258 2555 314 2603 et
343 2547 400 2602 in
433 2555 596 2604 nocte
642 2546 842 2602 famuli
890 2561 1088 2603 omnes
1119 2548 1222 2618 qui
1253 2557 1390 2605 sunt
1428 2549 1484 2604 in
1518 2549 1836 2606 inﬁrmaria
1863 2549 1952 2605 di-

259 2634 504 2706 ligenter
529 2636 842 2702 excubant,
873 2649 944 2692 ne
969 2636 1160 2693 obitus
1185 2637 1312 2708 ejus
1334 2637 1676 2708 improvisus
1704 2640 1950 2696 eveniat.

261 2724 422 2780 Crux
461 2731 544 2780 est
573 2731 774 2780 contra
818 2723 1019 2780 faciem
1059 2725 1186 2795 ejus
1215 2725 1411 2792 afﬁxa,
1461 2734 1517 2783 et
1571 2727 1762 2783 lumen
1807 2727 1952 2784 cerei

260 2828 449 2884 usque
477 2813 548 2869 ad
580 2813 797 2869 claram
840 2813 990 2870 diem
1022 2829 1135 2870 non
1172 2815 1377 2871 deﬁcit.
1416 2817 1469 2872 Si
1502 2818 1634 2887 quis
1671 2817 1845 2872 frater
1873 2827 1955 2874 est

260 2901 341 2957 ita
371 2901 693 2972 religiosus,
726 2902 816 2958 cui
863 2901 969 2957 hoc
1003 2917 1104 2972 pro
1135 2903 1414 2974 singulari
1464 2905 1694 2962 libuerit
1722 2905 1952 2974 affectu,

258 2997 324 3046 ut
354 2990 473 3060 ipse
505 3003 739 3060 quoque
768 2998 1060 3046 remaneat
1093 3005 1225 3047 cum
1260 2992 1490 3048 inﬁrmo
1526 2994 1842 3061 excubans,
1886 2993 1952 3050 li-

261 3077 462 3167 benter
485 3077 539 3134 ei
573 3079 728 3148 prior
756 3079 1087 3150 acquiescit.
1113 3080 1335 3136 Famuli
1367 3081 1466 3152 qui
1489 3090 1627 3139 sunt
1657 3083 1713 3138 in
1746 3083 1956 3140 talibus
1989 3112 2030 3167 ο

262 3166 510 3223 multum
548 3167 864 3235 exercitati,
919 3167 1166 3225 multum
1216 3171 1480 3239 opperiti,
1525 3185 1657 3226 cum
1707 3171 1956 3228 viderint

255 3253 374 3325 jam
408 3255 535 3325 ejus
563 3255 756 3311 exitus
785 3255 986 3312 horam
1020 3256 1338 3324 imminere,
1368 3259 1617 3315 cilicium
1649 3260 1722 3316 ad
1745 3268 1954 3317 terram

259 3342 619 3412 expauduut,
671 3349 727 3398 et
759 3342 1011 3398 cinerem
1046 3343 1105 3398 in
1144 3344 1332 3400 crucis
1372 3346 1605 3402 modum
1649 3355 1954 3418 spargunt,

257 3429 552 3486 inﬁrmum
583 3431 653 3486 de
681 3433 822 3486 lecto
853 3430 1104 3486 levatum
1140 3431 1198 3486 in
1222 3431 1474 3489 cilicium
1506 3443 1746 3502 ponunt.
1783 3437 1954 3492 Dein-

259 3517 328 3573 de
360 3517 720 3574 inﬁrmarius
761 3519 928 3575 debet
969 3520 1144 3588 priori
1188 3519 1482 3576 notiticare
1514 3523 1668 3592 quod
1714 3522 1806 3578 ille
1846 3523 1960 3580 fra-

260 3614 342 3662 ter
365 3606 448 3662 sic
473 3614 558 3662 est
603 3620 780 3676 prope
823 3621 996 3662 suum
1045 3608 1234 3664 linem.
1296 3608 1458 3664 Prior
1504 3624 1655 3678 vero,
1711 3613 1758 3667 si
1806 3628 1959 3684 aeger

254 3693 523 3750 habuerit
575 3693 933 3761 memoriam,
996 3695 1286 3766 praecipiet
1353 3697 1527 3754 alicui
1575 3698 1840 3766 fratrum,
1894 3708 1960 3758 ut

253 3779 407 3851 legat
431 3794 626 3836 coram
678 3795 744 3837 eo
793 3782 1086 3852 passiones
1125 3798 1138 3838 :
1171 3783 1217 3839 si
1266 3792 1461 3840 autem
1501 3799 1614 3841 non
1667 3787 1955 3856 habuerit,

256 3868 543 3938 praecipiet
579 3868 826 3936 duobus,
877 3871 964 3926 vel
1007 3879 1281 3942 quatuor,
1335 3881 1399 3928 ut
1453 3873 1842 3932 indesinenter
1879 3875 1954 3932 ibi

254 3962 484 4011 cantent
513 3955 782 4026 psalmos,
813 3957 992 4014 donec
1021 3966 1220 4015 uotqu
1267 3961 1341 4015 sit
1383 3967 1438 4016 et
1467 3969 1657 4030 pateat
1703 3963 1957 4020 animam

255 4039 325 4094 de
353 4054 588 4109 corpore
613 4041 734 4112 jam
781 4055 1146 4113 egressuram
1177 4045 1300 4099 sine
1342 4043 1517 4114 longa
1564 4059 1744 4101 mora.
1789 4046 1954 4110 Quod

257 4141 388 4183 cum
425 4127 629 4184 viderit
663 4129 934 4198 famulus,
975 4131 1076 4201 qui
1121 4131 1264 4188 bene
1303 4132 1506 4189 doctus
1531 4142 1586 4188 et
1621 4134 1869 4192 usitatus
1899 4136 1956 4191 iu

258 4215 355 4271 tali
386 4216 570 4272 officio
595 4225 698 4286 est,
731 4227 852 4274 tum
896 4219 1128 4275 demum
1169 4228 1458 4290 arreptam
1501 4223 1755 4279 tabulam
1793 4223 1959 4280 debet

260 4303 500 4368 fortiter,
548 4313 604 4360 et
663 4320 796 4361 cum
862 4306 1189 4362 festinantia
1261 4308 1460 4377 multa,
1537 4320 1830 4380 percutere
1897 4314 1956 4368 in

2065 607 2393 662 observavit
2431 607 2634 662 doctus
2681 606 2992 662 admodum
3041 608 3204 662 Joan.
3237 608 3307 664 de
3349 608 3612 680 Lauuoy)
3650 628 3686 660 α
3728 617 3800 664 ut

2067 694 2386 750 conformes
2417 695 2617 750 ﬁerent
2646 693 2916 766 imaginis
2948 694 3073 750 Filii
3098 694 3195 750 Dei
3223 695 3411 765 (Rom.
3447 711 3566 764 VIII,
3601 697 3728 767 29),
3763 718 3796 744 ι»

2066 790 2172 837 etc.
2205 782 2513 852 Apostolus
2545 797 2558 837 :
2592 781 2884 850 Siquidem
2926 801 2953 834 α
2981 783 3130 838 dura
3156 791 3213 839 et
3244 798 3469 854 aspera,
3507 799 3610 855 per
3639 801 3794 856 quae

2068 870 2185 926 itur
2229 870 2301 926 ad
2349 871 2549 937 Deum,
2603 881 2832 940 pl‘uplt‘!‘
2882 871 3335 928 emendationem
3378 873 3684 936 vitiorum,
3731 881 3794 929 et

2066 960 2557 1014 conservationem
2603 959 2918 1025 charitat.s,
2955 981 2982 1008 ››
3035 959 3202 1030 plane
3251 975 3345 1016 eos
3392 962 3495 1032 qui
3540 962 3789 1019 Christo

2063 1048 2266 1104 dedere
2313 1062 2524 1104 nomen
2570 1047 2857 1116 condecet,
2899 1047 2980 1104 ait
3028 1062 3152 1118 cap.
3207 1053 3275 1103 58
3314 1059 3367 1105 et
3422 1050 3478 1104 iu
3533 1050 3790 1120 prologo

2064 1137 2280 1206 regulze
2324 1145 2560 1192 sanctus
2602 1137 2958 1204 Benedictus,
3004 1159 3026 1186 ι
3070 1138 3416 1194 Ατοίὶεδίηιω
3463 1140 3599 1195 Viue
3639 1153 3784 1194 ma-

2065 1225 2240 1296 gister
2258 1226 2530 1294 optimus,
2565 1246 2592 1274 »
2625 1239 2660 1280 a
2689 1225 2896 1296 Magno
2926 1225 3202 1296 Gregorio
3235 1227 3440 1294 dictus,
3484 1227 3582 1282 lib.
3619 1242 3680 1283 iv
3717 1228 3782 1282 in

2063 1311 2208 1368 libro
2241 1313 2374 1382 Reg.
2409 1327 2532 1382 cap.
2565 1315 2615 1367 9.

2138 1401 2284 1456 Hinc
2315 1401 2372 1456 in
2399 1400 2608 1456 scholis
2638 1400 3053 1457 monachorum
3083 1402 3187 1472 qui
3212 1417 3342 1458 cum
3378 1403 3601 1472 pietate,
3639 1411 3782 1458 tum

2065 1491 2268 1547 litteris
2298 1491 2732 1558 imbuebantur,
2765 1492 2878 1548 alte
2916 1492 3059 1548 adeo
3105 1493 3161 1548 in
3217 1501 3403 1548 mente
3444 1493 3785 1549 retinebant

2064 1593 2196 1649 quae
2227 1579 2357 1634 visu
2385 1593 2452 1635 ac
2479 1595 2589 1636 usu
2619 1579 2956 1648 didicerant,
2992 1580 3071 1636 uti
3107 1590 3298 1650 postea
3323 1589 3434 1637 toto
3465 1583 3596 1638 vitae
3630 1596 3777 1638 cur-

2064 1665 2248 1722 riculo
2282 1680 2350 1722 ea
2397 1668 2519 1722 suis
2566 1667 2827 1723 moribus
2869 1667 3279 1738 exprimerent.
3323 1667 3594 1724 Omnium
3639 1669 3778 1724 vice

2068 1754 2240 1811 fuerit
2280 1755 2604 1812 Ludovicus
2645 1755 2890 1812 Grossus
2932 1757 3291 1812 Francorum
3337 1769 3460 1821 rex,
3513 1770 3692 1826 quem
3738 1770 3777 1811 a

2070 1856 2246 1912 puero
2279 1851 2439 1912 pater
2481 1843 2783 1914 Philippus
2817 1843 3406 1915 Sandionysianorum
3451 1845 3772 1900 monacho-

2064 1945 2196 1986 rum
2217 1930 2523 2002 disciplina
2539 1933 2909 1988 educandum
2929 1932 3245 1998 obtulerat;
3264 1947 3382 2002 quo
3402 1932 3775 1988 Christianis-

2059 2020 2240 2076 simus
2262 2021 2436 2090 juxta
2462 2030 2518 2076 et
2534 2020 3038 2090 prudentissimus,
3069 2021 3531 2090 sapientissimus
3556 2021 3766 2088 evasit,

2059 2115 2196 2164 teste
2225 2109 2450 2166 oculata
2477 2110 2718 2181 Sugerio
2751 2111 2807 2164 iu
2837 2111 2964 2180 ejus
2997 2109 3134 2166 vita.
3177 2109 3336 2176 Quod
3367 2109 3598 2166 demum
3633 2109 3772 2180 pius

2059 2195 2152 2252 ille
2179 2211 2281 2253 rex
2303 2199 2470 2254 morti
2495 2199 2795 2268 proximus
2815 2197 3108 2268 religionis
3127 2197 3416 2268 specimen
3441 2197 3768 2268 reliquerit,

2059 2283 2325 2355 indigitat
2353 2285 2500 2341 idem
2531 2292 2732 2341 auctor
2759 2299 2827 2341 eo
2860 2285 2964 2340 loci
3006 2300 3018 2338 :
3054 2304 3083 2336 α
3112 2284 3220 2352 Qui
3264 2293 3327 2340 ut
3363 2293 3488 2340 erat
3526 2289 3582 2340 ln
3621 2299 3768 2340 con-

2059 2370 2201 2427 siliis
2240 2371 2535 2442 providus,
2571 2371 2679 2427 sibi
2732 2371 2838 2442 ipsi
2884 2371 3209 2438 consulens,
3259 2379 3365 2426 etc.
3414 2372 3531 2427 Hoc
3571 2385 3768 2428 unum

2059 2467 2244 2516 totum
2275 2459 2453 2516 animi
2485 2459 2694 2517 affectu
2734 2469 3081 2530 przeoptans,
3129 2459 3282 2529 apud
3327 2465 3556 2515 sanctos
3604 2473 3765 2516 mar-

2063 2555 2215 2617 tyres
2256 2555 2600 2618 protectores
2650 2562 2786 2603 suos
2827 2547 3168 2617 Dionysium
3199 2547 3496 2618 sociosque
3529 2547 3671 2618 ejus,
3703 2563 3769 2604 se

2061 2637 2584 2707 quomodocunque
2616 2636 2844 2699 deferri,
2878 2644 2932 2693 et
2973 2644 3106 2692 ante
3149 2636 3533 2692 sacratissima
3560 2651 3767 2693 eorum

2062 2737 2321 2794 corpora,
2365 2724 2526 2796 regni
2565 2732 2620 2781 et
2661 2739 2884 2780 coronae
2927 2724 3300 2794 depositione,
3345 2738 3612 2780 coronam
3658 2738 3768 2794 pro

2064 2827 2296 2880 corona,
2351 2826 2451 2882 pro
2504 2813 2798 2884 regalibus
2863 2820 2918 2868 et
2971 2812 3367 2882 imperialibus
3412 2815 3770 2869 ornamentis

2064 2899 2223 2954 humi
2256 2899 2407 2955 beati
2448 2899 2736 2956 Benedicti
2768 2899 3147 2956 monasticum
3179 2899 3436 2955 ordinem
3485 2900 3763 2968 proﬁteri.

2063 2989 2322 3052 Videant,
2373 2988 2476 3058 qui
2526 2987 2844 3058 paupertati
2899 2989 3226 3044 monasticae
3276 2987 3570 3058 derogant,
3621 3005 3770 3059 quo-

2065 3076 2230 3132 modo
2283 3091 2399 3132 non
2449 3076 2635 3132 solum
2687 3076 3121 3147 archiepiscopi,
3174 3077 3271 3132 sed
3321 3084 3376 3132 et
3444 3076 3551 3147 ipsi
3603 3091 3773 3148 reges

2064 3165 2408 3222 transitoriaa
2438 3165 2615 3222 vitam
2659 3173 2934 3222 mternam
2969 3165 3355 3234 praeferentes,
3396 3165 3466 3220 ad
3498 3166 3768 3237 singula-

2065 3268 2186 3310 rem
2233 3253 2530 3310 monastici
2580 3253 2799 3310 ordinis
2847 3253 3083 3310 tutelam
3129 3252 3492 3309 securissime
3559 3254 3775 3310 confu-

2064 3343 2253 3413 giunt.
2290 3363 2312 3391 ·
2348 3342 2418 3398 Ει
2449 3341 2598 3398 infra
2629 3342 2740 3399 sub
2789 3342 2980 3398 ﬁnem.
3015 3360 3041 3394 ι
3077 3341 3476 3412 Praecipientes
3500 3355 3642 3412 ergo
3672 3352 3770 3399 ta-

2066 3438 2261 3501 petum
2315 3439 2500 3499 terrae,
2557 3439 2612 3487 et
2654 3430 2874 3486 cineres
2916 3438 3104 3500 tapeto
3151 3430 3210 3486 in
3277 3431 3529 3486 medium
3574 3433 3769 3488 crucis

2063 3519 2292 3589 deponi,
2345 3519 2555 3576 ibidem
2608 3519 2880 3576 manibus
2946 3533 3186 3576 suorum
3235 3518 3546 3588 depositus,
3595 3520 3769 3592 signo

2063 3617 2274 3666 sanctae
2303 3609 2492 3665 crucis
2521 3608 2887 3679 praesentiam
2915 3621 3080 3664 suam
3113 3608 3399 3670 muniens,
3432 3615 3564 3676 etc.,
3589 3609 3769 3678 spiri-

2067 3704 2189 3752 tum
2219 3696 2424 3754 emisit.
2471 3717 2502 3746 »
2543 3697 2627 3753 Ita
2668 3704 2819 3754 tomo
2872 3696 2948 3755 IV
2995 3696 3142 3752 Hist.
3193 3697 3394 3752 Franc.
3445 3696 3590 3752 And.
3639 3698 3768 3755 Du-

2063 3783 2292 3842 chesne.

2136 3871 2228 3944 (οο)
2275 3872 2410 3930 CAP.
2479 3873 2680 3929 XXIII.
2723 3903 2793 3912 —
2856 3891 2886 3924 ι
2927 3872 3012 3928 Ad
3077 3872 3341 3929 abbatem
3412 3873 3764 3943 monasterii,

2063 3961 2222 4032 quod
2272 3960 2588 4017 vocabatur
2626 3961 2696 4016 de
2734 3960 2908 4016 Bello.
2957 3981 2978 4009 ι
3019 3959 3110 4016 Sic
3142 3969 3336 4016 autem
3373 3961 3681 4017 vocitatum
3729 3976 3767 4018 a

2065 4049 2210 4104 bello
2235 4048 2292 4104 in
2324 4063 2442 4119 quo
2472 4048 2608 4104 vicit
2650 4048 2965 4104 Haraldum
3003 4048 3346 4105 Guillelmus
3381 4050 3763 4120 Couquestor,

2064 4138 2136 4194 ad
2183 4137 2341 4194 littus
2377 4137 2814 4194 Sussexianum.
2857 4137 3046 4194 Refert
3096 4137 3476 4194 Fundationis
3513 4139 3766 4208 diploma

2064 4224 2341 4280 Seldenus
2372 4223 2532 4280 Notis
2569 4223 2641 4280 ad
2681 4224 2949 4280 Eadmeri
2993 4223 3135 4280 Hist.
3189 4238 3491 4288 novorum,
3535 4240 3590 4296 p.
3641 4229 3759 4282 165.

2069 4334 2097 4361 ‹‹
2121 4313 2346 4369 Guillel.
2382 4313 2483 4368 Dei
2509 4312 2696 4384 gratia
2726 4327 2828 4368 rex
2871 4311 3068 4383 Angl.,
3109 4319 3215 4369 etc.
3247 4312 3460 4368 Notum
3493 4314 3566 4368 sit
3603 4313 3764 4370 vobis

259 4392 512 4448 claustro
537 4400 669 4449 ante
698 4393 944 4463 gradum
976 4394 1291 4452 dormitorii
1325 4411 1338 4450 :
1377 4397 1557 4467 prius,
1605 4400 1652 4455 si
1704 4415 1818 4456 nox
1849 4410 1953 4467 est,
1995 4408 2038 4462 D
2067 4416 2156 4458 me
2201 4401 2544 4458 concessisse
2593 4414 2660 4458 ac
2705 4400 3092 4467 conﬁrmasse,
3163 4413 3402 4456 assensu
3457 4401 3762 4457 Lanfranci

259 4480 514 4535 accensis
559 4480 810 4537 lucernis
843 4483 898 4538 in
930 4483 1180 4540 claustro
1217 4484 1573 4552 inﬁrmarize,
1615 4497 1670 4544 et
1703 4503 1803 4559 per
1830 4491 1961 4546 adi-

259 4575 384 4624 tum
417 4582 518 4638 per
554 4584 724 4640 quem
772 4571 890 4627 itur
935 4571 996 4628 in
1029 4572 1431 4643 inﬁrmariam,
1469 4597 1496 4625 ι
1529 4583 1635 4632 etc.
1672 4577 1963 4634 Hactenus

258 4654 403 4712 liber
436 4670 540 4712 ms.

329 4745 539 4801 Locum
587 4745 646 4802 iu
691 4761 808 4817 quo
855 4747 1184 4804 moribundi
1231 4761 1444 4820 corpus
1491 4751 1693 4820 deponi
1736 4753 1956 4822 soleret,

256 4832 526 4890 describit
585 4835 788 4892 Petrus
851 4836 1137 4894 Veuerab.
1197 4838 1275 4894 De
1348 4839 1634 4897 Hiraculis
1677 4855 1803 4912 cap.
1871 4844 1954 4899 19.

258 4937 286 4970 α
320 4920 578 4978 Habetur
624 4931 816 4980 autem
869 4923 1176 4995 (Cluniaci)
1229 4926 1288 4981 in
1339 4925 1506 4983 domo
1554 4929 1742 4984 media
1786 4929 1962 4995 tinﬁr-

256 5008 506 5078 morum)
549 5008 706 5066 locus
754 5011 930 5066 unius
967 5012 1223 5082 corporis
1269 5027 1476 5084 capax,
1527 5015 1599 5072 ad
1651 5016 1757 5072 hoc
1795 5025 1958 5086 apta-

255 5100 368 5160 tus,
403 5103 466 5152 ut
495 5096 701 5153 fratres
737 5097 946 5154 ibidem
985 5099 1044 5154 in
1085 5101 1277 5158 cinere
1313 5111 1368 5158 et
1407 5103 1594 5160 cilicio
1638 5105 1954 5176 compositi,

253 5189 579 5240 extremum
612 5185 722 5241 Deo
747 5185 1013 5256 spiritum
1045 5189 1308 5256 reddant,
1345 5211 1372 5242 υ
1403 5199 1510 5248 etc.

325 5271 498 5327 Addit
534 5281 590 5328 et
619 5271 714 5329 ille
740 5275 936 5330 eodem
973 5275 1098 5345 lib.,
1128 5291 1254 5348 cap.
1288 5281 1340 5347 4,
1375 5294 1591 5338 morem
1639 5281 1798 5338 hunc
1823 5296 1956 5339 esse

254 5357 713 5418 Christianorum
739 5369 794 5418 et
837 5385 858 5412 ε
896 5365 1148 5422 maxime
1190 5369 1604 5426 monachorum
1637 5392 1666 5421 ››
1703 5371 1806 5442 qui
1835 5371 1954 5428 uti-

253 5460 370 5516 que
411 5448 640 5518 scriptis
690 5451 993 5522 verbisque
1051 5469 1166 5510 non
1210 5456 1397 5522 modo,
1456 5458 1554 5513 sed
1596 5459 1951 5529 potissimum

253 5533 350 5588 ubi
377 5535 448 5590 ad
478 5536 679 5593 altiora
722 5541 896 5595 evecti
945 5541 1212 5597 Ecclesiis
1251 5545 1642 5613 praesiderent,
1690 5555 1950 5603 actutum

251 5620 510 5680 homines
555 5627 626 5682 ad
699 5628 1014 5684 severiores
1077 5631 1491 5702 rigidioresque
1565 5635 1943 5705 antiquorum

2070 4490 2322 4560 archiep.
2369 4489 2819 4555 Cantuariensis,
2859 4497 2966 4546 etc.
3018 4496 3100 4558 ut,
3145 4489 3382 4546 ecclesia
3425 4489 3479 4546 S.
3533 4490 3758 4546 Martini

2071 4577 2140 4634 de
2169 4578 2344 4647 Bello,
2375 4583 2527 4633 suo
2568 4591 2747 4648 quam
2789 4575 3036 4633 fundavi
3073 4590 3146 4633 ex
3185 4585 3317 4634 voto
3357 4577 3430 4634 ob
3463 4579 3758 4634 victoriam

2069 4680 2246 4737 quam
2287 4667 2426 4722 mihi
2457 4667 2610 4723 Deus
2659 4666 2716 4721 in
2748 4667 2944 4722 eodem
2989 4665 3112 4722 loco
3151 4666 3413 4729 contulit,
3463 4666 3640 4723 libera
3685 4669 3759 4724 sit

2069 4763 2124 4810 et
2148 4756 2342 4826 quieta
2381 4755 2454 4812 ab
2499 4755 2656 4811 omni
2695 4756 2989 4822 servitute,
3025 4778 3051 4801 ιο
3085 4762 3194 4810 etc.
3227 4755 3372 4811 Eam
3417 4755 3594 4812 eximi
3635 4756 3759 4812 vult

2068 4839 2146 4896 ab
2176 4842 2332 4898 omni
2370 4856 2606 4912 prorsus
2647 4850 2761 4898 tam
2797 4841 3002 4905 laicali,
3035 4857 3214 4913 quam
3247 4843 3549 4914 episcopali
3587 4843 3758 4914 juris-

2067 4931 2333 4988 dictione.

2138 5019 2230 5092 (σί)
2271 5023 2410 5076 Isto.
2456 5051 2526 5060 —
2563 5021 2750 5075 Missa
2777 5019 2855 5074 ad
2888 5019 3118 5075 beatam
3152 5018 3402 5075 Mariam
3442 5023 3498 5074 et
3523 5019 3594 5074 de
3631 5019 3760 5092 ipsa

2064 5107 2422 5179 quotidiana.
2458 5106 2877 5164 Laudatissima
2904 5122 3043 5164 sane
3073 5109 3430 5166 consuetudo
3464 5109 3522 5164 in
3570 5123 3760 5166 mona-

2064 5197 2251 5252 steriis
2279 5196 2629 5253 Benedictini
2665 5196 2790 5252 ord.
2837 5197 2908 5253 ab
2947 5197 3204 5268 antiquo-
3239 5205 3482 5268 recepta,
3529 5197 3756 5255 missam

2064 5283 2337 5341 nimirum
2383 5285 2641 5356 quotidie
2687 5285 2828 5342 hora
2875 5293 3040 5342 sexta
3076 5286 3364 5343 matutina
3406 5286 3479 5343 ad
3512 5286 3760 5358 Virginis

2063 5373 2322 5444 Deiparae
2393 5373 2668 5431 honorem
2744 5374 3067 5431 decantare.
3153 5375 3417 5432 Chronic.
3492 5376 3762 5433 Beccense

2062 5475 2206 5532 page
2238 5466 2322 5516 l7.

2134 5549 2224 5618 (⁸³)
2256 5550 2389 5606 Cu.
2425 5551 2728 5608 xx1v.——
2766 5551 3081 5607 Cucullum.
3127 5551 3256 5607 Sive
3295 5550 3525 5606 cuculla
3567 5557 3623 5606 et
3653 5566 3758 5608 cu-

2060 5635 2253 5691 cullio.
2288 5637 2387 5693 Est
2415 5633 2707 5708 quoddam
2736 5637 2940 5708 capitis
2968 5637 3410 5708 operimentum,
3457 5635 3531 5690 ab
3561 5644 3759 5693 aucto-
