  <div class='ocr_page' id='page_1' title='image "/cluster/home/n/w/nwhite01/storage/ocr_20150623/156-157/uc1.31175010662024/562.png"; bbox 0 0 3930 6408; ppageno 0'>
   <div class='ocr_carea' id='block_1_1' title="bbox 135 416 274 470">
    <p class='ocr_par' dir='ltr' id='par_1_1' title="bbox 135 416 274 470">
     <span class='ocr_line' id='line_1_1' title="bbox 135 416 274 470; baseline 0.029 -3"><span class='ocrx_word' id='word_1_1' title='bbox 135 416 274 470; x_wconf 84' lang='grc'><strong>1113</strong></span> 
     </span>
    </p>
   </div>
   <div class='ocr_carea' id='block_1_2' title="bbox 1418 413 2378 472">
    <p class='ocr_par' dir='ltr' id='par_1_2' title="bbox 1418 413 2378 472">
     <span class='ocr_line' id='line_1_2' title="bbox 1418 413 2378 472; baseline -0.003 -2"><span class='ocrx_word' id='word_1_2' title='bbox 1418 415 1637 472; x_wconf 78' lang='lat' dir='ltr'><strong>DOMNI</strong></span> <span class='ocrx_word' id='word_1_3' title='bbox 1676 415 1734 470; x_wconf 88' lang='lat' dir='ltr'><strong>L.</strong></span> <span class='ocrx_word' id='word_1_4' title='bbox 1778 413 2120 470; x_wconf 79' lang='lat' dir='ltr'><strong>D’ACHERY</strong></span> <span class='ocrx_word' id='word_1_5' title='bbox 2160 415 2378 470; x_wconf 67' lang='lat' dir='ltr'><strong>NOTAE.</strong></span> 
     </span>
    </p>
   </div>
   <div class='ocr_carea' id='block_1_3' title="bbox 3512 421 3650 476">
    <p class='ocr_par' dir='ltr' id='par_1_3' title="bbox 3512 421 3650 476">
     <span class='ocr_line' id='line_1_3' title="bbox 3512 421 3650 476; baseline 0.022 -2"><span class='ocrx_word' id='word_1_6' title='bbox 3512 421 3650 476; x_wconf 76' lang='grc'><strong>1114</strong></span> 
     </span>
    </p>
   </div>
   <div class='ocr_carea' id='block_1_4' title="bbox 128 549 3644 622">
    <p class='ocr_par' dir='ltr' id='par_1_4' title="bbox 128 549 3644 622">
     <span class='ocr_line' id='line_1_4' title="bbox 128 549 3644 622; baseline 0.001 -16"><span class='ocrx_word' id='word_1_7' title='bbox 128 566 194 607; x_wconf 89' lang='lat' dir='ltr'><strong>re</strong></span> <span class='ocrx_word' id='word_1_8' title='bbox 227 553 403 608; x_wconf 89' lang='lat' dir='ltr'><strong>verbo</strong></span> <span class='ocrx_word' id='word_1_9' title='bbox 444 558 717 621; x_wconf 90' lang='lat' dir='ltr'><strong>corrupto</strong></span> <span class='ocrx_word' id='word_1_10' title='bbox 763 566 973 621; x_wconf 84' lang='lat' dir='ltr'><strong>capero</strong></span> <span class='ocrx_word' id='word_1_11' title='bbox 1025 551 1401 621; x_wconf 89' lang='lat' dir='ltr'><strong>appellatum,</strong></span> <span class='ocrx_word' id='word_1_12' title='bbox 1453 552 1663 608; x_wconf 84' lang='lat' dir='ltr'><strong>Gallice</strong></span> <span class='ocrx_word' id='word_1_13' title='bbox 1693 552 1828 605; x_wconf 82' lang='lat' dir='ltr'><strong>cha-</strong></span> <span class='ocrx_word' id='word_1_14' title='bbox 1867 554 1914 605; x_wconf 86' lang='lat' dir='ltr'><strong>A</strong></span> <span class='ocrx_word' id='word_1_15' title='bbox 1939 551 2283 619; x_wconf 73' lang='lat' dir='ltr'><strong>compositae,</strong></span> <span class='ocrx_word' id='word_1_16' title='bbox 2333 549 2550 619; x_wconf 87' lang='lat' dir='ltr'><strong>quibus</strong></span> <span class='ocrx_word' id='word_1_17' title='bbox 2595 565 2701 622; x_wconf 86' lang='lat' dir='ltr'><strong>ego</strong></span> <span class='ocrx_word' id='word_1_18' title='bbox 2751 551 2913 608; x_wconf 89' lang='lat' dir='ltr'><strong>nulla</strong></span> <span class='ocrx_word' id='word_1_19' title='bbox 2955 552 3246 609; x_wconf 89' lang='lat' dir='ltr'><strong>adniterer</strong></span> <span class='ocrx_word' id='word_1_20' title='bbox 3284 554 3644 622; x_wconf 72' lang='lat' dir='ltr'><strong>auctoritate,</strong></span> 
     </span>
    </p>
   </div>
   <div class='ocr_carea' id='block_1_5' title="bbox 118 640 1828 710">
    <p class='ocr_par' dir='ltr' id='par_1_5' title="bbox 118 640 1828 710">
     <span class='ocr_line' id='line_1_5' title="bbox 118 640 1828 710; baseline 0 -17"><span class='ocrx_word' id='word_1_21' title='bbox 118 657 327 710; x_wconf 84' lang='lat' dir='ltr'><strong>peron.</strong></span> <span class='ocrx_word' id='word_1_22' title='bbox 357 641 435 697; x_wconf 93' lang='lat' dir='ltr'><strong>De</strong></span> <span class='ocrx_word' id='word_1_23' title='bbox 475 655 590 710; x_wconf 85' lang='lat' dir='ltr'><strong>quo</strong></span> <span class='ocrx_word' id='word_1_24' title='bbox 621 647 813 695; x_wconf 83' lang='lat' dir='ltr'><strong>noster</strong></span> <span class='ocrx_word' id='word_1_25' title='bbox 845 640 1153 695; x_wconf 89' lang='lat' dir='ltr'><strong>Menardus</strong></span> <span class='ocrx_word' id='word_1_26' title='bbox 1197 641 1267 696; x_wconf 91' lang='lat' dir='ltr'><strong>ad</strong></span> <span class='ocrx_word' id='word_1_27' title='bbox 1296 655 1420 710; x_wconf 90' lang='lat' dir='ltr'><strong>cap.</strong></span> <span class='ocrx_word' id='word_1_28' title='bbox 1455 643 1523 694; x_wconf 84' lang='lat'><strong>62</strong></span> <span class='ocrx_word' id='word_1_29' title='bbox 1551 641 1828 698; x_wconf 87' lang='lat' dir='ltr'><strong>Concord.</strong></span> 
     </span>
    </p>
   </div>
   <div class='ocr_carea' id='block_1_6' title="bbox 123 726 1834 798">
    <p class='ocr_par' dir='ltr' id='par_1_6' title="bbox 123 726 1834 798">
     <span class='ocr_line' id='line_1_6' title="bbox 123 726 1834 798; baseline 0 -16"><span class='ocrx_word' id='word_1_30' title='bbox 123 729 489 798; x_wconf 88' lang='lat' dir='ltr'><strong>regularum.</strong></span> <span class='ocrx_word' id='word_1_31' title='bbox 533 726 720 793; x_wconf 88' lang='lat' dir='ltr'><strong>Quare</strong></span> <span class='ocrx_word' id='word_1_32' title='bbox 761 726 940 781; x_wconf 88' lang='lat' dir='ltr'><strong>isthoc</strong></span> <span class='ocrx_word' id='word_1_33' title='bbox 989 727 1310 782; x_wconf 88' lang='lat' dir='ltr'><strong>vestimenti</strong></span> <span class='ocrx_word' id='word_1_34' title='bbox 1349 742 1553 798; x_wconf 83' lang='lat' dir='ltr'><strong>genere</strong></span> <span class='ocrx_word' id='word_1_35' title='bbox 1595 735 1834 783; x_wconf 89' lang='lat' dir='ltr'><strong>utantur</strong></span> 
     </span>
    </p>
   </div>
   <div class='ocr_carea' id='block_1_7' title="bbox 122 816 1833 886">
    <p class='ocr_par' dir='ltr' id='par_1_7' title="bbox 122 816 1833 886">
     <span class='ocr_line' id='line_1_7' title="bbox 122 816 1833 886; baseline 0 -16"><span class='ocrx_word' id='word_1_36' title='bbox 122 817 431 872; x_wconf 71' lang='lat' dir='ltr'><strong>coenobitm</strong></span> <span class='ocrx_word' id='word_1_37' title='bbox 465 816 584 886; x_wconf 83' lang='lat' dir='ltr'><strong>lege</strong></span> <span class='ocrx_word' id='word_1_38' title='bbox 617 816 825 870; x_wconf 91' lang='lat' dir='ltr'><strong>ibidem</strong></span> <span class='ocrx_word' id='word_1_39' title='bbox 872 828 1013 885; x_wconf 83' lang='lat' dir='ltr'><strong>page</strong></span> <span class='ocrx_word' id='word_1_40' title='bbox 1058 819 1180 869; x_wconf 87' lang='lat'><strong>887.</strong></span> <span class='ocrx_word' id='word_1_41' title='bbox 1217 817 1292 870; x_wconf 89' lang='lat' dir='ltr'><strong>De</strong></span> <span class='ocrx_word' id='word_1_42' title='bbox 1324 816 1551 871; x_wconf 88' lang='lat' dir='ltr'><strong>cuculla</strong></span> <span class='ocrx_word' id='word_1_43' title='bbox 1581 817 1733 882; x_wconf 89' lang='lat' dir='ltr'><strong>item,</strong></span> <span class='ocrx_word' id='word_1_44' title='bbox 1767 830 1833 870; x_wconf 90' lang='lat' dir='ltr'><strong>ac</strong></span> 
     </span>
    </p>
   </div>
   <div class='ocr_carea' id='block_1_8' title="bbox 120 903 1832 972">
    <p class='ocr_par' dir='ltr' id='par_1_8' title="bbox 120 903 1832 972">
     <span class='ocr_line' id='line_1_8' title="bbox 120 903 1832 972; baseline -0.001 -13"><span class='ocrx_word' id='word_1_45' title='bbox 120 905 359 960; x_wconf 90' lang='lat' dir='ltr'><strong>diversa</strong></span> <span class='ocrx_word' id='word_1_46' title='bbox 405 905 776 972; x_wconf 74' lang='lat' dir='ltr'><strong>usurpatione</strong></span> <span class='ocrx_word' id='word_1_47' title='bbox 820 903 1091 958; x_wconf 84' lang='lat' dir='ltr'><strong>latissime</strong></span> <span class='ocrx_word' id='word_1_48' title='bbox 1122 919 1225 959; x_wconf 88' lang='lat' dir='ltr'><strong>nec</strong></span> <span class='ocrx_word' id='word_1_49' title='bbox 1273 905 1552 960; x_wconf 85' lang='lat' dir='ltr'><strong>inerudite</strong></span> <span class='ocrx_word' id='word_1_50' title='bbox 1588 905 1832 960; x_wconf 88' lang='lat' dir='ltr'><strong>Benedi-</strong></span> 
     </span>
    </p>
   </div>
   <div class='ocr_carea' id='block_1_9' title="bbox 117 992 1828 1063">
    <p class='ocr_par' dir='ltr' id='par_1_9' title="bbox 117 992 1828 1063">
     <span class='ocr_line' id='line_1_9' title="bbox 117 992 1828 1063; baseline -0.001 -15"><span class='ocrx_word' id='word_1_51' title='bbox 117 1001 256 1048; x_wconf 85' lang='lat' dir='ltr'><strong>ctus</strong></span> <span class='ocrx_word' id='word_1_52' title='bbox 309 993 560 1048; x_wconf 88' lang='lat' dir='ltr'><strong>Haeften.</strong></span> <span class='ocrx_word' id='word_1_53' title='bbox 617 992 912 1062; x_wconf 89' lang='lat' dir='ltr'><strong>Disquisit.</strong></span> <span class='ocrx_word' id='word_1_54' title='bbox 965 993 1265 1048; x_wconf 85' lang='lat' dir='ltr'><strong>monastic.</strong></span> <span class='ocrx_word' id='word_1_55' title='bbox 1315 1001 1476 1048; x_wconf 89' lang='lat' dir='ltr'><strong>tract.</strong></span> <span class='ocrx_word' id='word_1_56' title='bbox 1526 996 1577 1061; x_wconf 87' lang='lat'><strong>3,</strong></span> <span class='ocrx_word' id='word_1_57' title='bbox 1610 993 1828 1063; x_wconf 89' lang='lat' dir='ltr'><strong>disqui-</strong></span> 
     </span>
    </p>
   </div>
   <div class='ocr_carea' id='block_1_10' title="bbox 122 1083 314 1136">
    <p class='ocr_par' dir='ltr' id='par_1_10' title="bbox 122 1083 314 1136">
     <span class='ocr_line' id='line_1_10' title="bbox 122 1083 314 1136; baseline -0.005 0"><span class='ocrx_word' id='word_1_58' title='bbox 122 1083 223 1136; x_wconf 91' lang='lat' dir='ltr'><strong>sit.</strong></span> <span class='ocrx_word' id='word_1_59' title='bbox 267 1086 314 1136; x_wconf 86' lang='grc'><strong>1.</strong></span> 
     </span>
    </p>
   </div>
   <div class='ocr_carea' id='block_1_11' title="bbox 201 1167 1832 1239">
    <p class='ocr_par' dir='ltr' id='par_1_11' title="bbox 201 1167 1832 1239">
     <span class='ocr_line' id='line_1_11' title="bbox 201 1167 1832 1239; baseline -0.004 -11"><span class='ocrx_word' id='word_1_60' title='bbox 201 1170 300 1239; x_wconf 69' lang='grc'><strong>(⁸³)</strong></span> <span class='ocrx_word' id='word_1_61' title='bbox 324 1170 456 1226; x_wconf 77' lang='lat' dir='ltr'><strong>CAP.</strong></span> <span class='ocrx_word' id='word_1_62' title='bbox 491 1169 700 1225; x_wconf 80' lang='lat' dir='ltr'><strong>XXVI.</strong></span> <span class='ocrx_word' id='word_1_63' title='bbox 735 1199 802 1208; x_wconf 76' lang='grc' dir='ltr'><strong>-ο</strong></span> <span class='ocrx_word' id='word_1_64' title='bbox 836 1168 930 1222; x_wconf 77' lang='lat' dir='ltr'><strong>Ad</strong></span> <span class='ocrx_word' id='word_1_65' title='bbox 961 1167 1286 1223; x_wconf 84' lang='lat' dir='ltr'><strong>Lisiardum</strong></span> <span class='ocrx_word' id='word_1_66' title='bbox 1314 1170 1710 1226; x_wconf 85' lang='lat' dir='ltr'><strong>Belvacensem</strong></span> <span class='ocrx_word' id='word_1_67' title='bbox 1739 1187 1832 1223; x_wconf 87' lang='lat' dir='ltr'><strong>ar-</strong></span> 
     </span>
    </p>
   </div>
   <div class='ocr_carea' id='block_1_12' title="bbox 113 1257 1829 1329">
    <p class='ocr_par' dir='ltr' id='par_1_12' title="bbox 113 1257 1829 1329">
     <span class='ocr_line' id='line_1_12' title="bbox 113 1257 1829 1329; baseline -0.001 -17"><span class='ocrx_word' id='word_1_68' title='bbox 113 1257 544 1320; x_wconf 83' lang='lat' dir='ltr'><strong>chidiaconum,</strong></span> <span class='ocrx_word' id='word_1_69' title='bbox 595 1257 940 1312; x_wconf 78' lang='lat' dir='ltr'><strong>avunculum</strong></span> <span class='ocrx_word' id='word_1_70' title='bbox 986 1273 1196 1311; x_wconf 86' lang='lat' dir='ltr'><strong>meum.</strong></span> <span class='ocrx_word' id='word_1_71' title='bbox 1266 1259 1366 1314; x_wconf 89' lang='lat' dir='ltr'><strong>Cui</strong></span> <span class='ocrx_word' id='word_1_72' title='bbox 1421 1259 1714 1329; x_wconf 88' lang='lat' dir='ltr'><strong>epistolam</strong></span> <span class='ocrx_word' id='word_1_73' title='bbox 1762 1262 1829 1312; x_wconf 83' lang='lat'><strong>92</strong></span> 
     </span>
    </p>
   </div>
   <div class='ocr_carea' id='block_1_13' title="bbox 116 1345 1830 1417">
    <p class='ocr_par' dir='ltr' id='par_1_13' title="bbox 116 1345 1830 1417">
     <span class='ocr_line' id='line_1_13' title="bbox 116 1345 1830 1417; baseline 0.001 -16"><span class='ocrx_word' id='word_1_74' title='bbox 116 1347 414 1415; x_wconf 86' lang='lat' dir='ltr'><strong>inscripsit</strong></span> <span class='ocrx_word' id='word_1_75' title='bbox 466 1349 564 1400; x_wconf 82' lang='lat' dir='ltr'><strong>[vo</strong></span> <span class='ocrx_word' id='word_1_76' title='bbox 615 1347 848 1402; x_wconf 85' lang='lat' dir='ltr'><strong>Carnot.</strong></span> <span class='ocrx_word' id='word_1_77' title='bbox 898 1345 1049 1401; x_wconf 89' lang='lat' dir='ltr'><strong>Num</strong></span> <span class='ocrx_word' id='word_1_78' title='bbox 1098 1361 1232 1402; x_wconf 90' lang='lat' dir='ltr'><strong>vero</strong></span> <span class='ocrx_word' id='word_1_79' title='bbox 1279 1346 1324 1401; x_wconf 91' lang='lat' dir='ltr'><strong>is</strong></span> <span class='ocrx_word' id='word_1_80' title='bbox 1375 1348 1492 1417; x_wconf 93' lang='lat' dir='ltr'><strong>ipse</strong></span> <span class='ocrx_word' id='word_1_81' title='bbox 1542 1347 1830 1403; x_wconf 88' lang='lat' dir='ltr'><strong>Lisiardus</strong></span> 
     </span>
    </p>
   </div>
   <div class='ocr_carea' id='block_1_14' title="bbox 113 1434 1827 1504">
    <p class='ocr_par' dir='ltr' id='par_1_14' title="bbox 113 1434 1827 1504">
     <span class='ocr_line' id='line_1_14' title="bbox 113 1434 1827 1504; baseline 0.002 -17"><span class='ocrx_word' id='word_1_82' title='bbox 113 1443 321 1504; x_wconf 83' lang='lat' dir='ltr'><strong>postea</strong></span> <span class='ocrx_word' id='word_1_83' title='bbox 353 1434 681 1503; x_wconf 87' lang='lat' dir='ltr'><strong>episcopatu</strong></span> <span class='ocrx_word' id='word_1_84' title='bbox 715 1434 1104 1488; x_wconf 89' lang='lat' dir='ltr'><strong>Suessionensi</strong></span> <span class='ocrx_word' id='word_1_85' title='bbox 1143 1435 1391 1490; x_wconf 91' lang='lat' dir='ltr'><strong>donatus</strong></span> <span class='ocrx_word' id='word_1_86' title='bbox 1436 1435 1626 1502; x_wconf 91' lang='lat' dir='ltr'><strong>fuerit,</strong></span> <span class='ocrx_word' id='word_1_87' title='bbox 1659 1450 1827 1490; x_wconf 90' lang='lat' dir='ltr'><strong>scru-</strong></span> 
     </span>
    </p>
   </div>
   <div class='ocr_carea' id='block_1_15' title="bbox 112 1504 1827 1594">
    <p class='ocr_par' dir='ltr' id='par_1_15' title="bbox 112 1504 1827 1594">
     <span class='ocr_line' id='line_1_15' title="bbox 112 1504 1827 1594; baseline 0.002 -18"><span class='ocrx_word' id='word_1_88' title='bbox 112 1522 519 1594; x_wconf 82' lang='lat' dir='ltr'><strong>pulusmovet</strong></span> <span class='ocrx_word' id='word_1_89' title='bbox 561 1504 853 1591; x_wconf 64' lang='lat' dir='ltr'><strong>animum;</strong></span> <span class='ocrx_word' id='word_1_90' title='bbox 903 1524 1013 1577; x_wconf 90' lang='lat' dir='ltr'><strong>imo</strong></span> <span class='ocrx_word' id='word_1_91' title='bbox 1053 1524 1197 1579; x_wconf 89' lang='lat' dir='ltr'><strong>duos</strong></span> <span class='ocrx_word' id='word_1_92' title='bbox 1247 1525 1352 1578; x_wconf 91' lang='lat' dir='ltr'><strong>hac</strong></span> <span class='ocrx_word' id='word_1_93' title='bbox 1381 1525 1578 1580; x_wconf 90' lang='lat' dir='ltr'><strong>eadem</strong></span> <span class='ocrx_word' id='word_1_94' title='bbox 1609 1533 1827 1594; x_wconf 87' lang='lat' dir='ltr'><strong>tempe-</strong></span> 
     </span>
    </p>
   </div>
   <div class='ocr_carea' id='block_1_16' title="bbox 112 1611 1826 1680">
    <p class='ocr_par' dir='ltr' id='par_1_16' title="bbox 112 1611 1826 1680">
     <span class='ocr_line' id='line_1_16' title="bbox 112 1611 1826 1680; baseline 0.003 -17"><span class='ocrx_word' id='word_1_95' title='bbox 112 1618 271 1664; x_wconf 87' lang='lat' dir='ltr'><strong>state</strong></span> <span class='ocrx_word' id='word_1_96' title='bbox 315 1611 646 1680; x_wconf 86' lang='lat' dir='ltr'><strong>synonimos</strong></span> <span class='ocrx_word' id='word_1_97' title='bbox 699 1611 1001 1677; x_wconf 80' lang='lat' dir='ltr'><strong>exstitisse,</strong></span> <span class='ocrx_word' id='word_1_98' title='bbox 1067 1611 1310 1666; x_wconf 89' lang='lat' dir='ltr'><strong>alterum</strong></span> <span class='ocrx_word' id='word_1_99' title='bbox 1371 1613 1826 1668; x_wconf 89' lang='lat' dir='ltr'><strong>Bellovacensem</strong></span> 
     </span>
    </p>
   </div>
   <div class='ocr_carea' id='block_1_17' title="bbox 113 1698 1825 1768">
    <p class='ocr_par' dir='ltr' id='par_1_17' title="bbox 113 1698 1825 1768">
     <span class='ocr_line' id='line_1_17' title="bbox 113 1698 1825 1768; baseline 0.002 -16"><span class='ocrx_word' id='word_1_100' title='bbox 113 1698 620 1766; x_wconf 85' lang='lat' dir='ltr'><strong>archidiaconum,</strong></span> <span class='ocrx_word' id='word_1_101' title='bbox 671 1699 739 1754; x_wconf 92' lang='lat' dir='ltr'><strong>de</strong></span> <span class='ocrx_word' id='word_1_102' title='bbox 770 1713 885 1768; x_wconf 92' lang='lat' dir='ltr'><strong>quo</strong></span> <span class='ocrx_word' id='word_1_103' title='bbox 936 1699 1026 1753; x_wconf 90' lang='lat' dir='ltr'><strong>hic</strong></span> <span class='ocrx_word' id='word_1_104' title='bbox 1075 1699 1135 1754; x_wconf 89' lang='lat' dir='ltr'><strong>lit</strong></span> <span class='ocrx_word' id='word_1_105' title='bbox 1184 1701 1414 1766; x_wconf 90' lang='lat' dir='ltr'><strong>mentio,</strong></span> <span class='ocrx_word' id='word_1_106' title='bbox 1461 1700 1706 1756; x_wconf 91' lang='lat' dir='ltr'><strong>alterum</strong></span> <span class='ocrx_word' id='word_1_107' title='bbox 1753 1715 1825 1756; x_wconf 91' lang='lat' dir='ltr'><strong>ex</strong></span> 
     </span>
    </p>
   </div>
   <div class='ocr_carea' id='block_1_18' title="bbox 113 1786 1822 1858">
    <p class='ocr_par' dir='ltr' id='par_1_18' title="bbox 113 1786 1822 1858">
     <span class='ocr_line' id='line_1_18' title="bbox 113 1786 1822 1858; baseline 0 -18"><span class='ocrx_word' id='word_1_108' title='bbox 113 1787 429 1855; x_wconf 65' lang='lat' dir='ltr'><strong>praeposito</strong></span> <span class='ocrx_word' id='word_1_109' title='bbox 468 1786 860 1842; x_wconf 88' lang='lat' dir='ltr'><strong>Suessionensi</strong></span> <span class='ocrx_word' id='word_1_110' title='bbox 901 1787 971 1842; x_wconf 91' lang='lat' dir='ltr'><strong>ad</strong></span> <span class='ocrx_word' id='word_1_111' title='bbox 1002 1788 1257 1858; x_wconf 86' lang='lat' dir='ltr'><strong>ejusdem</strong></span> <span class='ocrx_word' id='word_1_112' title='bbox 1294 1787 1504 1843; x_wconf 81' lang='lat' dir='ltr'><strong>infulas</strong></span> <span class='ocrx_word' id='word_1_113' title='bbox 1540 1797 1822 1844; x_wconf 72' lang='lat' dir='ltr'><strong>evectum.</strong></span> 
     </span>
    </p>
   </div>
   <div class='ocr_carea' id='block_1_19' title="bbox 112 1853 1906 1945">
    <p class='ocr_par' dir='ltr' id='par_1_19' title="bbox 112 1853 1906 1945">
     <span class='ocr_line' id='line_1_19' title="bbox 112 1853 1906 1945; baseline 0.003 -17"><span class='ocrx_word' id='word_1_114' title='bbox 112 1853 498 1930; x_wconf 81' lang='lat' dir='ltr'><strong>statuendum</strong></span> <span class='ocrx_word' id='word_1_115' title='bbox 545 1874 795 1940; x_wconf 88' lang='lat' dir='ltr'><strong>videtur,</strong></span> <span class='ocrx_word' id='word_1_116' title='bbox 847 1853 1082 1944; x_wconf 81' lang='lat' dir='ltr'><strong>quando</strong></span> <span class='ocrx_word' id='word_1_117' title='bbox 1128 1875 1360 1945; x_wconf 89' lang='lat' dir='ltr'><strong>quidem</strong></span> <span class='ocrx_word' id='word_1_118' title='bbox 1403 1884 1604 1932; x_wconf 90' lang='lat' dir='ltr'><strong>auctor</strong></span> <span class='ocrx_word' id='word_1_119' title='bbox 1635 1885 1826 1933; x_wconf 90' lang='lat' dir='ltr'><strong>noster</strong></span> <span class='ocrx_word' id='word_1_120' title='bbox 1865 1853 1906 1906; x_wconf 75' lang='grc' dir='ltr'><strong>Β</strong></span> 
     </span>
    </p>
   </div>
   <div class='ocr_carea' id='block_1_20' title="bbox 112 1962 1828 2034">
    <p class='ocr_par' dir='ltr' id='par_1_20' title="bbox 112 1962 1828 2034">
     <span class='ocr_line' id='line_1_20' title="bbox 112 1962 1828 2034; baseline 0.003 -18"><span class='ocrx_word' id='word_1_121' title='bbox 112 1976 190 2016; x_wconf 90' lang='lat' dir='ltr'><strong>eo</strong></span> <span class='ocrx_word' id='word_1_122' title='bbox 243 1963 388 2029; x_wconf 88' lang='lat' dir='ltr'><strong>loco,</strong></span> <span class='ocrx_word' id='word_1_123' title='bbox 434 1971 488 2018; x_wconf 94' lang='lat' dir='ltr'><strong>et</strong></span> <span class='ocrx_word' id='word_1_124' title='bbox 535 1962 686 2018; x_wconf 88' lang='lat' dir='ltr'><strong>infra</strong></span> <span class='ocrx_word' id='word_1_125' title='bbox 735 1962 769 2017; x_wconf 94' lang='lat' dir='ltr'><strong>l.</strong></span> <span class='ocrx_word' id='word_1_126' title='bbox 820 1977 898 2029; x_wconf 88' lang='lat' dir='ltr'><strong>tu,</strong></span> <span class='ocrx_word' id='word_1_127' title='bbox 942 1977 990 2017; x_wconf 91' lang='lat' dir='ltr'><strong>c.</strong></span> <span class='ocrx_word' id='word_1_128' title='bbox 1045 1966 1129 2030; x_wconf 80' lang='lat' dir='ltr'><strong>tl,</strong></span> <span class='ocrx_word' id='word_1_129' title='bbox 1176 1971 1349 2034; x_wconf 91' lang='lat' dir='ltr'><strong>atque</strong></span> <span class='ocrx_word' id='word_1_130' title='bbox 1399 1965 1456 2018; x_wconf 91' lang='lat' dir='ltr'><strong>in</strong></span> <span class='ocrx_word' id='word_1_131' title='bbox 1500 1965 1828 2034; x_wconf 74' lang='lat' dir='ltr'><strong>praefatione</strong></span> 
     </span>
    </p>
   </div>
   <div class='ocr_carea' id='block_1_21' title="bbox 114 2050 1826 2124">
    <p class='ocr_par' dir='ltr' id='par_1_21' title="bbox 114 2050 1826 2124">
     <span class='ocr_line' id='line_1_21' title="bbox 114 2050 1826 2124; baseline 0.002 -18"><span class='ocrx_word' id='word_1_132' title='bbox 114 2051 272 2106; x_wconf 84' lang='lat' dir='ltr'><strong>Hist.</strong></span> <span class='ocrx_word' id='word_1_133' title='bbox 307 2050 458 2106; x_wconf 88' lang='lat' dir='ltr'><strong>Gest.</strong></span> <span class='ocrx_word' id='word_1_134' title='bbox 509 2053 606 2106; x_wconf 93' lang='lat' dir='ltr'><strong>Dei</strong></span> <span class='ocrx_word' id='word_1_135' title='bbox 655 2065 752 2120; x_wconf 92' lang='lat' dir='ltr'><strong>per</strong></span> <span class='ocrx_word' id='word_1_136' title='bbox 784 2052 1051 2117; x_wconf 86' lang='lat' dir='ltr'><strong>Francos,</strong></span> <span class='ocrx_word' id='word_1_137' title='bbox 1102 2066 1173 2107; x_wconf 91' lang='lat' dir='ltr'><strong>ne</strong></span> <span class='ocrx_word' id='word_1_138' title='bbox 1206 2053 1443 2108; x_wconf 87' lang='lat' dir='ltr'><strong>verbulo</strong></span> <span class='ocrx_word' id='word_1_139' title='bbox 1473 2054 1705 2124; x_wconf 88' lang='lat' dir='ltr'><strong>quidem</strong></span> <span class='ocrx_word' id='word_1_140' title='bbox 1735 2054 1826 2110; x_wconf 92' lang='lat' dir='ltr'><strong>Li-</strong></span> 
     </span>
    </p>
   </div>
   <div class='ocr_carea' id='block_1_22' title="bbox 112 2139 1822 2213">
    <p class='ocr_par' dir='ltr' id='par_1_22' title="bbox 112 2139 1822 2213">
     <span class='ocr_line' id='line_1_22' title="bbox 112 2139 1822 2213; baseline 0.003 -20"><span class='ocrx_word' id='word_1_141' title='bbox 112 2139 387 2194; x_wconf 90' lang='lat' dir='ltr'><strong>siardum</strong></span> <span class='ocrx_word' id='word_1_142' title='bbox 417 2140 776 2196; x_wconf 91' lang='lat' dir='ltr'><strong>Suessionem</strong></span> <span class='ocrx_word' id='word_1_143' title='bbox 822 2139 930 2195; x_wconf 90' lang='lat' dir='ltr'><strong>sibi</strong></span> <span class='ocrx_word' id='word_1_144' title='bbox 973 2140 1395 2210; x_wconf 89' lang='lat' dir='ltr'><strong>propinquitate</strong></span> <span class='ocrx_word' id='word_1_145' title='bbox 1427 2143 1822 2213; x_wconf 89' lang='lat' dir='ltr'><strong>conjunctum,</strong></span> 
     </span>
    </p>
   </div>
   <div class='ocr_carea' id='block_1_23' title="bbox 111 2229 1822 2299">
    <p class='ocr_par' dir='ltr' id='par_1_23' title="bbox 111 2229 1822 2299">
     <span class='ocr_line' id='line_1_23' title="bbox 111 2229 1822 2299; baseline 0.002 -15"><span class='ocrx_word' id='word_1_146' title='bbox 111 2229 222 2284; x_wconf 91' lang='lat' dir='ltr'><strong>sed</strong></span> <span class='ocrx_word' id='word_1_147' title='bbox 274 2229 462 2299; x_wconf 89' lang='lat' dir='ltr'><strong>potius</strong></span> <span class='ocrx_word' id='word_1_148' title='bbox 502 2245 616 2285; x_wconf 90' lang='lat' dir='ltr'><strong>non</strong></span> <span class='ocrx_word' id='word_1_149' title='bbox 659 2229 736 2284; x_wconf 90' lang='lat' dir='ltr'><strong>ita</strong></span> <span class='ocrx_word' id='word_1_150' title='bbox 767 2237 969 2286; x_wconf 88' lang='lat' dir='ltr'><strong>notum</strong></span> <span class='ocrx_word' id='word_1_151' title='bbox 1000 2238 1101 2286; x_wconf 89' lang='lat' dir='ltr'><strong>aut</strong></span> <span class='ocrx_word' id='word_1_152' title='bbox 1132 2229 1471 2287; x_wconf 80' lang='lat' dir='ltr'><strong>familiarem</strong></span> <span class='ocrx_word' id='word_1_153' title='bbox 1503 2233 1822 2290; x_wconf 89' lang='lat' dir='ltr'><strong>innotescit.</strong></span> 
     </span>
    </p>
   </div>
   <div class='ocr_carea' id='block_1_24' title="bbox 555 2370 1394 2428">
    <p class='ocr_par' dir='ltr' id='par_1_24' title="bbox 555 2370 1394 2428">
     <span class='ocr_line' id='line_1_24' title="bbox 555 2370 1394 2428; baseline 0 -4"><span class='ocrx_word' id='word_1_154' title='bbox 555 2371 646 2424; x_wconf 85' lang='lat' dir='ltr'><strong>AD</strong></span> <span class='ocrx_word' id='word_1_155' title='bbox 689 2370 961 2426; x_wconf 80' lang='lat' dir='ltr'><strong>LIBRUM</strong></span> <span class='ocrx_word' id='word_1_156' title='bbox 990 2370 1394 2428; x_wconf 77' lang='lat' dir='ltr'><strong>SECUNDUM.</strong></span> 
     </span>
    </p>
   </div>
   <div class='ocr_carea' id='block_1_25' title="bbox 197 2493 1826 2567">
    <p class='ocr_par' dir='ltr' id='par_1_25' title="bbox 197 2493 1826 2567">
     <span class='ocr_line' id='line_1_25' title="bbox 197 2493 1826 2567; baseline 0.003 -20"><span class='ocrx_word' id='word_1_157' title='bbox 197 2495 282 2565; x_wconf 73' lang='grc'><strong>(⁸⁸)</strong></span> <span class='ocrx_word' id='word_1_158' title='bbox 315 2495 448 2550; x_wconf 73' lang='lat' dir='ltr'><strong>CAP.</strong></span> <span class='ocrx_word' id='word_1_159' title='bbox 482 2495 524 2549; x_wconf 86' lang='lat' dir='ltr'><strong>I.</strong></span> <span class='ocrx_word' id='word_1_160' title='bbox 573 2524 643 2534; x_wconf 96' lang='lat'><strong>—</strong></span> <span class='ocrx_word' id='word_1_161' title='bbox 683 2496 935 2549; x_wconf 80' lang='lat' dir='ltr'><strong>Vocatur</strong></span> <span class='ocrx_word' id='word_1_162' title='bbox 959 2493 1241 2566; x_wconf 87' lang='lat' dir='ltr'><strong>siquidem</strong></span> <span class='ocrx_word' id='word_1_163' title='bbox 1285 2495 1688 2567; x_wconf 83' lang='lat' dir='ltr'><strong>Novigentum.</strong></span> <span class='ocrx_word' id='word_1_164' title='bbox 1732 2498 1826 2552; x_wconf 73' lang='lat' dir='ltr'><strong>Nae</strong></span> 
     </span>
    </p>
   </div>
   <div class='ocr_carea' id='block_1_26' title="bbox 109 2581 1826 2652">
    <p class='ocr_par' dir='ltr' id='par_1_26' title="bbox 109 2581 1826 2652">
     <span class='ocr_line' id='line_1_26' title="bbox 109 2581 1826 2652; baseline 0.001 -15"><span class='ocrx_word' id='word_1_165' title='bbox 109 2597 230 2652; x_wconf 86' lang='lat' dir='ltr'><strong>ego</strong></span> <span class='ocrx_word' id='word_1_166' title='bbox 272 2582 478 2651; x_wconf 82' lang='lat' dir='ltr'><strong>ecquid</strong></span> <span class='ocrx_word' id='word_1_167' title='bbox 527 2582 594 2636; x_wconf 93' lang='lat' dir='ltr'><strong>de</strong></span> <span class='ocrx_word' id='word_1_168' title='bbox 660 2581 908 2651; x_wconf 85' lang='lat' dir='ltr'><strong>lugendo</strong></span> <span class='ocrx_word' id='word_1_169' title='bbox 967 2581 1059 2636; x_wconf 93' lang='lat' dir='ltr'><strong>illo</strong></span> <span class='ocrx_word' id='word_1_170' title='bbox 1107 2582 1452 2638; x_wconf 89' lang='lat' dir='ltr'><strong>monasterio</strong></span> <span class='ocrx_word' id='word_1_171' title='bbox 1494 2583 1771 2652; x_wconf 90' lang='lat' dir='ltr'><strong>proferam</strong></span> <span class='ocrx_word' id='word_1_172' title='bbox 1799 2583 1826 2639; x_wconf 78' lang='lat'><strong>?</strong></span> 
     </span>
    </p>
   </div>
   <div class='ocr_carea' id='block_1_27' title="bbox 111 2669 1825 2740">
    <p class='ocr_par' dir='ltr' id='par_1_27' title="bbox 111 2669 1825 2740">
     <span class='ocr_line' id='line_1_27' title="bbox 111 2669 1825 2740; baseline 0.001 -14"><span class='ocrx_word' id='word_1_173' title='bbox 111 2671 342 2740; x_wconf 92' lang='lat' dir='ltr'><strong>quippe</strong></span> <span class='ocrx_word' id='word_1_174' title='bbox 378 2684 491 2726; x_wconf 89' lang='lat' dir='ltr'><strong>non</strong></span> <span class='ocrx_word' id='word_1_175' title='bbox 522 2671 692 2726; x_wconf 92' lang='lat' dir='ltr'><strong>semel</strong></span> <span class='ocrx_word' id='word_1_176' title='bbox 740 2669 989 2739; x_wconf 90' lang='lat' dir='ltr'><strong>idipsum</strong></span> <span class='ocrx_word' id='word_1_177' title='bbox 1044 2670 1229 2726; x_wconf 86' lang='lat' dir='ltr'><strong>rabies</strong></span> <span class='ocrx_word' id='word_1_178' title='bbox 1273 2671 1636 2727; x_wconf 90' lang='lat' dir='ltr'><strong>Calvinistica</strong></span> <span class='ocrx_word' id='word_1_179' title='bbox 1667 2673 1825 2728; x_wconf 90' lang='lat' dir='ltr'><strong>labe-</strong></span> 
     </span>
    </p>
   </div>
   <div class='ocr_carea' id='block_1_28' title="bbox 110 2759 1824 2830">
    <p class='ocr_par' dir='ltr' id='par_1_28' title="bbox 110 2759 1824 2830">
     <span class='ocr_line' id='line_1_28' title="bbox 110 2759 1824 2830; baseline -0.001 -15"><span class='ocrx_word' id='word_1_180' title='bbox 110 2760 378 2826; x_wconf 88' lang='lat' dir='ltr'><strong>factavit,</strong></span> <span class='ocrx_word' id='word_1_181' title='bbox 431 2759 689 2829; x_wconf 87' lang='lat' dir='ltr'><strong>diripuit,</strong></span> <span class='ocrx_word' id='word_1_182' title='bbox 741 2759 1024 2814; x_wconf 88' lang='lat' dir='ltr'><strong>vastavit:</strong></span> <span class='ocrx_word' id='word_1_183' title='bbox 1073 2761 1217 2830; x_wconf 87' lang='lat' dir='ltr'><strong>quin</strong></span> <span class='ocrx_word' id='word_1_184' title='bbox 1248 2760 1416 2815; x_wconf 91' lang='lat' dir='ltr'><strong>etiam</strong></span> <span class='ocrx_word' id='word_1_185' title='bbox 1451 2761 1685 2816; x_wconf 90' lang='lat' dir='ltr'><strong>abbates</strong></span> <span class='ocrx_word' id='word_1_186' title='bbox 1721 2762 1824 2830; x_wconf 92' lang='lat' dir='ltr'><strong>ipsi</strong></span> 
     </span>
    </p>
   </div>
   <div class='ocr_carea' id='block_1_29' title="bbox 108 2848 1824 2916">
    <p class='ocr_par' dir='ltr' id='par_1_29' title="bbox 108 2848 1824 2916">
     <span class='ocr_line' id='line_1_29' title="bbox 108 2848 1824 2916; baseline 0.001 -12"><span class='ocrx_word' id='word_1_187' title='bbox 108 2848 596 2904; x_wconf 88' lang='lat' dir='ltr'><strong>commendatarii</strong></span> <span class='ocrx_word' id='word_1_188' title='bbox 644 2848 889 2903; x_wconf 89' lang='lat' dir='ltr'><strong>nefanda</strong></span> <span class='ocrx_word' id='word_1_189' title='bbox 936 2848 1136 2904; x_wconf 66' lang='lat' dir='ltr'><strong>haeresi</strong></span> <span class='ocrx_word' id='word_1_190' title='bbox 1188 2849 1292 2904; x_wconf 90' lang='lat' dir='ltr'><strong>hac</strong></span> <span class='ocrx_word' id='word_1_191' title='bbox 1335 2849 1544 2916; x_wconf 82' lang='lat' dir='ltr'><strong>infecti,</strong></span> <span class='ocrx_word' id='word_1_192' title='bbox 1580 2851 1824 2905; x_wconf 66' lang='lat' dir='ltr'><strong>saecula-</strong></span> 
     </span>
    </p>
   </div>
   <div class='ocr_carea' id='block_1_30' title="bbox 108 2937 1822 3007">
    <p class='ocr_par' dir='ltr' id='par_1_30' title="bbox 108 2937 1822 3007">
     <span class='ocr_line' id='line_1_30' title="bbox 108 2937 1822 3007; baseline 0.002 -16"><span class='ocrx_word' id='word_1_193' title='bbox 108 2951 212 2992; x_wconf 84' lang='lat' dir='ltr'><strong>res</strong></span> <span class='ocrx_word' id='word_1_194' title='bbox 262 2937 372 2991; x_wconf 93' lang='lat' dir='ltr'><strong>viri</strong></span> <span class='ocrx_word' id='word_1_195' title='bbox 422 2937 691 3007; x_wconf 86' lang='lat' dir='ltr'><strong>conjugio</strong></span> <span class='ocrx_word' id='word_1_196' title='bbox 733 2937 1006 3007; x_wconf 88' lang='lat' dir='ltr'><strong>copulati,</strong></span> <span class='ocrx_word' id='word_1_197' title='bbox 1050 2951 1181 3006; x_wconf 68' lang='lat' dir='ltr'><strong>qua)</strong></span> <span class='ocrx_word' id='word_1_198' title='bbox 1227 2937 1563 2992; x_wconf 88' lang='lat' dir='ltr'><strong>facultatum</strong></span> <span class='ocrx_word' id='word_1_199' title='bbox 1606 2939 1822 2994; x_wconf 89' lang='lat' dir='ltr'><strong>restite-</strong></span> 
     </span>
    </p>
   </div>
   <div class='ocr_carea' id='block_1_31' title="bbox 107 3025 1821 3097">
    <p class='ocr_par' dir='ltr' id='par_1_31' title="bbox 107 3025 1821 3097">
     <span class='ocr_line' id='line_1_31' title="bbox 107 3025 1821 3097; baseline 0.001 -16"><span class='ocrx_word' id='word_1_200' title='bbox 107 3033 255 3081; x_wconf 89' lang='lat' dir='ltr'><strong>rant</strong></span> <span class='ocrx_word' id='word_1_201' title='bbox 316 3025 724 3094; x_wconf 92' lang='lat' dir='ltr'><strong>dilapidavere,</strong></span> <span class='ocrx_word' id='word_1_202' title='bbox 799 3034 987 3080; x_wconf 88' lang='lat' dir='ltr'><strong>cartas</strong></span> <span class='ocrx_word' id='word_1_203' title='bbox 1044 3025 1328 3080; x_wconf 86' lang='lat' dir='ltr'><strong>tradidere</strong></span> <span class='ocrx_word' id='word_1_204' title='bbox 1387 3025 1475 3080; x_wconf 88' lang='lat' dir='ltr'><strong>vel</strong></span> <span class='ocrx_word' id='word_1_205' title='bbox 1533 3027 1672 3097; x_wconf 89' lang='lat' dir='ltr'><strong>igni,</strong></span> <span class='ocrx_word' id='word_1_206' title='bbox 1734 3027 1821 3083; x_wconf 86' lang='lat' dir='ltr'><strong>vel</strong></span> 
     </span>
    </p>
   </div>
   <div class='ocr_carea' id='block_1_32' title="bbox 1945 637 3645 708">
    <p class='ocr_par' dir='ltr' id='par_1_32' title="bbox 1945 637 3645 708">
     <span class='ocr_line' id='line_1_32' title="bbox 1945 637 3645 708; baseline 0.004 -17"><span class='ocrx_word' id='word_1_207' title='bbox 1945 637 2052 693; x_wconf 90' lang='lat' dir='ltr'><strong>nisi</strong></span> <span class='ocrx_word' id='word_1_208' title='bbox 2089 638 2353 707; x_wconf 68' lang='lat' dir='ltr'><strong>quaedam</strong></span> <span class='ocrx_word' id='word_1_209' title='bbox 2386 653 2517 708; x_wconf 63' lang='lat' dir='ltr'><strong>quae</strong></span> <span class='ocrx_word' id='word_1_210' title='bbox 2548 639 2864 708; x_wconf 91' lang='lat' dir='ltr'><strong>plurimum</strong></span> <span class='ocrx_word' id='word_1_211' title='bbox 2892 641 3164 697; x_wconf 89' lang='lat' dir='ltr'><strong>roborant</strong></span> <span class='ocrx_word' id='word_1_212' title='bbox 3195 641 3364 696; x_wconf 85' lang='lat' dir='ltr'><strong>fidem</strong></span> <span class='ocrx_word' id='word_1_213' title='bbox 3396 641 3645 699; x_wconf 90' lang='lat' dir='ltr'><strong>viderem</strong></span> 
     </span>
    </p>
   </div>
   <div class='ocr_carea' id='block_1_33' title="bbox 1944 725 3644 796">
    <p class='ocr_par' dir='ltr' id='par_1_33' title="bbox 1944 725 3644 796">
     <span class='ocr_line' id='line_1_33' title="bbox 1944 725 3644 796; baseline 0.004 -16"><span class='ocrx_word' id='word_1_214' title='bbox 1944 725 2230 796; x_wconf 82' lang='lat' dir='ltr'><strong>hodieque</strong></span> <span class='ocrx_word' id='word_1_215' title='bbox 2275 735 2554 782; x_wconf 89' lang='lat' dir='ltr'><strong>constare.</strong></span> <span class='ocrx_word' id='word_1_216' title='bbox 2599 727 2735 794; x_wconf 68' lang='lat' dir='ltr'><strong>Quae</strong></span> <span class='ocrx_word' id='word_1_217' title='bbox 2783 728 3016 784; x_wconf 89' lang='lat' dir='ltr'><strong>historia</strong></span> <span class='ocrx_word' id='word_1_218' title='bbox 3061 730 3143 784; x_wconf 91' lang='lat' dir='ltr'><strong>sic</strong></span> <span class='ocrx_word' id='word_1_219' title='bbox 3189 745 3248 784; x_wconf 91' lang='lat' dir='ltr'><strong>se</strong></span> <span class='ocrx_word' id='word_1_220' title='bbox 3297 730 3505 786; x_wconf 88' lang='lat' dir='ltr'><strong>habere</strong></span> <span class='ocrx_word' id='word_1_221' title='bbox 3553 746 3644 786; x_wconf 87' lang='lat' dir='ltr'><strong>se-</strong></span> 
     </span>
    </p>
   </div>
   <div class='ocr_carea' id='block_1_34' title="bbox 1942 816 3648 886">
    <p class='ocr_par' dir='ltr' id='par_1_34' title="bbox 1942 816 3648 886">
     <span class='ocr_line' id='line_1_34' title="bbox 1942 816 3648 886; baseline 0.003 -16"><span class='ocrx_word' id='word_1_222' title='bbox 1942 816 2201 871; x_wconf 88' lang='lat' dir='ltr'><strong>cundum</strong></span> <span class='ocrx_word' id='word_1_223' title='bbox 2242 816 2542 885; x_wconf 69' lang='lat' dir='ltr'><strong>scripturae</strong></span> <span class='ocrx_word' id='word_1_224' title='bbox 2582 819 2782 872; x_wconf 86' lang='lat' dir='ltr'><strong>seriem</strong></span> <span class='ocrx_word' id='word_1_225' title='bbox 2835 819 3101 886; x_wconf 92' lang='lat' dir='ltr'><strong>traditur,</strong></span> <span class='ocrx_word' id='word_1_226' title='bbox 3152 838 3180 870; x_wconf 82' lang='lat'><strong><em>»</em></strong></span> <span class='ocrx_word' id='word_1_227' title='bbox 3214 827 3320 875; x_wconf 91' lang='lat' dir='ltr'><strong>etc.</strong></span> <span class='ocrx_word' id='word_1_228' title='bbox 3371 820 3545 875; x_wconf 90' lang='lat' dir='ltr'><strong>Viden</strong></span> <span class='ocrx_word' id='word_1_229' title='bbox 3587 820 3648 876; x_wconf 84' lang='lat' dir='ltr'><strong>il-</strong></span> 
     </span>
    </p>
   </div>
   <div class='ocr_carea' id='block_1_35' title="bbox 1942 902 3646 974">
    <p class='ocr_par' dir='ltr' id='par_1_35' title="bbox 1942 902 3646 974">
     <span class='ocr_line' id='line_1_35' title="bbox 1942 902 3646 974; baseline 0.004 -16"><span class='ocrx_word' id='word_1_230' title='bbox 1942 902 2062 958; x_wconf 90' lang='lat' dir='ltr'><strong>lum</strong></span> <span class='ocrx_word' id='word_1_231' title='bbox 2098 911 2263 972; x_wconf 90' lang='lat' dir='ltr'><strong>prout</strong></span> <span class='ocrx_word' id='word_1_232' title='bbox 2317 904 2436 958; x_wconf 88' lang='lat' dir='ltr'><strong>istis</strong></span> <span class='ocrx_word' id='word_1_233' title='bbox 2468 905 2728 960; x_wconf 84' lang='lat' dir='ltr'><strong>versibus</strong></span> <span class='ocrx_word' id='word_1_234' title='bbox 2763 906 2990 974; x_wconf 89' lang='lat' dir='ltr'><strong>tradita,</strong></span> <span class='ocrx_word' id='word_1_235' title='bbox 3044 907 3199 962; x_wconf 91' lang='lat' dir='ltr'><strong>haud</strong></span> <span class='ocrx_word' id='word_1_236' title='bbox 3252 907 3428 962; x_wconf 91' lang='lat' dir='ltr'><strong>veluti</strong></span> <span class='ocrx_word' id='word_1_237' title='bbox 3477 909 3646 964; x_wconf 87' lang='lat' dir='ltr'><strong>certis</strong></span> 
     </span>
    </p>
   </div>
   <div class='ocr_carea' id='block_1_36' title="bbox 1942 992 3640 1065">
    <p class='ocr_par' dir='ltr' id='par_1_36' title="bbox 1942 992 3640 1065">
     <span class='ocr_line' id='line_1_36' title="bbox 1942 992 3640 1065; baseline 0.003 -18"><span class='ocrx_word' id='word_1_238' title='bbox 1942 992 2186 1047; x_wconf 85' lang='lat' dir='ltr'><strong>certiora</strong></span> <span class='ocrx_word' id='word_1_239' title='bbox 2237 993 2463 1061; x_wconf 90' lang='lat' dir='ltr'><strong>scriptis</strong></span> <span class='ocrx_word' id='word_1_240' title='bbox 2493 994 2816 1048; x_wconf 84' lang='lat' dir='ltr'><strong>mandare?</strong></span> <span class='ocrx_word' id='word_1_241' title='bbox 2845 996 2911 1049; x_wconf 92' lang='lat' dir='ltr'><strong>In</strong></span> <span class='ocrx_word' id='word_1_242' title='bbox 2959 995 3070 1050; x_wconf 90' lang='lat' dir='ltr'><strong>line</strong></span> <span class='ocrx_word' id='word_1_243' title='bbox 3110 995 3314 1065; x_wconf 89' lang='lat' dir='ltr'><strong>capitis</strong></span> <span class='ocrx_word' id='word_1_244' title='bbox 3352 996 3506 1062; x_wconf 89' lang='lat' dir='ltr'><strong>item,</strong></span> <span class='ocrx_word' id='word_1_245' title='bbox 3543 997 3640 1053; x_wconf 91' lang='lat' dir='ltr'><strong>ubi</strong></span> 
     </span>
    </p>
   </div>
   <div class='ocr_carea' id='block_1_37' title="bbox 1941 1081 3645 1153">
    <p class='ocr_par' dir='ltr' id='par_1_37' title="bbox 1941 1081 3645 1153">
     <span class='ocr_line' id='line_1_37' title="bbox 1941 1081 3645 1153; baseline 0.001 -17"><span class='ocrx_word' id='word_1_246' title='bbox 1941 1081 2010 1136; x_wconf 90' lang='lat' dir='ltr'><strong>de</strong></span> <span class='ocrx_word' id='word_1_247' title='bbox 2040 1081 2218 1136; x_wconf 90' lang='lat' dir='ltr'><strong>sacris</strong></span> <span class='ocrx_word' id='word_1_248' title='bbox 2250 1081 2508 1151; x_wconf 89' lang='lat' dir='ltr'><strong>reliquiis</strong></span> <span class='ocrx_word' id='word_1_249' title='bbox 2540 1096 2572 1136; x_wconf 90' lang='lat' dir='ltr'><strong>a</strong></span> <span class='ocrx_word' id='word_1_250' title='bbox 2598 1082 2783 1148; x_wconf 89' lang='lat' dir='ltr'><strong>Quilio</strong></span> <span class='ocrx_word' id='word_1_251' title='bbox 2816 1097 2948 1153; x_wconf 89' lang='lat' dir='ltr'><strong>rege</strong></span> <span class='ocrx_word' id='word_1_252' title='bbox 2979 1083 3362 1153; x_wconf 85' lang='lat' dir='ltr'><strong>Novigentum</strong></span> <span class='ocrx_word' id='word_1_253' title='bbox 3389 1083 3645 1140; x_wconf 89' lang='lat' dir='ltr'><strong>advectis</strong></span> 
     </span>
    </p>
   </div>
   <div class='ocr_carea' id='block_1_38' title="bbox 1939 1168 3643 1240">
    <p class='ocr_par' dir='ltr' id='par_1_38' title="bbox 1939 1168 3643 1240">
     <span class='ocr_line' id='line_1_38' title="bbox 1939 1168 3643 1240; baseline 0.002 -16"><span class='ocrx_word' id='word_1_254' title='bbox 1939 1170 2072 1240; x_wconf 84' lang='lat' dir='ltr'><strong>egit,</strong></span> <span class='ocrx_word' id='word_1_255' title='bbox 2109 1170 2229 1225; x_wconf 64' lang='lat' dir='ltr'><strong>haec</strong></span> <span class='ocrx_word' id='word_1_256' title='bbox 2258 1168 2544 1225; x_wconf 80' lang='lat' dir='ltr'><strong>subinfert</strong></span> <span class='ocrx_word' id='word_1_257' title='bbox 2588 1186 2599 1224; x_wconf 89' lang='lat'>:</span> <span class='ocrx_word' id='word_1_258' title='bbox 2637 1193 2656 1218; x_wconf 76' lang='grc' dir='ltr'><em>α</em></span> <span class='ocrx_word' id='word_1_259' title='bbox 2707 1172 2842 1226; x_wconf 88' lang='lat' dir='ltr'><strong>Inde</strong></span> <span class='ocrx_word' id='word_1_260' title='bbox 2874 1172 2985 1226; x_wconf 91' lang='lat' dir='ltr'><strong>Deo</strong></span> <span class='ocrx_word' id='word_1_261' title='bbox 3031 1179 3153 1240; x_wconf 90' lang='lat' dir='ltr'><strong>post</strong></span> <span class='ocrx_word' id='word_1_262' title='bbox 3211 1179 3437 1240; x_wconf 90' lang='lat' dir='ltr'><strong>tempus</strong></span> <span class='ocrx_word' id='word_1_263' title='bbox 3468 1172 3643 1240; x_wconf 87' lang='lat' dir='ltr'><strong>pluri-</strong></span> 
     </span>
    </p>
   </div>
   <div class='ocr_carea' id='block_1_39' title="bbox 1939 1258 3642 1328">
    <p class='ocr_par' dir='ltr' id='par_1_39' title="bbox 1939 1258 3642 1328">
     <span class='ocr_line' id='line_1_39' title="bbox 1939 1258 3642 1328; baseline 0.002 -16"><span class='ocrx_word' id='word_1_264' title='bbox 1939 1272 2096 1312; x_wconf 91' lang='lat' dir='ltr'><strong>mum</strong></span> <span class='ocrx_word' id='word_1_265' title='bbox 2135 1267 2478 1326; x_wconf 90' lang='lat' dir='ltr'><strong>procurante</strong></span> <span class='ocrx_word' id='word_1_266' title='bbox 2497 1267 2761 1328; x_wconf 89' lang='lat' dir='ltr'><strong>exempta</strong></span> <span class='ocrx_word' id='word_1_267' title='bbox 2783 1260 3038 1328; x_wconf 88' lang='lat' dir='ltr'><strong>capsula,</strong></span> <span class='ocrx_word' id='word_1_268' title='bbox 3071 1266 3124 1313; x_wconf 93' lang='lat' dir='ltr'><strong>et</strong></span> <span class='ocrx_word' id='word_1_269' title='bbox 3146 1273 3180 1312; x_wconf 92' lang='lat' dir='ltr'><strong>a</strong></span> <span class='ocrx_word' id='word_1_270' title='bbox 3209 1258 3425 1328; x_wconf 90' lang='lat' dir='ltr'><strong>quibus</strong></span> <span class='ocrx_word' id='word_1_271' title='bbox 3454 1261 3642 1316; x_wconf 88' lang='lat' dir='ltr'><strong>nescio</strong></span> 
     </span>
    </p>
   </div>
   <div class='ocr_carea' id='block_1_40' title="bbox 1939 1346 3639 1417">
    <p class='ocr_par' dir='ltr' id='par_1_40' title="bbox 1939 1346 3639 1417">
     <span class='ocr_line' id='line_1_40' title="bbox 1939 1346 3639 1417; baseline 0.002 -17"><span class='ocrx_word' id='word_1_272' title='bbox 1939 1346 2222 1413; x_wconf 84' lang='lat' dir='ltr'><strong>fidelibus,</strong></span> <span class='ocrx_word' id='word_1_273' title='bbox 2269 1354 2494 1402; x_wconf 88' lang='lat' dir='ltr'><strong>vetusto</strong></span> <span class='ocrx_word' id='word_1_274' title='bbox 2544 1348 2766 1416; x_wconf 82' lang='lat' dir='ltr'><strong>opiﬁcio</strong></span> <span class='ocrx_word' id='word_1_275' title='bbox 2815 1348 2942 1402; x_wconf 91' lang='lat' dir='ltr'><strong>auri</strong></span> <span class='ocrx_word' id='word_1_276' title='bbox 2996 1347 3220 1417; x_wconf 90' lang='lat' dir='ltr'><strong>pretiosi</strong></span> <span class='ocrx_word' id='word_1_277' title='bbox 3269 1346 3511 1403; x_wconf 90' lang='lat' dir='ltr'><strong>bracteis</strong></span> <span class='ocrx_word' id='word_1_278' title='bbox 3540 1349 3639 1404; x_wconf 92' lang='lat' dir='ltr'><strong>ad-</strong></span> 
     </span>
    </p>
   </div>
   <div class='ocr_carea' id='block_1_41' title="bbox 1938 1435 3639 1504">
    <p class='ocr_par' dir='ltr' id='par_1_41' title="bbox 1938 1435 3639 1504">
     <span class='ocr_line' id='line_1_41' title="bbox 1938 1435 3639 1504; baseline 0.001 -16"><span class='ocrx_word' id='word_1_279' title='bbox 1938 1444 2135 1502; x_wconf 88' lang='lat' dir='ltr'><strong>operta</strong></span> <span class='ocrx_word' id='word_1_280' title='bbox 2167 1435 2238 1490; x_wconf 91' lang='lat' dir='ltr'><strong>ad</strong></span> <span class='ocrx_word' id='word_1_281' title='bbox 2287 1436 2461 1490; x_wconf 90' lang='lat' dir='ltr'><strong>nostri</strong></span> <span class='ocrx_word' id='word_1_282' title='bbox 2497 1435 2769 1504; x_wconf 91' lang='lat' dir='ltr'><strong>temporis</strong></span> <span class='ocrx_word' id='word_1_283' title='bbox 2817 1436 3042 1490; x_wconf 86' lang='lat' dir='ltr'><strong>devenit</strong></span> <span class='ocrx_word' id='word_1_284' title='bbox 3090 1435 3350 1502; x_wconf 93' lang='lat' dir='ltr'><strong>intuitus,</strong></span> <span class='ocrx_word' id='word_1_285' title='bbox 3401 1445 3457 1491; x_wconf 94' lang='lat' dir='ltr'><strong>et</strong></span> <span class='ocrx_word' id='word_1_286' title='bbox 3486 1437 3639 1492; x_wconf 89' lang='lat' dir='ltr'><strong>anti-</strong></span> 
     </span>
    </p>
   </div>
   <div class='ocr_carea' id='block_1_42' title="bbox 1938 1522 3636 1592">
    <p class='ocr_par' dir='ltr' id='par_1_42' title="bbox 1938 1522 3636 1592">
     <span class='ocr_line' id='line_1_42' title="bbox 1938 1522 3636 1592; baseline 0 -15"><span class='ocrx_word' id='word_1_287' title='bbox 1938 1522 2070 1590; x_wconf 93' lang='lat' dir='ltr'><strong>quis</strong></span> <span class='ocrx_word' id='word_1_288' title='bbox 2130 1523 2433 1592; x_wconf 88' lang='lat' dir='ltr'><strong>hucusque</strong></span> <span class='ocrx_word' id='word_1_289' title='bbox 2493 1524 2704 1592; x_wconf 77' lang='lat' dir='ltr'><strong>praebet</strong></span> <span class='ocrx_word' id='word_1_290' title='bbox 2759 1524 3082 1580; x_wconf 90' lang='lat' dir='ltr'><strong>testimonia</strong></span> <span class='ocrx_word' id='word_1_291' title='bbox 3139 1539 3292 1580; x_wconf 89' lang='lat' dir='ltr'><strong>nova</strong></span> <span class='ocrx_word' id='word_1_292' title='bbox 3340 1525 3636 1581; x_wconf 90' lang='lat' dir='ltr'><strong>relatibus.</strong></span> 
     </span>
    </p>
   </div>
   <div class='ocr_carea' id='block_1_43' title="bbox 1938 1611 3638 1682">
    <p class='ocr_par' dir='ltr' id='par_1_43' title="bbox 1938 1611 3638 1682">
     <span class='ocr_line' id='line_1_43' title="bbox 1938 1611 3638 1682; baseline 0.002 -17"><span class='ocrx_word' id='word_1_293' title='bbox 1938 1611 2140 1681; x_wconf 92' lang='lat' dir='ltr'><strong>Itaque</strong></span> <span class='ocrx_word' id='word_1_294' title='bbox 2187 1612 2292 1667; x_wconf 91' lang='lat' dir='ltr'><strong>loci</strong></span> <span class='ocrx_word' id='word_1_295' title='bbox 2326 1612 2480 1667; x_wconf 92' lang='lat' dir='ltr'><strong>illius</strong></span> <span class='ocrx_word' id='word_1_296' title='bbox 2527 1613 2608 1667; x_wconf 91' lang='lat' dir='ltr'><strong>sic</strong></span> <span class='ocrx_word' id='word_1_297' title='bbox 2640 1612 3015 1682; x_wconf 89' lang='lat' dir='ltr'><strong>perhibentur</strong></span> <span class='ocrx_word' id='word_1_298' title='bbox 3062 1628 3180 1668; x_wconf 88' lang='lat' dir='ltr'><strong>sese</strong></span> <span class='ocrx_word' id='word_1_299' title='bbox 3228 1614 3498 1670; x_wconf 89' lang='lat' dir='ltr'><strong>habuisse</strong></span> <span class='ocrx_word' id='word_1_300' title='bbox 3531 1614 3638 1668; x_wconf 94' lang='lat' dir='ltr'><strong>ini-</strong></span> 
     </span>
    </p>
   </div>
   <div class='ocr_carea' id='block_1_44' title="bbox 1939 1700 2100 1754">
    <p class='ocr_par' dir='ltr' id='par_1_44' title="bbox 1939 1700 2100 1754">
     <span class='ocr_line' id='line_1_44' title="bbox 1939 1700 2100 1754; baseline -0.025 -1"><span class='ocrx_word' id='word_1_301' title='bbox 1939 1700 2036 1754; x_wconf 90' lang='lat' dir='ltr'><strong>tia.</strong></span> <span class='ocrx_word' id='word_1_302' title='bbox 2073 1718 2100 1749; x_wconf 75' lang='grc' dir='ltr'><strong>ι)</strong></span> 
     </span>
    </p>
   </div>
   <div class='ocr_carea' id='block_1_45' title="bbox 2006 1786 3639 1857">
    <p class='ocr_par' dir='ltr' id='par_1_45' title="bbox 2006 1786 3639 1857">
     <span class='ocr_line' id='line_1_45' title="bbox 2006 1786 3639 1857; baseline 0.003 -15"><span class='ocrx_word' id='word_1_303' title='bbox 2006 1786 2101 1842; x_wconf 92' lang='lat' dir='ltr'><strong>Sat</strong></span> <span class='ocrx_word' id='word_1_304' title='bbox 2148 1801 2284 1857; x_wconf 90' lang='lat' dir='ltr'><strong>ergo</strong></span> <span class='ocrx_word' id='word_1_305' title='bbox 2333 1795 2436 1853; x_wconf 90' lang='lat' dir='ltr'><strong>est,</strong></span> <span class='ocrx_word' id='word_1_306' title='bbox 2490 1802 2525 1843; x_wconf 92' lang='lat' dir='ltr'><strong>a</strong></span> <span class='ocrx_word' id='word_1_307' title='bbox 2574 1788 2847 1844; x_wconf 90' lang='lat' dir='ltr'><strong>Guiberto</strong></span> <span class='ocrx_word' id='word_1_308' title='bbox 2900 1789 3093 1845; x_wconf 85' lang='lat' dir='ltr'><strong>relatis</strong></span> <span class='ocrx_word' id='word_1_309' title='bbox 3148 1789 3314 1845; x_wconf 86' lang='lat' dir='ltr'><strong>fidem</strong></span> <span class='ocrx_word' id='word_1_310' title='bbox 3365 1791 3639 1848; x_wconf 89' lang='lat' dir='ltr'><strong>adhibere</strong></span> 
     </span>
    </p>
   </div>
   <div class='ocr_carea' id='block_1_46' title="bbox 1939 1879 3638 1946">
    <p class='ocr_par' dir='ltr' id='par_1_46' title="bbox 1939 1879 3638 1946">
     <span class='ocr_line' id='line_1_46' title="bbox 1939 1879 3638 1946; baseline 0.003 -15"><span class='ocrx_word' id='word_1_311' title='bbox 1939 1883 2178 1942; x_wconf 86' lang='lat' dir='ltr'><strong>tantam,</strong></span> <span class='ocrx_word' id='word_1_312' title='bbox 2213 1885 2489 1946; x_wconf 89' lang='lat' dir='ltr'><strong>quantam</strong></span> <span class='ocrx_word' id='word_1_313' title='bbox 2531 1884 2587 1932; x_wconf 92' lang='lat' dir='ltr'><strong>et</strong></span> <span class='ocrx_word' id='word_1_314' title='bbox 2636 1885 2841 1932; x_wconf 64' lang='lat' dir='ltr'><strong>caetera</strong></span> <span class='ocrx_word' id='word_1_315' title='bbox 2892 1885 3188 1933; x_wconf 89' lang='lat' dir='ltr'><strong>merentur</strong></span> <span class='ocrx_word' id='word_1_316' title='bbox 3219 1879 3288 1934; x_wconf 93' lang='lat' dir='ltr'><strong>ab</strong></span> <span class='ocrx_word' id='word_1_317' title='bbox 3315 1879 3443 1935; x_wconf 90' lang='lat' dir='ltr'><strong>aliis</strong></span> <span class='ocrx_word' id='word_1_318' title='bbox 3474 1880 3638 1936; x_wconf 67' lang='lat' dir='ltr'><strong>bona:</strong></span> 
     </span>
    </p>
   </div>
   <div class='ocr_carea' id='block_1_47' title="bbox 1938 1964 3636 2038">
    <p class='ocr_par' dir='ltr' id='par_1_47' title="bbox 1938 1964 3636 2038">
     <span class='ocr_line' id='line_1_47' title="bbox 1938 1964 3636 2038; baseline 0.004 -21"><span class='ocrx_word' id='word_1_319' title='bbox 1938 1971 2086 2018; x_wconf 62' lang='lat' dir='ltr'><strong>notae</strong></span> <span class='ocrx_word' id='word_1_320' title='bbox 2129 1964 2506 2034; x_wconf 90' lang='lat' dir='ltr'><strong>scriptoribus</strong></span> <span class='ocrx_word' id='word_1_321' title='bbox 2543 1965 2615 2020; x_wconf 89' lang='lat' dir='ltr'><strong>ad</strong></span> <span class='ocrx_word' id='word_1_322' title='bbox 2667 1973 2912 2034; x_wconf 90' lang='lat' dir='ltr'><strong>posteros</strong></span> <span class='ocrx_word' id='word_1_323' title='bbox 2957 1966 3239 2021; x_wconf 86' lang='lat' dir='ltr'><strong>traducta.</strong></span> <span class='ocrx_word' id='word_1_324' title='bbox 3282 1966 3482 2022; x_wconf 91' lang='lat' dir='ltr'><strong>Nonne</strong></span> <span class='ocrx_word' id='word_1_325' title='bbox 3511 1983 3636 2038; x_wconf 91' lang='lat' dir='ltr'><strong>per-</strong></span> 
     </span>
    </p>
   </div>
   <div class='ocr_carea' id='block_1_48' title="bbox 1938 2053 3637 2126">
    <p class='ocr_par' dir='ltr' id='par_1_48' title="bbox 1938 2053 3637 2126">
     <span class='ocr_line' id='line_1_48' title="bbox 1938 2053 3637 2126; baseline 0.004 -19"><span class='ocrx_word' id='word_1_326' title='bbox 1938 2053 2124 2120; x_wconf 91' lang='lat' dir='ltr'><strong>multi,</strong></span> <span class='ocrx_word' id='word_1_327' title='bbox 2181 2053 2402 2124; x_wconf 89' lang='lat' dir='ltr'><strong>ipsique</strong></span> <span class='ocrx_word' id='word_1_328' title='bbox 2462 2054 2791 2124; x_wconf 89' lang='lat' dir='ltr'><strong>gravissimi</strong></span> <span class='ocrx_word' id='word_1_329' title='bbox 2853 2062 3114 2110; x_wconf 89' lang='lat' dir='ltr'><strong>auctores</strong></span> <span class='ocrx_word' id='word_1_330' title='bbox 3172 2057 3400 2126; x_wconf 86' lang='lat' dir='ltr'><strong>scriptis</strong></span> <span class='ocrx_word' id='word_1_331' title='bbox 3456 2056 3637 2112; x_wconf 91' lang='lat' dir='ltr'><strong>inter-</strong></span> 
     </span>
    </p>
   </div>
   <div class='ocr_carea' id='block_1_49' title="bbox 1935 2141 3634 2213">
    <p class='ocr_par' dir='ltr' id='par_1_49' title="bbox 1935 2141 3634 2213">
     <span class='ocr_line' id='line_1_49' title="bbox 1935 2141 3634 2213; baseline 0.003 -19"><span class='ocrx_word' id='word_1_332' title='bbox 1935 2155 2100 2196; x_wconf 91' lang='lat' dir='ltr'><strong>suere</strong></span> <span class='ocrx_word' id='word_1_333' title='bbox 2147 2141 2414 2197; x_wconf 90' lang='lat' dir='ltr'><strong>historias</strong></span> <span class='ocrx_word' id='word_1_334' title='bbox 2451 2143 2608 2198; x_wconf 90' lang='lat' dir='ltr'><strong>velut</strong></span> <span class='ocrx_word' id='word_1_335' title='bbox 2639 2143 2711 2198; x_wconf 92' lang='lat' dir='ltr'><strong>ab</strong></span> <span class='ocrx_word' id='word_1_336' title='bbox 2757 2143 2886 2198; x_wconf 84' lang='lat' dir='ltr'><strong>aliis</strong></span> <span class='ocrx_word' id='word_1_337' title='bbox 2936 2151 3294 2213; x_wconf 88' lang='lat' dir='ltr'><strong>acceperant,</strong></span> <span class='ocrx_word' id='word_1_338' title='bbox 3328 2157 3430 2200; x_wconf 90' lang='lat' dir='ltr'><strong>seu</strong></span> <span class='ocrx_word' id='word_1_339' title='bbox 3460 2145 3634 2201; x_wconf 87' lang='lat' dir='ltr'><strong>inter-</strong></span> 
     </span>
    </p>
   </div>
   <div class='ocr_carea' id='block_1_50' title="bbox 1935 2229 3634 2304">
    <p class='ocr_par' dir='ltr' id='par_1_50' title="bbox 1935 2229 3634 2304">
     <span class='ocr_line' id='line_1_50' title="bbox 1935 2229 3634 2304; baseline 0.002 -20"><span class='ocrx_word' id='word_1_340' title='bbox 1935 2229 2176 2299; x_wconf 85' lang='lat' dir='ltr'><strong>legendo</strong></span> <span class='ocrx_word' id='word_1_341' title='bbox 2239 2230 2592 2286; x_wconf 87' lang='lat' dir='ltr'><strong>didicerant?</strong></span> <span class='ocrx_word' id='word_1_342' title='bbox 2637 2232 2830 2287; x_wconf 89' lang='lat' dir='ltr'><strong>Testes</strong></span> <span class='ocrx_word' id='word_1_343' title='bbox 2885 2231 2976 2287; x_wconf 92' lang='lat' dir='ltr'><strong>SS.</strong></span> <span class='ocrx_word' id='word_1_344' title='bbox 3031 2231 3342 2302; x_wconf 90' lang='lat' dir='ltr'><strong>Gregorius</strong></span> <span class='ocrx_word' id='word_1_345' title='bbox 3384 2233 3634 2304; x_wconf 84' lang='lat' dir='ltr'><strong>Magnus</strong></span> 
     </span>
    </p>
   </div>
   <div class='ocr_carea' id='block_1_51' title="bbox 1935 2317 3636 2391">
    <p class='ocr_par' dir='ltr' id='par_1_51' title="bbox 1935 2317 3636 2391">
     <span class='ocr_line' id='line_1_51' title="bbox 1935 2317 3636 2391; baseline 0.002 -19"><span class='ocrx_word' id='word_1_346' title='bbox 1935 2317 2098 2373; x_wconf 89' lang='lat' dir='ltr'><strong>libris</strong></span> <span class='ocrx_word' id='word_1_347' title='bbox 2123 2317 2372 2388; x_wconf 89' lang='lat' dir='ltr'><strong>Dialog.;</strong></span> <span class='ocrx_word' id='word_1_348' title='bbox 2425 2319 2736 2389; x_wconf 84' lang='lat' dir='ltr'><strong>Gregorius</strong></span> <span class='ocrx_word' id='word_1_349' title='bbox 2765 2320 2979 2374; x_wconf 91' lang='lat' dir='ltr'><strong>Turon.</strong></span> <span class='ocrx_word' id='word_1_350' title='bbox 3034 2321 3112 2375; x_wconf 93' lang='lat' dir='ltr'><strong>De</strong></span> <span class='ocrx_word' id='word_1_351' title='bbox 3142 2321 3324 2391; x_wconf 87' lang='lat' dir='ltr'><strong>gloria</strong></span> <span class='ocrx_word' id='word_1_352' title='bbox 3352 2321 3636 2377; x_wconf 90' lang='lat' dir='ltr'><strong>confesso-</strong></span> 
     </span>
    </p>
   </div>
   <div class='ocr_carea' id='block_1_52' title="bbox 1933 2406 3639 2476">
    <p class='ocr_par' dir='ltr' id='par_1_52' title="bbox 1933 2406 3639 2476">
     <span class='ocr_line' id='line_1_52' title="bbox 1933 2406 3639 2476; baseline 0.003 -16"><span class='ocrx_word' id='word_1_353' title='bbox 1933 2420 2064 2462; x_wconf 90' lang='lat' dir='ltr'><strong>rum</strong></span> <span class='ocrx_word' id='word_1_354' title='bbox 2113 2413 2167 2460; x_wconf 93' lang='lat' dir='ltr'><strong>et</strong></span> <span class='ocrx_word' id='word_1_355' title='bbox 2211 2406 2368 2472; x_wconf 91' lang='lat' dir='ltr'><strong>alibi,</strong></span> <span class='ocrx_word' id='word_1_356' title='bbox 2420 2415 2593 2476; x_wconf 89' lang='lat' dir='ltr'><strong>atque</strong></span> <span class='ocrx_word' id='word_1_357' title='bbox 2632 2421 2753 2463; x_wconf 70' lang='lat' dir='ltr'><strong>aevo</strong></span> <span class='ocrx_word' id='word_1_358' title='bbox 2802 2407 3062 2463; x_wconf 91' lang='lat' dir='ltr'><strong>Guiberti</strong></span> <span class='ocrx_word' id='word_1_359' title='bbox 3111 2410 3384 2465; x_wconf 91' lang='lat' dir='ltr'><strong>Venerab.</strong></span> <span class='ocrx_word' id='word_1_360' title='bbox 3438 2410 3639 2465; x_wconf 90' lang='lat' dir='ltr'><strong>Petrus</strong></span> 
     </span>
    </p>
   </div>
   <div class='ocr_carea' id='block_1_53' title="bbox 1938 2495 3070 2560">
    <p class='ocr_par' dir='ltr' id='par_1_53' title="bbox 1938 2495 3070 2560">
     <span class='ocr_line' id='line_1_53' title="bbox 1938 2495 3070 2560; baseline 0.002 -12"><span class='ocrx_word' id='word_1_361' title='bbox 1938 2495 2194 2549; x_wconf 90' lang='lat' dir='ltr'><strong>Cluniac.</strong></span> <span class='ocrx_word' id='word_1_362' title='bbox 2234 2495 2435 2560; x_wconf 92' lang='lat' dir='ltr'><strong>abbas,</strong></span> <span class='ocrx_word' id='word_1_363' title='bbox 2471 2495 2615 2550; x_wconf 93' lang='lat' dir='ltr'><strong>libro</strong></span> <span class='ocrx_word' id='word_1_364' title='bbox 2647 2496 2723 2551; x_wconf 92' lang='lat' dir='ltr'><strong>De</strong></span> <span class='ocrx_word' id='word_1_365' title='bbox 2757 2495 3070 2551; x_wconf 91' lang='lat' dir='ltr'><strong>miraculis.</strong></span> 
     </span>
    </p>
   </div>
   <div class='ocr_carea' id='block_1_54' title="bbox 2010 2583 3636 2654">
    <p class='ocr_par' dir='ltr' id='par_1_54' title="bbox 2010 2583 3636 2654">
     <span class='ocr_line' id='line_1_54' title="bbox 2010 2583 3636 2654; baseline 0.002 -18"><span class='ocrx_word' id='word_1_366' title='bbox 2010 2583 2288 2638; x_wconf 65' lang='lat' dir='ltr'><strong>Praeterea</strong></span> <span class='ocrx_word' id='word_1_367' title='bbox 2328 2583 2384 2637; x_wconf 92' lang='lat' dir='ltr'><strong>in</strong></span> <span class='ocrx_word' id='word_1_368' title='bbox 2422 2583 2729 2639; x_wconf 75' lang='lat' dir='ltr'><strong>Britannize</strong></span> <span class='ocrx_word' id='word_1_369' title='bbox 2759 2583 3090 2654; x_wconf 83' lang='lat' dir='ltr'><strong>regionibus</strong></span> <span class='ocrx_word' id='word_1_370' title='bbox 3116 2591 3195 2639; x_wconf 92' lang='lat' dir='ltr'><strong>tot</strong></span> <span class='ocrx_word' id='word_1_371' title='bbox 3225 2584 3636 2654; x_wconf 89' lang='lat' dir='ltr'><strong>propemodum</strong></span> 
     </span>
    </p>
   </div>
   <div class='ocr_carea' id='block_1_55' title="bbox 1936 2671 3633 2742">
    <p class='ocr_par' dir='ltr' id='par_1_55' title="bbox 1936 2671 3633 2742">
     <span class='ocr_line' id='line_1_55' title="bbox 1936 2671 3633 2742; baseline 0.001 -16"><span class='ocrx_word' id='word_1_372' title='bbox 1936 2671 2220 2726; x_wconf 82' lang='lat' dir='ltr'><strong>exstitisse</strong></span> <span class='ocrx_word' id='word_1_373' title='bbox 2269 2672 2522 2741; x_wconf 86' lang='lat' dir='ltr'><strong>regulos,</strong></span> <span class='ocrx_word' id='word_1_374' title='bbox 2577 2679 2720 2742; x_wconf 91' lang='lat' dir='ltr'><strong>quot</strong></span> <span class='ocrx_word' id='word_1_375' title='bbox 2769 2680 2933 2726; x_wconf 90' lang='lat' dir='ltr'><strong>erant</strong></span> <span class='ocrx_word' id='word_1_376' title='bbox 2989 2672 3160 2727; x_wconf 88' lang='lat' dir='ltr'><strong>urbes</strong></span> <span class='ocrx_word' id='word_1_377' title='bbox 3215 2672 3633 2739; x_wconf 67' lang='lat' dir='ltr'><strong>munitissimae,</strong></span> 
     </span>
    </p>
   </div>
   <div class='ocr_carea' id='block_1_56' title="bbox 1937 2760 3636 2829">
    <p class='ocr_par' dir='ltr' id='par_1_56' title="bbox 1937 2760 3636 2829">
     <span class='ocr_line' id='line_1_56' title="bbox 1937 2760 3636 2829; baseline 0.002 -15"><span class='ocrx_word' id='word_1_378' title='bbox 1937 2773 2103 2814; x_wconf 90' lang='lat' dir='ltr'><strong>nemo</strong></span> <span class='ocrx_word' id='word_1_379' title='bbox 2135 2760 2340 2828; x_wconf 89' lang='lat' dir='ltr'><strong>nescit;</strong></span> <span class='ocrx_word' id='word_1_380' title='bbox 2375 2774 2490 2815; x_wconf 89' lang='lat' dir='ltr'><strong>non</strong></span> <span class='ocrx_word' id='word_1_381' title='bbox 2543 2761 2752 2815; x_wconf 90' lang='lat' dir='ltr'><strong>mirum</strong></span> <span class='ocrx_word' id='word_1_382' title='bbox 2788 2761 2967 2829; x_wconf 88' lang='lat' dir='ltr'><strong>igitur</strong></span> <span class='ocrx_word' id='word_1_383' title='bbox 3009 2761 3055 2815; x_wconf 90' lang='lat' dir='ltr'><strong>si</strong></span> <span class='ocrx_word' id='word_1_384' title='bbox 3090 2760 3308 2816; x_wconf 90' lang='lat' dir='ltr'><strong>nullam</strong></span> <span class='ocrx_word' id='word_1_385' title='bbox 3354 2761 3422 2816; x_wconf 92' lang='lat' dir='ltr'><strong>de</strong></span> <span class='ocrx_word' id='word_1_386' title='bbox 3449 2760 3636 2825; x_wconf 87' lang='lat' dir='ltr'><strong>Quilio</strong></span> 
     </span>
    </p>
   </div>
   <div class='ocr_carea' id='block_1_57' title="bbox 1933 2847 3259 2917">
    <p class='ocr_par' dir='ltr' id='par_1_57' title="bbox 1933 2847 3259 2917">
     <span class='ocr_line' id='line_1_57' title="bbox 1933 2847 3259 2917; baseline -0.001 -15"><span class='ocrx_word' id='word_1_387' title='bbox 1933 2847 2183 2902; x_wconf 88' lang='lat' dir='ltr'><strong>habeant</strong></span> <span class='ocrx_word' id='word_1_388' title='bbox 2213 2847 2558 2903; x_wconf 89' lang='lat' dir='ltr'><strong>mentionem</strong></span> <span class='ocrx_word' id='word_1_389' title='bbox 2591 2847 2902 2903; x_wconf 70' lang='lat' dir='ltr'><strong>Britannia:</strong></span> <span class='ocrx_word' id='word_1_390' title='bbox 2933 2847 3259 2917; x_wconf 89' lang='lat' dir='ltr'><strong>scriptores.</strong></span> 
     </span>
    </p>
   </div>
   <div class='ocr_carea' id='block_1_58' title="bbox 2006 2935 3634 3006">
    <p class='ocr_par' dir='ltr' id='par_1_58' title="bbox 2006 2935 3634 3006">
     <span class='ocr_line' id='line_1_58' title="bbox 2006 2935 3634 3006; baseline 0 -15"><span class='ocrx_word' id='word_1_391' title='bbox 2006 2936 2104 2991; x_wconf 89' lang='lat' dir='ltr'><strong>His</strong></span> <span class='ocrx_word' id='word_1_392' title='bbox 2153 2937 2346 3006; x_wconf 87' lang='lat' dir='ltr'><strong>itaque</strong></span> <span class='ocrx_word' id='word_1_393' title='bbox 2404 2937 2808 3005; x_wconf 67' lang='lat' dir='ltr'><strong>praemonitum</strong></span> <span class='ocrx_word' id='word_1_394' title='bbox 2861 2945 2913 2992; x_wconf 93' lang='lat' dir='ltr'><strong>te</strong></span> <span class='ocrx_word' id='word_1_395' title='bbox 2960 2937 3115 3004; x_wconf 92' lang='lat' dir='ltr'><strong>volo,</strong></span> <span class='ocrx_word' id='word_1_396' title='bbox 3164 2936 3339 2992; x_wconf 80' lang='lat' dir='ltr'><strong>lector</strong></span> <span class='ocrx_word' id='word_1_397' title='bbox 3388 2935 3634 3003; x_wconf 88' lang='lat' dir='ltr'><strong>erudite,</strong></span> 
     </span>
    </p>
   </div>
   <div class='ocr_carea' id='block_1_59' title="bbox 1932 3023 3633 3093">
    <p class='ocr_par' dir='ltr' id='par_1_59' title="bbox 1932 3023 3633 3093">
     <span class='ocr_line' id='line_1_59' title="bbox 1932 3023 3633 3093; baseline 0.001 -15"><span class='ocrx_word' id='word_1_398' title='bbox 1932 3037 2004 3079; x_wconf 90' lang='lat' dir='ltr'><strong>ne</strong></span> <span class='ocrx_word' id='word_1_399' title='bbox 2040 3024 2181 3079; x_wconf 90' lang='lat' dir='ltr'><strong>tanti</strong></span> <span class='ocrx_word' id='word_1_400' title='bbox 2222 3025 2328 3079; x_wconf 90' lang='lat' dir='ltr'><strong>viri</strong></span> <span class='ocrx_word' id='word_1_401' title='bbox 2367 3023 2695 3079; x_wconf 90' lang='lat' dir='ltr'><strong>auctoritati</strong></span> <span class='ocrx_word' id='word_1_402' title='bbox 2729 3024 3018 3090; x_wconf 88' lang='lat' dir='ltr'><strong>detrahas,</strong></span> <span class='ocrx_word' id='word_1_403' title='bbox 3068 3024 3303 3093; x_wconf 89' lang='lat' dir='ltr'><strong>quando</strong></span> <span class='ocrx_word' id='word_1_404' title='bbox 3349 3023 3633 3090; x_wconf 90' lang='lat' dir='ltr'><strong>nonnihil,</strong></span> 
     </span>
    </p>
   </div>
   <div class='ocr_carea' id='block_1_60' title="bbox 107 3111 3631 3202">
    <p class='ocr_par' dir='ltr' id='par_1_60' title="bbox 107 3111 3631 3202">
     <span class='ocr_line' id='line_1_60' title="bbox 107 3111 3631 3202; baseline -0.001 -33"><span class='ocrx_word' id='word_1_405' title='bbox 107 3112 341 3178; x_wconf 88' lang='lat' dir='ltr'><strong>amicis,</strong></span> <span class='ocrx_word' id='word_1_406' title='bbox 375 3115 801 3182; x_wconf 89' lang='lat' dir='ltr'><strong>parentibusve,</strong></span> <span class='ocrx_word' id='word_1_407' title='bbox 838 3128 954 3184; x_wconf 90' lang='lat' dir='ltr'><strong>quo</strong></span> <span class='ocrx_word' id='word_1_408' title='bbox 983 3114 1242 3169; x_wconf 90' lang='lat' dir='ltr'><strong>redditus</strong></span> <span class='ocrx_word' id='word_1_409' title='bbox 1286 3116 1396 3169; x_wconf 90' lang='lat' dir='ltr'><strong>Deo</strong></span> <span class='ocrx_word' id='word_1_410' title='bbox 1426 3116 1569 3170; x_wconf 87' lang='lat' dir='ltr'><strong>sacri</strong></span> <span class='ocrx_word' id='word_1_411' title='bbox 1603 3116 1824 3171; x_wconf 89' lang='lat' dir='ltr'><strong>facilius</strong></span> <span class='ocrx_word' id='word_1_412' title='bbox 1863 3147 1904 3202; x_wconf 64' lang='grc' dir='ltr'><strong>ρ</strong></span> <span class='ocrx_word' id='word_1_413' title='bbox 1933 3113 2088 3182; x_wconf 86' lang='lat' dir='ltr'><strong>quod</strong></span> <span class='ocrx_word' id='word_1_414' title='bbox 2136 3112 2325 3167; x_wconf 89' lang='lat' dir='ltr'><strong>animo</strong></span> <span class='ocrx_word' id='word_1_415' title='bbox 2373 3112 2591 3167; x_wconf 85' lang='lat' dir='ltr'><strong>fortean</strong></span> <span class='ocrx_word' id='word_1_416' title='bbox 2645 3112 2898 3166; x_wconf 62' lang='lat' dir='ltr'><strong>haerendi</strong></span> <span class='ocrx_word' id='word_1_417' title='bbox 2956 3111 3206 3181; x_wconf 67' lang='lat' dir='ltr'><strong>praabeat</strong></span> <span class='ocrx_word' id='word_1_418' title='bbox 3253 3112 3631 3178; x_wconf 88' lang='lat' dir='ltr'><strong>occasionem,</strong></span> 
     </span>
    </p>
   </div>
   <div class='ocr_carea' id='block_1_61' title="bbox 105 3203 1814 3274">
    <p class='ocr_par' dir='ltr' id='par_1_61' title="bbox 105 3203 1814 3274">
     <span class='ocr_line' id='line_1_61' title="bbox 105 3203 1814 3274; baseline 0.001 -15"><span class='ocrx_word' id='word_1_419' title='bbox 105 3204 244 3259; x_wconf 86' lang='lat' dir='ltr'><strong>suis</strong></span> <span class='ocrx_word' id='word_1_420' title='bbox 277 3203 725 3271; x_wconf 89' lang='lat' dir='ltr'><strong>possessionibus</strong></span> <span class='ocrx_word' id='word_1_421' title='bbox 769 3217 887 3272; x_wconf 92' lang='lat' dir='ltr'><strong>qua</strong></span> <span class='ocrx_word' id='word_1_422' title='bbox 930 3203 1013 3257; x_wconf 89' lang='lat' dir='ltr'><strong>fas</strong></span> <span class='ocrx_word' id='word_1_423' title='bbox 1043 3217 1161 3272; x_wconf 88' lang='lat' dir='ltr'><strong>qua</strong></span> <span class='ocrx_word' id='word_1_424' title='bbox 1222 3203 1382 3258; x_wconf 83' lang='lat' dir='ltr'><strong>nefas</strong></span> <span class='ocrx_word' id='word_1_425' title='bbox 1413 3203 1814 3274; x_wconf 88' lang='lat' dir='ltr'><strong>adjungerent.</strong></span> 
     </span>
    </p>
   </div>
   <div class='ocr_carea' id='block_1_62' title="bbox 108 3290 1818 3360">
    <p class='ocr_par' dir='ltr' id='par_1_62' title="bbox 108 3290 1818 3360">
     <span class='ocr_line' id='line_1_62' title="bbox 108 3290 1818 3360; baseline 0.001 -14"><span class='ocrx_word' id='word_1_426' title='bbox 108 3291 354 3346; x_wconf 59' lang='lat' dir='ltr'><strong>Caetera)</strong></span> <span class='ocrx_word' id='word_1_427' title='bbox 403 3305 534 3345; x_wconf 91' lang='lat' dir='ltr'><strong>vero</strong></span> <span class='ocrx_word' id='word_1_428' title='bbox 577 3290 798 3346; x_wconf 78' lang='lat' dir='ltr'><strong>schedze</strong></span> <span class='ocrx_word' id='word_1_429' title='bbox 847 3298 1021 3360; x_wconf 88' lang='lat' dir='ltr'><strong>atque</strong></span> <span class='ocrx_word' id='word_1_430' title='bbox 1078 3291 1479 3358; x_wconf 88' lang='lat' dir='ltr'><strong>instrumenta,</strong></span> <span class='ocrx_word' id='word_1_431' title='bbox 1529 3295 1667 3347; x_wconf 87' lang='lat' dir='ltr'><strong>adeo</strong></span> <span class='ocrx_word' id='word_1_432' title='bbox 1715 3307 1818 3348; x_wconf 93' lang='lat' dir='ltr'><strong>su-</strong></span> 
     </span>
    </p>
   </div>
   <div class='ocr_carea' id='block_1_63' title="bbox 109 3379 1819 3450">
    <p class='ocr_par' dir='ltr' id='par_1_63' title="bbox 109 3379 1819 3450">
     <span class='ocr_line' id='line_1_63' title="bbox 109 3379 1819 3450; baseline 0.003 -17"><span class='ocrx_word' id='word_1_433' title='bbox 109 3380 257 3450; x_wconf 91' lang='lat' dir='ltr'><strong>pina</strong></span> <span class='ocrx_word' id='word_1_434' title='bbox 302 3379 603 3434; x_wconf 88' lang='lat' dir='ltr'><strong>oscitantia</strong></span> <span class='ocrx_word' id='word_1_435' title='bbox 653 3379 887 3434; x_wconf 93' lang='lat' dir='ltr'><strong>fuerunt</strong></span> <span class='ocrx_word' id='word_1_436' title='bbox 921 3379 979 3434; x_wconf 89' lang='lat' dir='ltr'><strong>in</strong></span> <span class='ocrx_word' id='word_1_437' title='bbox 1028 3381 1376 3435; x_wconf 86' lang='lat' dir='ltr'><strong>monasterio</strong></span> <span class='ocrx_word' id='word_1_438' title='bbox 1417 3381 1704 3447; x_wconf 89' lang='lat' dir='ltr'><strong>derelicta,</strong></span> <span class='ocrx_word' id='word_1_439' title='bbox 1756 3391 1819 3438; x_wconf 90' lang='lat' dir='ltr'><strong>ut</strong></span> 
     </span>
    </p>
   </div>
   <div class='ocr_carea' id='block_1_64' title="bbox 109 3467 1822 3537">
    <p class='ocr_par' dir='ltr' id='par_1_64' title="bbox 109 3467 1822 3537">
     <span class='ocr_line' id='line_1_64' title="bbox 109 3467 1822 3537; baseline 0.001 -13"><span class='ocrx_word' id='word_1_440' title='bbox 109 3468 232 3524; x_wconf 94' lang='lat' dir='ltr'><strong>sub</strong></span> <span class='ocrx_word' id='word_1_441' title='bbox 267 3467 544 3536; x_wconf 91' lang='lat' dir='ltr'><strong>impluvio</strong></span> <span class='ocrx_word' id='word_1_442' title='bbox 573 3476 863 3537; x_wconf 90' lang='lat' dir='ltr'><strong>corrupta,</strong></span> <span class='ocrx_word' id='word_1_443' title='bbox 897 3481 1196 3523; x_wconf 88' lang='lat' dir='ltr'><strong>corrosave</strong></span> <span class='ocrx_word' id='word_1_444' title='bbox 1237 3482 1270 3522; x_wconf 89' lang='lat' dir='ltr'><strong>a</strong></span> <span class='ocrx_word' id='word_1_445' title='bbox 1322 3468 1512 3524; x_wconf 90' lang='lat' dir='ltr'><strong>blattis</strong></span> <span class='ocrx_word' id='word_1_446' title='bbox 1555 3483 1622 3524; x_wconf 89' lang='lat' dir='ltr'><strong>ac</strong></span> <span class='ocrx_word' id='word_1_447' title='bbox 1655 3471 1822 3526; x_wconf 89' lang='lat' dir='ltr'><strong>tineis</strong></span> 
     </span>
    </p>
   </div>
   <div class='ocr_carea' id='block_1_65' title="bbox 109 3555 1819 3628">
    <p class='ocr_par' dir='ltr' id='par_1_65' title="bbox 109 3555 1819 3628">
     <span class='ocr_line' id='line_1_65' title="bbox 109 3555 1819 3628; baseline 0.001 -18"><span class='ocrx_word' id='word_1_448' title='bbox 109 3562 349 3610; x_wconf 80' lang='lat' dir='ltr'><strong>exstent</strong></span> <span class='ocrx_word' id='word_1_449' title='bbox 380 3555 580 3609; x_wconf 90' lang='lat' dir='ltr'><strong>modo:</strong></span> <span class='ocrx_word' id='word_1_450' title='bbox 615 3568 756 3609; x_wconf 92' lang='lat' dir='ltr'><strong>cura</strong></span> <span class='ocrx_word' id='word_1_451' title='bbox 787 3555 1162 3610; x_wconf 91' lang='lat' dir='ltr'><strong>nihilominus</strong></span> <span class='ocrx_word' id='word_1_452' title='bbox 1194 3557 1570 3625; x_wconf 84' lang='lat' dir='ltr'><strong>permaxima,</strong></span> <span class='ocrx_word' id='word_1_453' title='bbox 1603 3557 1819 3628; x_wconf 90' lang='lat' dir='ltr'><strong>ingenti</strong></span> 
     </span>
    </p>
   </div>
   <div class='ocr_carea' id='block_1_66' title="bbox 111 3643 1821 3702">
    <p class='ocr_par' dir='ltr' id='par_1_66' title="bbox 111 3643 1821 3702">
     <span class='ocr_line' id='line_1_66' title="bbox 111 3643 1821 3702; baseline 0.002 -3"><span class='ocrx_word' id='word_1_454' title='bbox 111 3645 319 3700; x_wconf 90' lang='lat' dir='ltr'><strong>labore</strong></span> <span class='ocrx_word' id='word_1_455' title='bbox 365 3657 432 3697; x_wconf 88' lang='lat' dir='ltr'><strong>ac</strong></span> <span class='ocrx_word' id='word_1_456' title='bbox 460 3643 650 3699; x_wconf 90' lang='lat' dir='ltr'><strong>studio</strong></span> <span class='ocrx_word' id='word_1_457' title='bbox 697 3645 761 3699; x_wconf 83' lang='lat' dir='ltr'><strong>R.</strong></span> <span class='ocrx_word' id='word_1_458' title='bbox 798 3644 856 3698; x_wconf 94' lang='grc' dir='ltr'><strong>Ρ.</strong></span> <span class='ocrx_word' id='word_1_459' title='bbox 892 3644 1148 3700; x_wconf 90' lang='lat' dir='ltr'><strong>Domnus</strong></span> <span class='ocrx_word' id='word_1_460' title='bbox 1178 3643 1401 3700; x_wconf 92' lang='lat' dir='ltr'><strong>Simeon</strong></span> <span class='ocrx_word' id='word_1_461' title='bbox 1439 3645 1821 3702; x_wconf 87' lang='lat' dir='ltr'><strong>Maubaillard</strong></span> 
     </span>
    </p>
   </div>
   <div class='ocr_carea' id='block_1_67' title="bbox 111 3731 1817 3802">
    <p class='ocr_par' dir='ltr' id='par_1_67' title="bbox 111 3731 1817 3802">
     <span class='ocr_line' id='line_1_67' title="bbox 111 3731 1817 3802; baseline 0.001 -14"><span class='ocrx_word' id='word_1_462' title='bbox 111 3739 333 3788; x_wconf 73' lang='lat' dir='ltr'><strong>nostrae</strong></span> <span class='ocrx_word' id='word_1_463' title='bbox 364 3745 632 3802; x_wconf 79' lang='lat' dir='ltr'><strong>congreg.</strong></span> <span class='ocrx_word' id='word_1_464' title='bbox 688 3731 782 3787; x_wconf 92' lang='lat' dir='ltr'><strong>illo</strong></span> <span class='ocrx_word' id='word_1_465' title='bbox 816 3732 873 3786; x_wconf 93' lang='lat' dir='ltr'><strong>in</strong></span> <span class='ocrx_word' id='word_1_466' title='bbox 916 3732 1171 3787; x_wconf 86' lang='lat' dir='ltr'><strong>coenobio</strong></span> <span class='ocrx_word' id='word_1_467' title='bbox 1203 3732 1375 3802; x_wconf 93' lang='lat' dir='ltr'><strong>prior,</strong></span> <span class='ocrx_word' id='word_1_468' title='bbox 1419 3734 1508 3789; x_wconf 90' lang='lat' dir='ltr'><strong>vir</strong></span> <span class='ocrx_word' id='word_1_469' title='bbox 1551 3749 1665 3789; x_wconf 91' lang='lat' dir='ltr'><strong>non</strong></span> <span class='ocrx_word' id='word_1_470' title='bbox 1697 3749 1817 3790; x_wconf 91' lang='lat' dir='ltr'><strong>me-</strong></span> 
     </span>
    </p>
   </div>
   <div class='ocr_carea' id='block_1_68' title="bbox 111 3820 1820 3892">
    <p class='ocr_par' dir='ltr' id='par_1_68' title="bbox 111 3820 1820 3892">
     <span class='ocr_line' id='line_1_68' title="bbox 111 3820 1820 3892; baseline 0.002 -17"><span class='ocrx_word' id='word_1_471' title='bbox 111 3820 393 3875; x_wconf 90' lang='lat' dir='ltr'><strong>diocriter</strong></span> <span class='ocrx_word' id='word_1_472' title='bbox 415 3820 694 3887; x_wconf 91' lang='lat' dir='ltr'><strong>eruditus,</strong></span> <span class='ocrx_word' id='word_1_473' title='bbox 727 3821 1064 3876; x_wconf 86' lang='lat' dir='ltr'><strong>chartarum</strong></span> <span class='ocrx_word' id='word_1_474' title='bbox 1106 3820 1401 3890; x_wconf 91' lang='lat' dir='ltr'><strong>reliquias,</strong></span> <span class='ocrx_word' id='word_1_475' title='bbox 1436 3837 1567 3892; x_wconf 77' lang='lat' dir='ltr'><strong>quae</strong></span> <span class='ocrx_word' id='word_1_476' title='bbox 1610 3824 1682 3878; x_wconf 92' lang='lat' dir='ltr'><strong>ab</strong></span> <span class='ocrx_word' id='word_1_477' title='bbox 1720 3837 1820 3878; x_wconf 88' lang='lat' dir='ltr'><strong>ex-</strong></span> 
     </span>
    </p>
   </div>
   <div class='ocr_carea' id='block_1_69' title="bbox 111 3909 1822 3978">
    <p class='ocr_par' dir='ltr' id='par_1_69' title="bbox 111 3909 1822 3978">
     <span class='ocr_line' id='line_1_69' title="bbox 111 3909 1822 3978; baseline 0.002 -14"><span class='ocrx_word' id='word_1_478' title='bbox 111 3909 268 3964; x_wconf 90' lang='lat' dir='ltr'><strong>cidio</strong></span> <span class='ocrx_word' id='word_1_479' title='bbox 300 3915 456 3964; x_wconf 87' lang='lat' dir='ltr'><strong>tanto</strong></span> <span class='ocrx_word' id='word_1_480' title='bbox 492 3916 814 3974; x_wconf 86' lang='lat' dir='ltr'><strong>evaserant,</strong></span> <span class='ocrx_word' id='word_1_481' title='bbox 860 3910 1091 3978; x_wconf 90' lang='lat' dir='ltr'><strong>eripuit.</strong></span> <span class='ocrx_word' id='word_1_482' title='bbox 1124 3911 1340 3965; x_wconf 91' lang='lat' dir='ltr'><strong>Earum</strong></span> <span class='ocrx_word' id='word_1_483' title='bbox 1374 3911 1683 3968; x_wconf 91' lang='lat' dir='ltr'><strong>nonnullas</strong></span> <span class='ocrx_word' id='word_1_484' title='bbox 1712 3927 1822 3968; x_wconf 90' lang='lat' dir='ltr'><strong>no-</strong></span> 
     </span>
    </p>
   </div>
   <div class='ocr_carea' id='block_1_70' title="bbox 111 3998 1333 4054">
    <p class='ocr_par' dir='ltr' id='par_1_70' title="bbox 111 3998 1333 4054">
     <span class='ocr_line' id='line_1_70' title="bbox 111 3998 1333 4054; baseline 0 -2"><span class='ocrx_word' id='word_1_485' title='bbox 111 3998 254 4052; x_wconf 89' lang='lat' dir='ltr'><strong>stris</strong></span> <span class='ocrx_word' id='word_1_486' title='bbox 283 3998 783 4053; x_wconf 90' lang='lat' dir='ltr'><strong>observationibus</strong></span> <span class='ocrx_word' id='word_1_487' title='bbox 814 3998 1132 4053; x_wconf 91' lang='lat' dir='ltr'><strong>inseremus</strong></span> <span class='ocrx_word' id='word_1_488' title='bbox 1163 3998 1333 4054; x_wconf 90' lang='lat' dir='ltr'><strong>infra.</strong></span> 
     </span>
    </p>
   </div>
   <div class='ocr_carea' id='block_1_71' title="bbox 191 4086 1822 4158">
    <p class='ocr_par' dir='ltr' id='par_1_71' title="bbox 191 4086 1822 4158">
     <span class='ocr_line' id='line_1_71' title="bbox 191 4086 1822 4158; baseline 0.002 -18"><span class='ocrx_word' id='word_1_489' title='bbox 191 4087 369 4141; x_wconf 89' lang='lat' dir='ltr'><strong>Porro</strong></span> <span class='ocrx_word' id='word_1_490' title='bbox 405 4086 573 4155; x_wconf 91' lang='lat' dir='ltr'><strong>plura</strong></span> <span class='ocrx_word' id='word_1_491' title='bbox 603 4087 923 4158; x_wconf 85' lang='lat' dir='ltr'><strong>Novigenta</strong></span> <span class='ocrx_word' id='word_1_492' title='bbox 962 4087 1112 4142; x_wconf 90' lang='lat' dir='ltr'><strong>notis</strong></span> <span class='ocrx_word' id='word_1_493' title='bbox 1139 4087 1209 4141; x_wconf 91' lang='lat' dir='ltr'><strong>ad</strong></span> <span class='ocrx_word' id='word_1_494' title='bbox 1245 4087 1418 4142; x_wconf 88' lang='lat' dir='ltr'><strong>vitam</strong></span> <span class='ocrx_word' id='word_1_495' title='bbox 1449 4089 1508 4143; x_wconf 92' lang='lat' dir='ltr'><strong>B.</strong></span> <span class='ocrx_word' id='word_1_496' title='bbox 1545 4089 1822 4144; x_wconf 91' lang='lat' dir='ltr'><strong>Bernardi</strong></span> 
     </span>
    </p>
   </div>
   <div class='ocr_carea' id='block_1_72' title="bbox 111 4177 1570 4247">
    <p class='ocr_par' dir='ltr' id='par_1_72' title="bbox 111 4177 1570 4247">
     <span class='ocr_line' id='line_1_72' title="bbox 111 4177 1570 4247; baseline 0.001 -17"><span class='ocrx_word' id='word_1_497' title='bbox 111 4177 332 4246; x_wconf 84' lang='lat' dir='ltr'><strong>Tyron.</strong></span> <span class='ocrx_word' id='word_1_498' title='bbox 368 4178 653 4232; x_wconf 85' lang='lat' dir='ltr'><strong>recensuit</strong></span> <span class='ocrx_word' id='word_1_499' title='bbox 690 4190 831 4247; x_wconf 89' lang='lat' dir='ltr'><strong>page</strong></span> <span class='ocrx_word' id='word_1_500' title='bbox 862 4178 965 4232; x_wconf 78' lang='grc'><strong>246</strong></span> <span class='ocrx_word' id='word_1_501' title='bbox 1000 4177 1201 4232; x_wconf 91' lang='lat' dir='ltr'><strong>doctus</strong></span> <span class='ocrx_word' id='word_1_502' title='bbox 1232 4177 1570 4232; x_wconf 86' lang='lat' dir='ltr'><strong>Souchetus.</strong></span> 
     </span>
    </p>
   </div>
   <div class='ocr_carea' id='block_1_73' title="bbox 187 4262 1818 4332">
    <p class='ocr_par' dir='ltr' id='par_1_73' title="bbox 187 4262 1818 4332">
     <span class='ocr_line' id='line_1_73' title="bbox 187 4262 1818 4332; baseline 0.002 -17"><span class='ocrx_word' id='word_1_503' title='bbox 187 4263 282 4331; x_wconf 80' lang='grc'><strong>(⁸⁸)</strong></span> <span class='ocrx_word' id='word_1_504' title='bbox 305 4263 439 4317; x_wconf 77' lang='lat' dir='ltr'><strong>Iulo.</strong></span> <span class='ocrx_word' id='word_1_505' title='bbox 463 4292 532 4300; x_wconf 97' lang='lat'><strong>—</strong></span> <span class='ocrx_word' id='word_1_506' title='bbox 554 4262 726 4332; x_wconf 76' lang='lat' dir='ltr'><strong>Apud</strong></span> <span class='ocrx_word' id='word_1_507' title='bbox 748 4263 968 4330; x_wconf 76' lang='lat' dir='ltr'><strong>Anglos</strong></span> <span class='ocrx_word' id='word_1_508' title='bbox 985 4267 1122 4317; x_wconf 87' lang='lat' dir='ltr'><strong>ante</strong></span> <span class='ocrx_word' id='word_1_509' title='bbox 1149 4263 1450 4317; x_wconf 85' lang='lat' dir='ltr'><strong>Incarnati</strong></span> <span class='ocrx_word' id='word_1_510' title='bbox 1489 4264 1679 4330; x_wconf 80' lang='lat' dir='ltr'><strong>Verbi,</strong></span> <span class='ocrx_word' id='word_1_511' title='bbox 1711 4269 1818 4320; x_wconf 85' lang='lat' dir='ltr'><strong>etc.</strong></span> 
     </span>
    </p>
   </div>
   <div class='ocr_carea' id='block_1_74' title="bbox 114 4350 1820 4420">
    <p class='ocr_par' dir='ltr' id='par_1_74' title="bbox 114 4350 1820 4420">
     <span class='ocr_line' id='line_1_74' title="bbox 114 4350 1820 4420; baseline 0.002 -15"><span class='ocrx_word' id='word_1_512' title='bbox 114 4351 171 4405; x_wconf 92' lang='lat' dir='ltr'><strong>Si</strong></span> <span class='ocrx_word' id='word_1_513' title='bbox 221 4351 370 4406; x_wconf 91' lang='lat' dir='ltr'><strong>mira</strong></span> <span class='ocrx_word' id='word_1_514' title='bbox 417 4350 519 4405; x_wconf 88' lang='lat' dir='ltr'><strong>tibi</strong></span> <span class='ocrx_word' id='word_1_515' title='bbox 563 4365 694 4420; x_wconf 77' lang='lat' dir='ltr'><strong>quae</strong></span> <span class='ocrx_word' id='word_1_516' title='bbox 739 4351 909 4406; x_wconf 89' lang='lat' dir='ltr'><strong>hocce</strong></span> <span class='ocrx_word' id='word_1_517' title='bbox 955 4358 1068 4405; x_wconf 90' lang='lat' dir='ltr'><strong>toto</strong></span> <span class='ocrx_word' id='word_1_518' title='bbox 1117 4351 1301 4420; x_wconf 89' lang='lat' dir='ltr'><strong>capite</strong></span> <span class='ocrx_word' id='word_1_519' title='bbox 1348 4352 1551 4408; x_wconf 85' lang='lat' dir='ltr'><strong>attexit</strong></span> <span class='ocrx_word' id='word_1_520' title='bbox 1599 4360 1820 4418; x_wconf 87' lang='lat' dir='ltr'><strong>auctor,</strong></span> 
     </span>
    </p>
   </div>
   <div class='ocr_carea' id='block_1_75' title="bbox 114 4439 1820 4508">
    <p class='ocr_par' dir='ltr' id='par_1_75' title="bbox 114 4439 1820 4508">
     <span class='ocr_line' id='line_1_75' title="bbox 114 4439 1820 4508; baseline 0.002 -14"><span class='ocrx_word' id='word_1_521' title='bbox 114 4439 453 4504; x_wconf 86' lang='lat' dir='ltr'><strong>videantur,</strong></span> <span class='ocrx_word' id='word_1_522' title='bbox 475 4453 680 4494; x_wconf 83' lang='lat' dir='ltr'><strong>caveas</strong></span> <span class='ocrx_word' id='word_1_523' title='bbox 702 4447 891 4494; x_wconf 91' lang='lat' dir='ltr'><strong>tamen</strong></span> <span class='ocrx_word' id='word_1_524' title='bbox 915 4439 1017 4508; x_wconf 89' lang='lat' dir='ltr'><strong>ipsi</strong></span> <span class='ocrx_word' id='word_1_525' title='bbox 1041 4439 1208 4494; x_wconf 89' lang='lat' dir='ltr'><strong>velim</strong></span> <span class='ocrx_word' id='word_1_526' title='bbox 1236 4447 1425 4495; x_wconf 91' lang='lat' dir='ltr'><strong>notam</strong></span> <span class='ocrx_word' id='word_1_527' title='bbox 1451 4441 1537 4496; x_wconf 91' lang='lat' dir='ltr'><strong>vel</strong></span> <span class='ocrx_word' id='word_1_528' title='bbox 1563 4442 1820 4508; x_wconf 66' lang='lat' dir='ltr'><strong>inscitiae,</strong></span> 
     </span>
    </p>
   </div>
   <div class='ocr_carea' id='block_1_76' title="bbox 115 4525 1822 4597">
    <p class='ocr_par' dir='ltr' id='par_1_76' title="bbox 115 4525 1822 4597">
     <span class='ocr_line' id='line_1_76' title="bbox 115 4525 1822 4597; baseline 0.002 -16"><span class='ocrx_word' id='word_1_529' title='bbox 115 4526 212 4581; x_wconf 89' lang='lat' dir='ltr'><strong>vel</strong></span> <span class='ocrx_word' id='word_1_530' title='bbox 237 4526 477 4594; x_wconf 87' lang='lat' dir='ltr'><strong>fraudis,</strong></span> <span class='ocrx_word' id='word_1_531' title='bbox 493 4533 594 4581; x_wconf 90' lang='lat' dir='ltr'><strong>aut</strong></span> <span class='ocrx_word' id='word_1_532' title='bbox 614 4525 918 4582; x_wconf 67' lang='lat' dir='ltr'><strong>calumnia:</strong></span> <span class='ocrx_word' id='word_1_533' title='bbox 943 4527 1189 4582; x_wconf 90' lang='lat' dir='ltr'><strong>inurere.</strong></span> <span class='ocrx_word' id='word_1_534' title='bbox 1210 4527 1474 4597; x_wconf 90' lang='lat' dir='ltr'><strong>Namque</strong></span> <span class='ocrx_word' id='word_1_535' title='bbox 1494 4528 1620 4583; x_wconf 89' lang='lat' dir='ltr'><strong>licet</strong></span> <span class='ocrx_word' id='word_1_536' title='bbox 1642 4529 1822 4584; x_wconf 90' lang='lat' dir='ltr'><strong>altum</strong></span> 
     </span>
    </p>
   </div>
   <div class='ocr_carea' id='block_1_77' title="bbox 119 4615 1820 4685">
    <p class='ocr_par' dir='ltr' id='par_1_77' title="bbox 119 4615 1820 4685">
     <span class='ocr_line' id='line_1_77' title="bbox 119 4615 1820 4685; baseline -0.001 -14"><span class='ocrx_word' id='word_1_537' title='bbox 119 4615 282 4684; x_wconf 89' lang='lat' dir='ltr'><strong>apud</strong></span> <span class='ocrx_word' id='word_1_538' title='bbox 333 4615 637 4684; x_wconf 90' lang='lat' dir='ltr'><strong>scriptores</strong></span> <span class='ocrx_word' id='word_1_539' title='bbox 701 4629 832 4669; x_wconf 92' lang='lat' dir='ltr'><strong>cum</strong></span> <span class='ocrx_word' id='word_1_540' title='bbox 887 4629 1099 4680; x_wconf 90' lang='lat' dir='ltr'><strong>sacros,</strong></span> <span class='ocrx_word' id='word_1_541' title='bbox 1169 4616 1381 4671; x_wconf 90' lang='lat' dir='ltr'><strong>Lucam</strong></span> <span class='ocrx_word' id='word_1_542' title='bbox 1447 4616 1820 4685; x_wconf 89' lang='lat' dir='ltr'><strong>apostolicum</strong></span> 
     </span>
    </p>
   </div>
   <div class='ocr_carea' id='block_1_78' title="bbox 120 4702 1824 4775">
    <p class='ocr_par' dir='ltr' id='par_1_78' title="bbox 120 4702 1824 4775">
     <span class='ocr_line' id='line_1_78' title="bbox 120 4702 1824 4775; baseline 0.001 -17"><span class='ocrx_word' id='word_1_543' title='bbox 120 4703 435 4772; x_wconf 68' lang='lat' dir='ltr'><strong>praecipue,</strong></span> <span class='ocrx_word' id='word_1_544' title='bbox 499 4710 622 4758; x_wconf 90' lang='lat' dir='ltr'><strong>tum</strong></span> <span class='ocrx_word' id='word_1_545' title='bbox 681 4702 1004 4767; x_wconf 77' lang='lat' dir='ltr'><strong>saeculares,</strong></span> <span class='ocrx_word' id='word_1_546' title='bbox 1057 4717 1126 4758; x_wconf 91' lang='lat' dir='ltr'><strong>ac</strong></span> <span class='ocrx_word' id='word_1_547' title='bbox 1179 4718 1295 4772; x_wconf 71' lang='lat' dir='ltr'><strong>praa</strong></span> <span class='ocrx_word' id='word_1_548' title='bbox 1341 4705 1560 4760; x_wconf 64' lang='lat' dir='ltr'><strong>caeteris</strong></span> <span class='ocrx_word' id='word_1_549' title='bbox 1603 4705 1704 4775; x_wconf 91' lang='lat' dir='ltr'><strong>qui</strong></span> <span class='ocrx_word' id='word_1_550' title='bbox 1755 4705 1824 4760; x_wconf 92' lang='lat' dir='ltr'><strong>de</strong></span> 
     </span>
    </p>
   </div>
   <div class='ocr_carea' id='block_1_79' title="bbox 122 4790 1827 4862">
    <p class='ocr_par' dir='ltr' id='par_1_79' title="bbox 122 4790 1827 4862">
     <span class='ocr_line' id='line_1_79' title="bbox 122 4790 1827 4862; baseline 0.001 -16"><span class='ocrx_word' id='word_1_551' title='bbox 122 4790 474 4846; x_wconf 89' lang='lat' dir='ltr'><strong>Britannicis</strong></span> <span class='ocrx_word' id='word_1_552' title='bbox 515 4791 791 4860; x_wconf 91' lang='lat' dir='ltr'><strong>scripsere</strong></span> <span class='ocrx_word' id='word_1_553' title='bbox 828 4791 1018 4852; x_wconf 89' lang='lat' dir='ltr'><strong>rebus.</strong></span> <span class='ocrx_word' id='word_1_554' title='bbox 1056 4790 1230 4847; x_wconf 92' lang='lat' dir='ltr'><strong>fuerit</strong></span> <span class='ocrx_word' id='word_1_555' title='bbox 1261 4792 1587 4862; x_wconf 86' lang='lat' dir='ltr'><strong>silentium;</strong></span> <span class='ocrx_word' id='word_1_556' title='bbox 1619 4801 1674 4848; x_wconf 90' lang='lat' dir='ltr'><strong>et</strong></span> <span class='ocrx_word' id='word_1_557' title='bbox 1706 4793 1827 4848; x_wconf 92' lang='lat' dir='ltr'><strong>ani-</strong></span> 
     </span>
    </p>
   </div>
   <div class='ocr_carea' id='block_1_80' title="bbox 121 4879 1824 4952">
    <p class='ocr_par' dir='ltr' id='par_1_80' title="bbox 121 4879 1824 4952">
     <span class='ocr_line' id='line_1_80' title="bbox 121 4879 1824 4952; baseline 0.001 -17"><span class='ocrx_word' id='word_1_558' title='bbox 121 4895 258 4936; x_wconf 90' lang='lat' dir='ltr'><strong>mus</strong></span> <span class='ocrx_word' id='word_1_559' title='bbox 310 4879 590 4935; x_wconf 90' lang='lat' dir='ltr'><strong>nonnulla</strong></span> <span class='ocrx_word' id='word_1_560' title='bbox 624 4880 852 4935; x_wconf 87' lang='lat' dir='ltr'><strong>credere</strong></span> <span class='ocrx_word' id='word_1_561' title='bbox 896 4880 1138 4950; x_wconf 86' lang='lat' dir='ltr'><strong>hujusce</strong></span> <span class='ocrx_word' id='word_1_562' title='bbox 1169 4882 1515 4937; x_wconf 87' lang='lat' dir='ltr'><strong>narrationis</strong></span> <span class='ocrx_word' id='word_1_563' title='bbox 1545 4883 1824 4952; x_wconf 84' lang='lat' dir='ltr'><strong>quodam-</strong></span> 
     </span>
    </p>
   </div>
   <div class='ocr_carea' id='block_1_81' title="bbox 121 4965 1825 5037">
    <p class='ocr_par' dir='ltr' id='par_1_81' title="bbox 121 4965 1825 5037">
     <span class='ocr_line' id='line_1_81' title="bbox 121 4965 1825 5037; baseline 0.001 -16"><span class='ocrx_word' id='word_1_564' title='bbox 121 4967 292 5022; x_wconf 92' lang='lat' dir='ltr'><strong>modo</strong></span> <span class='ocrx_word' id='word_1_565' title='bbox 323 4965 589 5036; x_wconf 88' lang='lat' dir='ltr'><strong>refugiat,</strong></span> <span class='ocrx_word' id='word_1_566' title='bbox 634 4980 765 5036; x_wconf 75' lang='lat' dir='ltr'><strong>quze</strong></span> <span class='ocrx_word' id='word_1_567' title='bbox 811 4965 1014 5020; x_wconf 91' lang='lat' dir='ltr'><strong>litteris</strong></span> <span class='ocrx_word' id='word_1_568' title='bbox 1060 4965 1151 5022; x_wconf 89' lang='lat' dir='ltr'><strong>ille</strong></span> <span class='ocrx_word' id='word_1_569' title='bbox 1193 4979 1227 5020; x_wconf 91' lang='lat' dir='ltr'><strong>a</strong></span> <span class='ocrx_word' id='word_1_570' title='bbox 1278 4967 1595 5037; x_wconf 85' lang='lat' dir='ltr'><strong>majoribus</strong></span> <span class='ocrx_word' id='word_1_571' title='bbox 1644 4969 1825 5023; x_wconf 88' lang='lat' dir='ltr'><strong>consi-</strong></span> 
     </span>
    </p>
   </div>
   <div class='ocr_carea' id='block_1_82' title="bbox 122 5053 1826 5124">
    <p class='ocr_par' dir='ltr' id='par_1_82' title="bbox 122 5053 1826 5124">
     <span class='ocr_line' id='line_1_82' title="bbox 122 5053 1826 5124; baseline 0.001 -16"><span class='ocrx_word' id='word_1_572' title='bbox 122 5063 301 5124; x_wconf 86' lang='lat' dir='ltr'><strong>gnata</strong></span> <span class='ocrx_word' id='word_1_573' title='bbox 334 5055 539 5123; x_wconf 90' lang='lat' dir='ltr'><strong>reperit</strong></span> <span class='ocrx_word' id='word_1_574' title='bbox 567 5069 699 5109; x_wconf 89' lang='lat' dir='ltr'><strong>cum</strong></span> <span class='ocrx_word' id='word_1_575' title='bbox 732 5053 951 5123; x_wconf 91' lang='lat' dir='ltr'><strong>aperiat</strong></span> <span class='ocrx_word' id='word_1_576' title='bbox 982 5054 1154 5120; x_wconf 91' lang='lat' dir='ltr'><strong>nude,</strong></span> <span class='ocrx_word' id='word_1_577' title='bbox 1190 5055 1353 5124; x_wconf 90' lang='lat' dir='ltr'><strong>quid,</strong></span> <span class='ocrx_word' id='word_1_578' title='bbox 1381 5057 1607 5123; x_wconf 89' lang='lat' dir='ltr'><strong>amabo,</strong></span> <span class='ocrx_word' id='word_1_579' title='bbox 1637 5057 1826 5111; x_wconf 86' lang='lat' dir='ltr'><strong>crimi-</strong></span> 
     </span>
    </p>
   </div>
   <div class='ocr_carea' id='block_1_83' title="bbox 121 5141 1823 5212">
    <p class='ocr_par' dir='ltr' id='par_1_83' title="bbox 121 5141 1823 5212">
     <span class='ocr_line' id='line_1_83' title="bbox 121 5141 1823 5212; baseline 0.002 -16"><span class='ocrx_word' id='word_1_580' title='bbox 121 5143 235 5210; x_wconf 90' lang='lat' dir='ltr'><strong>nis,</strong></span> <span class='ocrx_word' id='word_1_581' title='bbox 263 5144 446 5212; x_wconf 63' lang='lat' dir='ltr'><strong>culpae</strong></span> <span class='ocrx_word' id='word_1_582' title='bbox 492 5142 632 5212; x_wconf 91' lang='lat' dir='ltr'><strong>quid</strong></span> <span class='ocrx_word' id='word_1_583' title='bbox 681 5141 1014 5198; x_wconf 87' lang='lat' dir='ltr'><strong>commisit?</strong></span> <span class='ocrx_word' id='word_1_584' title='bbox 1056 5141 1224 5211; x_wconf 91' lang='lat' dir='ltr'><strong>plane</strong></span> <span class='ocrx_word' id='word_1_585' title='bbox 1272 5143 1436 5198; x_wconf 92' lang='lat' dir='ltr'><strong>nihil.</strong></span> <span class='ocrx_word' id='word_1_586' title='bbox 1487 5144 1709 5200; x_wconf 92' lang='lat' dir='ltr'><strong>Etenim</strong></span> <span class='ocrx_word' id='word_1_587' title='bbox 1756 5159 1823 5201; x_wconf 92' lang='lat' dir='ltr'><strong>ea</strong></span> 
     </span>
    </p>
   </div>
   <div class='ocr_carea' id='block_1_84' title="bbox 120 5229 1819 5302">
    <p class='ocr_par' dir='ltr' id='par_1_84' title="bbox 120 5229 1819 5302">
     <span class='ocr_line' id='line_1_84' title="bbox 120 5229 1819 5302; baseline 0.002 -18"><span class='ocrx_word' id='word_1_588' title='bbox 120 5231 359 5286; x_wconf 90' lang='lat' dir='ltr'><strong>minime</strong></span> <span class='ocrx_word' id='word_1_589' title='bbox 392 5239 666 5299; x_wconf 90' lang='lat' dir='ltr'><strong>tanquam</strong></span> <span class='ocrx_word' id='word_1_590' title='bbox 698 5229 1034 5285; x_wconf 59' lang='lat' dir='ltr'><strong>indubitata</strong></span> <span class='ocrx_word' id='word_1_591' title='bbox 1064 5229 1193 5285; x_wconf 89' lang='lat' dir='ltr'><strong>fidei</strong></span> <span class='ocrx_word' id='word_1_592' title='bbox 1225 5231 1508 5286; x_wconf 91' lang='lat' dir='ltr'><strong>credenda</strong></span> <span class='ocrx_word' id='word_1_593' title='bbox 1540 5235 1819 5302; x_wconf 91' lang='lat' dir='ltr'><strong>proponit.</strong></span> 
     </span>
    </p>
   </div>
   <div class='ocr_carea' id='block_1_85' title="bbox 120 5321 1823 5394">
    <p class='ocr_par' dir='ltr' id='par_1_85' title="bbox 120 5321 1823 5394">
     <span class='ocr_line' id='line_1_85' title="bbox 120 5321 1823 5394; baseline 0.002 -19"><span class='ocrx_word' id='word_1_594' title='bbox 120 5322 399 5378; x_wconf 83' lang='lat' dir='ltr'><strong>Historica</strong></span> <span class='ocrx_word' id='word_1_595' title='bbox 427 5330 593 5391; x_wconf 83' lang='lat' dir='ltr'><strong>sunt;</strong></span> <span class='ocrx_word' id='word_1_596' title='bbox 630 5321 862 5377; x_wconf 91' lang='lat' dir='ltr'><strong>absurdi</strong></span> <span class='ocrx_word' id='word_1_597' title='bbox 897 5321 1064 5388; x_wconf 88' lang='lat' dir='ltr'><strong>nihil,</strong></span> <span class='ocrx_word' id='word_1_598' title='bbox 1095 5336 1283 5391; x_wconf 90' lang='lat' dir='ltr'><strong>neque</strong></span> <span class='ocrx_word' id='word_1_599' title='bbox 1316 5331 1509 5391; x_wconf 89' lang='lat' dir='ltr'><strong>aperte</strong></span> <span class='ocrx_word' id='word_1_600' title='bbox 1549 5323 1672 5378; x_wconf 90' lang='lat' dir='ltr'><strong>falsi</strong></span> <span class='ocrx_word' id='word_1_601' title='bbox 1710 5339 1823 5394; x_wconf 74' lang='lat' dir='ltr'><strong>prae</strong></span> 
     </span>
    </p>
   </div>
   <div class='ocr_carea' id='block_1_86' title="bbox 119 5410 1821 5482">
    <p class='ocr_par' dir='ltr' id='par_1_86' title="bbox 119 5410 1821 5482">
     <span class='ocr_line' id='line_1_86' title="bbox 119 5410 1821 5482; baseline 0.002 -17"><span class='ocrx_word' id='word_1_602' title='bbox 119 5425 177 5465; x_wconf 90' lang='lat' dir='ltr'><strong>se</strong></span> <span class='ocrx_word' id='word_1_603' title='bbox 209 5410 422 5479; x_wconf 90' lang='lat' dir='ltr'><strong>ferunt,</strong></span> <span class='ocrx_word' id='word_1_604' title='bbox 467 5411 698 5466; x_wconf 82' lang='lat' dir='ltr'><strong>sufﬁcit.</strong></span> <span class='ocrx_word' id='word_1_605' title='bbox 753 5411 872 5465; x_wconf 92' lang='lat' dir='ltr'><strong>lmo</strong></span> <span class='ocrx_word' id='word_1_606' title='bbox 907 5413 1061 5465; x_wconf 88' lang='lat' dir='ltr'><strong>testis</strong></span> <span class='ocrx_word' id='word_1_607' title='bbox 1101 5410 1366 5466; x_wconf 84' lang='lat' dir='ltr'><strong>oculatus</strong></span> <span class='ocrx_word' id='word_1_608' title='bbox 1395 5420 1604 5467; x_wconf 91' lang='lat' dir='ltr'><strong>cuncta</strong></span> <span class='ocrx_word' id='word_1_609' title='bbox 1630 5413 1821 5482; x_wconf 86' lang='lat' dir='ltr'><strong>sepul-</strong></span> 
     </span>
    </p>
   </div>
   <div class='ocr_carea' id='block_1_87' title="bbox 119 5499 1822 5570">
    <p class='ocr_par' dir='ltr' id='par_1_87' title="bbox 119 5499 1822 5570">
     <span class='ocr_line' id='line_1_87' title="bbox 119 5499 1822 5570; baseline 0.003 -18"><span class='ocrx_word' id='word_1_610' title='bbox 119 5514 238 5568; x_wconf 87' lang='lat' dir='ltr'><strong>cro,</strong></span> <span class='ocrx_word' id='word_1_611' title='bbox 270 5500 513 5570; x_wconf 91' lang='lat' dir='ltr'><strong>aliisque</strong></span> <span class='ocrx_word' id='word_1_612' title='bbox 560 5499 974 5554; x_wconf 88' lang='lat' dir='ltr'><strong>vetustioribus</strong></span> <span class='ocrx_word' id='word_1_613' title='bbox 1017 5513 1148 5568; x_wconf 73' lang='lat' dir='ltr'><strong>quae</strong></span> <span class='ocrx_word' id='word_1_614' title='bbox 1180 5508 1574 5555; x_wconf 88' lang='lat' dir='ltr'><strong>remanserant</strong></span> <span class='ocrx_word' id='word_1_615' title='bbox 1607 5515 1822 5557; x_wconf 91' lang='lat' dir='ltr'><strong>monu-</strong></span> 
     </span>
    </p>
   </div>
   <div class='ocr_carea' id='block_1_88' title="bbox 120 5587 1818 5658">
    <p class='ocr_par' dir='ltr' id='par_1_88' title="bbox 120 5587 1818 5658">
     <span class='ocr_line' id='line_1_88' title="bbox 120 5587 1818 5658; baseline 0.002 -17"><span class='ocrx_word' id='word_1_616' title='bbox 120 5591 326 5644; x_wconf 90' lang='lat' dir='ltr'><strong>mentis</strong></span> <span class='ocrx_word' id='word_1_617' title='bbox 375 5588 668 5658; x_wconf 88' lang='lat' dir='ltr'><strong>quadrare</strong></span> <span class='ocrx_word' id='word_1_618' title='bbox 717 5595 1022 5642; x_wconf 84' lang='lat' dir='ltr'><strong>attestatur</strong></span> <span class='ocrx_word' id='word_1_619' title='bbox 1069 5587 1418 5641; x_wconf 88' lang='lat' dir='ltr'><strong>Guibertus:</strong></span> <span class='ocrx_word' id='word_1_620' title='bbox 1469 5609 1496 5636; x_wconf 87' lang='lat'><strong>«</strong></span> <span class='ocrx_word' id='word_1_621' title='bbox 1548 5588 1818 5653; x_wconf 76' lang='lat' dir='ltr'><strong>Quaedam</strong></span> 
     </span>
    </p>
   </div>
   <div class='ocr_carea' id='block_1_89' title="bbox 119 5674 1821 5745">
    <p class='ocr_par' dir='ltr' id='par_1_89' title="bbox 119 5674 1821 5745">
     <span class='ocr_line' id='line_1_89' title="bbox 119 5674 1821 5745; baseline 0.001 -14"><span class='ocrx_word' id='word_1_622' title='bbox 119 5687 311 5734; x_wconf 88' lang='lat' dir='ltr'><strong>autem</strong></span> <span class='ocrx_word' id='word_1_623' title='bbox 338 5685 496 5743; x_wconf 89' lang='lat' dir='ltr'><strong>sunt,</strong></span> <span class='ocrx_word' id='word_1_624' title='bbox 532 5676 610 5732; x_wconf 90' lang='lat' dir='ltr'><strong>ait</strong></span> <span class='ocrx_word' id='word_1_625' title='bbox 642 5677 774 5745; x_wconf 87' lang='lat' dir='ltr'><strong>ipse,</strong></span> <span class='ocrx_word' id='word_1_626' title='bbox 807 5675 863 5730; x_wconf 94' lang='lat' dir='ltr'><strong>in</strong></span> <span class='ocrx_word' id='word_1_627' title='bbox 901 5674 1100 5730; x_wconf 89' lang='lat' dir='ltr'><strong>eadem</strong></span> <span class='ocrx_word' id='word_1_628' title='bbox 1131 5674 1381 5729; x_wconf 88' lang='lat' dir='ltr'><strong>Ecclesia</strong></span> <span class='ocrx_word' id='word_1_629' title='bbox 1412 5675 1612 5732; x_wconf 68' lang='lat' dir='ltr'><strong>litterae</strong></span> <span class='ocrx_word' id='word_1_630' title='bbox 1640 5686 1821 5732; x_wconf 91' lang='lat' dir='ltr'><strong>metro</strong></span> 
     </span>
    </p>
   </div>
   <div class='ocr_carea' id='block_1_90' title="bbox 1931 3198 3638 3270">
    <p class='ocr_par' dir='ltr' id='par_1_90' title="bbox 1931 3198 3638 3270">
     <span class='ocr_line' id='line_1_90' title="bbox 1931 3198 3638 3270; baseline -0.001 -14"><span class='ocrx_word' id='word_1_631' title='bbox 1931 3199 2254 3268; x_wconf 81' lang='lat' dir='ltr'><strong>offenderis,</strong></span> <span class='ocrx_word' id='word_1_632' title='bbox 2286 3209 2340 3256; x_wconf 90' lang='lat' dir='ltr'><strong>et</strong></span> <span class='ocrx_word' id='word_1_633' title='bbox 2373 3200 2502 3254; x_wconf 91' lang='lat' dir='ltr'><strong>inde</strong></span> <span class='ocrx_word' id='word_1_634' title='bbox 2536 3199 2699 3270; x_wconf 91' lang='lat' dir='ltr'><strong>parvi</strong></span> <span class='ocrx_word' id='word_1_635' title='bbox 2734 3199 2906 3254; x_wconf 88' lang='lat' dir='ltr'><strong>facias</strong></span> <span class='ocrx_word' id='word_1_636' title='bbox 2937 3200 3047 3255; x_wconf 87' lang='lat' dir='ltr'><strong>fide</strong></span> <span class='ocrx_word' id='word_1_637' title='bbox 3078 3198 3440 3269; x_wconf 87' lang='lat' dir='ltr'><strong>dignissima;</strong></span> <span class='ocrx_word' id='word_1_638' title='bbox 3473 3201 3638 3269; x_wconf 90' lang='lat' dir='ltr'><strong>quin-</strong></span> 
     </span>
    </p>
   </div>
   <div class='ocr_carea' id='block_1_91' title="bbox 1931 3289 3635 3360">
    <p class='ocr_par' dir='ltr' id='par_1_91' title="bbox 1931 3289 3635 3360">
     <span class='ocr_line' id='line_1_91' title="bbox 1931 3289 3635 3360; baseline -0.001 -15"><span class='ocrx_word' id='word_1_639' title='bbox 1931 3293 2045 3345; x_wconf 91' lang='lat' dir='ltr'><strong>imo</strong></span> <span class='ocrx_word' id='word_1_640' title='bbox 2090 3304 2222 3360; x_wconf 75' lang='lat' dir='ltr'><strong>quae</strong></span> <span class='ocrx_word' id='word_1_641' title='bbox 2283 3297 2433 3345; x_wconf 89' lang='lat' dir='ltr'><strong>retro</strong></span> <span class='ocrx_word' id='word_1_642' title='bbox 2497 3289 2725 3344; x_wconf 65' lang='lat' dir='ltr'><strong>saeculis</strong></span> <span class='ocrx_word' id='word_1_643' title='bbox 2780 3297 3074 3344; x_wconf 87' lang='lat' dir='ltr'><strong>auctorem</strong></span> <span class='ocrx_word' id='word_1_644' title='bbox 3127 3301 3483 3356; x_wconf 58' lang='lat' dir='ltr'><strong>praecessere,</strong></span> <span class='ocrx_word' id='word_1_645' title='bbox 3532 3303 3635 3344; x_wconf 90' lang='lat' dir='ltr'><strong>seu</strong></span> 
     </span>
    </p>
   </div>
   <div class='ocr_carea' id='block_1_92' title="bbox 1931 3375 3632 3447">
    <p class='ocr_par' dir='ltr' id='par_1_92' title="bbox 1931 3375 3632 3447">
     <span class='ocr_line' id='line_1_92' title="bbox 1931 3375 3632 3447; baseline -0.002 -13"><span class='ocrx_word' id='word_1_646' title='bbox 1931 3393 2062 3447; x_wconf 75' lang='lat' dir='ltr'><strong>quae</strong></span> <span class='ocrx_word' id='word_1_647' title='bbox 2093 3379 2192 3447; x_wconf 92' lang='lat' dir='ltr'><strong>ipsi</strong></span> <span class='ocrx_word' id='word_1_648' title='bbox 2238 3375 2396 3432; x_wconf 89' lang='lat' dir='ltr'><strong>fuere</strong></span> <span class='ocrx_word' id='word_1_649' title='bbox 2445 3382 2593 3430; x_wconf 71' lang='lat' dir='ltr'><strong>an</strong></span> <span class='ocrx_word' id='word_1_650' title='bbox 2632 3390 2748 3446; x_wconf 68' lang='lat' dir='ltr'><strong>prae</strong></span> <span class='ocrx_word' id='word_1_651' title='bbox 2780 3376 2981 3442; x_wconf 90' lang='lat' dir='ltr'><strong>oculis,</strong></span> <span class='ocrx_word' id='word_1_652' title='bbox 3014 3384 3068 3430; x_wconf 90' lang='lat' dir='ltr'><strong>et</strong></span> <span class='ocrx_word' id='word_1_653' title='bbox 3115 3389 3245 3444; x_wconf 66' lang='lat' dir='ltr'><strong>qua:</strong></span> <span class='ocrx_word' id='word_1_654' title='bbox 3289 3389 3398 3430; x_wconf 91' lang='lat' dir='ltr'><strong>sua</strong></span> <span class='ocrx_word' id='word_1_655' title='bbox 3424 3389 3632 3432; x_wconf 89' lang='lat' dir='ltr'><strong>evene-</strong></span> 
     </span>
    </p>
   </div>
   <div class='ocr_carea' id='block_1_93' title="bbox 1931 3465 3120 3535">
    <p class='ocr_par' dir='ltr' id='par_1_93' title="bbox 1931 3465 3120 3535">
     <span class='ocr_line' id='line_1_93' title="bbox 1931 3465 3120 3535; baseline -0.002 -14"><span class='ocrx_word' id='word_1_656' title='bbox 1931 3481 1990 3522; x_wconf 94' lang='lat' dir='ltr'><strong>re</strong></span> <span class='ocrx_word' id='word_1_657' title='bbox 2024 3473 2374 3535; x_wconf 89' lang='lat' dir='ltr'><strong>tempestate,</strong></span> <span class='ocrx_word' id='word_1_658' title='bbox 2418 3465 2614 3520; x_wconf 85' lang='lat' dir='ltr'><strong>valeas</strong></span> <span class='ocrx_word' id='word_1_659' title='bbox 2647 3465 2854 3520; x_wconf 87' lang='lat' dir='ltr'><strong>habere</strong></span> <span class='ocrx_word' id='word_1_660' title='bbox 2884 3465 3120 3520; x_wconf 90' lang='lat' dir='ltr'><strong>delecta.</strong></span> 
     </span>
    </p>
   </div>
   <div class='ocr_carea' id='block_1_94' title="bbox 2004 3549 3632 3624">
    <p class='ocr_par' dir='ltr' id='par_1_94' title="bbox 2004 3549 3632 3624">
     <span class='ocr_line' id='line_1_94' title="bbox 2004 3549 3632 3624; baseline 0.002 -20"><span class='ocrx_word' id='word_1_661' title='bbox 2004 3557 2096 3624; x_wconf 69' lang='grc' dir='ltr'><strong>(σε)</strong></span> <span class='ocrx_word' id='word_1_662' title='bbox 2129 3556 2261 3608; x_wconf 84' lang='grc' dir='ltr'><strong>ΙΒΙΙ).</strong></span> <span class='ocrx_word' id='word_1_663' title='bbox 2313 3583 2370 3594; x_wconf 92' lang='lat'><em>--</em></span> <span class='ocrx_word' id='word_1_664' title='bbox 2418 3553 2668 3610; x_wconf 72' lang='grc' dir='ltr'><em>σαείείιὶ</em></span> <span class='ocrx_word' id='word_1_665' title='bbox 2715 3569 2849 3624; x_wconf 85' lang='lat' dir='ltr'><strong>ergo</strong></span> <span class='ocrx_word' id='word_1_666' title='bbox 2897 3552 3064 3606; x_wconf 80' lang='lat' dir='ltr'><strong>nulla</strong></span> <span class='ocrx_word' id='word_1_667' title='bbox 3095 3549 3437 3624; x_wconf 68' lang='lat' dir='ltr'><strong>antiquitas.</strong></span> <span class='ocrx_word' id='word_1_668' title='bbox 3491 3551 3632 3607; x_wconf 89' lang='lat' dir='ltr'><strong>Gra-</strong></span> 
     </span>
    </p>
   </div>
   <div class='ocr_carea' id='block_1_95' title="bbox 1932 3641 3635 3713">
    <p class='ocr_par' dir='ltr' id='par_1_95' title="bbox 1932 3641 3635 3713">
     <span class='ocr_line' id='line_1_95' title="bbox 1932 3641 3635 3713; baseline -0.001 -15"><span class='ocrx_word' id='word_1_669' title='bbox 1932 3644 2096 3713; x_wconf 88' lang='lat' dir='ltr'><strong>phice</strong></span> <span class='ocrx_word' id='word_1_670' title='bbox 2171 3641 2534 3698; x_wconf 87' lang='lat' dir='ltr'><strong>Codiciacum</strong></span> <span class='ocrx_word' id='word_1_671' title='bbox 2599 3641 2670 3696; x_wconf 89' lang='lat' dir='ltr'><strong>ad</strong></span> <span class='ocrx_word' id='word_1_672' title='bbox 2735 3650 2979 3697; x_wconf 87' lang='lat' dir='ltr'><strong>mentem</strong></span> <span class='ocrx_word' id='word_1_673' title='bbox 3044 3642 3297 3696; x_wconf 88' lang='lat' dir='ltr'><strong>auctoris</strong></span> <span class='ocrx_word' id='word_1_674' title='bbox 3363 3641 3635 3697; x_wconf 88' lang='lat' dir='ltr'><strong>describit</strong></span> 
     </span>
    </p>
   </div>
   <div class='ocr_carea' id='block_1_96' title="bbox 1932 3730 3630 3800">
    <p class='ocr_par' dir='ltr' id='par_1_96' title="bbox 1932 3730 3630 3800">
     <span class='ocr_line' id='line_1_96' title="bbox 1932 3730 3630 3800; baseline -0.001 -14"><span class='ocrx_word' id='word_1_675' title='bbox 1932 3731 2199 3800; x_wconf 85' lang='lat' dir='ltr'><strong>Papirius</strong></span> <span class='ocrx_word' id='word_1_676' title='bbox 2253 3731 2456 3796; x_wconf 86' lang='lat' dir='ltr'><strong>Masso,</strong></span> <span class='ocrx_word' id='word_1_677' title='bbox 2521 3732 2577 3785; x_wconf 93' lang='lat' dir='ltr'><strong>in</strong></span> <span class='ocrx_word' id='word_1_678' title='bbox 2627 3731 2899 3800; x_wconf 82' lang='lat' dir='ltr'><strong>Descript.</strong></span> <span class='ocrx_word' id='word_1_679' title='bbox 2949 3733 3152 3786; x_wconf 85' lang='lat' dir='ltr'><strong>Franc.</strong></span> <span class='ocrx_word' id='word_1_680' title='bbox 3210 3744 3309 3800; x_wconf 92' lang='lat' dir='ltr'><strong>per</strong></span> <span class='ocrx_word' id='word_1_681' title='bbox 3352 3730 3630 3786; x_wconf 86' lang='lat' dir='ltr'><strong>flumina:</strong></span> 
     </span>
    </p>
   </div>
   <div class='ocr_carea' id='block_1_97' title="bbox 1933 3817 3638 3888">
    <p class='ocr_par' dir='ltr' id='par_1_97' title="bbox 1933 3817 3638 3888">
     <span class='ocr_line' id='line_1_97' title="bbox 1933 3817 3638 3888; baseline 0.001 -14"><span class='ocrx_word' id='word_1_682' title='bbox 1933 3839 1961 3867; x_wconf 74' lang='grc' dir='ltr'><strong>α</strong></span> <span class='ocrx_word' id='word_1_683' title='bbox 2008 3817 2341 3874; x_wconf 88' lang='lat' dir='ltr'><strong>Codiciacus</strong></span> <span class='ocrx_word' id='word_1_684' title='bbox 2387 3827 2471 3874; x_wconf 91' lang='lat' dir='ltr'><strong>est</strong></span> <span class='ocrx_word' id='word_1_685' title='bbox 2521 3819 2679 3873; x_wconf 91' lang='lat' dir='ltr'><strong>locus</strong></span> <span class='ocrx_word' id='word_1_686' title='bbox 2719 3818 2834 3873; x_wconf 90' lang='lat' dir='ltr'><strong>situ</strong></span> <span class='ocrx_word' id='word_1_687' title='bbox 2877 3817 2990 3872; x_wconf 91' lang='lat' dir='ltr'><strong>alto</strong></span> <span class='ocrx_word' id='word_1_688' title='bbox 3033 3827 3209 3888; x_wconf 90' lang='lat' dir='ltr'><strong>atque</strong></span> <span class='ocrx_word' id='word_1_689' title='bbox 3252 3817 3548 3885; x_wconf 88' lang='lat' dir='ltr'><strong>eminenti,</strong></span> <span class='ocrx_word' id='word_1_690' title='bbox 3581 3826 3638 3875; x_wconf 93' lang='lat' dir='ltr'><strong>et</strong></span> 
     </span>
    </p>
   </div>
   <div class='ocr_carea' id='block_1_98' title="bbox 1933 3907 3634 3978">
    <p class='ocr_par' dir='ltr' id='par_1_98' title="bbox 1933 3907 3634 3978">
     <span class='ocr_line' id='line_1_98' title="bbox 1933 3907 3634 3978; baseline -0.001 -15"><span class='ocrx_word' id='word_1_691' title='bbox 1933 3907 2278 3963; x_wconf 88' lang='lat' dir='ltr'><strong>naturaliter</strong></span> <span class='ocrx_word' id='word_1_692' title='bbox 2318 3909 2540 3962; x_wconf 89' lang='lat' dir='ltr'><strong>munito</strong></span> <span class='ocrx_word' id='word_1_693' title='bbox 2569 3921 2636 3961; x_wconf 91' lang='lat' dir='ltr'><strong>ac</strong></span> <span class='ocrx_word' id='word_1_694' title='bbox 2665 3907 2997 3975; x_wconf 83' lang='lat' dir='ltr'><strong>despicienti</strong></span> <span class='ocrx_word' id='word_1_695' title='bbox 3032 3907 3290 3976; x_wconf 90' lang='lat' dir='ltr'><strong>undique</strong></span> <span class='ocrx_word' id='word_1_696' title='bbox 3319 3907 3634 3978; x_wconf 89' lang='lat' dir='ltr'><strong>subjectam</strong></span> 
     </span>
    </p>
   </div>
   <div class='ocr_carea' id='block_1_99' title="bbox 1935 3994 3636 4065">
    <p class='ocr_par' dir='ltr' id='par_1_99' title="bbox 1935 3994 3636 4065">
     <span class='ocr_line' id='line_1_99' title="bbox 1935 3994 3636 4065; baseline 0.001 -15"><span class='ocrx_word' id='word_1_697' title='bbox 1935 3995 2229 4065; x_wconf 92' lang='lat' dir='ltr'><strong>planitiem</strong></span> <span class='ocrx_word' id='word_1_698' title='bbox 2289 3996 2601 4050; x_wconf 90' lang='lat' dir='ltr'><strong>admodum</strong></span> <span class='ocrx_word' id='word_1_699' title='bbox 2669 3994 2933 4059; x_wconf 91' lang='lat' dir='ltr'><strong>fertilem,</strong></span> <span class='ocrx_word' id='word_1_700' title='bbox 2999 4010 3130 4064; x_wconf 69' lang='lat' dir='ltr'><strong>quae</strong></span> <span class='ocrx_word' id='word_1_701' title='bbox 3191 4009 3396 4050; x_wconf 91' lang='lat' dir='ltr'><strong>sumen</strong></span> <span class='ocrx_word' id='word_1_702' title='bbox 3469 4003 3636 4051; x_wconf 74' lang='lat' dir='ltr'><strong>terrae</strong></span> 
     </span>
    </p>
   </div>
   <div class='ocr_carea' id='block_1_100' title="bbox 1933 4083 3638 4154">
    <p class='ocr_par' dir='ltr' id='par_1_100' title="bbox 1933 4083 3638 4154">
     <span class='ocr_line' id='line_1_100' title="bbox 1933 4083 3638 4154; baseline 0.001 -16"><span class='ocrx_word' id='word_1_703' title='bbox 1933 4085 2042 4139; x_wconf 89' lang='lat' dir='ltr'><strong>dici</strong></span> <span class='ocrx_word' id='word_1_704' title='bbox 2097 4092 2297 4154; x_wconf 90' lang='lat' dir='ltr'><strong>potest.</strong></span> <span class='ocrx_word' id='word_1_705' title='bbox 2353 4084 2714 4138; x_wconf 86' lang='lat' dir='ltr'><strong>Codiciacum</strong></span> <span class='ocrx_word' id='word_1_706' title='bbox 2781 4097 2948 4138; x_wconf 91' lang='lat' dir='ltr'><strong>nemo</strong></span> <span class='ocrx_word' id='word_1_707' title='bbox 3001 4083 3156 4152; x_wconf 91' lang='lat' dir='ltr'><strong>quod</strong></span> <span class='ocrx_word' id='word_1_708' title='bbox 3207 4083 3384 4138; x_wconf 89' lang='lat' dir='ltr'><strong>sciam</strong></span> <span class='ocrx_word' id='word_1_709' title='bbox 3447 4084 3638 4153; x_wconf 90' lang='lat' dir='ltr'><strong>appel-</strong></span> 
     </span>
    </p>
   </div>
   <div class='ocr_carea' id='block_1_101' title="bbox 1935 4171 3635 4242">
    <p class='ocr_par' dir='ltr' id='par_1_101' title="bbox 1935 4171 3635 4242">
     <span class='ocr_line' id='line_1_101' title="bbox 1935 4171 3635 4242; baseline -0.001 -14"><span class='ocrx_word' id='word_1_710' title='bbox 1935 4173 2093 4240; x_wconf 91' lang='lat' dir='ltr'><strong>lavit,</strong></span> <span class='ocrx_word' id='word_1_711' title='bbox 2125 4172 2226 4242; x_wconf 92' lang='lat' dir='ltr'><strong>qui</strong></span> <span class='ocrx_word' id='word_1_712' title='bbox 2262 4181 2396 4228; x_wconf 91' lang='lat' dir='ltr'><strong>ante</strong></span> <span class='ocrx_word' id='word_1_713' title='bbox 2428 4171 2812 4227; x_wconf 87' lang='lat' dir='ltr'><strong>Flodoardum</strong></span> <span class='ocrx_word' id='word_1_714' title='bbox 2844 4171 3074 4226; x_wconf 89' lang='lat' dir='ltr'><strong>vixerit.</strong></span> <span class='ocrx_word' id='word_1_715' title='bbox 3105 4171 3168 4226; x_wconf 84' lang='lat' dir='ltr'><strong>in</strong></span> <span class='ocrx_word' id='word_1_716' title='bbox 3202 4171 3414 4227; x_wconf 87' lang='lat' dir='ltr'><strong>finibus</strong></span> <span class='ocrx_word' id='word_1_717' title='bbox 3443 4180 3635 4228; x_wconf 89' lang='lat' dir='ltr'><strong>autem</strong></span> 
     </span>
    </p>
   </div>
   <div class='ocr_carea' id='block_1_102' title="bbox 1935 4260 3637 4329">
    <p class='ocr_par' dir='ltr' id='par_1_102' title="bbox 1935 4260 3637 4329">
     <span class='ocr_line' id='line_1_102' title="bbox 1935 4260 3637 4329; baseline 0 -13"><span class='ocrx_word' id='word_1_718' title='bbox 1935 4261 2336 4316; x_wconf 89' lang='lat' dir='ltr'><strong>Laudunensis</strong></span> <span class='ocrx_word' id='word_1_719' title='bbox 2384 4261 2546 4316; x_wconf 89' lang='lat' dir='ltr'><strong>urbis</strong></span> <span class='ocrx_word' id='word_1_720' title='bbox 2591 4269 2644 4316; x_wconf 88' lang='lat' dir='ltr'><strong>et</strong></span> <span class='ocrx_word' id='word_1_721' title='bbox 2691 4262 3052 4329; x_wconf 88' lang='lat' dir='ltr'><strong>episcopatus</strong></span> <span class='ocrx_word' id='word_1_722' title='bbox 3090 4260 3402 4316; x_wconf 87' lang='lat' dir='ltr'><strong>collocatus</strong></span> <span class='ocrx_word' id='word_1_723' title='bbox 3443 4269 3548 4328; x_wconf 90' lang='lat' dir='ltr'><strong>est,</strong></span> <span class='ocrx_word' id='word_1_724' title='bbox 3582 4268 3637 4316; x_wconf 93' lang='lat' dir='ltr'><strong>et</strong></span> 
     </span>
    </p>
   </div>
   <div class='ocr_carea' id='block_1_103' title="bbox 1934 4349 3133 4405">
    <p class='ocr_par' dir='ltr' id='par_1_103' title="bbox 1934 4349 3133 4405">
     <span class='ocr_line' id='line_1_103' title="bbox 1934 4349 3133 4405; baseline -0.006 -1"><span class='ocrx_word' id='word_1_725' title='bbox 1934 4350 2147 4405; x_wconf 86' lang='lat' dir='ltr'><strong>finibus</strong></span> <span class='ocrx_word' id='word_1_726' title='bbox 2179 4349 2696 4404; x_wconf 84' lang='lat' dir='ltr'><strong>Viromanduorum</strong></span> <span class='ocrx_word' id='word_1_727' title='bbox 2726 4350 3073 4404; x_wconf 90' lang='lat' dir='ltr'><strong>continetur.</strong></span> <span class='ocrx_word' id='word_1_728' title='bbox 3106 4369 3133 4397; x_wconf 83' lang='grc'><strong>››</strong></span> 
     </span>
    </p>
   </div>
   <div class='ocr_carea' id='block_1_104' title="bbox 1862 4433 3637 4508">
    <p class='ocr_par' dir='ltr' id='par_1_104' title="bbox 1862 4433 3637 4508">
     <span class='ocr_line' id='line_1_104' title="bbox 1862 4433 3637 4508; baseline 0 -18"><span class='ocrx_word' id='word_1_729' title='bbox 1862 4433 1907 4486; x_wconf 89' lang='lat' dir='ltr'><strong>D</strong></span> <span class='ocrx_word' id='word_1_730' title='bbox 2006 4436 2102 4508; x_wconf 73' lang='grc'><strong>(6⁷)</strong></span> <span class='ocrx_word' id='word_1_731' title='bbox 2150 4441 2280 4494; x_wconf 78' lang='lat' dir='ltr'><strong>Ian).</strong></span> <span class='ocrx_word' id='word_1_732' title='bbox 2322 4468 2390 4478; x_wconf 88' lang='lat'><strong>——</strong></span> <span class='ocrx_word' id='word_1_733' title='bbox 2435 4436 2655 4502; x_wconf 81' lang='lat' dir='ltr'><strong>Fluvio,</strong></span> <span class='ocrx_word' id='word_1_734' title='bbox 2705 4453 2873 4507; x_wconf 85' lang='lat' dir='ltr'><strong>quem</strong></span> <span class='ocrx_word' id='word_1_735' title='bbox 2917 4453 3099 4508; x_wconf 80' lang='lat' dir='ltr'><strong>supra</strong></span> <span class='ocrx_word' id='word_1_736' title='bbox 3143 4435 3395 4492; x_wconf 72' lang='lat' dir='ltr'><strong>diximus</strong></span> <span class='ocrx_word' id='word_1_737' title='bbox 3449 4435 3637 4508; x_wconf 79' lang='lat' dir='ltr'><strong>Aqui-</strong></span> 
     </span>
    </p>
   </div>
   <div class='ocr_carea' id='block_1_105' title="bbox 1933 4525 3638 4596">
    <p class='ocr_par' dir='ltr' id='par_1_105' title="bbox 1933 4525 3638 4596">
     <span class='ocr_line' id='line_1_105' title="bbox 1933 4525 3638 4596; baseline 0.001 -17"><span class='ocrx_word' id='word_1_738' title='bbox 1933 4525 2013 4593; x_wconf 84' lang='lat' dir='ltr'><strong>la,</strong></span> <span class='ocrx_word' id='word_1_739' title='bbox 2061 4533 2166 4581; x_wconf 92' lang='lat' dir='ltr'><strong>etc.</strong></span> <span class='ocrx_word' id='word_1_740' title='bbox 2215 4525 2431 4596; x_wconf 88' lang='lat' dir='ltr'><strong>Vulgus</strong></span> <span class='ocrx_word' id='word_1_741' title='bbox 2473 4540 2629 4580; x_wconf 89' lang='lat' dir='ltr'><strong>nunc</strong></span> <span class='ocrx_word' id='word_1_742' title='bbox 2670 4525 2881 4593; x_wconf 81' lang='lat' dir='ltr'><strong>Etette,</strong></span> <span class='ocrx_word' id='word_1_743' title='bbox 2931 4533 2987 4582; x_wconf 89' lang='lat' dir='ltr'><strong>et</strong></span> <span class='ocrx_word' id='word_1_744' title='bbox 3035 4525 3275 4592; x_wconf 83' lang='lat' dir='ltr'><strong>Ailette,</strong></span> <span class='ocrx_word' id='word_1_745' title='bbox 3316 4525 3638 4596; x_wconf 90' lang='lat' dir='ltr'><strong>antiquitas</strong></span> 
     </span>
    </p>
   </div>
   <div class='ocr_carea' id='block_1_106' title="bbox 1933 4613 2634 4684">
    <p class='ocr_par' dir='ltr' id='par_1_106' title="bbox 1933 4613 2634 4684">
     <span class='ocr_line' id='line_1_106' title="bbox 1933 4613 2634 4684; baseline -0.006 -14"><span class='ocrx_word' id='word_1_746' title='bbox 1933 4629 2068 4670; x_wconf 91' lang='lat' dir='ltr'><strong>vero</strong></span> <span class='ocrx_word' id='word_1_747' title='bbox 2093 4613 2342 4684; x_wconf 79' lang='lat' dir='ltr'><strong>Aiglette</strong></span> <span class='ocrx_word' id='word_1_748' title='bbox 2367 4613 2634 4682; x_wconf 88' lang='lat' dir='ltr'><strong>appellat.</strong></span> 
     </span>
    </p>
   </div>
   <div class='ocr_carea' id='block_1_107' title="bbox 2004 4699 3638 4773">
    <p class='ocr_par' dir='ltr' id='par_1_107' title="bbox 2004 4699 3638 4773">
     <span class='ocr_line' id='line_1_107' title="bbox 2004 4699 3638 4773; baseline 0.001 -18"><span class='ocrx_word' id='word_1_749' title='bbox 2004 4702 2092 4773; x_wconf 76' lang='grc'><strong>(⁸⁸)</strong></span> <span class='ocrx_word' id='word_1_750' title='bbox 2138 4703 2271 4757; x_wconf 80' lang='lat' dir='ltr'><strong>Isto.</strong></span> <span class='ocrx_word' id='word_1_751' title='bbox 2321 4732 2389 4740; x_wconf 95' lang='lat'><strong><em>—</em></strong></span> <span class='ocrx_word' id='word_1_752' title='bbox 2430 4700 2494 4754; x_wconf 89' lang='lat' dir='ltr'><strong>Si</strong></span> <span class='ocrx_word' id='word_1_753' title='bbox 2535 4699 2763 4764; x_wconf 77' lang='lat' dir='ltr'><strong>feminae</strong></span> <span class='ocrx_word' id='word_1_754' title='bbox 2807 4700 3063 4756; x_wconf 89' lang='lat' dir='ltr'><strong>nondum</strong></span> <span class='ocrx_word' id='word_1_755' title='bbox 3105 4703 3254 4755; x_wconf 61' lang='lat' dir='ltr'><strong>nata</strong></span> <span class='ocrx_word' id='word_1_756' title='bbox 3291 4716 3413 4772; x_wconf 65' lang='lat' dir='ltr'><strong>quae</strong></span> <span class='ocrx_word' id='word_1_757' title='bbox 3462 4705 3638 4756; x_wconf 85' lang='lat' dir='ltr'><strong>Deum</strong></span> 
     </span>
    </p>
   </div>
   <div class='ocr_carea' id='block_1_108' title="bbox 1931 4789 3636 4862">
    <p class='ocr_par' dir='ltr' id='par_1_108' title="bbox 1931 4789 3636 4862">
     <span class='ocr_line' id='line_1_108' title="bbox 1931 4789 3636 4862; baseline 0.001 -18"><span class='ocrx_word' id='word_1_758' title='bbox 1931 4795 1986 4844; x_wconf 84' lang='lat' dir='ltr'><strong>et</strong></span> <span class='ocrx_word' id='word_1_759' title='bbox 2030 4789 2314 4845; x_wconf 85' lang='lat' dir='ltr'><strong>hominem</strong></span> <span class='ocrx_word' id='word_1_760' title='bbox 2374 4793 2521 4844; x_wconf 84' lang='lat' dir='ltr'><strong>esset</strong></span> <span class='ocrx_word' id='word_1_761' title='bbox 2555 4790 2850 4862; x_wconf 83' lang='lat' dir='ltr'><strong>genitura.</strong></span> <span class='ocrx_word' id='word_1_762' title='bbox 2906 4789 3118 4845; x_wconf 91' lang='lat' dir='ltr'><strong>Similis</strong></span> <span class='ocrx_word' id='word_1_763' title='bbox 3167 4790 3236 4844; x_wconf 88' lang='lat' dir='ltr'><strong>de</strong></span> <span class='ocrx_word' id='word_1_764' title='bbox 3282 4789 3494 4860; x_wconf 89' lang='lat' dir='ltr'><strong>insigni</strong></span> <span class='ocrx_word' id='word_1_765' title='bbox 3541 4790 3636 4846; x_wconf 93' lang='lat' dir='ltr'><strong>illo</strong></span> 
     </span>
    </p>
   </div>
   <div class='ocr_carea' id='block_1_109' title="bbox 1933 4877 3639 4948">
    <p class='ocr_par' dir='ltr' id='par_1_109' title="bbox 1933 4877 3639 4948">
     <span class='ocr_line' id='line_1_109' title="bbox 1933 4877 3639 4948; baseline -0.001 -13"><span class='ocrx_word' id='word_1_766' title='bbox 1933 4879 2265 4936; x_wconf 88' lang='lat' dir='ltr'><strong>Caruotensi</strong></span> <span class='ocrx_word' id='word_1_767' title='bbox 2307 4878 2516 4948; x_wconf 89' lang='lat' dir='ltr'><strong>templo</strong></span> <span class='ocrx_word' id='word_1_768' title='bbox 2568 4879 2795 4934; x_wconf 91' lang='lat' dir='ltr'><strong>traditio</strong></span> <span class='ocrx_word' id='word_1_769' title='bbox 2833 4886 2932 4943; x_wconf 92' lang='lat' dir='ltr'><strong>est,</strong></span> <span class='ocrx_word' id='word_1_770' title='bbox 2967 4879 3122 4947; x_wconf 90' lang='lat' dir='ltr'><strong>quod</strong></span> <span class='ocrx_word' id='word_1_771' title='bbox 3154 4892 3356 4946; x_wconf 90' lang='lat' dir='ltr'><strong>nempe</strong></span> <span class='ocrx_word' id='word_1_772' title='bbox 3385 4891 3419 4931; x_wconf 92' lang='lat' dir='ltr'><strong>a</strong></span> <span class='ocrx_word' id='word_1_773' title='bbox 3466 4877 3639 4933; x_wconf 90' lang='lat' dir='ltr'><strong>Drui-</strong></span> 
     </span>
    </p>
   </div>
   <div class='ocr_carea' id='block_1_110' title="bbox 1932 4964 3638 5036">
    <p class='ocr_par' dir='ltr' id='par_1_110' title="bbox 1932 4964 3638 5036">
     <span class='ocr_line' id='line_1_110' title="bbox 1932 4964 3638 5036; baseline -0.002 -12"><span class='ocrx_word' id='word_1_774' title='bbox 1932 4969 2021 5024; x_wconf 90' lang='lat' dir='ltr'><strong>dis</strong></span> <span class='ocrx_word' id='word_1_775' title='bbox 2051 4976 2183 5024; x_wconf 86' lang='lat' dir='ltr'><strong>ante</strong></span> <span class='ocrx_word' id='word_1_776' title='bbox 2209 4967 2378 5023; x_wconf 92' lang='lat' dir='ltr'><strong>Verbi</strong></span> <span class='ocrx_word' id='word_1_777' title='bbox 2413 4967 2702 5022; x_wconf 86' lang='lat' dir='ltr'><strong>Incarnati</strong></span> <span class='ocrx_word' id='word_1_778' title='bbox 2748 4967 3059 5021; x_wconf 88' lang='lat' dir='ltr'><strong>adventum</strong></span> <span class='ocrx_word' id='word_1_779' title='bbox 3104 4964 3334 5036; x_wconf 81' lang='lat' dir='ltr'><strong>Virgini</strong></span> <span class='ocrx_word' id='word_1_780' title='bbox 3359 4965 3638 5036; x_wconf 63' lang='lat' dir='ltr'><strong>paritura</strong></span> 
     </span>
    </p>
   </div>
   <div class='ocr_carea' id='block_1_111' title="bbox 1933 5053 3636 5121">
    <p class='ocr_par' dir='ltr' id='par_1_111' title="bbox 1933 5053 3636 5121">
     <span class='ocr_line' id='line_1_111' title="bbox 1933 5053 3636 5121; baseline -0.002 -8"><span class='ocrx_word' id='word_1_781' title='bbox 1933 5059 2105 5114; x_wconf 91' lang='lat' dir='ltr'><strong>fuerit</strong></span> <span class='ocrx_word' id='word_1_782' title='bbox 2163 5057 2511 5112; x_wconf 88' lang='lat' dir='ltr'><strong>dedicatum.</strong></span> <span class='ocrx_word' id='word_1_783' title='bbox 2580 5056 2706 5121; x_wconf 90' lang='lat' dir='ltr'><strong>Qua</strong></span> <span class='ocrx_word' id='word_1_784' title='bbox 2763 5055 2831 5110; x_wconf 91' lang='lat' dir='ltr'><strong>de</strong></span> <span class='ocrx_word' id='word_1_785' title='bbox 2893 5069 2953 5109; x_wconf 92' lang='lat' dir='ltr'><strong>re</strong></span> <span class='ocrx_word' id='word_1_786' title='bbox 3020 5053 3390 5110; x_wconf 89' lang='lat' dir='ltr'><strong>statuendum</strong></span> <span class='ocrx_word' id='word_1_787' title='bbox 3453 5054 3636 5110; x_wconf 90' lang='lat' dir='ltr'><strong>habeo</strong></span> 
     </span>
    </p>
   </div>
   <div class='ocr_carea' id='block_1_112' title="bbox 1932 5145 2096 5201">
    <p class='ocr_par' dir='ltr' id='par_1_112' title="bbox 1932 5145 2096 5201">
     <span class='ocr_line' id='line_1_112' title="bbox 1932 5145 2096 5201; baseline -0.018 0"><span class='ocrx_word' id='word_1_788' title='bbox 1932 5145 2096 5201; x_wconf 83' lang='lat' dir='ltr'><strong>nihil.</strong></span> 
     </span>
    </p>
   </div>
   <div class='ocr_carea' id='block_1_113' title="bbox 2005 5228 3634 5305">
    <p class='ocr_par' dir='ltr' id='par_1_113' title="bbox 2005 5228 3634 5305">
     <span class='ocr_line' id='line_1_113' title="bbox 2005 5228 3634 5305; baseline 0 -18"><span class='ocrx_word' id='word_1_789' title='bbox 2005 5232 2094 5305; x_wconf 74' lang='grc'><strong>(⁸9)</strong></span> <span class='ocrx_word' id='word_1_790' title='bbox 2149 5234 2282 5289; x_wconf 81' lang='lat' dir='ltr'><strong>CAP.</strong></span> <span class='ocrx_word' id='word_1_791' title='bbox 2347 5233 2412 5286; x_wconf 81' lang='lat' dir='ltr'><strong>ll.</strong></span> <span class='ocrx_word' id='word_1_792' title='bbox 2484 5262 2551 5272; x_wconf 93' lang='lat'><em>—</em></span> <span class='ocrx_word' id='word_1_793' title='bbox 2601 5229 2847 5285; x_wconf 80' lang='lat' dir='ltr'><strong>Castelti</strong></span> <span class='ocrx_word' id='word_1_794' title='bbox 2895 5234 3087 5285; x_wconf 84' lang='lat' dir='ltr'><strong>autem</strong></span> <span class='ocrx_word' id='word_1_795' title='bbox 3135 5228 3320 5302; x_wconf 84' lang='lat' dir='ltr'><strong>ipsius</strong></span> <span class='ocrx_word' id='word_1_796' title='bbox 3371 5230 3476 5284; x_wconf 83' lang='lat' dir='ltr'><strong>sub</strong></span> <span class='ocrx_word' id='word_1_797' title='bbox 3501 5230 3634 5300; x_wconf 74' lang='lat' dir='ltr'><strong>ﬂo-</strong></span> 
     </span>
    </p>
   </div>
   <div class='ocr_carea' id='block_1_114' title="bbox 1930 5319 3630 5392">
    <p class='ocr_par' dir='ltr' id='par_1_114' title="bbox 1930 5319 3630 5392">
     <span class='ocr_line' id='line_1_114' title="bbox 1930 5319 3630 5392; baseline -0.002 -15"><span class='ocrx_word' id='word_1_798' title='bbox 1930 5320 2274 5377; x_wconf 80' lang='lat' dir='ltr'><strong>renlissimis</strong></span> <span class='ocrx_word' id='word_1_799' title='bbox 2317 5319 2698 5392; x_wconf 85' lang='lat' dir='ltr'><strong>principibus.</strong></span> <span class='ocrx_word' id='word_1_800' title='bbox 2755 5329 2860 5375; x_wconf 91' lang='lat' dir='ltr'><strong>etc.</strong></span> <span class='ocrx_word' id='word_1_801' title='bbox 2911 5319 3402 5375; x_wconf 85' lang='lat' dir='ltr'><strong>Codiciacensium</strong></span> <span class='ocrx_word' id='word_1_802' title='bbox 3447 5319 3630 5374; x_wconf 89' lang='lat' dir='ltr'><strong>domi-</strong></span> 
     </span>
    </p>
   </div>
   <div class='ocr_carea' id='block_1_115' title="bbox 1932 5409 3631 5477">
    <p class='ocr_par' dir='ltr' id='par_1_115' title="bbox 1932 5409 3631 5477">
     <span class='ocr_line' id='line_1_115' title="bbox 1932 5409 3631 5477; baseline -0.002 -9"><span class='ocrx_word' id='word_1_803' title='bbox 1932 5427 2137 5468; x_wconf 88' lang='lat' dir='ltr'><strong>norum</strong></span> <span class='ocrx_word' id='word_1_804' title='bbox 2168 5410 2460 5466; x_wconf 91' lang='lat' dir='ltr'><strong>historiam</strong></span> <span class='ocrx_word' id='word_1_805' title='bbox 2494 5409 2679 5466; x_wconf 91' lang='lat' dir='ltr'><strong>texuit</strong></span> <span class='ocrx_word' id='word_1_806' title='bbox 2702 5409 2976 5464; x_wconf 69' lang='lat' dir='ltr'><strong>Andrzeas</strong></span> <span class='ocrx_word' id='word_1_807' title='bbox 3007 5409 3305 5464; x_wconf 89' lang='lat' dir='ltr'><strong>Duchesne</strong></span> <span class='ocrx_word' id='word_1_808' title='bbox 3332 5422 3344 5461; x_wconf 90' lang='lat'>:</span> <span class='ocrx_word' id='word_1_809' title='bbox 3379 5421 3631 5477; x_wconf 92' lang='lat' dir='ltr'><strong>quorum</strong></span> 
     </span>
    </p>
   </div>
   <div class='ocr_carea' id='block_1_116' title="bbox 1931 5497 3352 5571">
    <p class='ocr_par' dir='ltr' id='par_1_116' title="bbox 1931 5497 3352 5571">
     <span class='ocr_line' id='line_1_116' title="bbox 1931 5497 3352 5571; baseline -0.004 -14"><span class='ocrx_word' id='word_1_810' title='bbox 1931 5502 1978 5556; x_wconf 93' lang='lat' dir='ltr'><strong>si</strong></span> <span class='ocrx_word' id='word_1_811' title='bbox 2006 5501 2148 5571; x_wconf 92' lang='lat' dir='ltr'><strong>quid</strong></span> <span class='ocrx_word' id='word_1_812' title='bbox 2179 5501 2321 5555; x_wconf 90' lang='lat' dir='ltr'><strong>scire</strong></span> <span class='ocrx_word' id='word_1_813' title='bbox 2355 5502 2636 5568; x_wconf 91' lang='lat' dir='ltr'><strong>peroptas,</strong></span> <span class='ocrx_word' id='word_1_814' title='bbox 2672 5498 2828 5553; x_wconf 89' lang='lat' dir='ltr'><strong>hunc</strong></span> <span class='ocrx_word' id='word_1_815' title='bbox 2857 5497 2970 5561; x_wconf 92' lang='lat' dir='ltr'><strong>adi,</strong></span> <span class='ocrx_word' id='word_1_816' title='bbox 3007 5497 3170 5552; x_wconf 89' lang='lat' dir='ltr'><strong>faciet</strong></span> <span class='ocrx_word' id='word_1_817' title='bbox 3199 5497 3352 5552; x_wconf 91' lang='lat' dir='ltr'><strong>satis.</strong></span> 
     </span>
    </p>
   </div>
   <div class='ocr_carea' id='block_1_117' title="bbox 2004 5583 3627 5658">
    <p class='ocr_par' dir='ltr' id='par_1_117' title="bbox 2004 5583 3627 5658">
     <span class='ocr_line' id='line_1_117' title="bbox 2004 5583 3627 5658; baseline -0.004 -15"><span class='ocrx_word' id='word_1_818' title='bbox 2004 5587 2092 5658; x_wconf 80' lang='grc' dir='ltr'><strong>(⁷ο)</strong></span> <span class='ocrx_word' id='word_1_819' title='bbox 2152 5589 2287 5643; x_wconf 78' lang='lat' dir='ltr'><strong>In&quot;).</strong></span> <span class='ocrx_word' id='word_1_820' title='bbox 2351 5618 2417 5625; x_wconf 92' lang='lat'><strong>—</strong></span> <span class='ocrx_word' id='word_1_821' title='bbox 2476 5584 2907 5641; x_wconf 84' lang='lat' dir='ltr'><strong>Humiliarensi</strong></span> <span class='ocrx_word' id='word_1_822' title='bbox 2960 5583 3307 5639; x_wconf 86' lang='lat' dir='ltr'><strong>monasterio</strong></span> <span class='ocrx_word' id='word_1_823' title='bbox 3361 5588 3627 5655; x_wconf 62' lang='lat' dir='ltr'><strong>praemi.</strong></span> 
     </span>
    </p>
   </div>
   <div class='ocr_carea' id='block_1_118' title="bbox 1936 5673 3632 5744">
    <p class='ocr_par' dir='ltr' id='par_1_118' title="bbox 1936 5673 3632 5744">
     <span class='ocr_line' id='line_1_118' title="bbox 1936 5673 3632 5744; baseline -0.002 -12"><span class='ocrx_word' id='word_1_824' title='bbox 1936 5678 2240 5733; x_wconf 87' lang='lat' dir='ltr'><strong>Historiam</strong></span> <span class='ocrx_word' id='word_1_825' title='bbox 2291 5677 2410 5732; x_wconf 89' lang='lat' dir='ltr'><strong>sive</strong></span> <span class='ocrx_word' id='word_1_826' title='bbox 2473 5676 2676 5731; x_wconf 90' lang='lat' dir='ltr'><strong>seriem</strong></span> <span class='ocrx_word' id='word_1_827' title='bbox 2735 5675 3012 5732; x_wconf 90' lang='lat' dir='ltr'><strong>abbatum</strong></span> <span class='ocrx_word' id='word_1_828' title='bbox 3074 5673 3405 5730; x_wconf 89' lang='lat' dir='ltr'><strong>monasterii</strong></span> <span class='ocrx_word' id='word_1_829' title='bbox 3455 5673 3632 5744; x_wconf 89' lang='lat' dir='ltr'><strong>hujus</strong></span> 
     </span>
    </p>
   </div>
  </div>
