3930 6388
318 423 451 476 1115

1330 418 1424 473 AD
1462 418 1615 474 OPP.
1658 416 1817 473 VEN.
1859 414 2186 474 GUIBERTI
2229 414 2321 475 DE
2361 416 2757 473 NOVIGENTO

3712 419 3861 473 1116

309 552 809 611 observationibus
859 552 1068 608 nostris
1108 552 1360 608 intexere
1402 559 1595 607 actum
1645 565 1815 622 agere
1852 550 2009 607 vide-
2047 551 2095 604 A
2119 550 2363 607 Parisios
2384 560 2649 621 precatus
2666 560 2749 608 est
2776 551 3114 623 praedictum
3141 553 3364 609 Patrem
3395 552 3855 622 (Guillelmum)

311 656 432 711 rer;
464 641 749 712 siquidem
779 639 837 695 in
870 640 977 696 hoc
1003 647 1346 711 argumento
1375 639 1563 710 ample
1591 654 1659 695 ac
1688 640 2010 709 pererudite

311 730 596 786 laboravit
644 736 869 785 nostras
916 728 1193 785 Claudius
1242 729 1573 784 Hemeraeus
1619 729 1835 796 doctor,
1868 729 2007 784 dum

311 818 625 885 adviveret,
680 817 1002 874 Sorbonicaa
1067 817 1367 884 societatis,
1422 816 1694 883 Historia,
1745 817 1837 872 cui
1880 816 2011 872 titu-

311 907 422 974 lus,
449 908 714 977 Augusfa
752 905 1270 961 Viromanduorum
1308 904 1628 973 illustrala,
1681 919 1809 977 pag.
1839 908 1927 971 65,
1954 913 2010 961 et

312 1010 346 1051 a
380 1009 512 1065 pag.
548 995 617 1049 94
647 993 715 1049 ad
749 996 837 1047 99.

383 1084 599 1139 Verum
630 1097 701 1138 ne
747 1081 974 1153 penitus
1017 1081 1287 1152 jejunum
1338 1082 1578 1153 legentis
1623 1082 1882 1138 animum
1915 1096 2010 1138 re-

314 1173 596 1243 linquam,
661 1170 1010 1240 paucissima
1056 1184 1129 1225 ex
1176 1184 1305 1241 pag.
1370 1174 1435 1224 65
1484 1184 1772 1240 apponere
1819 1170 2009 1226 visum

311 1266 393 1316 est
424 1273 437 1313 :
472 1276 501 1310 α
548 1258 627 1314 Ad
678 1258 828 1328 ipsos
875 1273 1016 1327 pene
1065 1272 1262 1314 muros
1307 1257 1585 1330 Augustae
1620 1258 1691 1325 (S.
1726 1257 2006 1326 Quintini)

314 1346 721 1403 monasterium
774 1346 1229 1413 Humolariense,
1298 1347 1477 1418 Eligio
1543 1356 1773 1419 regente
1827 1349 2012 1403 cathe-

310 1436 473 1492 dram
546 1436 1001 1502 Noviomensem,
1080 1435 1229 1491 mira
1308 1450 1633 1492 nonnarum
1710 1437 2010 1493 sanctitate

311 1524 600 1592 inclaruit,
654 1532 778 1579 tum
844 1538 980 1580 vero
1037 1523 1309 1590 maxime,
1359 1538 1490 1580 cum
1538 1532 1621 1581 est
1670 1525 2010 1595 praefectura

309 1613 435 1684 ejus
499 1612 853 1683 Hunegundi
922 1612 1131 1683 virgini
1202 1613 1619 1668 commendata.
1682 1614 1810 1669 Haec
1883 1621 2010 1670 orta

309 1700 635 1757 Lambaidis
694 1700 1033 1768 domicellis,
1107 1700 1257 1756 binis
1338 1700 1680 1757 milliaribus
1747 1702 1819 1758 ab
1894 1705 2007 1758 Au-

309 1795 497 1859 gusta,
532 1794 637 1843 etc.
691 1786 925 1856 Scripsit
970 1786 1098 1857 ejus
1145 1786 1321 1842 vitam
1371 1787 1658 1843 Bernerus
1702 1787 1905 1857 abbas,
1953 1796 2007 1844 et

2120 646 2183 693 ut
2225 638 2553 708 susciperet,
2587 647 2641 695 et
2685 640 3004 695 secundum
3037 640 3360 711 regularem
3396 640 3853 697 institutionem

2118 725 2431 793 ordinaret,
2463 727 2616 797 quod
2646 734 2700 783 et
2732 726 2877 783 fecit.
2922 727 3035 783 Nec
3081 742 3197 783 non
3228 735 3282 783 et
3327 728 3445 783 Odo
3476 743 3680 785 comes
3716 727 3852 799 pari

2118 814 2420 872 devotione
2476 816 2664 872 locum
2715 816 2765 872 S.
2825 817 3065 872 Faronis
3135 816 3191 871 in
3258 816 3401 872 urbe
3471 816 3846 883 Meldarum,

2117 902 2301 959 eidem
2337 905 2619 960 commisit
2652 903 2967 960 venerabili
3014 905 3197 974 Patri;
3237 905 3330 960 sed
3364 912 3418 960 et
3466 905 3851 961 honorabilis

2122 992 2330 1062 prmsul
2388 993 2652 1049 Metensis
2710 992 2975 1049 Ecclesiae
3022 993 3412 1048 Theodoricus
3455 993 3848 1049 Gorsiensem

2118 1078 2409 1133 abbatiam
2441 1080 2637 1135 eodem
2695 1079 2811 1134 zelo
2857 1078 2952 1133 Dei
3005 1078 3428 1133 commendavit
3480 1079 3580 1142 illi,
3640 1101 3664 1127 ι
3724 1088 3843 1134 etc.

2119 1166 2375 1236 Denique
2410 1166 2459 1223 S.
2507 1166 2746 1238 Benigni
2791 1167 3109 1222 Chronicon
3140 1166 3358 1222 calamo
3385 1174 3728 1233 exaratum,
3784 1168 3846 1223 in

2120 1256 2389 1311 Brunone
2430 1256 2677 1326 episcop.
2727 1255 2965 1326 Lingon.
3016 1275 3042 1306 (ι
3094 1256 3349 1311 Domnus
3395 1262 3589 1311 autem
3625 1256 3845 1312 Bruno

2118 1344 2489 1401 considerans
2537 1345 2763 1400 Patrem
2829 1344 3182 1400 Willelmum
3255 1345 3332 1399 ita
3396 1343 3726 1400 ferventem
3777 1345 3841 1399 in

2118 1432 2393 1503 religione
2440 1446 2507 1487 ac
2554 1432 2869 1489 monastica
2908 1432 3283 1499 institutione,
3327 1440 3381 1487 et
3413 1432 3533 1487 loca
3561 1432 3615 1487 ei
3665 1437 3842 1487 ous

2118 1520 2421 1576 commissa
2460 1521 2529 1576 de
2559 1522 2648 1576 die
2680 1521 2736 1575 in
2770 1521 2917 1576 diem
2953 1520 3011 1575 in
3056 1520 3263 1576 melius
3296 1520 3588 1590 prolicere,
3621 1521 3842 1577 omnia

2120 1608 2176 1663 in
2210 1623 2314 1664 suo
2360 1609 2693 1679 episcopatu
2738 1604 3081 1664 monasteria
3116 1608 3292 1678 ipsius
3322 1608 3630 1680 delegavit,
3682 1623 3840 1679 pro-

2118 1696 2403 1763 videntiae,
2443 1718 2463 1745 ι
2498 1705 2605 1753 etc.

2189 1782 2281 1855 (7’)
2312 1787 2443 1842 Inln.
2480 1815 2549 1825 —
2580 1784 2660 1840 Et
2684 1786 2801 1841 San
2823 1784 3211 1852 Quintium
3236 1784 3307 1839 de
3334 1786 3546 1852 Monte,
3575 1791 3691 1840 etc.

306 1847 744 1947 chorographus
799 1847 1221 1932 reformationis
1270 1876 1396 1946 ejus
1440 1876 1568 1946 loci,
1617 1877 1725 1933 sub
1774 1847 2007 1934 Alberto
2046 1847 2087 1901 Β
2117 1847 2425 1940 Ιηήίοηιθ,
2462 1873 2534 1929 ab
2565 1874 2709 1929 urbe
2756 1847 2974 1929 Perona
3016 1872 3201 1943 primo
3245 1873 3452 1943 lapide,
3495 1847 3831 1942 disparato,

308 1963 406 2020 Pio
445 1963 649 2019 comite
683 1962 1236 2030 Viromanduorum,
1272 1977 1366 2019 an.
1401 1966 1504 2019 948
1549 1965 1743 2036 ejectis
1777 1966 2005 2030 nonnis,

307 2067 439 2123 quae
472 2066 506 2107 a
552 2051 751 2123 regula
793 2051 1150 2107 defecissent.
1190 2071 1218 2103 η
1267 2054 1323 2109 8.
1380 2053 1765 2124 Hunegundis
1815 2054 2003 2111 Vitam

308 2140 455 2196 inter
517 2140 797 2196 Surianas
842 2147 1176 2196 sanctorum
1226 2140 1400 2208 Vitas,
1460 2140 1552 2197 die
1599 2145 1667 2196 25
1717 2142 2001 2214 Augusti:

307 2228 660 2298 Praeceptum
692 2241 828 2283 vero
878 2226 1151 2283 Ludovici
1191 2228 1588 2296 Ultramarini,
1640 2230 1709 2285 de
1740 2229 2006 2286 inducen-

305 2316 392 2372 dis
449 2315 747 2372 monachis
804 2315 863 2370 in
920 2315 1245 2373 cmnobium
1295 2318 1742 2385 Humolariense,
1792 2319 2003 2375 sancti-

305 2402 657 2460 monialibus
708 2402 988 2473 expulsis,
1038 2418 1143 2459 nec
1187 2417 1300 2459 non
1343 2405 1601 2461 diversas
1650 2420 1780 2476 quae
1829 2407 1899 2461 ad
1950 2406 2003 2462 id

305 2498 563 2560 spectant
611 2490 941 2546 monasterii
990 2491 1222 2547 chartas
1269 2494 1516 2562 reperies
1562 2494 1620 2549 in
1674 2502 1893 2565 regesto
1932 2496 2003 2550 ad

306 2578 519 2633 calcem
552 2577 802 2647 przefatae
833 2578 988 2645 bist.,
1018 2592 1150 2649 pag.
1178 2580 1247 2633 29
1275 2587 1330 2635 et
1358 2595 1476 2647 seq.

378 2662 465 2734 (⁷⁸)
513 2665 648 2719 lato.
696 2694 767 2705 —
802 2664 1131 2721 Henricum
1188 2667 1498 2722 οωηοὸἰοιο
1556 2669 1737 2725 etiam
1784 2671 2005 2741 praeﬁca

306 2757 450 2806 rent.
508 2752 671 2819 Quod
736 2753 1049 2809 Henricum
1104 2754 1289 2811 tribus
1341 2758 1630 2813 asceteriis
1672 2759 2001 2829 praefectum

306 2840 529 2905 audias,
574 2841 807 2896 minime
838 2841 940 2897 tibi
970 2842 1332 2899 suadendum
1376 2852 1480 2912 est,
1512 2859 1709 2901 eorum
1750 2845 2004 2903 redditus

306 2940 374 2982 ac
432 2928 786 2985 substantias
830 2930 887 2986 in
943 2931 1227 3001 privatam
1292 2932 1592 2988 utilitatem
1664 2948 1996 3005 usurpasse,

306 3016 473 3086 quasi
518 3018 798 3090 sacrilegii
845 3019 971 3077 labe
1034 3034 1102 3076 ac
1159 3029 1332 3091 peste,
1382 3030 1557 3093 atque
1604 3023 1891 3080 obstinata
1932 3038 2002 3081 ea

304 3103 659 3175 malignitate
721 3107 1051 3175 laborasset,
1121 3123 1252 3179 quae
1314 3116 1369 3165 et
1432 3113 1742 3167 subsecuta
1788 3112 2002 3168 smeula

305 3191 444 3246 adeo
490 3191 703 3261 infecit,
754 3203 818 3251 ut
874 3210 1288 3266 quamcunque
1338 3198 1679 3254 medicinam
1727 3200 2002 3255 hactenus

305 3281 608 3350 respuisse,
648 3283 967 3354 vicisseque
1010 3284 1301 3355 videatur;
1349 3300 1554 3356 nempe
1598 3288 1847 3344 nefanda
1881 3288 1997 3355 illa,

304 3380 506 3437 regum
540 3370 941 3441 principumve
985 3374 1364 3439 concessione,
1412 3374 1778 3431 abbatiarum
1822 3377 2000 3433 eccle-

303 3451 639 3524 siarumque
685 3456 1017 3513 reddituum
1066 3458 1122 3512 iu
1153 3458 1300 3513 laica
1345 3459 1465 3515 sive
1508 3461 1810 3525 saecularia
1839 3462 2003 3519 bene-

304 3538 432 3594 ficia
493 3540 775 3613 divulsio;
844 3550 1046 3599 contra
1114 3558 1248 3600 vero
1309 3545 1431 3601 haec
1487 3560 1662 3602 onera
1708 3548 1816 3605 sibi
1867 3550 2001 3619 poni

302 3628 647 3697 patiebatur,
698 3644 885 3703 eaque
936 3631 1141 3688 lubens
1191 3632 1443 3701 subibat,
1503 3636 1765 3705 exempla
1808 3639 2002 3694 subse-

302 3724 474 3773 cutus
525 3719 934 3787 przeclarorum
999 3722 1270 3793 religione
1331 3731 1386 3779 et
1454 3724 1754 3781 sanctitate
1811 3727 2001 3783 archi-

302 3806 750 3876 mandritarum,
813 3809 1098 3866 Benedicti
1168 3810 1534 3878 Anianensis,
1597 3826 1665 3868 ac
1710 3813 2002 3871 Guillelmi

305 3893 666 3951 Divionensis
708 3897 829 3953 sive
874 3897 1253 3966 Fiscanensis,
1291 3899 1395 3968 qui
1432 3913 1684 3957 canones
1734 3904 2001 3959 monasti-

302 3996 414 4048 cos,
458 3983 643 4039 aetatis
687 3985 828 4042 vitio
875 3985 1237 4053 deformatos,
1278 3988 1350 4044 ad
1400 3989 1711 4059 antiquum
1756 3991 1998 4047 nitorem

303 4081 672 4128 revocarunt.

374 4160 451 4216 De
510 4162 710 4231 priori,
782 4164 1052 4220 Ludovici
1123 4165 1204 4221 Pii
1274 4165 1390 4235 imp
1472 4166 1723 4236 diploma
1765 4176 1897 4225 tom.
1949 4170 1999 4225 II

300 4247 511 4304 Concil.
560 4249 708 4319 Gal.,
756 4259 812 4307 et
853 4252 1090 4322 epistola
1134 4255 1366 4309 Patrum
1416 4253 1618 4309 Indani
1669 4257 1997 4312 monasterii

300 4336 374 4391 ad
406 4338 716 4393 monachos
754 4338 1110 4396 Anianenses
1158 4341 1216 4395 in
1266 4340 1419 4397 calce
1446 4341 1604 4406 Vitae,
1655 4358 1787 4413 quae
1824 4359 1999 4415 opera

299 4423 555 4493 ejusdem
581 4424 633 4479 S.
668 4426 948 4482 Benedicti
982 4429 1268 4497 praecedit.

373 4513 451 4569 De
515 4522 710 4570 sancto
770 4514 1072 4572 Guillelmo
1130 4518 1452 4574 chronicon
1521 4534 1625 4575 ms.
1694 4521 1997 4578 Besuensis

300 4602 630 4657 monasterii
661 4602 831 4674 cujus
859 4611 915 4659 et
953 4604 1131 4662 abbas
1159 4606 1267 4662 fuit
1301 4622 1314 4661 :
1342 4628 1370 4657 ‹‹
1404 4608 1619 4664 Verum
1653 4611 1794 4679 quia
1823 4624 1999 4680 super

299 4703 531 4762 gregem
558 4690 667 4747 sibi
702 4693 1069 4750 commissum
1101 4695 1292 4751 solerti
1321 4696 1582 4767 vigilavit
1610 4711 1771 4763 cura,
1800 4698 1998 4754 divina

299 4779 616 4847 promeruit
657 4783 843 4852 gratia
871 4782 941 4838 de
986 4782 1179 4840 fructu
1212 4798 1453 4853 operum
1500 4799 1742 4841 suorum
1793 4786 1850 4842 in
1889 4787 1998 4844 hac

298 4868 550 4935 gaudere
579 4870 730 4925 vita:
763 4885 900 4927 nam
941 4871 1264 4941 regularem
1303 4872 1685 4943 disciplinam,
1719 4889 1849 4945 quae
1874 4875 1997 4945 jam

296 4954 582 5013 deciderat
622 4973 724 5028 per
762 4968 1024 5017 veterum
1072 4960 1501 5031 negligentiam,
1546 4971 1717 5031 prout
1762 4972 1999 5019 sanctus

300 5043 639 5102 Benedictus
709 5060 836 5104 eam
901 5050 1224 5120 composuit
1286 5049 1344 5106 in
1408 5051 1715 5119 pristinum
1780 5059 1993 5109 statum

298 5132 633 5202 corrigendo
662 5137 1029 5203 restauravit,
1065 5151 1133 5192 ac
1180 5150 1280 5207 per
1324 5137 1582 5194 diversas
1623 5140 1824 5195 mundi
1858 5154 1997 5210 par-

299 5226 401 5285 tes,
434 5233 534 5288 per
580 5220 751 5290 plura
793 5225 1138 5280 monasteria
1185 5239 1219 5279 a
1249 5226 1498 5296 regulari
1549 5227 1774 5283 tramite
1805 5227 1991 5293 devia,

300 5315 416 5362 tam
444 5321 547 5378 per
586 5322 646 5363 se
695 5323 869 5380 quam
902 5327 1004 5382 per
1049 5329 1205 5381 suos,
1256 5329 1403 5384 quos
1434 5315 1670 5371 abbates
1697 5316 1999 5371 ordinave-

298 5402 406 5463 rat,
438 5397 753 5454 monastico
799 5401 983 5456 ordini
1018 5401 1293 5458 subdidit.
1332 5424 1355 5451 ι
1406 5403 1476 5460 Et
1512 5402 1661 5459 infra
1693 5404 1863 5460 refert
1894 5404 1994 5474 qui

299 5492 505 5555 rogatu
570 5487 839 5544 Bichardi
906 5490 1441 5547 Northmannorum
1507 5493 1669 5549 ducis
1739 5493 1996 5564 regimen

296 5577 604 5645 susceperit
633 5577 878 5634 abbatizu
912 5580 1289 5635 Fiscanensis.
1332 5581 1462 5635 Item
1496 5580 1625 5637 aliis
1657 5581 1991 5652 iutcrjectis:

299 5682 325 5713 α
373 5664 655 5724 Robertus
699 5668 872 5725 etiam
922 5683 1026 5725 rex
1070 5668 1362 5725 abbatiam
1414 5669 1468 5728 S.
1520 5670 1791 5727 Germani
1840 5671 1997 5740 apud

2115 1958 2389 2015 collocata
2435 1967 2519 2015 est
2564 1959 2796 2015 abbatia
2846 1959 2901 2016 S.
2944 1959 3234 2028 Quintiui;
3283 1967 3368 2014 est
3396 1960 3547 2014 enim
3600 1959 3726 2014 alia
3771 1959 3828 2015 S.

2114 2046 2388 2114 Quiutino
2444 2061 2608 2104 sacra
2665 2048 2943 2118 Augusta
3002 2047 3550 2112 Viromanduorum,
3611 2047 3829 2118 vulgo,

2114 2133 2386 2206 l’Abbaye
2411 2134 2578 2202 d‘lle,
2611 2149 2712 2191 seu
2740 2135 2809 2190 de
2854 2135 3006 2203 l'Ile,
3056 2135 3287 2191 abbatia
3337 2135 3390 2191 S.
3439 2134 3709 2200 Quintiui
3768 2136 3829 2190 in

2114 2223 2328 2289 Insula,
2371 2223 2453 2279 sic
2498 2231 2857 2293 nuncupata,
2902 2224 3057 2294 quod
3101 2230 3415 2294 antequam
3444 2223 3587 2279 urbs
3611 2222 3829 2278 eadem

2114 2326 2149 2368 a
2208 2312 2464 2382 Philippo
2521 2313 2567 2367 II
2618 2312 3027 2384 Hispaniarum
3072 2327 3205 2383 rege
3270 2320 3592 2383 caperetur,
3650 2327 3828 2368 secus

2114 2399 2418 2456 Somonam
2474 2402 2721 2457 ﬂuvium
2775 2409 3024 2457 exstaret
3078 2416 3091 2455 :
3134 2416 3293 2456 nunc
3336 2415 3469 2457 vero
3515 2400 3707 2456 media
3762 2401 3822 2455 in

2114 2489 2257 2545 urbe
2287 2493 2563 2561 Augustae
2592 2490 3131 2546 Viromanduorum.
3168 2490 3246 2546 De
3275 2502 3392 2560 qua
3430 2488 3712 2560 Sigebert.
3744 2490 3821 2545 ad

2112 2591 2207 2633 an.
2242 2577 2365 2633 964.

2183 2664 2509 2721 Monasterii
2584 2664 2775 2721 Sancti
2833 2663 3092 2732 Quintini
3154 2666 3224 2721 de
3285 2665 3489 2725 Monte,
3548 2664 3668 2721 solo
3740 2665 3818 2721 ab

2110 2753 2526 2809 Northmannis
2563 2752 2873 2823 adeequati,
2908 2752 3083 2809 nullze
3114 2754 3280 2809 nobis
3310 2753 3643 2823 superstites
3672 2762 3819 2809 sunt

2112 2841 2402 2912 primzevae
2433 2841 2787 2897 fundationis
2834 2848 3003 2908 notae,
3039 2851 3248 2911 prater
3274 2841 3488 2897 litteras
3515 2842 3813 2898 Adalberti

2112 2930 2639 2986 Viromanduorum
2689 2930 2956 2986 comitis:
3005 2944 3036 2986 e
3076 2930 3291 3001 quibus
3330 2929 3809 2986 instaurationem

2109 3017 2324 3087 pariter
2364 3025 2419 3073 et
2482 3018 2905 3088 aliquantulam
2966 3017 3207 3089 originis
3258 3016 3514 3087 ejusdem
3559 3017 3810 3073 cmnobii

2109 3106 2371 3163 notitiam
2405 3107 2691 3176 percipere
2720 3114 2822 3162 est.

2185 3216 2207 3243 ι
2263 3196 2381 3265 Ego
2446 3193 2792 3249 Adalbertus
2854 3207 3042 3249 comes
3084 3199 3285 3249 notum
3332 3207 3452 3249 esse
3506 3193 3635 3248 volo
3686 3200 3806 3249 tam

2110 3282 2490 3355 praesentibus
2569 3296 2745 3354 quam
2810 3282 3045 3347 futuris,
3118 3283 3176 3337 in
3240 3295 3363 3338 meo
3424 3282 3804 3337 Virodunensi

2109 3371 2385 3427 comitatu
2433 3371 2505 3427 ab
2566 3370 2807 3441 antiquo
2870 3378 3124 3440 tempore
3166 3370 3449 3426 exstitisse
3506 3370 3803 3426 ecclesiam

2111 3459 2168 3515 in
2219 3460 2437 3516 honore
2497 3460 2681 3516 sancti
2731 3458 2993 3523 Quintini
3038 3458 3307 3528 martyris
3353 3459 3686 3526 dedicatam,
3745 3461 3801 3513 in

2110 3557 2301 3605 monte
2350 3551 2540 3617 sitam,
2585 3549 2758 3619 juxta
2804 3548 2998 3603 vicum
3050 3547 3346 3613 Peronam,
3398 3560 3573 3617 quam
3614 3561 3801 3619 quon-

2108 3636 2240 3693 dam
2292 3637 2595 3708 Dagoberti
2645 3636 2795 3707 regis
2858 3636 3215 3702 auctoritate,
3275 3634 3610 3691 Erchenaldi
3663 3648 3802 3706 pras-

2109 3726 2235 3781 fecti
2268 3726 2594 3793 donatione,
2644 3724 2824 3782 sancti
2873 3723 3041 3796 Eligii
3076 3724 3363 3794 pontiﬁcis
3392 3723 3799 3792 benedictione,

2110 3815 2354 3871 Ultanus
2392 3815 2628 3886 quidam
2681 3828 2889 3886 genere
2940 3813 3159 3876 Scotus.
3208 3812 3551 3883 professione
3600 3826 3801 3866 mona-

2107 3904 2272 3971 chus,
2359 3902 2758 3960 ecclesiasticis
2841 3901 3254 3967 sanctionibus,
3336 3914 3403 3955 ac
3480 3900 3799 3956 monasticis

2110 3991 2357 4048 instituit
2426 3990 2905 4058 institutionibus,
2975 3989 3200 4046 abbatis
3262 3989 3476 4045 honore
3540 3988 3793 4059 functus;

2107 4087 2230 4150 post
2273 4080 2443 4151 cujus
2489 4080 2621 4136 vitae
2664 4093 2984 4143 excessum,
3036 4078 3282 4143 incuria,
3326 4091 3393 4133 ac
3423 4078 3793 4133 barbarorum

2104 4167 2472 4224 insectatione
2531 4168 2603 4223 ad
2637 4175 2855 4223 tantam
2906 4166 3312 4222 desolationem
3372 4166 3495 4235 ipsa
3542 4166 3794 4235 pervenit

2104 4257 2343 4313 ecclesia
2370 4264 2435 4313 ut
2477 4257 2575 4312 vix
2619 4270 2752 4313 rara
2782 4256 3038 4325 antiquae
3071 4253 3437 4310 habitationis
3465 4262 3794 4323 apparerent

2108 4347 2368 4417 vestigia.

2036 4445 2079 4499 ι)
2184 4455 2211 4483 α
2249 4434 2408 4489 Hanc
2438 4433 2616 4505 igitur
2645 4447 2748 4503 pro
2774 4446 2912 4489 mete
2951 4431 3199 4487 remedio
3241 4430 3468 4498 animae,
3504 4430 3793 4500 praedeces-

2105 4537 2300 4579 sorum
2351 4522 2470 4577 sive
2514 4522 2808 4577 hzeredum
2857 4534 3119 4576 meorum
3166 4519 3368 4586 salute,
3418 4518 3614 4574 divina
3650 4532 3792 4572 com-

2107 4620 2356 4683 punctus
2385 4610 2779 4681 inspiratione,
2805 4609 2950 4681 jussi
2974 4623 3010 4665 a
3030 4608 3404 4664 fundamento
3434 4606 3787 4669 reaadificare,

2103 4708 2157 4757 et
2188 4700 2393 4757 abbate
2429 4699 2757 4766 constituto,
2798 4712 2928 4755 cum
2969 4697 3204 4753 consilio
3239 4695 3489 4752 fidelium
3520 4708 3785 4762 meorum,

2103 4789 2395 4846 abbatiam
2444 4788 2643 4844 studui
2691 4787 2927 4857 dotare;
2967 4786 3167 4857 sicque
3216 4785 3274 4840 in
3329 4791 3661 4855 perpetuum
3702 4798 3788 4840 ra-

2104 4885 2249 4944 tum,
2277 4885 2334 4933 et
2372 4876 2779 4933 inconvulsum
2804 4888 3160 4947 permanere.

2182 4991 2202 5017 ι
2240 4967 2428 5037 Hujus
2467 4969 2660 5023 autem
2708 4965 2853 5021 dotis
2885 4978 2975 5020 res
3014 4964 3103 5019 hae
3152 4969 3322 5019 sunt:
3360 4962 3425 5017 In
3458 4975 3600 5033 pago
3634 4961 3785 5017 Viro-

2104 5055 2352 5113 duuensi
2398 5054 2604 5111 villula
2650 5067 2787 5121 una,
2838 5067 2970 5124 quae
3015 5051 3228 5109 dicitur
3274 5050 3607 5118 Aisilcourt;
3645 5055 3693 5104 et
3729 5050 3781 5104 in

2104 5144 2227 5215 ipso
2284 5158 2455 5214 pago,
2505 5144 2562 5199 in
2629 5141 2768 5198 villa
2830 5140 3164 5197 (:urticulus
3211 5146 3563 5207 nuncupata,
3613 5137 3795 5215 mansi~

2104 5242 2337 5303 septem,
2407 5240 2461 5287 et
2526 5232 2800 5287 medietas
2858 5230 3110 5284 ecclesia!
3170 5228 3239 5282 de
3304 5227 3572 5294 Duriaco,
3640 5226 3777 5295 apud

2103 5320 2411 5378 Castellum
2444 5319 2724 5389 Nigellum
2770 5332 2945 5388 super
2993 5316 3237 5373 ﬂuvium
3288 5315 3525 5385 l'lngon,
3572 5321 3778 5383 pontem

2103 5420 2234 5462 cum
2290 5413 2441 5461 terra
2486 5404 2847 5474 appendeute
2896 5403 2995 5459 ibi.
3048 5404 3110 5458 In
3159 5402 3358 5472 Tegeri
3397 5401 3567 5457 hamo
3613 5402 3779 5458 mansi

2104 5494 2249 5563 duo;
2299 5499 2354 5549 et
2402 5493 2459 5547 in
2509 5493 2647 5549 villa
2702 5506 2835 5561 quas
2884 5492 3098 5547 dicitur
3142 5495 3364 5548 Sanctae
3406 5489 3778 5560 Radegundis,

2107 5582 2289 5637 mansi
2320 5589 2448 5636 tres.
2484 5582 2548 5636 In
2579 5580 2705 5635 vico
2740 5580 3015 5635 medietas
3035 5579 3263 5647 capella:
3295 5577 3483 5633 Sancti
3516 5576 3779 5642 Quintini,

2103 5686 2235 5727 cum
2264 5669 2703 5741 quatuordecim
2733 5667 3073 5737 hospitibus.
3108 5669 3171 5724 In
3202 5666 3339 5723 villa
3374 5666 3597 5734 Alania,
3628 5680 3785 5737 super
