3930 6418
105 439 260 493 1117

1375 438 1593 496 DOMNI
1632 438 1692 493 L.
1734 433 2082 492 D’ACHERY
2121 436 2343 493 ΝΟΤιΕ.

3500 437 3637 492 1118

100 572 377 630 ﬂuvium
430 572 606 640 Halle,
680 572 980 629 duodecim
1027 574 1292 645 hospites,
1342 589 1475 632 cum
1521 581 1675 631 terra
1721 587 1821 628 co-
1858 573 1906 627 Α
1936 572 2152 642 pradia
2195 571 2609 643 facultatesque
2657 571 2956 629 monachis
3004 572 3166 630 desse
3215 572 3422 644 voluit)
3479 587 3633 630 anno

100 662 314 729 lenda,
351 668 406 717 et
435 668 599 730 prato
634 675 769 716 uno.
821 661 906 716 Ad
963 662 1260 719 ecclesiam
1316 662 1570 733 ejusdem
1619 662 1830 718 montis

102 748 360 818 respicit
389 748 548 814 villa,
580 763 713 818 qua
748 748 1026 815 vivarius,
1067 763 1199 805 cum
1250 750 1372 805 suis
1408 750 1826 821 adjacentibus,

102 851 299 906 super
328 837 574 893 ﬂuvium
604 836 983 893 Grinsionem.
1020 839 1082 892 In
1138 838 1293 906 villa,
1326 854 1457 910 qua
1505 839 1692 895 Douin
1721 853 1828 893 vo-

104 933 315 992 catur,
359 925 752 981 molendinum
800 940 1006 990 unum,
1056 941 1189 982 cum
1245 928 1412 984 tertia
1463 934 1623 998 parte
1681 925 1829 996 prati

107 1013 194 1068 ibi
232 1013 634 1083 appendentis.
685 1014 746 1068 In
804 1027 952 1084 pago
997 1015 1373 1083 Suessionico,
1422 1016 1481 1072 in
1531 1016 1670 1071 villa
1699 1030 1830 1085 qua

105 1101 420 1156 Allemans
448 1109 709 1169 vocatur,
746 1109 856 1157 tres
892 1103 1098 1171 mansi,
1150 1118 1280 1160 cum
1313 1104 1475 1160 curia
1512 1103 1829 1160 iudomini-

107 1196 274 1243 cata.

193 1298 215 1324 «
259 1277 321 1332 In
367 1277 458 1334 his
502 1292 640 1348 ergo
697 1277 928 1334 domino
997 1288 1192 1335 sancto
1256 1280 1528 1345 Quintino
1591 1280 1830 1350 martyri

105 1363 273 1418 datis
327 1365 520 1431 rebus,
590 1366 790 1422 nullus
865 1368 1159 1424 baredum
1210 1369 1296 1424 vel
1372 1369 1827 1438 propinquorum

107 1465 409 1517 meorum,
443 1467 559 1508 non
587 1468 794 1521 comes,
826 1469 932 1510 nec
969 1457 1299 1525 vicecomes,
1345 1471 1451 1512 nec
1482 1458 1608 1527 ejus
1637 1456 1831 1512 libera

108 1537 502 1607 ingenuitatis
572 1540 760 1608 homo,
820 1543 1040 1613 aliquid
1092 1545 1298 1600 amodo
1360 1545 1601 1616 accipiat
1656 1559 1831 1601 causa

106 1628 579 1695 consuetudinis,
613 1642 714 1685 seu
765 1632 1176 1700 advocationis,
1218 1648 1332 1688 non
1373 1634 1654 1701 bannum,
1713 1649 1828 1690 non

102 1714 428 1785 justitiam,
506 1730 620 1772 non
706 1717 1135 1787 districtionem,
1185 1721 1292 1776 nisi
1371 1721 1517 1777 fideli
1598 1730 1831 1791 precatu

108 1802 309 1872 ipsius
362 1804 606 1861 abbatia
660 1806 906 1864 abbatis.
953 1808 1116 1872 Quod
1164 1811 1267 1880 qui
1317 1809 1629 1881 infringere
1678 1824 1830 1880 pra-

110 1893 456 1961 sumpserit,
520 1908 622 1963 pro
651 1909 771 1951 suae
823 1898 1158 1953 temeritatis
1209 1898 1450 1954 ausibus
1480 1899 1657 1954 ternis
1685 1899 1831 1955 sub-

106 1980 309 2050 jaceat
381 1982 898 2052 maledictionibus,
968 1994 1024 2041 et
1076 1986 1322 2057 publicis
1390 1997 1621 2043 coactus
1683 1987 1832 2043 resi-

114 2069 343 2138 piscere
368 2078 634 2128 teneatur
679 2073 922 2143 legibus.
983 2076 1166 2147 Cujus
1203 2076 1443 2133 actionis
1494 2084 1663 2133 testes
1692 2077 1828 2133 lau-

112 2158 352 2214 datores
380 2160 799 2218 confirmarunt
841 2178 854 2217 :

195 2267 217 2294 ‹
258 2246 381 2317 Ego
410 2248 755 2304 Adalbertus
811 2264 1018 2318 comes,
1069 2252 1171 2321 qui
1212 2252 1360 2323 jussi
1412 2252 1553 2314 ﬁeri,
1611 2252 1829 2308 confir-

111 2348 278 2389 man

193 2444 215 2469 ι
250 2421 305 2479 8.
340 2420 623 2479 Heriberti
662 2439 810 2480 com.
843 2428 898 2482 S.
957 2426 1192 2483 Vidonis
1233 2440 1378 2483 com.
1431 2426 1485 2481 8.
1530 2426 1825 2482 Philberti.

110 2508 173 2563 8.
207 2509 530 2566 Luutberti.
588 2510 640 2568 S.
697 2513 993 2569 Walcbisi.
1028 2516 1083 2569 S.
1116 2514 1346 2571 Odonis.
1408 2514 1463 2569 S.
1516 2515 1727 2571 Ivonis.
1769 2513 1824 2569 S.

111 2597 345 2652 Boslevi
385 2598 440 2653 S.
516 2600 839 2655 Walcelini.
886 2602 938 2656 S.
1000 2602 1293 2658 Amalrici.
1345 2602 1399 2658 S.
1453 2603 1722 2659 Walneri.
1770 2604 1823 2658 S.

109 2686 353 2741 Odonis.
386 2687 440 2743 S.
486 2688 780 2745 Macharii.

196 2793 215 2819 ι
257 2772 376 2841 Ego
429 2774 807 2844 Leudulphus
838 2777 1302 2834 Wermandensis
1330 2792 1397 2834 ac
1433 2778 1829 2835 Noviomensis

114 2859 389 2915 Ecclesia
416 2861 717 2932 episcopus
746 2864 1081 2936 subscripsi,
1115 2868 1474 2922 confirmavi.

197 2970 219 2995 ι
283 2953 490 3005 Actum
540 2951 598 3006 in
646 2952 810 3008 curia
864 2953 1055 3010 Sancti
1103 2954 1380 3022 Quintini,
1407 2957 1498 3012 die
1550 2955 1828 3026 passionis

117 3037 409 3106 ejusdem:
443 3060 463 3086 ι

194 3124 562 3195 Subjicienda
593 3135 867 3197 praterea
908 3138 991 3186 est
1021 3131 1296 3188 abbatum
1330 3133 1521 3189 brevis
1576 3133 1826 3189 chrono-

119 3212 276 3283 logia
303 3228 334 3269 e
364 3218 600 3272 vetustis
627 3218 880 3288 ejusdem
932 3221 1175 3277 coenobii
1221 3221 1436 3276 chartis
1489 3235 1556 3277 ac
1603 3213 1825 3277 ruderi-

123 3302 236 3356 bus
265 3302 337 3358 ab
368 3304 591 3360 erudito
638 3320 804 3376 aque
832 3320 899 3362 ac
953 3308 1202 3365 facundo
1250 3310 1317 3365 Β.
1361 3310 1416 3364 Ρ.
1466 3310 1677 3366 domno
1706 3309 1826 3365 Stc-

124 3390 317 3459 phano
376 3392 427 3448 Ie
454 3394 621 3463 {Gris,
668 3409 827 3450 nunc
867 3404 1075 3453 nostra
1123 3398 1582 3469 congregationis
1640 3398 1828 3468 priore

124 3480 506 3548 meritissimo,
541 3482 912 3554 deprompta;
958 3494 1031 3552 et,
1067 3501 1139 3541 ne
1190 3486 1513 3542 institutum
1564 3495 1824 3542 nostrum

126 3571 687 3639 pratergrediamur,
729 3571 979 3629 breviori
1025 3589 1142 3645 quo
1182 3576 1497 3644 poterimus
1524 3576 1669 3644 ston
1698 3588 1821 3629 eam

124 3658 555 3716 contrahemus.

124 3800 600 3874 Chronologicum
614 3803 885 3859 abbatum
900 3805 1241 3861 monasterii
1261 3807 1461 3864 Sancti
1482 3806 1737 3879 Quintim
1754 3808 1824 3862 de

645 3894 844 3950 Monte
873 3894 1279 3951 summarium.

198 4014 550 4072 Protoabbas
611 4026 849 4075 sanctus
914 4020 1176 4091 Ultanus,
1238 4021 1298 4077 in
1348 4022 1617 4078 Hibernia
1668 4023 1824 4093 regio

128 4105 407 4174 sanguine
462 4115 813 4175 procreatus,
873 4110 1087 4166 eximia
1142 4120 1264 4168 tum
1331 4111 1649 4178 sanctitate,
1699 4118 1822 4167 tum

127 4192 294 4248 etiam
336 4195 661 4251 monastica
730 4196 1046 4268 disciplina
1112 4200 1317 4270 peritia
1363 4199 1621 4267 illustris,
1671 4214 1824 4255 anno

131 4288 404 4351 reparata
442 4283 645 4339 salutis
692 4287 793 4340 643
841 4287 1086 4345 abbatia
1125 4289 1316 4345 Sancti
1371 4288 1623 4356 Quintini
1665 4289 1825 4343 Mon-

131 4369 299 4426 tensis
323 4371 396 4427 ab
443 4372 803 4429 Erchenaldo
859 4375 1383 4433 Viromanduorum
1438 4376 1640 4432 comite
1676 4391 1823 4446 pra-

132 4460 345 4529 ficitur;
376 4460 866 4530 quemadmodum
898 4477 972 4518 ex
1010 4465 1260 4532 prafatis
1300 4465 1594 4522 Adalberti
1626 4465 1825 4521 litteris

132 4556 483 4618 perspectum
517 4548 781 4604 habetur.

202 4636 283 4692 Ad
312 4650 550 4707 superos
574 4637 814 4693 excessit
843 4652 996 4694 anno
1037 4638 1249 4696 Christi
1278 4643 1400 4695 686.

202 4725 270 4781 II.
304 4725 641 4792 Evraldum,
692 4726 1011 4783 instaurato
1048 4729 1412 4794 monasterio,
1467 4729 1526 4784 in
1557 4728 1821 4785 abbatem

132 4821 501 4883 assumptum,
534 4814 747 4871 eadem
777 4815 1011 4885 signant
1054 4815 1255 4872 littera
1293 4829 1447 4872 anno
1487 4830 1616 4873 ara
1644 4817 1820 4883 :Chri-

132 4903 321 4958 stiana
367 4903 492 4958 943.
551 4903 766 4959 Verum
814 4903 1110 4960 enimvero
1172 4918 1353 4975 pauco
1403 4914 1529 4975 post
1571 4913 1822 4975 tempore

133 4992 230 5062 (sic
260 4991 531 5047 nimirum
567 4991 947 5047 vicissitudini
996 5000 1173 5063 atque
1200 4993 1539 5050 detrimento
1596 5002 1822 5051 terrena

132 5080 369 5136 subsunt
398 5085 552 5134 ¢I9
593 5080 887 5151 universa)
932 5095 1169 5137 rursum
1214 5097 1280 5138 eo
1326 5096 1514 5152 usque
1561 5077 1822 5138 decidere

133 5184 166 5225 a
208 5168 441 5238 pristina
488 5168 907 5225 instauratione
951 5169 1212 5231 adificia,
1267 5178 1329 5226 ut
1381 5171 1536 5226 cella
1583 5186 1820 5240 nomen,

134 5258 331 5313 nedum
417 5256 663 5312 abbatia
724 5257 958 5314 titulum
1031 5257 1344 5327 praferret.
1417 5261 1488 5315 At
1538 5260 1822 5315 Bobertus

136 5345 286 5403 urbis
308 5346 542 5401 Perona
594 5345 896 5415 prafectus
941 5346 1216 5416 religione
1272 5348 1734 5417 praclarusmui
1766 5348 1821 5403 id

136 5434 233 5490 loci
272 5434 403 5505 jure
462 5433 718 5489 beneficii
778 5433 1142 5504 possidebat),
1191 5434 1439 5490 obtentis
1493 5448 1527 5490 a
1578 5436 1822 5491 Roberto

137 5524 473 5581 Francorum
507 5536 636 5592 rege
684 5520 904 5588 litteris,
944 5521 1142 5590 inique
1177 5536 1519 5591 possessores
1574 5523 1823 5580 faculta-

138 5622 249 5669 tum
277 5611 598 5667 monasterii
657 5610 850 5666 ablata
907 5611 1205 5666 restituere
1259 5611 1429 5679 cogit,
1477 5626 1544 5667 ac
1570 5621 1821 5681 postmo-

138 5702 262 5758 dum
325 5700 448 5756 suis
506 5698 835 5769 sumptibus
905 5698 1232 5755 canobium
1314 5700 1551 5755 resarcit
1614 5705 1821 5769 (neque

1937 658 2200 714 videlicet
2236 662 2388 714 1028.

2008 747 2099 801 Ill.
2134 747 2452 803 Balduinus
2488 761 2560 803 ex
2611 748 2790 805 nobili
2844 749 3119 806 comitum
3184 749 3465 806 Flandria
3517 748 3638 805 Na-

1938 836 2241 904 murcique
2270 836 2538 906 prosapia
2567 837 2761 894 clarus
2792 839 2949 894 1028.

2009 924 2101 979 IV.
2135 925 2504 981 Walteranus
2520 925 2672 981 obiit
2710 928 2860 980 !040.

2009 1012 2077 1067 V.
2138 1014 2508 1070 Walteranus
2563 1014 2631 1077 II.
2691 1027 2846 1070 anno
2897 1015 3050 1069 1040.
3111 1014 3311 1083 Hujus-
3366 1012 3642 1070 Ecclesia

1940 1100 2067 1171 (fert
2110 1101 2533 1173 Necrologium)
2604 1101 3072 1175 sapientissimus
3135 1101 3449 1169 ordinator,
3506 1104 3562 1156 et
3601 1117 3642 1157 a

1934 1189 2339 1255 fundamentis
2368 1189 2698 1257 adi/iactor.
2738 1192 2953 1248 Verum
3013 1191 3119 1260 pia
3164 1190 3642 1261 peregrinationis

1939 1278 2126 1348 gratia
2164 1293 2295 1334 cum
2328 1278 2564 1335 Romam
2611 1280 2879 1347 venisset,
2911 1279 3062 1335 iinibi
3096 1278 3228 1335 vita
3254 1278 3424 1333 finem
3456 1278 3638 1348 impo-

1939 1366 2074 1433 suit,
2109 1374 2162 1422 et
2191 1381 2404 1437 corpus
2432 1368 2825 1438 sepeliendum
2857 1367 3109 1439 reliquit.

2009 1454 2531 1523 VI.Gaudefridus,
2592 1459 2744 1511 1058.
2798 1457 2946 1512 Eum
3000 1454 3360 1512 commendat
3390 1453 3448 1508 in
3483 1453 3641 1510 hunc

1938 1543 2175 1599 modum
2226 1544 2496 1600 Nicolaus
2538 1546 2857 1601 monachus
2900 1545 3038 1600 Vita
3084 1543 3265 1599 sancti
3308 1541 3636 1598 Gaudefridi

1935 1630 2060 1700 (qui
2095 1631 2356 1687 abbatem
2417 1632 2575 1688 illum
2624 1632 2985 1689 educatorem
3046 1630 3269 1700 habuit)
3308 1631 3404 1686 lib.
3440 1646 3476 1697 ι,
3509 1642 3636 1699 cap.

1935 1722 2015 1773 2:
2058 1742 2079 1767 ι
2135 1721 2231 1775 Est
2280 1720 2498 1776 celebre
2546 1721 2956 1777 monasterium
3003 1720 3062 1775 in
3110 1719 3637 1775 Viromanduorum

1871 1807 2081 1903 Bsolo,
2124 1807 2181 1863 in
2234 1809 2295 1864 Β.
2352 1809 2606 1875 Quintini
2668 1810 2940 1880 martyris
2996 1809 3269 1864 honorem
3319 1807 3634 1874 conditum,

1941 1898 2171 1953 Perona
2201 1898 2410 1968 oppido
2436 1897 2849 1968 propinquum.
2886 1898 2957 1954 Et
2990 1912 3092 1967 per
3122 1897 3178 1952 id
3225 1906 3449 1967 tempus
3485 1909 3638 1965 pra-

1939 1990 2062 2039 erat
2109 1983 2199 2038 vir
2256 1983 2387 2053 pius
2439 1984 2778 2040 Godefridus
2805 1992 2860 2040 et
2906 1997 3133 2039 morum
3187 1981 3532 2052 integritate,
3582 1988 3639 2036 et

1940 2071 2165 2142 generis
2208 2072 2502 2129 nobilitate
2566 2072 2777 2129 clarus.
2834 2072 2965 2129 Fuit
3027 2071 3180 2127 enim
3231 2078 3475 2141 patruus
3525 2068 3638 2124 Ida

1942 2160 2068 2215 tilia
2111 2160 2324 2216 Alberti
2380 2161 2717 2217 nobilissimi
2789 2161 3011 2217 comitis
3054 2157 3450 2223 Namurensis,
3504 2171 3638 2227 qua

1931 2248 2135 2318 juncta
2191 2249 2555 2305 matrimonio
2584 2250 2815 2321 egregio
2861 2249 3083 2305 consuli
3116 2246 3471 2304 Boloniensis
3499 2259 3638 2314 pro-

1936 2337 2142 2393 vincia
2215 2338 2545 2404 Eustachio,
2599 2346 2704 2394 etc.
2759 2338 2896 2404 Qua
2946 2337 3179 2408 quidem
3232 2335 3447 2391 idcirco
3494 2334 3638 2389 mihi

1937 2434 2383 2481 commemorata
2427 2433 2562 2481 sunt
2594 2434 2656 2481 ut
2687 2426 2862 2496 possit
2891 2424 3129 2495 intelligi
3184 2438 3368 2495 genus
3418 2422 3639 2479 illustre

1940 2516 2081 2571 tanti
2114 2516 2315 2583 Patris,
2362 2531 2535 2586 quem
2588 2524 2809 2572 constat
2846 2516 3016 2570 etiam
3064 2513 3224 2585 gregi
3272 2526 3377 2568 suo
3425 2524 3641 2582 magna

1936 2619 2079 2661 cura
2107 2606 2453 2677 invigilasse,
2483 2605 2755 2676 religione
2807 2603 3264 2666 celeberrimum,
3316 2600 3637 2656 litterarum

1936 2694 2193 2755 scientia,
2233 2704 2287 2751 et
2341 2709 2531 2750 rerum
2585 2707 2821 2764 quoque
2869 2700 3240 2748 externarum
3292 2697 3347 2745 et
3379 2688 3641 2759 politica-

1936 2797 2066 2838 rum
2124 2782 2326 2852 peritia
2392 2783 2730 2852 cumprimis
2767 2782 3114 2837 instructum
3171 2778 3363 2836 fuisse.
3395 2780 3440 2845 1»
3498 2778 3635 2831 Item

1938 2872 2121 2927 multa
2146 2886 2269 2941 cap.
2296 2874 2351 2937 3,
2382 2874 2415 2926 4
2443 2879 2498 2927 et
2557 2886 2677 2941 seq.
2730 2871 2986 2942 ejusdem
3021 2869 3150 2924 libri
3196 2868 3266 2923 de
3313 2865 3635 2923 Godefrido.

2005 2960 2212 3014 Anima
2245 2960 2509 3015 exhalata
2541 2960 2821 3015 caelestem
2864 2959 3104 3028 patriam
3138 2956 3277 3012 adiit
3310 2957 3465 3009 1098.

2006 3048 2124 3103 VII.
2159 3048 2455 3114 Henricus,
2494 3050 2648 3114 1098,
2709 3061 2950 3103 summa
3002 3044 3226 3115 pietatis
3274 3044 3365 3099 vir
3419 3057 3488 3098 ac
3524 3042 3632 3098 do-

1865 3148 1906 3203 c
1935 3124 2135 3192 ctrina
2165 3137 2402 3192 decessit
2433 3139 2587 3191 1133.

2003 3225 2153 3281 V111.
2189 3226 2374 3295 Hugo,
2412 3227 2570 3280 1133.
2604 3224 2778 3281 Desiit
2829 3237 2981 3279 anno
3043 3223 3197 3277 1148.
3230 3221 3373 3277 Jura
3413 3233 3636 3290 posses-

1935 3313 2240 3384 sionesque
2286 3314 2566 3383 approbat
2615 3314 2911 3384 Eugenius
2942 3325 3091 3381 papa
3140 3310 3219 3365 III
3278 3308 3368 3364 his
3397 3308 3632 3363 verbis:

2005 3403 2299 3473 Eugenius
2325 3403 2647 3472 episcopus,
2679 3416 2882 3456 servus
2909 3412 3209 3455 servorum
3239 3396 3358 3462 Dei,
3403 3394 3635 3465 Hugoni

1934 3492 2128 3548 abbati
2177 3492 2506 3547 monasterii
2564 3490 2754 3546 Sancti
2798 3487 3055 3553 Quintini
3108 3487 3178 3543 de
3226 3487 3426 3545 Monte.
3479 3482 3636 3553 quod

1935 3581 1993 3635 in
2042 3594 2188 3652 pago
2249 3580 2651 3635 Vermandensi
2704 3579 2875 3635 situm
2923 3586 3027 3641 est,
3075 3577 3318 3647 ejusque
3360 3570 3635 3628 fratribus

1931 3677 2048 3726 tam
2081 3670 2459 3740 prasentibus
2518 3683 2694 3739 quam
2752 3666 2981 3733 futuris,
3042 3674 3149 3721 etc.
3179 3660 3487 3733 Apostolici
3518 3673 3635 3715 mo-

1933 3758 2243 3813 deraminis
2274 3757 2586 3813 clementia
2615 3757 2882 3812 convenit
2914 3754 3207 3824 religiosos
3231 3752 3485 3821 diligere,
3519 3756 3626 3805 etc.

1943 3846 2088 3900 Vide
2114 3844 2177 3899 in
2204 3846 2464 3917 Eugenio
2483 3844 2681 3901 ΙΙΙαά
2708 3861 2803 3899 an.
2841 3846 2995 3898 1153.

2002 3939 2156 3989 σεο
2218 3935 2310 3990 IX.
2378 3935 2657 4005 Rogerius
2728 3948 2800 3989 ex
2856 3929 3284 4002 Aquicinctensi
3349 3927 3631 3983 monacho

1934 4024 2113 4079 abbas
2152 4024 2358 4079 Montis
2383 4023 2436 4078 S.
2492 4022 2753 4087 Quintini
2794 4028 3024 4077 creatur
3059 4021 3213 4073 1118.
3250 4018 3329 4072 De
3361 4031 3477 4086 quo
3507 4016 3631 4071 Bio-

1935 4112 2194 4182 graphus
2224 4112 2283 4166 B.
2317 4111 2547 4167 Gosvini
2606 4110 2700 4166 lib.
2734 4125 2792 4177 ιι,
2851 4123 2974 4178 cap.
3020 4111 3099 4174 12,
3159 4105 3259 4162 ubi
3312 4103 3629 4173 discipulo-

1934 4213 2063 4255 rum
2129 4199 2472 4255 venerabilis
2526 4200 2781 4269 ejusdem
2826 4197 2933 4253 viri
2983 4194 3326 4251 mentionem
3367 4192 3626 4247 faciens:

1940 4312 1961 4337 ι
2006 4289 2301 4358 Rogerius,
2341 4289 2547 4359 inquit,
2578 4289 2818 4344 Montem
2861 4287 2914 4341 S.
2947 4283 3204 4350 Quintini
3235 4296 3350 4337 non
3379 4280 3631 4352 segniter

1932 4377 2297 4433 observabat.
2331 4397 2351 4424 ι
2386 4377 2653 4432 Humana
2679 4376 2910 4445 reliquit
2948 4387 3042 4428 an.
3083 4373 3236 4427 1150.

1864 4448 1907 4501 ί)
2007 4467 2079 4521 Χ.
2118 4467 2282 4536 [Iugo
2314 4466 2387 4529 II,
2442 4479 2537 4520 an.
2610 4467 2761 4519 1150.
2798 4486 2824 4510 ‹‹
2861 4464 3027 4534 Hugo
3053 4461 3233 4517 abbas
3273 4454 3632 4514 Corbeiensis

1929 4560 1983 4608 et
2012 4552 2188 4623 hujus
2219 4553 2697 4625 congregationis.
2734 4573 2754 4600 ι
2789 4550 3175 4609 Obituarium.

2007 4642 2161 4698 Lucii
2187 4643 2258 4697 III
2308 4643 2590 4713 pontificis
2643 4641 2881 4698 maximi
2937 4640 3214 4709 scriptum
3270 4633 3518 4707 Hugoni,
3568 4632 3629 4688 in

1929 4746 2045 4801 quo
2075 4732 2318 4787 (χεῖλοὺῆ
2347 4731 2776 4787 immunitatum
2826 4738 2880 4786 et
2930 4727 3324 4797 exceptionem
3371 4722 3632 4778 sancitur

1929 4820 2240 4876 auctoritas
2269 4820 2544 4876 traditum
2564 4827 2648 4876 est
2678 4820 2785 4876 hac
2814 4819 3016 4873 forma.

2003 4908 2235 4974 Lucius,
2268 4923 2472 4965 servus
2516 4921 2814 4964 servorum
2865 4906 2983 4966 Dei,
3018 4902 3238 4959 dilectis
3271 4900 3401 4956 filiis
3435 4899 3628 4955 abbati

1931 4997 2137 5053 Montis
2166 5000 2221 5054 S.
2257 4997 2537 5064 Quintini,
2585 4998 2829 5068 ejusque
2882 4993 3157 5049 fratribus
3209 4998 3322 5045 tam
3375 5002 3629 5059 prasen-

1931 5087 2084 5142 tibus
2123 5101 2298 5157 quam
2346 5087 2577 5153 futuris,
2640 5092 2746 5142 etc.
2798 5084 3072 5139 Effectum
3122 5081 3282 5151 justa
3325 5076 3629 5149 postulari»

1929 5175 2085 5230 tibus
2116 5174 2434 5245 indulgere,
2461 5182 2569 5230 etc.
2620 5173 2766 5230 Vide
2800 5175 2863 5227 in
2891 5170 3062 5227 Lucio
3092 5170 3197 5224 III
3217 5167 3295 5225 ad
3320 5182 3411 5221 an.
3470 5168 3626 5221 1185.

1998 5268 2142 5318 6"
2185 5263 2530 5332 Detungitur
2552 5264 2718 5333 Hugo
2752 5265 2907 5327 1182,
2951 5262 3071 5315 sive
3118 5262 3265 5312 1185.

1998 5352 2092 5407 XI.
2137 5350 2456 5407 Balduinus
2486 5351 2547 5405 II.
2573 5350 2704 5421 Egit
2733 5351 2986 5404 animam
3020 5348 3174 5403 1188.

2003 5439 2129 5494 XII.
2162 5438 2463 5495 Robertus.
2500 5440 2687 5511 Hujus
2726 5436 3110 5494 defunctionis
3149 5448 3342 5491 annus
3395 5432 3452 5489 in
3485 5433 3629 5487 Mar-

1932 5527 2209 5597 tyrologio
2246 5529 2399 5581 1192.

2002 5615 2150 5670 XIII.
2182 5616 2492 5681 Walterus,
2527 5619 2680 5670 1192.
2711 5617 2764 5671 Is
2790 5614 3200 5675 monachorum
3254 5619 3457 5675 eoactu
3491 5624 3629 5689 pra-

1930 5700 2165 5759 fectura
2188 5703 2354 5761 cessit
2383 5719 2536 5760 anno
2561 5707 2717 5762 1198.
