3930 6406
295 424 436 481 1119

1322 416 1417 471 ΑΙ)
1453 413 1605 471 ΟΡΡ.
1644 411 1807 467 VEN.
1846 410 2174 468 GUIBERTI
2214 408 2308 466 DE
2345 408 2751 466 NOVIGENTO

3673 412 3836 466 1120

364 558 524 617 ΧΙΙΙ.
559 555 869 613 Walterus.
903 554 971 609 II.
993 553 1060 609 In
1082 551 1267 608 atatis
1300 550 1456 617 ﬂore,
1489 548 1681 618 stirpis
1728 554 1783 603 et
1812 546 1992 603 animi
2029 550 2078 603 Α
2181 546 2379 603 XXIV.
2413 547 2617 602 Petrus
2648 545 2720 600 de
2748 542 3014 601 Barm'lle
3056 556 3152 600 an.
3205 547 3361 600 1379.
3397 544 3535 613 Qua
3576 560 3835 617 supere-

294 647 628 721 praclarus,
658 642 923 701 omnium
953 655 1073 698 una
1109 654 1247 695 voce
1275 637 1524 710 eligitur.
1583 635 1992 693 Monasterium

292 745 527 794 strenue
572 734 712 790 adeo
760 733 929 797 rexit,
983 737 1046 786 ut
1102 742 1256 797 spem
1311 724 1608 795 superavit
1651 732 1705 781 et
1746 731 1991 779 atatem.

294 824 616 895 Disciplina
674 820 976 892 regularis,
1024 825 1481 886 caterarumque
1533 816 1819 870 virtutum
1866 820 1996 868 stu-

293 913 650 970 diosissimus
679 910 802 965 fuit.
864 906 1183 963 Facultates
1233 904 1428 970 auxit;
1481 903 1754 959 excitavit
1811 900 1997 957 sacel—

295 1002 414 1058 lum
447 1002 630 1057 Beata
658 996 925 1067 Virginis.
958 994 1256 1064 Ingentem
1293 992 1668 1063 pecuniarum
1708 1002 1996 1046 summam

294 1104 411 1160 quo
457 1099 678 1143 sacram
762 1082 1053 1139 basilicam
1109 1094 1144 1135 a
1208 1079 1600 1136 fundamentis
1655 1084 1995 1143 exstrueret,

293 1174 646 1248 aggregavit,
681 1172 798 1238 sed,
833 1177 1013 1226 morte
1069 1175 1504 1239 praeoccupatus
1542 1180 1695 1222 anno
1757 1167 1911 1233 1241,
1943 1164 1999 1220 id

292 1263 481 1333 operis
536 1258 842 1316 successori
903 1255 1315 1327 perﬁciendum
1375 1254 1628 1324 reliquit.
1683 1253 1827 1310 Sunt
1896 1253 1999 1322 qui

294 1350 610 1407 Walterum
641 1360 713 1403 ex
745 1344 954 1401 illustri
979 1344 1195 1400 familia
1218 1343 1287 1398 de
1322 1342 1678 1399 Hardecourt
1719 1341 2000 1413 originem

293 1440 500 1495 ducere
529 1436 842 1493 afﬁrmant.

363 1525 512 1582 XIV.
563 1525 757 1580 Simon
785 1524 857 1575 de
906 1520 1263 1575 Valencourt
1312 1520 1467 1574 1241.
1514 1518 1849 1584 Ecclesiam,
1908 1530 2001 1573 ve-

291 1613 476 1684 stigiis
532 1624 931 1682 supremaque
988 1608 1273 1665 voluntati
1327 1608 1615 1664 inharens
1672 1606 1762 1663 sui
1808 1606 1998 1662 deces—

292 1701 455 1767 soris,
487 1702 632 1756 mira
685 1704 1000 1765 structura,
1041 1712 1174 1769 qua
1223 1711 1382 1752 nunc
1437 1696 1659 1752 dierum
1719 1694 1999 1763 cernitur,

291 1789 689 1847 exaediﬁcavit.
721 1787 867 1845 Cum
898 1794 1080 1843 morte
1110 1786 1285 1843 vitam
1340 1784 1718 1842 commutavit
1766 1798 1801 1840 a
1831 1790 2001 1854 partu

293 1879 548 1950 Virginis
568 1879 729 1932 1257.

362 1967 486 2024 XV.
555 1965 847 2023 Gerardus
899 1963 1242 2020 Peronam}:
1288 1967 1444 2019 1257.
1518 1961 1770 2027 Jurium,
1824 1968 2002 2031 atque

295 2056 731 2111 immunitatum
777 2054 1096 2111 acerrimus
1136 2059 1550 2125 propugnator,
1592 2050 2000 2108 mortalitatem

293 2143 548 2213 explevit
581 2146 735 2198 1267.

367 2232 510 2288 XVI.
544 2231 826 2288 Robertus
877 2233 1034 2286 1267.
1093 2229 1292 2286 Itidem
1354 2228 1483 2285 forti
1517 2243 1636 2285 sese
1683 2227 1896 2293 animo,
1929 2239 2002 2282 ne

294 2320 598 2391 privilegia
654 2320 985 2376 monasterii
1033 2318 1511 2389 infringerentur,
1563 2316 1847 2387 opposuit.
1889 2315 2002 2370 Ex-

294 2415 478 2464 trema
506 2416 671 2464 atate
699 2408 997 2472 suadente,
1058 2406 1207 2463 ultro
1250 2420 1467 2462 munus
1495 2404 1783 2461 abdicavit
1847 2418 2002 2460 anno

297 2500 431 2551 1275
452 2504 506 2552 et
536 2496 734 2566 paucis
762 2504 887 2566 post
914 2496 1120 2553 diebus
1150 2494 1318 2551 cessit
1338 2509 1369 2551 e
1410 2494 1550 2550 vita.

365 2585 532 2640 XVII.
564 2585 886 2641 Balduinus
928 2585 1019 2651 III,
1070 2584 1227 2640 haud
1263 2584 1524 2655 religiose
1584 2582 1754 2654 gessit
1808 2581 2003 2652 prafe-

295 2680 540 2729 cturam.
575 2674 811 2729 Mortem
844 2671 1080 2742 oppetiit
1122 2673 1277 2727 1280.

366 2761 559 2817 XVIII.
594 2760 917 2816 Mattbaus.
951 2760 1084 2816 Fuit
1132 2759 1287 2816 mitis
1339 2766 1394 2815 et
1445 2765 1805 2825 mansuetus,
1863 2772 2003 2814 nec-

295 2864 411 2906 non
444 2856 499 2905 et
533 2848 847 2905 multorum
904 2847 1275 2904 aediﬁciorum
1323 2855 1546 2903 auctor.
1607 2846 1813 2918 Migrat
1850 2859 2003 2902 anno

299 2940 455 2992 1293.

364 3026 492 3082 XIX.
524 3026 773 3082 Joannes
800 3024 871 3079 de
899 3024 1241 3092 Villaribm,
1270 3024 1382 3081 San
1412 3024 1825 3092 Quintinianus
1844 3021 2003 3079 haud

2104 644 2235 692 rant
2258 635 2598 692 facultatum
2630 633 2970 703 absumpsit,
3002 632 3359 703 obligurivit.
3391 635 3608 691 Occidit
3652 638 3829 691 1398.

2178 730 2329 780 oss
2373 724 2540 781 XXV.
2604 723 2909 780 Matthaus
2958 721 3028 775 de
3080 722 3262 792 Dury,
3311 725 3465 778 1398.
3515 723 3833 793 Singulari

2103 812 2369 884 signatur
2389 812 2762 883 parcimonia.
2809 810 3031 866 Etenim
3063 824 3195 865 cum
3230 812 3530 879 perniciem
3585 826 3833 882 posses—

2104 901 2386 969 sionibus,
2436 902 2621 957 labem
2663 899 2939 966 adiliciis,
2997 899 3254 967 antiqua
3300 899 3588 969 splendori
3637 900 3832 956 disci-

2106 989 2277 1061 plina
2308 990 2648 1046 obnubilum
2693 989 2914 1044 illatum
2948 986 3319 1057 conspiceret,
3355 988 3625 1045 universa
3682 989 3832 1045 diu-

2107 1085 2279 1134 turno
2311 1078 2523 1145 labore,
2548 1078 2832 1134 industria
2888 1089 3137 1139 summa,
3170 1078 3479 1147 reparavit,
3539 1078 3834 1135 restituit-

2107 1183 2239 1238 que.
2275 1168 2507 1223 Natura
2540 1168 2819 1224 concessit
2855 1168 3009 1223 1413·

2180 1257 2373 1312 XXVI.
2408 1257 2659 1312 Joannes
2684 1257 2823 1312 Vde
2855 1259 3125 1315 Hannon.
3163 1260 3318 1314 1413.
3349 1255 3498 1314 Obiit
3526 1257 3685 1312 1438.

2180 1346 2407 1401 XXVII.
2461 1345 2710 1402 Jacobus
2780 1348 3073 1403 Rausson.
3141 1348 3306 1404 Prius
3370 1360 3403 1401 a
3449 1345 3628 1401 sacris
3678 1343 3833 1400 duci

2109 1434 2495 1504 Burgundia;
2529 1434 2735 1490 deinde
2783 1437 3136 1494 monasticen
3196 1434 3498 1506 professus,
3552 1433 3833 1503 prioratu

2109 1522 2178 1578 de
2230 1523 2464 1578 Lehuno
2496 1521 2555 1577 in
2609 1525 2894 1593 sanguine
2933 1533 3082 1581 terso
3137 1524 3347 1596 (Lihon
3391 1539 3464 1576 en
3520 1520 3831 1588 Sanierre)

2108 1609 2386 1679 donatur;
2449 1618 2571 1666 tum
2621 1610 2676 1667 8.
2737 1611 2991 1679 Quintini
3045 1613 3355 1669 Montensis
3412 1612 3564 1678 1461,
3613 1624 3684 1665 ac
3732 1623 3835 1678 po-

2110 1705 2318 1754 stremo
2346 1699 2598 1755 Corbeia
2628 1702 2833 1757 veteris
2880 1702 3059 1758 abbas
3088 1702 3340 1773 eligitur.
3404 1699 3835 1770 Octogenarius

2040 1829 2081 1883 Β
2111 1801 2265 1843 anno
2327 1790 2463 1842 1480
2508 1788 2799 1845 occubuit.
2837 1812 2858 1839 ι
2911 1790 3042 1846 Fuit
3076 1790 3294 1860 ubique
3341 1790 3433 1844 vir
3478 1787 3834 1845 mitissimus

2112 1876 2286 1946 (quod
2313 1876 2485 1932 refert
2531 1877 2850 1933 Chronicon
2900 1878 3238 1935 Corbeiense
3284 1878 3411 1945 ms.)
3463 1883 3640 1945 atque
3694 1890 3824 1945 per-

2107 1964 2421 2029 humanus,
2447 1973 2504 2022 et
2529 1966 2766 2022 scientia
2798 1967 3214 2038 grammaticali
3247 1966 3505 2037 apprime
3525 1964 3820 2028 eruditus.

2106 2053 2359 2123 optimus
2388 2054 2668 2127 scriptor;
2703 2056 3166 2126 magniﬁcusque
3196 2069 3265 2110 ac
3294 2052 3822 2123 splendidissimus,

2108 2143 2211 2212 qui
2262 2142 2391 2199 licet
2447 2142 2651 2199 humili
2700 2143 2823 2199 loco
2868 2151 3042 2200 natus
3085 2151 3252 2210 esset,
3308 2142 3580 2199 omnibus
3618 2148 3823 2197 tamen

2109 2229 2169 2286 in
2242 2231 2416 2287 rebus
2476 2230 2948 2301 praeclarissimas
2993 2230 3194 2287 evasit.
3249 2229 3351 2286 Hic
3388 2228 3695 2284 admodum
3760 2228 3824 2282 in

2108 2319 2454 2375 communiis
2498 2327 2553 2375 et
2598 2320 2777 2376 canis
2827 2319 3063 2386 facetus,
3122 2326 3178 2375 et
3227 2319 3285 2374 in
3324 2317 3468 2389 jocis
3515 2316 3828 2373 cavillator

2104 2407 2583 2479 jucundissimus.
2624 2431 2645 2456 ι
2679 2407 2843 2475 Quod
2886 2416 3097 2463 sancta
3129 2407 3344 2477 regula
3400 2404 3823 2461 monachorum

2109 2505 2285 2567 atque
2315 2496 2712 2553 institutorum
2758 2496 3276 2552 ecclesiasticarum
3324 2492 3588 2565 gravitati
3643 2492 3823 2564 longe

2110 2593 2416 2657 repugnat.

2185 2673 2428 2728 XXVIII.
2476 2674 2723 2729 Joannes
2751 2673 2826 2731 VI
2877 2674 3261 2745 Dansquenel.
3311 2672 3503 2729 Vitam
3531 2684 3661 2727 cum
3719 2670 3825 2726 ab-

2112 2760 2269 2817 batia
2297 2763 2488 2831 posuit
2522 2763 2676 2818 1481.

2179 2849 2385 2905 XXIX.
2422 2852 2671 2906 Joannes
2699 2850 2797 2907 VII
2830 2849 3244 2922 Karquendlan
3271 2848 3583 2905 canonicus
3635 2846 3824 2902 Picta-

2109 2938 2324 3004 vensis,
2391 2946 2445 2994 et
2511 2940 2938 3009 protonotarius
3005 2938 3362 3009 apostolicus.
3433 2937 3536 2993 Hic
3591 2934 3823 3005 primus

2110 3025 2401 3081 abbatiam
2454 3026 2747 3095 subripuit
2798 3027 2854 3081 in
2897 3026 3293 3083 commendam
3367 3026 3523 3079 1481.
3578 3024 3652 3079 At
3699 3037 3824 3078 mo-

294 3113 529 3185 ignobili
558 3128 765 3184 genere
821 3113 1128 3170 oriundus.
1191 3115 1305 3169 Hac
1338 3113 1461 3183 ipsa
1488 3120 1833 3182 tempestate,
1865 3126 1999 3168 cum
2039 3126 2081 3182 ο
2111 3113 2281 3169 nachi
2347 3112 2531 3169 multa
2585 3113 2666 3168 illi
2737 3113 3025 3169 facessunt
3087 3114 3315 3183 negotia
3353 3127 3369 3181 ;
3408 3111 3564 3167 unde
3639 3110 3819 3165 tadio

295 3201 484 3271 prisca
541 3201 808 3272 majestas
863 3201 1114 3258 ecclesia
1178 3201 1390 3258 montis
1437 3201 1490 3257 S.
1544 3200 1803 3265 Quintini
1843 3200 2003 3256 obso-

294 3287 541 3357 levisset,
572 3297 628 3346 et
676 3290 1151 3360 possessionibus,
1182 3291 1255 3346 ob
1299 3290 1491 3346 debita
1541 3303 1577 3345 a
1633 3290 2005 3359 praedecesso-

293 3378 456 3434 ribus
487 3386 800 3445 contracta,
842 3378 915 3434 ad
951 3386 1178 3435 exteros
1210 3379 1519 3443 translatis,
1575 3377 2004 3447 oppignoratis-

294 3481 428 3537 que,
477 3467 734 3523 omnium
792 3480 990 3523 rerum
1022 3474 1244 3537 egestas
1298 3466 1593 3522 canobitis
1638 3465 1997 3535 obrepsisset,

294 3554 719 3612 calamitatibus
765 3554 999 3611 tandem
1045 3568 1355 3624 oppressus
1405 3555 1683 3610 Peronam
1732 3568 1791 3610 se
1852 3567 2001 3610 rece-

294 3643 395 3713 pit,
427 3642 547 3706 ubi,
583 3643 702 3698 vita
734 3643 790 3698 in
822 3642 1012 3699 cinere
1042 3651 1097 3699 et
1148 3643 1333 3700 cilicio
1369 3651 1619 3713 peracta,
1669 3650 1995 3699 extremum

294 3730 564 3801 spiritum
583 3730 880 3788 exhalavit
915 3734 1070 3787 1313.

358 3819 485 3875 XX.
543 3819 789 3875 Joannes
843 3820 912 3874 II.
975 3819 1284 3891 Splendida
1338 3820 1407 3876 de
1473 3819 1723 3876 Hinchin
1782 3818 2001 3875 familia

294 3915 487 3963 natus.
530 3907 627 3963 Rei
654 3906 977 3964 domestica
1030 3907 1463 3963 administrator
1520 3906 1842 3963 industrius
1894 3921 1996 3963 no-

296 4002 470 4052 tatur.
520 3995 814 4065 Siquidem
858 3995 997 4066 ipse,
1041 4010 1153 4052 are
1208 3996 1393 4051 alieno
1442 4003 1751 4066 gravatum
1806 4009 2000 4051 mona-

294 4083 554 4151 sterium,
610 4084 891 4155 singulari
921 4084 1279 4154 providentia
1333 4084 1690 4141 exoneravit.
1742 4083 1997 4141 Besarcit

296 4172 599 4243 plerasque
634 4172 784 4228 ades
820 4172 1007 4229 ruinis
1054 4173 1410 4243 deturpatas.
1466 4172 1577 4229 Sex
1624 4173 1876 4229 maxime
1915 4172 1995 4229 illi

295 4274 386 4317 res
451 4262 863 4330 ecclesiastica,
944 4261 1309 4333 divinunque
1373 4262 1626 4319 officium
1700 4262 1997 4319 decentius

295 4358 471 4420 atque
492 4350 768 4406 attentius
796 4350 1259 4419 persolvendum,
1311 4351 1467 4407 cordi
1518 4350 1697 4407 fuere.
1748 4351 1993 4406 Paterna

2112 3216 2343 3273 pressus
2368 3216 2727 3273 maroreque
2776 3203 3067 3258 confectus
3095 3201 3244 3256 diem
3303 3200 3509 3255 clausit
3548 3199 3704 3253 1487.

2183 3291 2355 3347 XXX.
2398 3292 2643 3347 Joannes
2674 3291 2800 3348 VIII
2852 3288 3138 3357 d’Estrée,
3189 3303 3264 3345 ex
3318 3290 3472 3343 avita
3520 3285 3823 3343 nobilitate

2110 3379 2390 3450 originem
2456 3380 2710 3447 trahens,
2757 3393 2826 3435 ac
2897 3378 3226 3434 monasticis
3291 3376 3594 3435 obstrictus
3641 3375 3812 3430 votis.

2109 3468 2381 3536 Ipsumin
2413 3470 2635 3525 Patrem
2664 3475 2970 3524 assumunt
3005 3466 3235 3532 fratres;
3269 3466 3371 3536 qui
3413 3473 3470 3521 et
3492 3478 3528 3520 a
3584 3478 3820 3520 summo

2109 3556 2376 3627 pontifice
2431 3570 2585 3612 anno
2638 3558 2768 3612 1487
2809 3556 3104 3622 asseritur,
3153 3563 3328 3625 atque
3376 3552 3640 3625 insigniis
3678 3566 3821 3621 pon-

2107 3646 2417 3702 tiﬁcalibus
2472 3647 2791 3702 adornatur
2857 3648 3013 3700 1505.
3068 3644 3274 3700 Terras
3343 3641 3613 3714 migravit
3656 3654 3817 3696 anno

2110 3733 2434 3805 inSequenti
2472 3737 2626 3790 1506.

2570 3820 2826 3878 Λὸὸαιεδ
2850 3818 3347 3876 commendalart'i.

2178 3910 2387 3965 XXXI.
2428 3910 2752 3966 Ludovicus
2780 3909 2851 3964 de
2880 3906 3110 3966 Conslin
3160 3907 3393 3964 abbatia
3427 3904 3596 3962 simul
3627 3905 3813 3962 Souil-

2105 3996 2315 4054 Iacensi
2344 3998 2644 4069 (Sout'llac)
2684 3998 2850 4055 titulo
2903 3997 3256 4053 commenda
3287 3996 3500 4066 potitus
3536 4000 3620 4051 est
3647 3996 3804 4049 1506.

2175 4087 2408 4143 XXXII.
2445 4088 2729 4143 Antonius
2772 4085 3047 4159 Rogauit,
3108 4083 3377 4142 Ludovici
3430 4097 3622 4154 nepos,
3676 4096 3806 4152 pos-

2101 4175 2408 4232 sessionem
2435 4175 2575 4232 adiit
2602 4178 2755 4230 1527.

2175 4265 2437 4321 XXXIII.
2467 4266 2716 4322 Joannes
2743 4266 2809 4320 IX
2830 4264 2902 4319 de
2931 4262 3286 4330 Genouillac,
3314 4264 3468 4317 1532.

2178 4354 2431 4409 XXXIV.
2467 4353 2704 4411 Verdun
2732 4353 2810 4408 du
2834 4353 2991 4419 Mus,
3042 4353 3197 4406 1544.
3257 4349 3434 4406 Desiit
3462 4362 3613 4405 anno
3645 4351 3799 4403 1563.

295 4437 529 4494 demum
571 4438 630 4493 in
681 4438 995 4494 monachos
1041 4446 1097 4495 et
1154 4453 1436 4509 pauperes
1497 4439 1714 4496 viscera
1768 4441 1997 4497 demon-
2032 4424 2077 4478 Π
2177 4441 2400 4497 XXXV.
2432 4441 2678 4497 Jacobus
2719 4439 3145 4512 d’Aph’ncourt,
3179 4440 3333 4493 1563.
3381 4438 3423 4494 E
3469 4435 3652 4493 medio
3708 4434 3806 4492 tol-

295 4526 525 4581 stravit.
548 4527 609 4581 In
632 4525 838 4582 calum
874 4526 1187 4584 translatus
1206 4535 1291 4584 est
1319 4530 1475 4583 1337.

361 4611 512 4670 XXI.
545 4614 794 4670 Joannes
830 4615 926 4682 III,
959 4615 1032 4671 ab
1070 4615 1371 4686 equitandi
1425 4616 1630 4687 peritia
1675 4617 1872 4688 Eques
1901 4631 2000 4687 ap-

294 4701 558 4771 pellatus.
661 4702 923 4772 Deposito
995 4703 1314 4760 canonicali
1389 4704 1614 4771 habitu,
1689 4704 1996 4762 collobium

294 4788 481 4848 induit
527 4791 865 4848 monachale
915 4793 973 4848 in
1039 4791 1309 4849 asceterio
1365 4793 1665 4860 Montensi,
1719 4801 1773 4849 et
1819 4794 1998 4851 abbas

292 4894 521 4943 creatur
553 4880 707 4937 1337.
741 4880 1071 4938 Demoritur
1102 4883 1257 4935 I361.

362 4969 542 5025 XXII.
574 4971 822 5027 Joannes
850 4970 948 5038 IV,
985 4969 1057 5025 de
1092 4970 1388 5025 Hercourf
1411 4968 1481 5024 de
1510 4968 1784 5038 Combles,
1837 4972 1992 5026 1361.

292 5056 766 5128 Magnificentiori
806 5067 1091 5130 apparatu
1128 5045 1304 5130 quam
1336 5058 1554 5116 humile
1579 5058 1789 5116 Christi
1837 5074 1999 5115 man-

292 5145 509 5216 cipium
558 5147 781 5204 deceret
836 5148 1171 5205 incedebat:
1232 5148 1326 5204 hic
1376 5148 1755 5205 nihilominus
1829 5147 2000 5219 longe

295 5234 510 5290 charus
535 5236 657 5291 suis
701 5236 919 5292 exstitit
975 5245 1030 5292 et
1059 5235 1379 5294 familiaris.
1415 5237 1806 5295 Novissimum
1845 5237 1994 5293 diem

294 5322 500 5378 clausit
523 5325 678 5378 1370.

366 5408 560 5465 XXIII.
609 5410 775 5481 [Iugo
828 5410 899 5467 III
956 5414 1234 5483 Augusta
1279 5413 1823 5482 Viromanduorum,
1879 5414 1999 5471 sive

295 5495 349 5551 8.
381 5497 635 5565 Quintini
688 5498 849 5554 civis.
900 5500 1060 5556 Bona
1112 5502 1464 5569 monasterii,
1520 5509 1716 5558 utrum
1775 5503 1993 5571 volens,

295 5600 368 5641 an
400 5587 472 5643 ob
504 5586 684 5656 ipsius
714 5588 1087 5644 oeconomiam
1121 5588 1314 5645 minus
1358 5591 1680 5662 providam,
1714 5592 1994 5662 dilapida-

300 5675 398 5731 vit.
428 5675 597 5732 Desiit
626 5689 779 5733 anno
817 5680 968 5733 1379.

2104 4526 2246 4584 Iitur
2277 4530 2431 4582 1575.

2178 4616 2414 4675 XXXVI.
2472 4618 2815 4674 Franciscus
2861 4617 3163 4672 Pascanet.
3202 4614 3340 4686 Regi
3385 4613 3459 4671 ab
3503 4613 3804 4682 eleemosy-

2106 4706 2214 4773 nis,
2264 4714 2320 4762 et
2368 4705 2630 4762 Ecclesia
2686 4704 3060 4762 Bituricensis
3105 4702 3419 4760 canonicus
3460 4716 3611 4758 anno
3647 4704 3797 4756 I575.

2105 4794 2179 4850 At
2208 4809 2342 4851 vero
2382 4795 2718 4851 Marescallo
2745 4795 2818 4849 de
2849 4793 3185 4861 ιαΟΙιωινε,
3237 4808 3412 4864 quem
3459 4792 3564 4849 sibi
3600 4806 3794 4861 procu,

2104 4890 2353 4940 ratorem
2383 4884 2690 4954 delegerat,
2724 4890 3033 4948 annuente,
3067 4882 3294 4938 abdicat
3325 4882 3611 4938 abbatiam
3643 4881 3794 4935 1596.

2171 4973 2446 5030 XXXVII.
2480 4972 2848 5029 Sebastianus
2895 4970 3139 5027 Robelin
3184 4970 3518 5028 Parisiensis
3568 4977 3798 5026 senatus

2104 5062 2357 5131 supremi
2400 5060 2683 5131 princeps.
2741 5059 3015 5117 Nicolaus
3066 5057 3369 5115 Damerval
3429 5056 3693 5112 dominus
3733 5056 3800 5112 de

2105 5150 2431 5217 Liencourt,
2464 5157 2623 5207 actor
2653 5148 2833 5220 ipsius
2863 5147 3097 5205 exstitit.
3124 5146 3277 5203 Abiit
3298 5160 3329 5202 e
3356 5146 3474 5202 vita
3504 5147 3657 5200 1613.

2178 5239 2492 5296 XXXVIII.
2526 5238 2804 5296 Claudius
2829 5236 3207 5309 d'Argouges,
3240 5250 3356 5306 quo
3382 5247 3606 5291 morum
3636 5233 3799 5290 vita-

2105 5342 2219 5398 que
2250 5327 2665 5384 consuetudine
2694 5340 2860 5383 nemo
2889 5326 3099 5382 clarior
3128 5325 3235 5381 hac
3276 5332 3441 5380 atate
3491 5322 3615 5378 fuit.
3662 5323 3801 5378 Inita

2105 5417 2459 5487 possessione
2502 5418 2659 5483 1613,
2729 5414 3144 5471 monasterium
3201 5412 3458 5469 adiﬁciis
3497 5411 3799 5477 caducum,

2105 5504 2221 5560 imo
2252 5518 2427 5560 ruens
2454 5503 2517 5559 in
2542 5503 2812 5559 ultimum
2853 5516 3026 5573 prope
3049 5516 3270 5567 casum,
3302 5501 3529 5558 excitat.
3586 5499 3804 5557 Instau-

2105 5600 2194 5649 rat
2224 5606 2427 5662 nempe
2467 5605 2503 5647 a
2558 5591 2947 5648 fundamentis
2987 5590 3406 5657 dormitorium,
3465 5588 3805 5658 claustrum,

2102 5680 2424 5751 capitulum
2490 5678 2873 5738 refectorium.
2935 5686 2999 5735 ut
3065 5678 3238 5735 verbo
3288 5677 3576 5735 claudam.
3665 5678 3813 5735 ades
