  <div class='ocr_page' id='page_1' title='image "/cluster/home/n/w/nwhite01/storage/ocr_20150623/156-157/uc1.31175010662024/566.png"; bbox 0 0 3930 6410; ppageno 0'>
   <div class='ocr_carea' id='block_1_1' title="bbox 121 386 250 440">
    <p class='ocr_par' dir='ltr' id='par_1_1' title="bbox 121 386 250 440">
     <span class='ocr_line' id='line_1_1' title="bbox 121 386 250 440; baseline 0.031 -4"><span class='ocrx_word' id='word_1_1' title='bbox 121 386 250 440; x_wconf 76' lang='grc'>1121</span> 
     </span>
    </p>
   </div>
   <div class='ocr_carea' id='block_1_2' title="bbox 1362 382 2339 440">
    <p class='ocr_par' dir='ltr' id='par_1_2' title="bbox 1362 382 2339 440">
     <span class='ocr_line' id='line_1_2' title="bbox 1362 382 2339 440; baseline -0.001 -1"><span class='ocrx_word' id='word_1_2' title='bbox 1362 384 1581 440; x_wconf 83' lang='lat' dir='ltr'><strong>DOMNI</strong></span> <span class='ocrx_word' id='word_1_3' title='bbox 1622 384 1680 439; x_wconf 88' lang='lat' dir='ltr'><strong>L.</strong></span> <span class='ocrx_word' id='word_1_4' title='bbox 1724 382 2076 439; x_wconf 79' lang='lat' dir='ltr'><strong>D’ACHERY</strong></span> <span class='ocrx_word' id='word_1_5' title='bbox 2117 383 2339 439; x_wconf 69' lang='lat' dir='ltr'><strong>NOT/E.</strong></span> 
     </span>
    </p>
   </div>
   <div class='ocr_carea' id='block_1_3' title="bbox 3482 387 3620 440">
    <p class='ocr_par' dir='ltr' id='par_1_3' title="bbox 3482 387 3620 440">
     <span class='ocr_line' id='line_1_3' title="bbox 3482 387 3620 440; baseline 0 0"><span class='ocrx_word' id='word_1_6' title='bbox 3482 387 3620 440; x_wconf 69' lang='lat'><strong>“22</strong></span> 
     </span>
    </p>
   </div>
   <div class='ocr_carea' id='block_1_4' title="bbox 115 513 3618 585">
    <p class='ocr_par' dir='ltr' id='par_1_4' title="bbox 115 513 3618 585">
     <span class='ocr_line' id='line_1_4' title="bbox 115 513 3618 585; baseline 0 -12"><span class='ocrx_word' id='word_1_7' title='bbox 115 515 418 573; x_wconf 86' lang='lat' dir='ltr'><strong>universas</strong></span> <span class='ocrx_word' id='word_1_8' title='bbox 442 514 754 584; x_wconf 81' lang='lat' dir='ltr'><strong>regulares,</strong></span> <span class='ocrx_word' id='word_1_9' title='bbox 788 521 852 570; x_wconf 93' lang='lat' dir='ltr'><strong>ut</strong></span> <span class='ocrx_word' id='word_1_10' title='bbox 895 521 1118 581; x_wconf 89' lang='lat' dir='ltr'><strong>vocant,</strong></span> <span class='ocrx_word' id='word_1_11' title='bbox 1155 514 1274 570; x_wconf 87' lang='lat' dir='ltr'><strong>suis</strong></span> <span class='ocrx_word' id='word_1_12' title='bbox 1305 523 1361 571; x_wconf 91' lang='lat' dir='ltr'><strong>et</strong></span> <span class='ocrx_word' id='word_1_13' title='bbox 1399 515 1486 571; x_wconf 85' lang='lat' dir='ltr'><strong>his</strong></span> <span class='ocrx_word' id='word_1_14' title='bbox 1530 515 1813 585; x_wconf 82' lang='lat' dir='ltr'><strong>permaxi-</strong></span> <span class='ocrx_word' id='word_1_15' title='bbox 1849 521 1896 572; x_wconf 80' lang='grc' dir='ltr'><strong>Α</strong></span> <span class='ocrx_word' id='word_1_16' title='bbox 1992 514 2216 571; x_wconf 82' lang='lat' dir='ltr'>Addam</span> <span class='ocrx_word' id='word_1_17' title='bbox 2263 522 2318 570; x_wconf 88' lang='lat' dir='ltr'><strong>et</strong></span> <span class='ocrx_word' id='word_1_18' title='bbox 2365 514 2664 585; x_wconf 90' lang='lat' dir='ltr'><strong>antiquam</strong></span> <span class='ocrx_word' id='word_1_19' title='bbox 2713 514 3002 571; x_wconf 88' lang='lat' dir='ltr'><strong>eiectionis</strong></span> <span class='ocrx_word' id='word_1_20' title='bbox 3069 513 3230 572; x_wconf 87' lang='lat' dir='ltr'><strong>facta</strong></span> <span class='ocrx_word' id='word_1_21' title='bbox 3290 515 3618 584; x_wconf 81' lang='lat' dir='ltr'><strong>formulam,</strong></span> 
     </span>
    </p>
   </div>
   <div class='ocr_carea' id='block_1_5' title="bbox 119 602 1817 674">
    <p class='ocr_par' dir='ltr' id='par_1_5' title="bbox 119 602 1817 674">
     <span class='ocr_line' id='line_1_5' title="bbox 119 602 1817 674; baseline 0.001 -17"><span class='ocrx_word' id='word_1_22' title='bbox 119 604 222 658; x_wconf 90' lang='lat' dir='ltr'><strong>mis</strong></span> <span class='ocrx_word' id='word_1_23' title='bbox 275 604 547 673; x_wconf 86' lang='lat' dir='ltr'><strong>impensis</strong></span> <span class='ocrx_word' id='word_1_24' title='bbox 589 602 784 659; x_wconf 78' lang='lat' dir='ltr'><strong>extrui</strong></span> <span class='ocrx_word' id='word_1_25' title='bbox 827 603 1073 658; x_wconf 92' lang='lat' dir='ltr'><strong>curavit.</strong></span> <span class='ocrx_word' id='word_1_26' title='bbox 1125 603 1300 658; x_wconf 91' lang='lat' dir='ltr'><strong>Novis</strong></span> <span class='ocrx_word' id='word_1_27' title='bbox 1338 604 1609 674; x_wconf 82' lang='lat' dir='ltr'><strong>operibus</strong></span> <span class='ocrx_word' id='word_1_28' title='bbox 1658 603 1817 658; x_wconf 90' lang='lat' dir='ltr'><strong>basi-</strong></span> 
     </span>
    </p>
   </div>
   <div class='ocr_carea' id='block_1_6' title="bbox 118 690 1820 763">
    <p class='ocr_par' dir='ltr' id='par_1_6' title="bbox 118 690 1820 763">
     <span class='ocr_line' id='line_1_6' title="bbox 118 690 1820 763; baseline -0.001 -16"><span class='ocrx_word' id='word_1_29' title='bbox 118 692 282 747; x_wconf 82' lang='lat' dir='ltr'><strong>licam</strong></span> <span class='ocrx_word' id='word_1_30' title='bbox 352 691 624 759; x_wconf 77' lang='lat' dir='ltr'><strong>suliulsu,</strong></span> <span class='ocrx_word' id='word_1_31' title='bbox 701 690 990 746; x_wconf 76' lang='lat' dir='ltr'><strong>decoravit</strong></span> <span class='ocrx_word' id='word_1_32' title='bbox 1057 691 1269 746; x_wconf 84' lang='lat' dir='ltr'><strong>diversi</strong></span> <span class='ocrx_word' id='word_1_33' title='bbox 1345 692 1572 763; x_wconf 85' lang='lat' dir='ltr'><strong>generis</strong></span> <span class='ocrx_word' id='word_1_34' title='bbox 1653 705 1820 747; x_wconf 88' lang='lat' dir='ltr'><strong>sacra</strong></span> 
     </span>
    </p>
   </div>
   <div class='ocr_carea' id='block_1_7' title="bbox 115 779 1819 851">
    <p class='ocr_par' dir='ltr' id='par_1_7' title="bbox 115 779 1819 851">
     <span class='ocr_line' id='line_1_7' title="bbox 115 779 1819 851; baseline 0 -15"><span class='ocrx_word' id='word_1_35' title='bbox 115 781 466 850; x_wconf 76' lang='lat' dir='ltr'><strong>supellectili,</strong></span> <span class='ocrx_word' id='word_1_36' title='bbox 538 779 690 835; x_wconf 89' lang='lat' dir='ltr'><strong>vasis</strong></span> <span class='ocrx_word' id='word_1_37' title='bbox 744 780 1031 850; x_wconf 76' lang='lat' dir='ltr'><strong>argenteis</strong></span> <span class='ocrx_word' id='word_1_38' title='bbox 1089 779 1476 850; x_wconf 84' lang='lat' dir='ltr'><strong>locupletavit,</strong></span> <span class='ocrx_word' id='word_1_39' title='bbox 1562 788 1616 836; x_wconf 91' lang='lat' dir='ltr'><strong>et</strong></span> <span class='ocrx_word' id='word_1_40' title='bbox 1663 781 1819 851; x_wconf 90' lang='lat' dir='ltr'><strong>quod</strong></span> 
     </span>
    </p>
   </div>
   <div class='ocr_carea' id='block_1_8' title="bbox 115 868 1816 940">
    <p class='ocr_par' dir='ltr' id='par_1_8' title="bbox 115 868 1816 940">
     <span class='ocr_line' id='line_1_8' title="bbox 115 868 1816 940; baseline 0.002 -18"><span class='ocrx_word' id='word_1_41' title='bbox 115 883 409 923; x_wconf 91' lang='lat' dir='ltr'><strong>summum</strong></span> <span class='ocrx_word' id='word_1_42' title='bbox 463 877 566 933; x_wconf 89' lang='lat' dir='ltr'><strong>est,</strong></span> <span class='ocrx_word' id='word_1_43' title='bbox 635 868 912 938; x_wconf 89' lang='lat' dir='ltr'><strong>quodque</strong></span> <span class='ocrx_word' id='word_1_44' title='bbox 979 868 1088 938; x_wconf 88' lang='lat' dir='ltr'><strong>ipsi</strong></span> <span class='ocrx_word' id='word_1_45' title='bbox 1145 869 1567 940; x_wconf 76' lang='lat' dir='ltr'><strong>amplissimum</strong></span> <span class='ocrx_word' id='word_1_46' title='bbox 1607 885 1816 926; x_wconf 89' lang='lat' dir='ltr'><strong>nomen</strong></span> 
     </span>
    </p>
   </div>
   <div class='ocr_carea' id='block_1_9' title="bbox 111 954 1818 1027">
    <p class='ocr_par' dir='ltr' id='par_1_9' title="bbox 111 954 1818 1027">
     <span class='ocr_line' id='line_1_9' title="bbox 111 954 1818 1027; baseline 0.002 -18"><span class='ocrx_word' id='word_1_47' title='bbox 111 969 242 1009; x_wconf 92' lang='lat' dir='ltr'><strong>cum</strong></span> <span class='ocrx_word' id='word_1_48' title='bbox 293 954 598 1009; x_wconf 87' lang='lat' dir='ltr'><strong>immortali</strong></span> <span class='ocrx_word' id='word_1_49' title='bbox 650 955 832 1024; x_wconf 86' lang='lat' dir='ltr'><strong>gloria</strong></span> <span class='ocrx_word' id='word_1_50' title='bbox 879 955 1115 1025; x_wconf 88' lang='lat' dir='ltr'><strong>peperit,</strong></span> <span class='ocrx_word' id='word_1_51' title='bbox 1169 957 1456 1027; x_wconf 85' lang='lat' dir='ltr'><strong>regularis</strong></span> <span class='ocrx_word' id='word_1_52' title='bbox 1501 956 1818 1026; x_wconf 91' lang='lat' dir='ltr'><strong>disciplina</strong></span> 
     </span>
    </p>
   </div>
   <div class='ocr_carea' id='block_1_10' title="bbox 117 1039 1816 1118">
    <p class='ocr_par' dir='ltr' id='par_1_10' title="bbox 117 1039 1816 1118">
     <span class='ocr_line' id='line_1_10' title="bbox 117 1039 1816 1118; baseline 0.002 -23"><span class='ocrx_word' id='word_1_53' title='bbox 117 1041 300 1096; x_wconf 89' lang='lat' dir='ltr'><strong>lucem</strong></span> <span class='ocrx_word' id='word_1_54' title='bbox 334 1041 508 1095; x_wconf 92' lang='lat' dir='ltr'><strong>Monti</strong></span> <span class='ocrx_word' id='word_1_55' title='bbox 542 1041 733 1096; x_wconf 90' lang='lat' dir='ltr'><strong>Sancti</strong></span> <span class='ocrx_word' id='word_1_56' title='bbox 770 1039 1026 1118; x_wconf 85' lang='lat' dir='ltr'><strong>Quintini</strong></span> <span class='ocrx_word' id='word_1_57' title='bbox 1070 1042 1282 1098; x_wconf 90' lang='lat' dir='ltr'><strong>inferre</strong></span> <span class='ocrx_word' id='word_1_58' title='bbox 1325 1055 1650 1113; x_wconf 90' lang='lat' dir='ltr'><strong>peroptans,</strong></span> <span class='ocrx_word' id='word_1_59' title='bbox 1697 1059 1816 1100; x_wconf 86' lang='lat' dir='ltr'><strong>mo-</strong></span> 
     </span>
    </p>
   </div>
   <div class='ocr_carea' id='block_1_11' title="bbox 118 1127 1815 1200">
    <p class='ocr_par' dir='ltr' id='par_1_11' title="bbox 118 1127 1815 1200">
     <span class='ocr_line' id='line_1_11' title="bbox 118 1127 1815 1200; baseline 0.004 -19"><span class='ocrx_word' id='word_1_60' title='bbox 118 1128 319 1182; x_wconf 88' lang='lat' dir='ltr'><strong>nachis</strong></span> <span class='ocrx_word' id='word_1_61' title='bbox 369 1128 831 1199; x_wconf 87' lang='lat' dir='ltr'><strong>congregationis</strong></span> <span class='ocrx_word' id='word_1_62' title='bbox 876 1127 1067 1185; x_wconf 91' lang='lat' dir='ltr'><strong>Sancti</strong></span> <span class='ocrx_word' id='word_1_63' title='bbox 1127 1131 1333 1200; x_wconf 82' lang='lat' dir='ltr'><strong>Mauri,</strong></span> <span class='ocrx_word' id='word_1_64' title='bbox 1383 1133 1583 1188; x_wconf 89' lang='lat' dir='ltr'><strong>eadem</strong></span> <span class='ocrx_word' id='word_1_65' title='bbox 1647 1133 1815 1189; x_wconf 92' lang='lat' dir='ltr'><strong>disci-</strong></span> 
     </span>
    </p>
   </div>
   <div class='ocr_carea' id='block_1_12' title="bbox 117 1215 1819 1286">
    <p class='ocr_par' dir='ltr' id='par_1_12' title="bbox 117 1215 1819 1286">
     <span class='ocr_line' id='line_1_12' title="bbox 117 1215 1819 1286; baseline 0.005 -17"><span class='ocrx_word' id='word_1_66' title='bbox 117 1215 274 1284; x_wconf 84' lang='lat' dir='ltr'><strong>plina</strong></span> <span class='ocrx_word' id='word_1_67' title='bbox 302 1218 560 1286; x_wconf 90' lang='lat' dir='ltr'><strong>apprime</strong></span> <span class='ocrx_word' id='word_1_68' title='bbox 593 1216 904 1285; x_wconf 86' lang='lat' dir='ltr'><strong>instructis,</strong></span> <span class='ocrx_word' id='word_1_69' title='bbox 939 1217 1086 1274; x_wconf 92' lang='lat' dir='ltr'><strong>idem</strong></span> <span class='ocrx_word' id='word_1_70' title='bbox 1129 1220 1543 1276; x_wconf 88' lang='lat' dir='ltr'><strong>monasterium</strong></span> <span class='ocrx_word' id='word_1_71' title='bbox 1584 1222 1819 1278; x_wconf 87' lang='lat' dir='ltr'><strong>tradidit</strong></span> 
     </span>
    </p>
   </div>
   <div class='ocr_carea' id='block_1_13' title="bbox 114 1304 542 1372">
    <p class='ocr_par' dir='ltr' id='par_1_13' title="bbox 114 1304 542 1372">
     <span class='ocr_line' id='line_1_13' title="bbox 114 1304 542 1372; baseline -0.002 -14"><span class='ocrx_word' id='word_1_72' title='bbox 114 1304 542 1372; x_wconf 87' lang='lat' dir='ltr'><strong>possidendum.</strong></span> 
     </span>
    </p>
   </div>
   <div class='ocr_carea' id='block_1_14' title="bbox 184 1427 1813 1504">
    <p class='ocr_par' dir='ltr' id='par_1_14' title="bbox 184 1427 1813 1504">
     <span class='ocr_line' id='line_1_14' title="bbox 184 1427 1813 1504; baseline 0.004 -21"><span class='ocrx_word' id='word_1_73' title='bbox 184 1427 448 1483; x_wconf 82' lang='lat' dir='ltr'><strong>XXXIX.</strong></span> <span class='ocrx_word' id='word_1_74' title='bbox 507 1429 848 1485; x_wconf 88' lang='lat' dir='ltr'><strong>Franciscus</strong></span> <span class='ocrx_word' id='word_1_75' title='bbox 890 1429 1264 1504; x_wconf 54' lang='lat' dir='ltr'><strong>d&#39;zlrgouges,</strong></span> <span class='ocrx_word' id='word_1_76' title='bbox 1324 1433 1549 1489; x_wconf 90' lang='lat' dir='ltr'><strong>Claudii</strong></span> <span class='ocrx_word' id='word_1_77' title='bbox 1614 1448 1813 1504; x_wconf 89' lang='lat' dir='ltr'><strong>nepos,</strong></span> 
     </span>
    </p>
   </div>
   <div class='ocr_carea' id='block_1_15' title="bbox 109 1515 1818 1587">
    <p class='ocr_par' dir='ltr' id='par_1_15' title="bbox 109 1515 1818 1587">
     <span class='ocr_line' id='line_1_15' title="bbox 109 1515 1818 1587; baseline 0.005 -17"><span class='ocrx_word' id='word_1_78' title='bbox 109 1522 164 1570; x_wconf 91' lang='lat' dir='ltr'><strong>et</strong></span> <span class='ocrx_word' id='word_1_79' title='bbox 214 1515 498 1572; x_wconf 90' lang='lat' dir='ltr'><strong>virtutum</strong></span> <span class='ocrx_word' id='word_1_80' title='bbox 541 1517 802 1587; x_wconf 80' lang='lat' dir='ltr'><strong>proxime</strong></span> <span class='ocrx_word' id='word_1_81' title='bbox 847 1518 1118 1582; x_wconf 89' lang='lat' dir='ltr'><strong>imitator,</strong></span> <span class='ocrx_word' id='word_1_82' title='bbox 1163 1520 1457 1577; x_wconf 87' lang='lat' dir='ltr'><strong>Societatis</strong></span> <span class='ocrx_word' id='word_1_83' title='bbox 1495 1522 1818 1578; x_wconf 85' lang='lat' dir='ltr'><strong>Sorbonica</strong></span> 
     </span>
    </p>
   </div>
   <div class='ocr_carea' id='block_1_16' title="bbox 110 1603 1813 1680">
    <p class='ocr_par' dir='ltr' id='par_1_16' title="bbox 110 1603 1813 1680">
     <span class='ocr_line' id='line_1_16' title="bbox 110 1603 1813 1680; baseline 0.005 -22"><span class='ocrx_word' id='word_1_84' title='bbox 110 1603 329 1670; x_wconf 90' lang='lat' dir='ltr'><strong>doctor,</strong></span> <span class='ocrx_word' id='word_1_85' title='bbox 402 1605 470 1661; x_wconf 91' lang='lat' dir='ltr'><strong>de</strong></span> <span class='ocrx_word' id='word_1_86' title='bbox 541 1620 680 1676; x_wconf 90' lang='lat' dir='ltr'><strong>quo,</strong></span> <span class='ocrx_word' id='word_1_87' title='bbox 750 1613 813 1661; x_wconf 87' lang='lat' dir='ltr'><strong>ut</strong></span> <span class='ocrx_word' id='word_1_88' title='bbox 877 1621 1042 1663; x_wconf 87' lang='lat' dir='ltr'><strong>sacro</strong></span> <span class='ocrx_word' id='word_1_89' title='bbox 1112 1609 1386 1665; x_wconf 89' lang='lat' dir='ltr'><strong>vaticinio</strong></span> <span class='ocrx_word' id='word_1_90' title='bbox 1447 1624 1747 1680; x_wconf 89' lang='lat' dir='ltr'><strong>assurgam</strong></span> <span class='ocrx_word' id='word_1_91' title='bbox 1799 1625 1813 1666; x_wconf 89' lang='lat'><strong>:</strong></span> 
     </span>
    </p>
   </div>
   <div class='ocr_carea' id='block_1_17' title="bbox 115 1693 1818 1766">
    <p class='ocr_par' dir='ltr' id='par_1_17' title="bbox 115 1693 1818 1766">
     <span class='ocr_line' id='line_1_17' title="bbox 115 1693 1818 1766; baseline 0.005 -19"><span class='ocrx_word' id='word_1_92' title='bbox 115 1712 138 1739; x_wconf 75' lang='grc' dir='ltr'>α</span> <span class='ocrx_word' id='word_1_93' title='bbox 177 1693 375 1748; x_wconf 89' lang='lat' dir='ltr'><strong>Lauda</strong></span> <span class='ocrx_word' id='word_1_94' title='bbox 416 1701 538 1762; x_wconf 90' lang='lat' dir='ltr'><strong>post</strong></span> <span class='ocrx_word' id='word_1_95' title='bbox 586 1693 787 1760; x_wconf 88' lang='lat' dir='ltr'><strong>vitam,</strong></span> <span class='ocrx_word' id='word_1_96' title='bbox 839 1696 1161 1766; x_wconf 84' lang='lat' dir='ltr'><strong>magniﬁca’</strong></span> <span class='ocrx_word' id='word_1_97' title='bbox 1196 1705 1319 1766; x_wconf 90' lang='lat' dir='ltr'><strong>post</strong></span> <span class='ocrx_word' id='word_1_98' title='bbox 1365 1699 1818 1756; x_wconf 91' lang='lat' dir='ltr'><strong>consummatio-</strong></span> 
     </span>
    </p>
   </div>
   <div class='ocr_carea' id='block_1_18' title="bbox 109 1781 821 1849">
    <p class='ocr_par' dir='ltr' id='par_1_18' title="bbox 109 1781 821 1849">
     <span class='ocr_line' id='line_1_18' title="bbox 109 1781 821 1849; baseline 0.004 -14"><span class='ocrx_word' id='word_1_99' title='bbox 109 1794 264 1849; x_wconf 88' lang='lat' dir='ltr'><strong>nem,</strong></span> <span class='ocrx_word' id='word_1_100' title='bbox 301 1803 321 1829; x_wconf 75' lang='grc' dir='ltr'><strong><em>ι</em></strong></span> <span class='ocrx_word' id='word_1_101' title='bbox 358 1795 487 1837; x_wconf 92' lang='lat' dir='ltr'><strong>reor</strong></span> <span class='ocrx_word' id='word_1_102' title='bbox 515 1781 821 1838; x_wconf 90' lang='lat' dir='ltr'><strong>silendum.</strong></span> 
     </span>
    </p>
   </div>
   <div class='ocr_carea' id='block_1_19' title="bbox 179 1884 1806 1965">
    <p class='ocr_par' dir='ltr' id='par_1_19' title="bbox 179 1884 1806 1965">
     <span class='ocr_line' id='line_1_19' title="bbox 179 1884 1806 1965; baseline 0.006 -24"><span class='ocrx_word' id='word_1_103' title='bbox 179 1884 274 1957; x_wconf 68' lang='lat'><strong>(73)</strong></span> <span class='ocrx_word' id='word_1_104' title='bbox 305 1887 438 1944; x_wconf 76' lang='lat' dir='ltr'><strong>CAP.</strong></span> <span class='ocrx_word' id='word_1_105' title='bbox 472 1888 544 1943; x_wconf 88' lang='lat' dir='ltr'><strong>Il.</strong></span> <span class='ocrx_word' id='word_1_106' title='bbox 579 1919 649 1929; x_wconf 93' lang='lat'>—</span> <span class='ocrx_word' id='word_1_107' title='bbox 678 1889 869 1960; x_wconf 82' lang='lat' dir='ltr'><strong>Igitur</strong></span> <span class='ocrx_word' id='word_1_108' title='bbox 898 1890 1075 1945; x_wconf 74' lang='lat' dir='ltr'><strong>electo</strong></span> <span class='ocrx_word' id='word_1_109' title='bbox 1117 1890 1241 1959; x_wconf 85' lang='lat' dir='ltr'><strong>illo,</strong></span> <span class='ocrx_word' id='word_1_110' title='bbox 1289 1900 1394 1948; x_wconf 92' lang='lat' dir='ltr'><strong>etc.</strong></span> <span class='ocrx_word' id='word_1_111' title='bbox 1430 1893 1806 1965; x_wconf 87' lang='lat' dir='ltr'><strong>Quandoqui-</strong></span> 
     </span>
    </p>
   </div>
   <div class='ocr_carea' id='block_1_20' title="bbox 103 1975 1807 2052">
    <p class='ocr_par' dir='ltr' id='par_1_20' title="bbox 103 1975 1807 2052">
     <span class='ocr_line' id='line_1_20' title="bbox 103 1975 1807 2052; baseline 0.005 -21"><span class='ocrx_word' id='word_1_112' title='bbox 103 1975 234 2032; x_wconf 92' lang='lat' dir='ltr'><strong>dem</strong></span> <span class='ocrx_word' id='word_1_113' title='bbox 265 1977 576 2045; x_wconf 89' lang='lat' dir='ltr'><strong>electionis,</strong></span> <span class='ocrx_word' id='word_1_114' title='bbox 622 1979 1148 2051; x_wconf 89' lang='lat' dir='ltr'><strong>benedictionisque</strong></span> <span class='ocrx_word' id='word_1_115' title='bbox 1192 1983 1530 2052; x_wconf 83' lang='lat' dir='ltr'><strong>peragenda</strong></span> <span class='ocrx_word' id='word_1_116' title='bbox 1575 1985 1807 2040; x_wconf 89' lang='lat' dir='ltr'><strong>modum</strong></span> 
     </span>
    </p>
   </div>
   <div class='ocr_carea' id='block_1_21' title="bbox 102 2065 1806 2138">
    <p class='ocr_par' dir='ltr' id='par_1_21' title="bbox 102 2065 1806 2138">
     <span class='ocr_line' id='line_1_21' title="bbox 102 2065 1806 2138; baseline 0.004 -19"><span class='ocrx_word' id='word_1_117' title='bbox 102 2065 390 2121; x_wconf 90' lang='lat' dir='ltr'><strong>subticeat</strong></span> <span class='ocrx_word' id='word_1_118' title='bbox 441 2075 664 2134; x_wconf 91' lang='lat' dir='ltr'><strong>auctor,</strong></span> <span class='ocrx_word' id='word_1_119' title='bbox 718 2065 852 2123; x_wconf 89' lang='lat' dir='ltr'><strong>libet</strong></span> <span class='ocrx_word' id='word_1_120' title='bbox 907 2083 1037 2138; x_wconf 88' lang='lat' dir='ltr'><strong>qua</strong></span> <span class='ocrx_word' id='word_1_121' title='bbox 1086 2068 1145 2124; x_wconf 91' lang='lat' dir='ltr'><strong>in</strong></span> <span class='ocrx_word' id='word_1_122' title='bbox 1192 2083 1400 2126; x_wconf 89' lang='lat' dir='ltr'><strong>manus</strong></span> <span class='ocrx_word' id='word_1_123' title='bbox 1447 2085 1621 2138; x_wconf 91' lang='lat' dir='ltr'><strong>meas,</strong></span> <span class='ocrx_word' id='word_1_124' title='bbox 1673 2086 1806 2127; x_wconf 91' lang='lat' dir='ltr'><strong>cum</strong></span> 
     </span>
    </p>
   </div>
   <div class='ocr_carea' id='block_1_22' title="bbox 105 2152 1808 2228">
    <p class='ocr_par' dir='ltr' id='par_1_22' title="bbox 105 2152 1808 2228">
     <span class='ocr_line' id='line_1_22' title="bbox 105 2152 1808 2228; baseline 0.004 -21"><span class='ocrx_word' id='word_1_125' title='bbox 105 2152 228 2208; x_wconf 83' lang='lat' dir='ltr'><strong>hac</strong></span> <span class='ocrx_word' id='word_1_126' title='bbox 281 2153 639 2221; x_wconf 90' lang='lat' dir='ltr'><strong>adnotarem,</strong></span> <span class='ocrx_word' id='word_1_127' title='bbox 710 2155 1090 2226; x_wconf 87' lang='lat' dir='ltr'><strong>devenerunt,</strong></span> <span class='ocrx_word' id='word_1_128' title='bbox 1143 2157 1437 2228; x_wconf 89' lang='lat' dir='ltr'><strong>evulgare.</strong></span> <span class='ocrx_word' id='word_1_129' title='bbox 1504 2159 1574 2214; x_wconf 90' lang='lat' dir='ltr'><strong>Et</strong></span> <span class='ocrx_word' id='word_1_130' title='bbox 1624 2159 1808 2228; x_wconf 91' lang='lat' dir='ltr'><strong>primo</strong></span> 
     </span>
    </p>
   </div>
   <div class='ocr_carea' id='block_1_23' title="bbox 102 2241 1807 2316">
    <p class='ocr_par' dir='ltr' id='par_1_23' title="bbox 102 2241 1807 2316">
     <span class='ocr_line' id='line_1_23' title="bbox 102 2241 1807 2316; baseline 0.003 -19"><span class='ocrx_word' id='word_1_131' title='bbox 102 2241 340 2312; x_wconf 89' lang='lat' dir='ltr'><strong>quidem</strong></span> <span class='ocrx_word' id='word_1_132' title='bbox 391 2243 816 2299; x_wconf 91' lang='lat' dir='ltr'><strong>observandum</strong></span> <span class='ocrx_word' id='word_1_133' title='bbox 887 2244 1216 2301; x_wconf 89' lang='lat' dir='ltr'><strong>electionem</strong></span> <span class='ocrx_word' id='word_1_134' title='bbox 1275 2246 1548 2301; x_wconf 88' lang='lat' dir='ltr'><strong>abbatum</strong></span> <span class='ocrx_word' id='word_1_135' title='bbox 1628 2247 1807 2316; x_wconf 91' lang='lat' dir='ltr'><strong>(velut</strong></span> 
     </span>
    </p>
   </div>
   <div class='ocr_carea' id='block_1_24' title="bbox 99 2331 1808 2404">
    <p class='ocr_par' dir='ltr' id='par_1_24' title="bbox 99 2331 1808 2404">
     <span class='ocr_line' id='line_1_24' title="bbox 99 2331 1808 2404; baseline 0.004 -20"><span class='ocrx_word' id='word_1_136' title='bbox 99 2331 279 2385; x_wconf 90' lang='lat' dir='ltr'><strong>etiam</strong></span> <span class='ocrx_word' id='word_1_137' title='bbox 327 2331 746 2402; x_wconf 90' lang='lat' dir='ltr'><strong>episcoporum)</strong></span> <span class='ocrx_word' id='word_1_138' title='bbox 788 2346 950 2402; x_wconf 88' lang='lat' dir='ltr'><strong>reges</strong></span> <span class='ocrx_word' id='word_1_139' title='bbox 997 2347 1096 2389; x_wconf 92' lang='lat' dir='ltr'><strong>seu</strong></span> <span class='ocrx_word' id='word_1_140' title='bbox 1138 2333 1426 2404; x_wconf 89' lang='lat' dir='ltr'><strong>principes</strong></span> <span class='ocrx_word' id='word_1_141' title='bbox 1465 2334 1600 2390; x_wconf 92' lang='lat' dir='ltr'><strong>olim</strong></span> <span class='ocrx_word' id='word_1_142' title='bbox 1646 2337 1808 2404; x_wconf 92' lang='lat' dir='ltr'><strong>prius</strong></span> 
     </span>
    </p>
   </div>
   <div class='ocr_carea' id='block_1_25' title="bbox 97 2420 1803 2491">
    <p class='ocr_par' dir='ltr' id='par_1_25' title="bbox 97 2420 1803 2491">
     <span class='ocr_line' id='line_1_25' title="bbox 97 2420 1803 2491; baseline 0.003 -18"><span class='ocrx_word' id='word_1_143' title='bbox 97 2426 376 2488; x_wconf 88' lang='lat' dir='ltr'><strong>potestate</strong></span> <span class='ocrx_word' id='word_1_144' title='bbox 425 2420 693 2491; x_wconf 89' lang='lat' dir='ltr'><strong>eligendi,</strong></span> <span class='ocrx_word' id='word_1_145' title='bbox 744 2428 869 2476; x_wconf 90' lang='lat' dir='ltr'><strong>tum</strong></span> <span class='ocrx_word' id='word_1_146' title='bbox 917 2421 1136 2477; x_wconf 88' lang='lat' dir='ltr'><strong>clericis</strong></span> <span class='ocrx_word' id='word_1_147' title='bbox 1186 2429 1307 2477; x_wconf 92' lang='lat' dir='ltr'><strong>tum</strong></span> <span class='ocrx_word' id='word_1_148' title='bbox 1357 2423 1655 2479; x_wconf 87' lang='lat' dir='ltr'><strong>monachis</strong></span> <span class='ocrx_word' id='word_1_149' title='bbox 1703 2424 1803 2478; x_wconf 89' lang='lat' dir='ltr'><strong>tri-</strong></span> 
     </span>
    </p>
   </div>
   <div class='ocr_carea' id='block_1_26' title="bbox 100 2508 1805 2579">
    <p class='ocr_par' dir='ltr' id='par_1_26' title="bbox 100 2508 1805 2579">
     <span class='ocr_line' id='line_1_26' title="bbox 100 2508 1805 2579; baseline 0.002 -16"><span class='ocrx_word' id='word_1_150' title='bbox 100 2508 269 2574; x_wconf 91' lang='lat' dir='ltr'><strong>buta,</strong></span> <span class='ocrx_word' id='word_1_151' title='bbox 322 2509 664 2565; x_wconf 82' lang='lat' dir='ltr'><strong>confirmare</strong></span> <span class='ocrx_word' id='word_1_152' title='bbox 717 2509 945 2579; x_wconf 84' lang='lat' dir='ltr'><strong>solitos;</strong></span> <span class='ocrx_word' id='word_1_153' title='bbox 999 2509 1152 2566; x_wconf 92' lang='lat' dir='ltr'><strong>unde</strong></span> <span class='ocrx_word' id='word_1_154' title='bbox 1200 2525 1272 2565; x_wconf 83' lang='lat' dir='ltr'><strong>ex</strong></span> <span class='ocrx_word' id='word_1_155' title='bbox 1313 2511 1614 2567; x_wconf 88' lang='lat' dir='ltr'><strong>neotericis</strong></span> <span class='ocrx_word' id='word_1_156' title='bbox 1657 2512 1805 2567; x_wconf 85' lang='lat' dir='ltr'><strong>scri-</strong></span> 
     </span>
    </p>
   </div>
   <div class='ocr_carea' id='block_1_27' title="bbox 100 2596 1803 2670">
    <p class='ocr_par' dir='ltr' id='par_1_27' title="bbox 100 2596 1803 2670">
     <span class='ocr_line' id='line_1_27' title="bbox 100 2596 1803 2670; baseline 0.002 -19"><span class='ocrx_word' id='word_1_157' title='bbox 100 2596 370 2666; x_wconf 89' lang='lat' dir='ltr'><strong>ptoribus</strong></span> <span class='ocrx_word' id='word_1_158' title='bbox 427 2597 712 2665; x_wconf 91' lang='lat' dir='ltr'><strong>nonnulli,</strong></span> <span class='ocrx_word' id='word_1_159' title='bbox 762 2597 1156 2654; x_wconf 86' lang='lat' dir='ltr'><strong>ecclesiastica</strong></span> <span class='ocrx_word' id='word_1_160' title='bbox 1203 2599 1283 2656; x_wconf 87' lang='lat' dir='ltr'><strong>rei</strong></span> <span class='ocrx_word' id='word_1_161' title='bbox 1325 2614 1559 2670; x_wconf 87' lang='lat' dir='ltr'><strong>prorsus</strong></span> <span class='ocrx_word' id='word_1_162' title='bbox 1596 2599 1803 2670; x_wconf 87' lang='lat' dir='ltr'><strong>ignari,</strong></span> 
     </span>
    </p>
   </div>
   <div class='ocr_carea' id='block_1_28' title="bbox 95 2685 1808 2751">
    <p class='ocr_par' dir='ltr' id='par_1_28' title="bbox 95 2685 1808 2751">
     <span class='ocr_line' id='line_1_28' title="bbox 95 2685 1808 2751; baseline 0.004 -13"><span class='ocrx_word' id='word_1_163' title='bbox 95 2685 228 2740; x_wconf 86' lang='lat' dir='ltr'><strong>ausi</strong></span> <span class='ocrx_word' id='word_1_164' title='bbox 281 2692 417 2741; x_wconf 90' lang='lat' dir='ltr'><strong>sunt</strong></span> <span class='ocrx_word' id='word_1_165' title='bbox 470 2685 700 2751; x_wconf 89' lang='lat' dir='ltr'><strong>inferre,</strong></span> <span class='ocrx_word' id='word_1_166' title='bbox 763 2686 819 2741; x_wconf 91' lang='lat' dir='ltr'><strong>in</strong></span> <span class='ocrx_word' id='word_1_167' title='bbox 866 2701 1063 2743; x_wconf 92' lang='lat' dir='ltr'><strong>omnes</strong></span> <span class='ocrx_word' id='word_1_168' title='bbox 1119 2687 1384 2743; x_wconf 88' lang='lat' dir='ltr'><strong>ecclesias</strong></span> <span class='ocrx_word' id='word_1_169' title='bbox 1438 2695 1492 2744; x_wconf 91' lang='lat' dir='ltr'><strong>et</strong></span> <span class='ocrx_word' id='word_1_170' title='bbox 1548 2688 1808 2744; x_wconf 88' lang='lat' dir='ltr'><strong>abbatias</strong></span> 
     </span>
    </p>
   </div>
   <div class='ocr_carea' id='block_1_29' title="bbox 92 2775 1807 2848">
    <p class='ocr_par' dir='ltr' id='par_1_29' title="bbox 92 2775 1807 2848">
     <span class='ocr_line' id='line_1_29' title="bbox 92 2775 1807 2848; baseline 0.002 -20"><span class='ocrx_word' id='word_1_171' title='bbox 92 2787 391 2829; x_wconf 88' lang='lat' dir='ltr'><strong>summam</strong></span> <span class='ocrx_word' id='word_1_172' title='bbox 433 2781 764 2843; x_wconf 87' lang='lat' dir='ltr'><strong>potestatem</strong></span> <span class='ocrx_word' id='word_1_173' title='bbox 804 2775 1020 2846; x_wconf 87' lang='lat' dir='ltr'><strong>jusque</strong></span> <span class='ocrx_word' id='word_1_174' title='bbox 1062 2790 1356 2832; x_wconf 91' lang='lat' dir='ltr'><strong>summum</strong></span> <span class='ocrx_word' id='word_1_175' title='bbox 1388 2776 1613 2832; x_wconf 90' lang='lat' dir='ltr'><strong>eosdem</strong></span> <span class='ocrx_word' id='word_1_176' title='bbox 1643 2790 1807 2848; x_wconf 88' lang='lat' dir='ltr'><strong>reges</strong></span> 
     </span>
    </p>
   </div>
   <div class='ocr_carea' id='block_1_30' title="bbox 93 2864 1589 2936">
    <p class='ocr_par' dir='ltr' id='par_1_30' title="bbox 93 2864 1589 2936">
     <span class='ocr_line' id='line_1_30' title="bbox 93 2864 1589 2936; baseline 0 -17"><span class='ocrx_word' id='word_1_177' title='bbox 93 2864 334 2932; x_wconf 90' lang='lat' dir='ltr'><strong>habere,</strong></span> <span class='ocrx_word' id='word_1_178' title='bbox 369 2871 543 2935; x_wconf 87' lang='lat' dir='ltr'><strong>atque</strong></span> <span class='ocrx_word' id='word_1_179' title='bbox 574 2879 676 2934; x_wconf 93' lang='lat' dir='ltr'><strong>pro</strong></span> <span class='ocrx_word' id='word_1_180' title='bbox 710 2864 878 2920; x_wconf 86' lang='lat' dir='ltr'><strong>libitu</strong></span> <span class='ocrx_word' id='word_1_181' title='bbox 911 2879 976 2920; x_wconf 93' lang='lat' dir='ltr'><strong>ac</strong></span> <span class='ocrx_word' id='word_1_182' title='bbox 1007 2865 1172 2936; x_wconf 89' lang='lat' dir='ltr'><strong>genio</strong></span> <span class='ocrx_word' id='word_1_183' title='bbox 1203 2865 1270 2920; x_wconf 92' lang='lat' dir='ltr'><strong>iis</strong></span> <span class='ocrx_word' id='word_1_184' title='bbox 1298 2865 1381 2921; x_wconf 89' lang='lat' dir='ltr'><strong>uti</strong></span> <span class='ocrx_word' id='word_1_185' title='bbox 1411 2880 1589 2935; x_wconf 83' lang='lat' dir='ltr'><strong>posse.</strong></span> 
     </span>
    </p>
   </div>
   <div class='ocr_carea' id='block_1_31' title="bbox 169 2969 1806 3039">
    <p class='ocr_par' dir='ltr' id='par_1_31' title="bbox 169 2969 1806 3039">
     <span class='ocr_line' id='line_1_31' title="bbox 169 2969 1806 3039; baseline 0.002 -16"><span class='ocrx_word' id='word_1_186' title='bbox 169 2972 244 3024; x_wconf 78' lang='lat' dir='ltr'><strong>At</strong></span> <span class='ocrx_word' id='word_1_187' title='bbox 275 2969 626 3038; x_wconf 89' lang='lat' dir='ltr'><strong>ejuscemodi</strong></span> <span class='ocrx_word' id='word_1_188' title='bbox 670 2969 1104 3039; x_wconf 91' lang='lat' dir='ltr'><strong>approbationis</strong></span> <span class='ocrx_word' id='word_1_189' title='bbox 1142 2970 1591 3026; x_wconf 89' lang='lat' dir='ltr'><strong>concessionisve</strong></span> <span class='ocrx_word' id='word_1_190' title='bbox 1630 2984 1806 3026; x_wconf 90' lang='lat' dir='ltr'><strong>causa</strong></span> 
     </span>
    </p>
   </div>
   <div class='ocr_carea' id='block_1_32' title="bbox 87 3058 1805 3130">
    <p class='ocr_par' dir='ltr' id='par_1_32' title="bbox 87 3058 1805 3130">
     <span class='ocr_line' id='line_1_32' title="bbox 87 3058 1805 3130; baseline 0.001 -18"><span class='ocrx_word' id='word_1_191' title='bbox 87 3058 149 3112; x_wconf 92' lang='lat' dir='ltr'><strong>in</strong></span> <span class='ocrx_word' id='word_1_192' title='bbox 211 3065 483 3127; x_wconf 90' lang='lat' dir='ltr'><strong>promptu</strong></span> <span class='ocrx_word' id='word_1_193' title='bbox 529 3065 654 3124; x_wconf 89' lang='lat' dir='ltr'><strong>est;</strong></span> <span class='ocrx_word' id='word_1_194' title='bbox 704 3072 906 3127; x_wconf 91' lang='lat' dir='ltr'><strong>nempe</strong></span> <span class='ocrx_word' id='word_1_195' title='bbox 970 3058 1127 3128; x_wconf 92' lang='lat' dir='ltr'><strong>quod</strong></span> <span class='ocrx_word' id='word_1_196' title='bbox 1185 3073 1297 3114; x_wconf 91' lang='lat' dir='ltr'><strong>non</strong></span> <span class='ocrx_word' id='word_1_197' title='bbox 1368 3059 1533 3114; x_wconf 92' lang='lat' dir='ltr'><strong>modo</strong></span> <span class='ocrx_word' id='word_1_198' title='bbox 1581 3059 1805 3130; x_wconf 89' lang='lat' dir='ltr'><strong>amplas</strong></span> 
     </span>
    </p>
   </div>
   <div class='ocr_carea' id='block_1_33' title="bbox 91 3146 1802 3217">
    <p class='ocr_par' dir='ltr' id='par_1_33' title="bbox 91 3146 1802 3217">
     <span class='ocr_line' id='line_1_33' title="bbox 91 3146 1802 3217; baseline 0.001 -16"><span class='ocrx_word' id='word_1_199' title='bbox 91 3146 502 3216; x_wconf 85' lang='lat' dir='ltr'><strong>possessiones,</strong></span> <span class='ocrx_word' id='word_1_200' title='bbox 576 3147 672 3201; x_wconf 90' lang='lat' dir='ltr'><strong>sed</strong></span> <span class='ocrx_word' id='word_1_201' title='bbox 723 3146 966 3202; x_wconf 91' lang='lat' dir='ltr'><strong>ditiones</strong></span> <span class='ocrx_word' id='word_1_202' title='bbox 1031 3161 1266 3217; x_wconf 91' lang='lat' dir='ltr'><strong>quoque</strong></span> <span class='ocrx_word' id='word_1_203' title='bbox 1334 3147 1802 3216; x_wconf 84' lang='lat' dir='ltr'><strong>opulentissimas</strong></span> 
     </span>
    </p>
   </div>
   <div class='ocr_carea' id='block_1_34' title="bbox 88 3234 1797 3306">
    <p class='ocr_par' dir='ltr' id='par_1_34' title="bbox 88 3234 1797 3306">
     <span class='ocr_line' id='line_1_34' title="bbox 88 3234 1797 3306; baseline 0.001 -16"><span class='ocrx_word' id='word_1_204' title='bbox 88 3243 143 3290; x_wconf 88' lang='lat' dir='ltr'><strong>et</strong></span> <span class='ocrx_word' id='word_1_205' title='bbox 175 3235 318 3305; x_wconf 85' lang='lat' dir='ltr'><strong>jura</strong></span> <span class='ocrx_word' id='word_1_206' title='bbox 356 3234 632 3290; x_wconf 87' lang='lat' dir='ltr'><strong>clientela</strong></span> <span class='ocrx_word' id='word_1_207' title='bbox 680 3235 837 3290; x_wconf 89' lang='lat' dir='ltr'><strong>verbi</strong></span> <span class='ocrx_word' id='word_1_208' title='bbox 886 3236 1075 3306; x_wconf 90' lang='lat' dir='ltr'><strong>gratia</strong></span> <span class='ocrx_word' id='word_1_209' title='bbox 1126 3236 1466 3305; x_wconf 87' lang='lat' dir='ltr'><strong>toparchias,</strong></span> <span class='ocrx_word' id='word_1_210' title='bbox 1527 3236 1797 3304; x_wconf 92' lang='lat' dir='ltr'><strong>ducatus,</strong></span> 
     </span>
    </p>
   </div>
   <div class='ocr_carea' id='block_1_35' title="bbox 86 3322 1800 3393">
    <p class='ocr_par' dir='ltr' id='par_1_35' title="bbox 86 3322 1800 3393">
     <span class='ocr_line' id='line_1_35' title="bbox 86 3322 1800 3393; baseline 0.001 -15"><span class='ocrx_word' id='word_1_211' title='bbox 86 3322 423 3391; x_wconf 85' lang='lat' dir='ltr'><strong>comitatus,</strong></span> <span class='ocrx_word' id='word_1_212' title='bbox 453 3331 506 3379; x_wconf 90' lang='lat' dir='ltr'><strong>et</strong></span> <span class='ocrx_word' id='word_1_213' title='bbox 552 3331 758 3379; x_wconf 90' lang='lat' dir='ltr'><strong>catera</strong></span> <span class='ocrx_word' id='word_1_214' title='bbox 807 3323 860 3378; x_wconf 91' lang='lat' dir='ltr'><strong>id</strong></span> <span class='ocrx_word' id='word_1_215' title='bbox 907 3338 1090 3393; x_wconf 86' lang='lat' dir='ltr'><strong>genus</strong></span> <span class='ocrx_word' id='word_1_216' title='bbox 1128 3323 1381 3379; x_wconf 87' lang='lat' dir='ltr'><strong>ecclesia</strong></span> <span class='ocrx_word' id='word_1_217' title='bbox 1424 3330 1479 3378; x_wconf 91' lang='lat' dir='ltr'><strong>et</strong></span> <span class='ocrx_word' id='word_1_218' title='bbox 1509 3331 1800 3380; x_wconf 88' lang='lat' dir='ltr'><strong>monaste-</strong></span> 
     </span>
    </p>
   </div>
   <div class='ocr_carea' id='block_1_36' title="bbox 87 3411 1797 3482">
    <p class='ocr_par' dir='ltr' id='par_1_36' title="bbox 87 3411 1797 3482">
     <span class='ocr_line' id='line_1_36' title="bbox 87 3411 1797 3482; baseline 0.001 -16"><span class='ocrx_word' id='word_1_219' title='bbox 87 3413 180 3467; x_wconf 90' lang='lat' dir='ltr'><strong>ria</strong></span> <span class='ocrx_word' id='word_1_220' title='bbox 256 3412 594 3481; x_wconf 91' lang='lat' dir='ltr'><strong>potirentur,</strong></span> <span class='ocrx_word' id='word_1_221' title='bbox 672 3426 739 3467; x_wconf 92' lang='lat' dir='ltr'><strong>ac</strong></span> <span class='ocrx_word' id='word_1_222' title='bbox 803 3411 1040 3482; x_wconf 91' lang='lat' dir='ltr'><strong>proinde</strong></span> <span class='ocrx_word' id='word_1_223' title='bbox 1105 3412 1353 3482; x_wconf 89' lang='lat' dir='ltr'><strong>episcopi</strong></span> <span class='ocrx_word' id='word_1_224' title='bbox 1422 3419 1477 3467; x_wconf 89' lang='lat' dir='ltr'><strong>et</strong></span> <span class='ocrx_word' id='word_1_225' title='bbox 1544 3412 1797 3481; x_wconf 77' lang='lat' dir='ltr'><strong>abbates,</strong></span> 
     </span>
    </p>
   </div>
   <div class='ocr_carea' id='block_1_37' title="bbox 86 3501 1800 3576">
    <p class='ocr_par' dir='ltr' id='par_1_37' title="bbox 86 3501 1800 3576">
     <span class='ocr_line' id='line_1_37' title="bbox 86 3501 1800 3576; baseline 0.001 -20"><span class='ocrx_word' id='word_1_226' title='bbox 86 3508 442 3556; x_wconf 91' lang='lat' dir='ltr'><strong>cunctorum</strong></span> <span class='ocrx_word' id='word_1_227' title='bbox 489 3515 618 3556; x_wconf 92' lang='lat' dir='ltr'><strong>cum</strong></span> <span class='ocrx_word' id='word_1_228' title='bbox 645 3509 836 3556; x_wconf 89' lang='lat' dir='ltr'><strong>essent</strong></span> <span class='ocrx_word' id='word_1_229' title='bbox 875 3501 1279 3576; x_wconf 83' lang='lat' dir='ltr'><strong>moderatores,</strong></span> <span class='ocrx_word' id='word_1_230' title='bbox 1332 3509 1506 3570; x_wconf 89' lang='lat' dir='ltr'><strong>atque</strong></span> <span class='ocrx_word' id='word_1_231' title='bbox 1545 3501 1618 3557; x_wconf 87' lang='lat' dir='ltr'><strong>ab</strong></span> <span class='ocrx_word' id='word_1_232' title='bbox 1649 3501 1800 3571; x_wconf 89' lang='lat' dir='ltr'><strong>ipso-</strong></span> 
     </span>
    </p>
   </div>
   <div class='ocr_carea' id='block_1_38' title="bbox 86 3589 1797 3659">
    <p class='ocr_par' dir='ltr' id='par_1_38' title="bbox 86 3589 1797 3659">
     <span class='ocr_line' id='line_1_38' title="bbox 86 3589 1797 3659; baseline -0.001 -14"><span class='ocrx_word' id='word_1_233' title='bbox 86 3604 226 3645; x_wconf 91' lang='lat' dir='ltr'><strong>rum</strong></span> <span class='ocrx_word' id='word_1_234' title='bbox 274 3589 542 3658; x_wconf 90' lang='lat' dir='ltr'><strong>penderet</strong></span> <span class='ocrx_word' id='word_1_235' title='bbox 576 3597 726 3645; x_wconf 92' lang='lat' dir='ltr'><strong>nutu</strong></span> <span class='ocrx_word' id='word_1_236' title='bbox 769 3589 1019 3659; x_wconf 89' lang='lat' dir='ltr'><strong>plurima</strong></span> <span class='ocrx_word' id='word_1_237' title='bbox 1058 3589 1358 3645; x_wconf 90' lang='lat' dir='ltr'><strong>hominum</strong></span> <span class='ocrx_word' id='word_1_238' title='bbox 1393 3596 1448 3644; x_wconf 91' lang='lat' dir='ltr'><strong>et</strong></span> <span class='ocrx_word' id='word_1_239' title='bbox 1497 3589 1797 3658; x_wconf 90' lang='lat' dir='ltr'><strong>nobilium,</strong></span> 
     </span>
    </p>
   </div>
   <div class='ocr_carea' id='block_1_39' title="bbox 81 3677 1793 3748">
    <p class='ocr_par' dir='ltr' id='par_1_39' title="bbox 81 3677 1793 3748">
     <span class='ocr_line' id='line_1_39' title="bbox 81 3677 1793 3748; baseline -0.001 -16"><span class='ocrx_word' id='word_1_240' title='bbox 81 3686 139 3733; x_wconf 92' lang='lat' dir='ltr'><strong>et</strong></span> <span class='ocrx_word' id='word_1_241' title='bbox 177 3677 536 3748; x_wconf 90' lang='lat' dir='ltr'><strong>plebeiorum</strong></span> <span class='ocrx_word' id='word_1_242' title='bbox 577 3677 924 3744; x_wconf 90' lang='lat' dir='ltr'><strong>multitudo;</strong></span> <span class='ocrx_word' id='word_1_243' title='bbox 961 3677 1104 3748; x_wconf 90' lang='lat' dir='ltr'><strong>quin</strong></span> <span class='ocrx_word' id='word_1_244' title='bbox 1136 3684 1189 3733; x_wconf 89' lang='lat' dir='ltr'><strong>et</strong></span> <span class='ocrx_word' id='word_1_245' title='bbox 1217 3677 1550 3748; x_wconf 88' lang='lat' dir='ltr'><strong>municipia,</strong></span> <span class='ocrx_word' id='word_1_246' title='bbox 1587 3685 1793 3743; x_wconf 89' lang='lat' dir='ltr'><strong>castra,</strong></span> 
     </span>
    </p>
   </div>
   <div class='ocr_carea' id='block_1_40' title="bbox 81 3765 1798 3836">
    <p class='ocr_par' dir='ltr' id='par_1_40' title="bbox 81 3765 1798 3836">
     <span class='ocr_line' id='line_1_40' title="bbox 81 3765 1798 3836; baseline -0.001 -14"><span class='ocrx_word' id='word_1_247' title='bbox 81 3767 290 3833; x_wconf 91' lang='lat' dir='ltr'><strong>urbes,</strong></span> <span class='ocrx_word' id='word_1_248' title='bbox 328 3766 637 3835; x_wconf 88' lang='lat' dir='ltr'><strong>provincia</strong></span> <span class='ocrx_word' id='word_1_249' title='bbox 681 3765 880 3822; x_wconf 91' lang='lat' dir='ltr'><strong>ditioni</strong></span> <span class='ocrx_word' id='word_1_250' title='bbox 929 3780 1129 3822; x_wconf 91' lang='lat' dir='ltr'><strong>eorum</strong></span> <span class='ocrx_word' id='word_1_251' title='bbox 1178 3765 1622 3836; x_wconf 90' lang='lat' dir='ltr'><strong>subjicereutur,</strong></span> <span class='ocrx_word' id='word_1_252' title='bbox 1653 3781 1798 3821; x_wconf 92' lang='lat' dir='ltr'><strong>num</strong></span> 
     </span>
    </p>
   </div>
   <div class='ocr_carea' id='block_1_41' title="bbox 83 3853 1796 3924">
    <p class='ocr_par' dir='ltr' id='par_1_41' title="bbox 83 3853 1796 3924">
     <span class='ocr_line' id='line_1_41' title="bbox 83 3853 1796 3924; baseline 0.001 -16"><span class='ocrx_word' id='word_1_253' title='bbox 83 3855 219 3909; x_wconf 90' lang='lat' dir='ltr'><strong>ideo</strong></span> <span class='ocrx_word' id='word_1_254' title='bbox 276 3867 379 3922; x_wconf 91' lang='lat' dir='ltr'><strong>par</strong></span> <span class='ocrx_word' id='word_1_255' title='bbox 419 3861 562 3919; x_wconf 91' lang='lat' dir='ltr'><strong>erat,</strong></span> <span class='ocrx_word' id='word_1_256' title='bbox 621 3861 685 3909; x_wconf 92' lang='lat' dir='ltr'><strong>ut</strong></span> <span class='ocrx_word' id='word_1_257' title='bbox 738 3853 807 3908; x_wconf 92' lang='lat' dir='ltr'><strong>de</strong></span> <span class='ocrx_word' id='word_1_258' title='bbox 845 3855 1178 3910; x_wconf 91' lang='lat' dir='ltr'><strong>eorumdem</strong></span> <span class='ocrx_word' id='word_1_259' title='bbox 1237 3854 1336 3924; x_wconf 89' lang='lat' dir='ltr'><strong>qui</strong></span> <span class='ocrx_word' id='word_1_260' title='bbox 1395 3853 1796 3923; x_wconf 86' lang='lat' dir='ltr'><strong>prafecturam</strong></span> 
     </span>
    </p>
   </div>
   <div class='ocr_carea' id='block_1_42' title="bbox 81 3941 1794 4013">
    <p class='ocr_par' dir='ltr' id='par_1_42' title="bbox 81 3941 1794 4013">
     <span class='ocr_line' id='line_1_42' title="bbox 81 3941 1794 4013; baseline 0 -16"><span class='ocrx_word' id='word_1_261' title='bbox 81 3941 370 4013; x_wconf 86' lang='lat' dir='ltr'><strong>gerebant</strong></span> <span class='ocrx_word' id='word_1_262' title='bbox 409 3941 539 4006; x_wconf 85' lang='lat' dir='ltr'><strong>fide,</strong></span> <span class='ocrx_word' id='word_1_263' title='bbox 567 3942 837 3996; x_wconf 88' lang='lat' dir='ltr'><strong>certiores</strong></span> <span class='ocrx_word' id='word_1_264' title='bbox 862 3941 1241 3998; x_wconf 89' lang='lat' dir='ltr'><strong>redderentur</strong></span> <span class='ocrx_word' id='word_1_265' title='bbox 1266 3955 1601 4013; x_wconf 87' lang='lat' dir='ltr'><strong>regnorum,</strong></span> <span class='ocrx_word' id='word_1_266' title='bbox 1636 3942 1794 4012; x_wconf 90' lang='lat' dir='ltr'><strong>prin-</strong></span> 
     </span>
    </p>
   </div>
   <div class='ocr_carea' id='block_1_43' title="bbox 80 4029 1071 4100">
    <p class='ocr_par' dir='ltr' id='par_1_43' title="bbox 80 4029 1071 4100">
     <span class='ocr_line' id='line_1_43' title="bbox 80 4029 1071 4100; baseline -0.001 -15"><span class='ocrx_word' id='word_1_267' title='bbox 80 4031 515 4100; x_wconf 90' lang='lat' dir='ltr'><strong>cipatuumque</strong></span> <span class='ocrx_word' id='word_1_268' title='bbox 545 4029 754 4085; x_wconf 91' lang='lat' dir='ltr'><strong>summi</strong></span> <span class='ocrx_word' id='word_1_269' title='bbox 789 4031 1071 4086; x_wconf 84' lang='lat' dir='ltr'><strong>rectores?</strong></span> 
     </span>
    </p>
   </div>
   <div class='ocr_carea' id='block_1_44' title="bbox 152 4135 1790 4206">
    <p class='ocr_par' dir='ltr' id='par_1_44' title="bbox 152 4135 1790 4206">
     <span class='ocr_line' id='line_1_44' title="bbox 152 4135 1790 4206; baseline 0.001 -16"><span class='ocrx_word' id='word_1_270' title='bbox 152 4135 334 4190; x_wconf 89' lang='lat' dir='ltr'><strong>Plane</strong></span> <span class='ocrx_word' id='word_1_271' title='bbox 363 4135 452 4190; x_wconf 90' lang='lat' dir='ltr'><strong>bis</strong></span> <span class='ocrx_word' id='word_1_272' title='bbox 474 4135 867 4204; x_wconf 90' lang='lat' dir='ltr'><strong>astipulantur</strong></span> <span class='ocrx_word' id='word_1_273' title='bbox 897 4137 1155 4206; x_wconf 88' lang='lat' dir='ltr'><strong>antiqua</strong></span> <span class='ocrx_word' id='word_1_274' title='bbox 1184 4136 1528 4192; x_wconf 91' lang='lat' dir='ltr'><strong>electionum</strong></span> <span class='ocrx_word' id='word_1_275' title='bbox 1563 4151 1790 4193; x_wconf 86' lang='lat' dir='ltr'><strong>conces-</strong></span> 
     </span>
    </p>
   </div>
   <div class='ocr_carea' id='block_1_45' title="bbox 75 4225 1795 4298">
    <p class='ocr_par' dir='ltr' id='par_1_45' title="bbox 75 4225 1795 4298">
     <span class='ocr_line' id='line_1_45' title="bbox 75 4225 1795 4298; baseline 0.002 -18"><span class='ocrx_word' id='word_1_276' title='bbox 75 4225 280 4280; x_wconf 88' lang='lat' dir='ltr'><strong>siones</strong></span> <span class='ocrx_word' id='word_1_277' title='bbox 335 4226 910 4297; x_wconf 90' lang='lat' dir='ltr'><strong>approbationesque.</strong></span> <span class='ocrx_word' id='word_1_278' title='bbox 989 4230 1343 4298; x_wconf 75' lang='lat' dir='ltr'><strong>Praeceptum</strong></span> <span class='ocrx_word' id='word_1_279' title='bbox 1412 4228 1795 4284; x_wconf 91' lang='lat' dir='ltr'><strong>immunitatis</strong></span> 
     </span>
    </p>
   </div>
   <div class='ocr_carea' id='block_1_46' title="bbox 77 4312 1794 4384">
    <p class='ocr_par' dir='ltr' id='par_1_46' title="bbox 77 4312 1794 4384">
     <span class='ocr_line' id='line_1_46' title="bbox 77 4312 1794 4384; baseline 0.002 -16"><span class='ocrx_word' id='word_1_280' title='bbox 77 4326 116 4368; x_wconf 91' lang='lat' dir='ltr'><strong>a</strong></span> <span class='ocrx_word' id='word_1_281' title='bbox 167 4312 376 4369; x_wconf 86' lang='lat' dir='ltr'><strong>Carolo</strong></span> <span class='ocrx_word' id='word_1_282' title='bbox 425 4313 632 4384; x_wconf 87' lang='lat' dir='ltr'><strong>Magno</strong></span> <span class='ocrx_word' id='word_1_283' title='bbox 688 4322 884 4370; x_wconf 88' lang='lat' dir='ltr'><strong>sancto</strong></span> <span class='ocrx_word' id='word_1_284' title='bbox 939 4315 1239 4371; x_wconf 91' lang='lat' dir='ltr'><strong>Benedicto</strong></span> <span class='ocrx_word' id='word_1_285' title='bbox 1290 4315 1528 4371; x_wconf 79' lang='lat' dir='ltr'><strong>Aniana</strong></span> <span class='ocrx_word' id='word_1_286' title='bbox 1600 4315 1794 4372; x_wconf 91' lang='lat' dir='ltr'><strong>abbati</strong></span> 
     </span>
    </p>
   </div>
   <div class='ocr_carea' id='block_1_47' title="bbox 74 4402 1875 4482">
    <p class='ocr_par' dir='ltr' id='par_1_47' title="bbox 74 4402 1875 4482">
     <span class='ocr_line' id='line_1_47' title="bbox 74 4402 1875 4482; baseline 0.002 -25"><span class='ocrx_word' id='word_1_287' title='bbox 74 4415 377 4469; x_wconf 90' lang='lat' dir='ltr'><strong>concesso,</strong></span> <span class='ocrx_word' id='word_1_288' title='bbox 413 4402 562 4458; x_wconf 91' lang='lat' dir='ltr'><strong>inter</strong></span> <span class='ocrx_word' id='word_1_289' title='bbox 605 4402 718 4458; x_wconf 90' lang='lat' dir='ltr'><strong>alia</strong></span> <span class='ocrx_word' id='word_1_290' title='bbox 761 4403 842 4459; x_wconf 91' lang='lat' dir='ltr'><strong>sic</strong></span> <span class='ocrx_word' id='word_1_291' title='bbox 889 4404 1057 4459; x_wconf 89' lang='lat' dir='ltr'><strong>habet</strong></span> <span class='ocrx_word' id='word_1_292' title='bbox 1092 4419 1103 4458; x_wconf 91' lang='lat'>:</span> <span class='ocrx_word' id='word_1_293' title='bbox 1141 4423 1168 4455; x_wconf 76' lang='grc' dir='ltr'>α</span> <span class='ocrx_word' id='word_1_294' title='bbox 1204 4405 1274 4459; x_wconf 82' lang='grc' dir='ltr'><strong>Ει</strong></span> <span class='ocrx_word' id='word_1_295' title='bbox 1319 4404 1792 4474; x_wconf 87' lang='lat' dir='ltr'><strong>quandoquidem</strong></span> <span class='ocrx_word' id='word_1_296' title='bbox 1833 4427 1875 4482; x_wconf 76' lang='grc' dir='ltr'>ο</span> 
     </span>
    </p>
   </div>
   <div class='ocr_carea' id='block_1_48' title="bbox 77 4489 1792 4562">
    <p class='ocr_par' dir='ltr' id='par_1_48' title="bbox 77 4489 1792 4562">
     <span class='ocr_line' id='line_1_48' title="bbox 77 4489 1792 4562; baseline 0.001 -16"><span class='ocrx_word' id='word_1_297' title='bbox 77 4489 295 4546; x_wconf 90' lang='lat' dir='ltr'><strong>divina</strong></span> <span class='ocrx_word' id='word_1_298' title='bbox 343 4491 642 4547; x_wconf 88' lang='lat' dir='ltr'><strong>vocatione</strong></span> <span class='ocrx_word' id='word_1_299' title='bbox 690 4493 1123 4562; x_wconf 87' lang='lat' dir='ltr'><strong>suprascriptus</strong></span> <span class='ocrx_word' id='word_1_300' title='bbox 1157 4492 1507 4548; x_wconf 85' lang='lat' dir='ltr'><strong>venerabilis</strong></span> <span class='ocrx_word' id='word_1_301' title='bbox 1550 4493 1792 4548; x_wconf 89' lang='lat' dir='ltr'><strong>Benedi-</strong></span> 
     </span>
    </p>
   </div>
   <div class='ocr_carea' id='block_1_49' title="bbox 76 4578 1794 4651">
    <p class='ocr_par' dir='ltr' id='par_1_49' title="bbox 76 4578 1794 4651">
     <span class='ocr_line' id='line_1_49' title="bbox 76 4578 1794 4651; baseline 0.001 -17"><span class='ocrx_word' id='word_1_302' title='bbox 76 4586 218 4634; x_wconf 86' lang='lat' dir='ltr'><strong>ctus</strong></span> <span class='ocrx_word' id='word_1_303' title='bbox 247 4583 398 4632; x_wconf 64' lang='grc' dir='ltr'><strong>οη</strong></span> <span class='ocrx_word' id='word_1_304' title='bbox 442 4578 610 4646; x_wconf 92' lang='lat' dir='ltr'><strong>abba,</strong></span> <span class='ocrx_word' id='word_1_305' title='bbox 647 4580 736 4636; x_wconf 93' lang='lat' dir='ltr'><strong>vel</strong></span> <span class='ocrx_word' id='word_1_306' title='bbox 769 4595 1123 4636; x_wconf 89' lang='lat' dir='ltr'><strong>successores</strong></span> <span class='ocrx_word' id='word_1_307' title='bbox 1151 4582 1278 4651; x_wconf 91' lang='lat' dir='ltr'><strong>ejus</strong></span> <span class='ocrx_word' id='word_1_308' title='bbox 1309 4581 1378 4637; x_wconf 92' lang='lat' dir='ltr'><strong>de</strong></span> <span class='ocrx_word' id='word_1_309' title='bbox 1423 4582 1530 4636; x_wconf 89' lang='lat' dir='ltr'><strong>hac</strong></span> <span class='ocrx_word' id='word_1_310' title='bbox 1569 4581 1692 4637; x_wconf 92' lang='lat' dir='ltr'><strong>luce</strong></span> <span class='ocrx_word' id='word_1_311' title='bbox 1722 4581 1794 4636; x_wconf 89' lang='lat' dir='ltr'><strong>ad</strong></span> 
     </span>
    </p>
   </div>
   <div class='ocr_carea' id='block_1_50' title="bbox 75 4666 1798 4740">
    <p class='ocr_par' dir='ltr' id='par_1_50' title="bbox 75 4666 1798 4740">
     <span class='ocr_line' id='line_1_50' title="bbox 75 4666 1798 4740; baseline 0.002 -18"><span class='ocrx_word' id='word_1_312' title='bbox 75 4666 402 4722; x_wconf 91' lang='lat' dir='ltr'><strong>Dominum</strong></span> <span class='ocrx_word' id='word_1_313' title='bbox 448 4667 850 4738; x_wconf 86' lang='lat' dir='ltr'><strong>migraverint,</strong></span> <span class='ocrx_word' id='word_1_314' title='bbox 894 4669 1124 4740; x_wconf 91' lang='lat' dir='ltr'><strong>qualem</strong></span> <span class='ocrx_word' id='word_1_315' title='bbox 1179 4669 1492 4736; x_wconf 90' lang='lat' dir='ltr'><strong>meliorem,</strong></span> <span class='ocrx_word' id='word_1_316' title='bbox 1534 4672 1590 4724; x_wconf 84' lang='lat' dir='ltr'><strong>et</strong></span> <span class='ocrx_word' id='word_1_317' title='bbox 1635 4669 1798 4725; x_wconf 71' lang='lat' dir='ltr'><strong>nobis</strong></span> 
     </span>
    </p>
   </div>
   <div class='ocr_carea' id='block_1_51' title="bbox 74 4753 1794 4828">
    <p class='ocr_par' dir='ltr' id='par_1_51' title="bbox 74 4753 1794 4828">
     <span class='ocr_line' id='line_1_51' title="bbox 74 4753 1794 4828; baseline 0.002 -19"><span class='ocrx_word' id='word_1_318' title='bbox 74 4771 188 4828; x_wconf 84' lang='lat' dir='ltr'><strong>per</strong></span> <span class='ocrx_word' id='word_1_319' title='bbox 216 4753 414 4809; x_wconf 85' lang='lat' dir='ltr'><strong>omnia</strong></span> <span class='ocrx_word' id='word_1_320' title='bbox 436 4754 690 4823; x_wconf 76' lang='lat' dir='ltr'><strong>ﬁdelem,</strong></span> <span class='ocrx_word' id='word_1_321' title='bbox 727 4757 848 4827; x_wconf 90' lang='lat' dir='ltr'><strong>ipsa</strong></span> <span class='ocrx_word' id='word_1_322' title='bbox 879 4765 1077 4813; x_wconf 89' lang='lat' dir='ltr'><strong>sancta</strong></span> <span class='ocrx_word' id='word_1_323' title='bbox 1102 4757 1468 4828; x_wconf 89' lang='lat' dir='ltr'><strong>congregatio</strong></span> <span class='ocrx_word' id='word_1_324' title='bbox 1489 4758 1558 4812; x_wconf 90' lang='lat' dir='ltr'><strong>de</strong></span> <span class='ocrx_word' id='word_1_325' title='bbox 1588 4771 1794 4828; x_wconf 82' lang='lat' dir='ltr'><strong>supra-</strong></span> 
     </span>
    </p>
   </div>
   <div class='ocr_carea' id='block_1_52' title="bbox 74 4843 1794 4915">
    <p class='ocr_par' dir='ltr' id='par_1_52' title="bbox 74 4843 1794 4915">
     <span class='ocr_line' id='line_1_52' title="bbox 74 4843 1794 4915; baseline 0.001 -17"><span class='ocrx_word' id='word_1_326' title='bbox 74 4843 305 4912; x_wconf 88' lang='lat' dir='ltr'><strong>scripto</strong></span> <span class='ocrx_word' id='word_1_327' title='bbox 337 4844 703 4908; x_wconf 88' lang='lat' dir='ltr'><strong>monasterio,</strong></span> <span class='ocrx_word' id='word_1_328' title='bbox 737 4852 837 4900; x_wconf 90' lang='lat' dir='ltr'><strong>aut</strong></span> <span class='ocrx_word' id='word_1_329' title='bbox 867 4845 935 4900; x_wconf 91' lang='lat' dir='ltr'><strong>de</strong></span> <span class='ocrx_word' id='word_1_330' title='bbox 985 4844 1381 4915; x_wconf 89' lang='lat' dir='ltr'><strong>qualicunque</strong></span> <span class='ocrx_word' id='word_1_331' title='bbox 1428 4844 1549 4900; x_wconf 86' lang='lat' dir='ltr'><strong>loco</strong></span> <span class='ocrx_word' id='word_1_332' title='bbox 1592 4844 1794 4900; x_wconf 90' lang='lat' dir='ltr'><strong>volue-</strong></span> 
     </span>
    </p>
   </div>
   <div class='ocr_carea' id='block_1_53' title="bbox 73 4930 1794 5003">
    <p class='ocr_par' dir='ltr' id='par_1_53' title="bbox 73 4930 1794 5003">
     <span class='ocr_line' id='line_1_53' title="bbox 73 4930 1794 5003; baseline 0.001 -17"><span class='ocrx_word' id='word_1_333' title='bbox 73 4931 207 4986; x_wconf 89' lang='lat' dir='ltr'><strong>rint</strong></span> <span class='ocrx_word' id='word_1_334' title='bbox 244 4930 454 5001; x_wconf 84' lang='lat' dir='ltr'><strong>eligere</strong></span> <span class='ocrx_word' id='word_1_335' title='bbox 499 4932 788 4999; x_wconf 88' lang='lat' dir='ltr'><strong>abbatem,</strong></span> <span class='ocrx_word' id='word_1_336' title='bbox 823 4933 925 5003; x_wconf 92' lang='lat' dir='ltr'><strong>qui</strong></span> <span class='ocrx_word' id='word_1_337' title='bbox 976 4933 1158 5002; x_wconf 91' lang='lat' dir='ltr'><strong>ipsam</strong></span> <span class='ocrx_word' id='word_1_338' title='bbox 1184 4940 1441 4988; x_wconf 89' lang='lat' dir='ltr'><strong>sanctam</strong></span> <span class='ocrx_word' id='word_1_339' title='bbox 1474 4945 1794 5003; x_wconf 86' lang='lat' dir='ltr'><strong>congrega-</strong></span> 
     </span>
    </p>
   </div>
   <div class='ocr_carea' id='block_1_54' title="bbox 73 5019 1798 5091">
    <p class='ocr_par' dir='ltr' id='par_1_54' title="bbox 73 5019 1798 5091">
     <span class='ocr_line' id='line_1_54' title="bbox 73 5019 1798 5091; baseline 0.001 -16"><span class='ocrx_word' id='word_1_340' title='bbox 73 5021 305 5076; x_wconf 87' lang='lat' dir='ltr'><strong>tionem</strong></span> <span class='ocrx_word' id='word_1_341' title='bbox 354 5019 675 5076; x_wconf 88' lang='lat' dir='ltr'><strong>secundum</strong></span> <span class='ocrx_word' id='word_1_342' title='bbox 728 5020 990 5091; x_wconf 88' lang='lat' dir='ltr'><strong>regulam</strong></span> <span class='ocrx_word' id='word_1_343' title='bbox 1039 5022 1218 5076; x_wconf 91' lang='lat' dir='ltr'><strong>sancti</strong></span> <span class='ocrx_word' id='word_1_344' title='bbox 1272 5021 1554 5076; x_wconf 74' lang='lat' dir='ltr'><strong>Benedicti</strong></span> <span class='ocrx_word' id='word_1_345' title='bbox 1599 5033 1798 5090; x_wconf 89' lang='lat' dir='ltr'><strong>regere</strong></span> 
     </span>
    </p>
   </div>
   <div class='ocr_carea' id='block_1_55' title="bbox 75 5107 1795 5176">
    <p class='ocr_par' dir='ltr' id='par_1_55' title="bbox 75 5107 1795 5176">
     <span class='ocr_line' id='line_1_55' title="bbox 75 5107 1795 5176; baseline 0.001 -13"><span class='ocrx_word' id='word_1_346' title='bbox 75 5107 302 5173; x_wconf 85' lang='lat' dir='ltr'><strong>valeat,</strong></span> <span class='ocrx_word' id='word_1_347' title='bbox 351 5121 452 5176; x_wconf 91' lang='lat' dir='ltr'><strong>per</strong></span> <span class='ocrx_word' id='word_1_348' title='bbox 515 5107 667 5163; x_wconf 91' lang='lat' dir='ltr'><strong>hanc</strong></span> <span class='ocrx_word' id='word_1_349' title='bbox 736 5117 990 5164; x_wconf 88' lang='lat' dir='ltr'><strong>nostram</strong></span> <span class='ocrx_word' id='word_1_350' title='bbox 1050 5108 1447 5165; x_wconf 89' lang='lat' dir='ltr'><strong>auctoritatem</strong></span> <span class='ocrx_word' id='word_1_351' title='bbox 1509 5108 1795 5165; x_wconf 89' lang='lat' dir='ltr'><strong>licentiam</strong></span> 
     </span>
    </p>
   </div>
   <div class='ocr_carea' id='block_1_56' title="bbox 73 5197 1796 5268">
    <p class='ocr_par' dir='ltr' id='par_1_56' title="bbox 73 5197 1796 5268">
     <span class='ocr_line' id='line_1_56' title="bbox 73 5197 1796 5268; baseline -0.001 -15"><span class='ocrx_word' id='word_1_352' title='bbox 73 5197 367 5262; x_wconf 85' lang='lat' dir='ltr'><strong>habeant,</strong></span> <span class='ocrx_word' id='word_1_353' title='bbox 406 5217 427 5244; x_wconf 80' lang='grc' dir='ltr'><strong><em>ι</em></strong></span> <span class='ocrx_word' id='word_1_354' title='bbox 457 5203 562 5252; x_wconf 91' lang='lat' dir='ltr'><strong>etc.</strong></span> <span class='ocrx_word' id='word_1_355' title='bbox 618 5197 701 5252; x_wconf 79' lang='lat' dir='ltr'><strong>Ex</strong></span> <span class='ocrx_word' id='word_1_356' title='bbox 736 5197 993 5268; x_wconf 87' lang='lat' dir='ltr'><strong>antiquis</strong></span> <span class='ocrx_word' id='word_1_357' title='bbox 1036 5197 1262 5254; x_wconf 89' lang='lat' dir='ltr'><strong>schedis</strong></span> <span class='ocrx_word' id='word_1_358' title='bbox 1289 5198 1547 5268; x_wconf 89' lang='lat' dir='ltr'><strong>ejusdem</strong></span> <span class='ocrx_word' id='word_1_359' title='bbox 1590 5211 1796 5253; x_wconf 91' lang='lat' dir='ltr'><strong>mona-</strong></span> 
     </span>
    </p>
   </div>
   <div class='ocr_carea' id='block_1_57' title="bbox 73 5283 1797 5356">
    <p class='ocr_par' dir='ltr' id='par_1_57' title="bbox 73 5283 1797 5356">
     <span class='ocr_line' id='line_1_57' title="bbox 73 5283 1797 5356; baseline 0 -15"><span class='ocrx_word' id='word_1_360' title='bbox 73 5283 270 5342; x_wconf 89' lang='lat' dir='ltr'><strong>sterii.</strong></span> <span class='ocrx_word' id='word_1_361' title='bbox 320 5283 391 5339; x_wconf 91' lang='lat' dir='ltr'><strong>Et</strong></span> <span class='ocrx_word' id='word_1_362' title='bbox 429 5298 502 5339; x_wconf 81' lang='lat' dir='ltr'><strong>ex</strong></span> <span class='ocrx_word' id='word_1_363' title='bbox 541 5285 894 5341; x_wconf 91' lang='lat' dir='ltr'><strong>chartulario</strong></span> <span class='ocrx_word' id='word_1_364' title='bbox 943 5285 1137 5343; x_wconf 90' lang='lat' dir='ltr'><strong>Sancti</strong></span> <span class='ocrx_word' id='word_1_365' title='bbox 1181 5286 1373 5342; x_wconf 80' lang='lat' dir='ltr'><strong>Albini</strong></span> <span class='ocrx_word' id='word_1_366' title='bbox 1406 5286 1797 5356; x_wconf 84' lang='lat' dir='ltr'><strong>Andegaven-</strong></span> 
     </span>
    </p>
   </div>
   <div class='ocr_carea' id='block_1_58' title="bbox 72 5368 1796 5443">
    <p class='ocr_par' dir='ltr' id='par_1_58' title="bbox 72 5368 1796 5443">
     <span class='ocr_line' id='line_1_58' title="bbox 72 5368 1796 5443; baseline -0.001 -15"><span class='ocrx_word' id='word_1_367' title='bbox 72 5374 207 5428; x_wconf 87' lang='lat' dir='ltr'><strong>sis:</strong></span> <span class='ocrx_word' id='word_1_368' title='bbox 263 5392 286 5418; x_wconf 76' lang='grc' dir='ltr'>ι</span> <span class='ocrx_word' id='word_1_369' title='bbox 337 5368 628 5426; x_wconf 86' lang='lat' dir='ltr'><strong>Goffridus</strong></span> <span class='ocrx_word' id='word_1_370' title='bbox 669 5385 856 5427; x_wconf 91' lang='lat' dir='ltr'><strong>comes</strong></span> <span class='ocrx_word' id='word_1_371' title='bbox 906 5372 976 5427; x_wconf 90' lang='lat' dir='ltr'><strong>ad</strong></span> <span class='ocrx_word' id='word_1_372' title='bbox 1023 5372 1350 5442; x_wconf 89' lang='lat' dir='ltr'><strong>petitionem</strong></span> <span class='ocrx_word' id='word_1_373' title='bbox 1397 5372 1622 5443; x_wconf 84' lang='lat' dir='ltr'><strong>Nelingi</strong></span> <span class='ocrx_word' id='word_1_374' title='bbox 1669 5371 1796 5442; x_wconf 91' lang='lat' dir='ltr'><strong>epi-</strong></span> 
     </span>
    </p>
   </div>
   <div class='ocr_carea' id='block_1_59' title="bbox 71 5458 1793 5530">
    <p class='ocr_par' dir='ltr' id='par_1_59' title="bbox 71 5458 1793 5530">
     <span class='ocr_line' id='line_1_59' title="bbox 71 5458 1793 5530; baseline -0.001 -14"><span class='ocrx_word' id='word_1_375' title='bbox 71 5458 246 5528; x_wconf 90' lang='lat' dir='ltr'><strong>scopi</strong></span> <span class='ocrx_word' id='word_1_376' title='bbox 283 5471 388 5528; x_wconf 92' lang='lat' dir='ltr'><strong>pro</strong></span> <span class='ocrx_word' id='word_1_377' title='bbox 420 5458 670 5514; x_wconf 90' lang='lat' dir='ltr'><strong>remedio</strong></span> <span class='ocrx_word' id='word_1_378' title='bbox 700 5459 907 5514; x_wconf 89' lang='lat' dir='ltr'><strong>anima</strong></span> <span class='ocrx_word' id='word_1_379' title='bbox 938 5460 1138 5516; x_wconf 87' lang='lat' dir='ltr'><strong>matris</strong></span> <span class='ocrx_word' id='word_1_380' title='bbox 1167 5474 1287 5515; x_wconf 85' lang='lat' dir='ltr'><strong>sua</strong></span> <span class='ocrx_word' id='word_1_381' title='bbox 1316 5459 1636 5530; x_wconf 86' lang='lat' dir='ltr'><strong>Gerberga,</strong></span> <span class='ocrx_word' id='word_1_382' title='bbox 1661 5467 1793 5516; x_wconf 62' lang='lat' dir='ltr'><strong>etc..</strong></span> 
     </span>
    </p>
   </div>
   <div class='ocr_carea' id='block_1_60' title="bbox 69 5545 1793 5619">
    <p class='ocr_par' dir='ltr' id='par_1_60' title="bbox 69 5545 1793 5619">
     <span class='ocr_line' id='line_1_60' title="bbox 69 5545 1793 5619; baseline 0.001 -16"><span class='ocrx_word' id='word_1_383' title='bbox 69 5546 222 5604; x_wconf 83' lang='lat' dir='ltr'><strong>facit</strong></span> <span class='ocrx_word' id='word_1_384' title='bbox 294 5545 592 5601; x_wconf 87' lang='lat' dir='ltr'><strong>monachis</strong></span> <span class='ocrx_word' id='word_1_385' title='bbox 628 5553 961 5616; x_wconf 91' lang='lat' dir='ltr'><strong>potestatem</strong></span> <span class='ocrx_word' id='word_1_386' title='bbox 1002 5547 1271 5618; x_wconf 90' lang='lat' dir='ltr'><strong>deinceps</strong></span> <span class='ocrx_word' id='word_1_387' title='bbox 1315 5547 1562 5619; x_wconf 86' lang='lat' dir='ltr'><strong>eligendi</strong></span> <span class='ocrx_word' id='word_1_388' title='bbox 1616 5548 1793 5604; x_wconf 89' lang='lat' dir='ltr'><strong>abba-</strong></span> 
     </span>
    </p>
   </div>
   <div class='ocr_carea' id='block_1_61' title="bbox 72 5633 1435 5704">
    <p class='ocr_par' dir='ltr' id='par_1_61' title="bbox 72 5633 1435 5704">
     <span class='ocr_line' id='line_1_61' title="bbox 72 5633 1435 5704; baseline -0.004 -10"><span class='ocrx_word' id='word_1_389' title='bbox 72 5646 224 5703; x_wconf 90' lang='lat' dir='ltr'><strong>tem,</strong></span> <span class='ocrx_word' id='word_1_390' title='bbox 268 5641 324 5690; x_wconf 93' lang='lat' dir='ltr'><strong>et</strong></span> <span class='ocrx_word' id='word_1_391' title='bbox 350 5633 566 5690; x_wconf 82' lang='lat' dir='ltr'><strong>exemit</strong></span> <span class='ocrx_word' id='word_1_392' title='bbox 595 5647 630 5690; x_wconf 92' lang='lat' dir='ltr'><strong>a</strong></span> <span class='ocrx_word' id='word_1_393' title='bbox 655 5642 929 5704; x_wconf 89' lang='lat' dir='ltr'><strong>potestate</strong></span> <span class='ocrx_word' id='word_1_394' title='bbox 956 5635 1241 5704; x_wconf 84' lang='lat' dir='ltr'><strong>saculari,</strong></span> <span class='ocrx_word' id='word_1_395' title='bbox 1268 5654 1297 5687; x_wconf 73' lang='grc' dir='ltr'><strong>ιο</strong></span> <span class='ocrx_word' id='word_1_396' title='bbox 1329 5643 1435 5692; x_wconf 90' lang='lat' dir='ltr'><strong>etc.</strong></span> 
     </span>
    </p>
   </div>
   <div class='ocr_carea' id='block_1_62' title="bbox 1926 601 3043 674">
    <p class='ocr_par' dir='ltr' id='par_1_62' title="bbox 1926 601 3043 674">
     <span class='ocr_line' id='line_1_62' title="bbox 1926 601 3043 674; baseline -0.002 -14"><span class='ocrx_word' id='word_1_397' title='bbox 1926 619 2058 674; x_wconf 85' lang='lat' dir='ltr'><strong>qua</strong></span> <span class='ocrx_word' id='word_1_398' title='bbox 2085 603 2141 658; x_wconf 91' lang='lat' dir='ltr'><strong>in</strong></span> <span class='ocrx_word' id='word_1_399' title='bbox 2174 601 2280 658; x_wconf 92' lang='lat' dir='ltr'><strong>hoc</strong></span> <span class='ocrx_word' id='word_1_400' title='bbox 2311 602 2430 672; x_wconf 89' lang='lat' dir='ltr'><strong>ipso</strong></span> <span class='ocrx_word' id='word_1_401' title='bbox 2458 609 2616 658; x_wconf 84' lang='lat' dir='ltr'><strong>extat</strong></span> <span class='ocrx_word' id='word_1_402' title='bbox 2642 603 2998 659; x_wconf 86' lang='lat' dir='ltr'><strong>chartulario</strong></span> <span class='ocrx_word' id='word_1_403' title='bbox 3031 619 3043 658; x_wconf 88' lang='lat'>:</span> 
     </span>
    </p>
   </div>
   <div class='ocr_carea' id='block_1_63' title="bbox 1998 688 3624 760">
    <p class='ocr_par' dir='ltr' id='par_1_63' title="bbox 1998 688 3624 760">
     <span class='ocr_line' id='line_1_63' title="bbox 1998 688 3624 760; baseline 0.006 -21"><span class='ocrx_word' id='word_1_404' title='bbox 1998 712 2026 739; x_wconf 70' lang='grc' dir='ltr'><strong>α</strong></span> <span class='ocrx_word' id='word_1_405' title='bbox 2059 688 2339 746; x_wconf 90' lang='lat' dir='ltr'><strong>Omnibus</strong></span> <span class='ocrx_word' id='word_1_406' title='bbox 2382 689 2440 744; x_wconf 91' lang='lat' dir='ltr'><strong>in</strong></span> <span class='ocrx_word' id='word_1_407' title='bbox 2472 690 2738 757; x_wconf 91' lang='lat' dir='ltr'><strong>Domino,</strong></span> <span class='ocrx_word' id='word_1_408' title='bbox 2772 691 2985 760; x_wconf 90' lang='lat' dir='ltr'><strong>quibus</strong></span> <span class='ocrx_word' id='word_1_409' title='bbox 3018 695 3103 745; x_wconf 76' lang='lat' dir='ltr'><strong>est</strong></span> <span class='ocrx_word' id='word_1_410' title='bbox 3147 691 3403 748; x_wconf 75' lang='lat' dir='ltr'><strong>Christus</strong></span> <span class='ocrx_word' id='word_1_411' title='bbox 3442 693 3624 750; x_wconf 79' lang='lat' dir='ltr'><strong>vivere</strong></span> 
     </span>
    </p>
   </div>
   <div class='ocr_carea' id='block_1_64' title="bbox 1926 776 3624 852">
    <p class='ocr_par' dir='ltr' id='par_1_64' title="bbox 1926 776 3624 852">
     <span class='ocr_line' id='line_1_64' title="bbox 1926 776 3624 852; baseline 0.003 -19"><span class='ocrx_word' id='word_1_412' title='bbox 1926 782 1982 833; x_wconf 86' lang='lat' dir='ltr'><strong>et</strong></span> <span class='ocrx_word' id='word_1_413' title='bbox 2008 778 2157 832; x_wconf 86' lang='lat' dir='ltr'><strong>mori</strong></span> <span class='ocrx_word' id='word_1_414' title='bbox 2189 777 2412 832; x_wconf 84' lang='lat' dir='ltr'><strong>lucrum</strong></span> <span class='ocrx_word' id='word_1_415' title='bbox 2441 776 2611 849; x_wconf 81' lang='lat' dir='ltr'><strong>(Phil.</strong></span> <span class='ocrx_word' id='word_1_416' title='bbox 2646 795 2683 844; x_wconf 86' lang='grc' dir='ltr'><strong>ι,</strong></span> <span class='ocrx_word' id='word_1_417' title='bbox 2716 781 2829 845; x_wconf 79' lang='lat' dir='ltr'><strong>2i),</strong></span> <span class='ocrx_word' id='word_1_418' title='bbox 2860 787 2914 832; x_wconf 92' lang='lat' dir='ltr'><strong>et</strong></span> <span class='ocrx_word' id='word_1_419' title='bbox 2944 779 3301 847; x_wconf 90' lang='lat' dir='ltr'><strong>potissimum</strong></span> <span class='ocrx_word' id='word_1_420' title='bbox 3349 782 3456 836; x_wconf 90' lang='lat' dir='ltr'><strong>sub</strong></span> <span class='ocrx_word' id='word_1_421' title='bbox 3481 782 3624 852; x_wconf 89' lang='lat' dir='ltr'><strong>jugo</strong></span> 
     </span>
    </p>
   </div>
   <div class='ocr_carea' id='block_1_65' title="bbox 1927 867 3621 940">
    <p class='ocr_par' dir='ltr' id='par_1_65' title="bbox 1927 867 3621 940">
     <span class='ocr_line' id='line_1_65' title="bbox 1927 867 3621 940; baseline 0.002 -18"><span class='ocrx_word' id='word_1_422' title='bbox 1927 867 2141 938; x_wconf 87' lang='lat' dir='ltr'><strong>regula</strong></span> <span class='ocrx_word' id='word_1_423' title='bbox 2171 868 2350 923; x_wconf 89' lang='lat' dir='ltr'><strong>sancti</strong></span> <span class='ocrx_word' id='word_1_424' title='bbox 2384 867 2665 922; x_wconf 85' lang='lat' dir='ltr'><strong>Benedicti</strong></span> <span class='ocrx_word' id='word_1_425' title='bbox 2705 875 2904 936; x_wconf 88' lang='lat' dir='ltr'><strong>sponte</strong></span> <span class='ocrx_word' id='word_1_426' title='bbox 2944 867 3088 923; x_wconf 91' lang='lat' dir='ltr'><strong>colla</strong></span> <span class='ocrx_word' id='word_1_427' title='bbox 3131 869 3621 940; x_wconf 87' lang='lat' dir='ltr'><strong>submittentibus,</strong></span> 
     </span>
    </p>
   </div>
   <div class='ocr_carea' id='block_1_66' title="bbox 1927 953 3626 1027">
    <p class='ocr_par' dir='ltr' id='par_1_66' title="bbox 1927 953 3626 1027">
     <span class='ocr_line' id='line_1_66' title="bbox 1927 953 3626 1027; baseline 0.002 -17"><span class='ocrx_word' id='word_1_428' title='bbox 1927 955 2030 1027; x_wconf 92' lang='lat' dir='ltr'><strong>qui</strong></span> <span class='ocrx_word' id='word_1_429' title='bbox 2055 956 2218 1025; x_wconf 89' lang='lat' dir='ltr'><strong>jubet</strong></span> <span class='ocrx_word' id='word_1_430' title='bbox 2261 963 2324 1011; x_wconf 90' lang='lat' dir='ltr'><strong>ut</strong></span> <span class='ocrx_word' id='word_1_431' title='bbox 2357 953 2619 1010; x_wconf 88' lang='lat' dir='ltr'><strong>monachi</strong></span> <span class='ocrx_word' id='word_1_432' title='bbox 2653 954 2709 1008; x_wconf 87' lang='lat' dir='ltr'><strong>in</strong></span> <span class='ocrx_word' id='word_1_433' title='bbox 2745 956 3087 1010; x_wconf 90' lang='lat' dir='ltr'><strong>monasterio</strong></span> <span class='ocrx_word' id='word_1_434' title='bbox 3119 955 3406 1026; x_wconf 86' lang='lat' dir='ltr'><strong>degentes,</strong></span> <span class='ocrx_word' id='word_1_435' title='bbox 3442 958 3626 1014; x_wconf 91' lang='lat' dir='ltr'><strong>abba-</strong></span> 
     </span>
    </p>
   </div>
   <div class='ocr_carea' id='block_1_67' title="bbox 1928 1042 3625 1112">
    <p class='ocr_par' dir='ltr' id='par_1_67' title="bbox 1928 1042 3625 1112">
     <span class='ocr_line' id='line_1_67' title="bbox 1928 1042 3625 1112; baseline 0.001 -13"><span class='ocrx_word' id='word_1_436' title='bbox 1928 1051 2040 1100; x_wconf 90' lang='lat' dir='ltr'><strong>tem</strong></span> <span class='ocrx_word' id='word_1_437' title='bbox 2070 1043 2176 1098; x_wconf 90' lang='lat' dir='ltr'><strong>sibi</strong></span> <span class='ocrx_word' id='word_1_438' title='bbox 2214 1056 2451 1112; x_wconf 90' lang='lat' dir='ltr'><strong>praesse</strong></span> <span class='ocrx_word' id='word_1_439' title='bbox 2489 1042 2811 1097; x_wconf 90' lang='lat' dir='ltr'><strong>desiderent</strong></span> <span class='ocrx_word' id='word_1_440' title='bbox 2843 1057 2855 1094; x_wconf 89' lang='lat'>:</span> <span class='ocrx_word' id='word_1_441' title='bbox 2889 1042 3260 1099; x_wconf 88' lang='lat' dir='ltr'><strong>Notissimum</strong></span> <span class='ocrx_word' id='word_1_442' title='bbox 3287 1059 3411 1099; x_wconf 90' lang='lat' dir='ltr'><strong>esse</strong></span> <span class='ocrx_word' id='word_1_443' title='bbox 3452 1047 3625 1101; x_wconf 90' lang='lat' dir='ltr'><strong>voiu—</strong></span> 
     </span>
    </p>
   </div>
   <div class='ocr_carea' id='block_1_68' title="bbox 1927 1130 3626 1202">
    <p class='ocr_par' dir='ltr' id='par_1_68' title="bbox 1927 1130 3626 1202">
     <span class='ocr_line' id='line_1_68' title="bbox 1927 1130 3626 1202; baseline 0.002 -16"><span class='ocrx_word' id='word_1_444' title='bbox 1927 1147 2077 1200; x_wconf 92' lang='lat' dir='ltr'><strong>mus,</strong></span> <span class='ocrx_word' id='word_1_445' title='bbox 2114 1133 2266 1202; x_wconf 92' lang='lat' dir='ltr'><strong>quod</strong></span> <span class='ocrx_word' id='word_1_446' title='bbox 2303 1145 2398 1186; x_wconf 93' lang='lat' dir='ltr'><strong>an.</strong></span> <span class='ocrx_word' id='word_1_447' title='bbox 2432 1130 2976 1186; x_wconf 88' lang='lat' dir='ltr'><strong>9881ncarnationis</strong></span> <span class='ocrx_word' id='word_1_448' title='bbox 2998 1131 3327 1197; x_wconf 84' lang='lat' dir='ltr'><strong>Dominica,</strong></span> <span class='ocrx_word' id='word_1_449' title='bbox 3358 1133 3626 1190; x_wconf 90' lang='lat' dir='ltr'><strong>recedens</strong></span> 
     </span>
    </p>
   </div>
   <div class='ocr_carea' id='block_1_69' title="bbox 1926 1219 3622 1291">
    <p class='ocr_par' dir='ltr' id='par_1_69' title="bbox 1926 1219 3622 1291">
     <span class='ocr_line' id='line_1_69' title="bbox 1926 1219 3622 1291; baseline 0.001 -16"><span class='ocrx_word' id='word_1_450' title='bbox 1926 1233 1960 1275; x_wconf 93' lang='lat' dir='ltr'><strong>a</strong></span> <span class='ocrx_word' id='word_1_451' title='bbox 1988 1220 2109 1276; x_wconf 91' lang='lat' dir='ltr'><strong>loco</strong></span> <span class='ocrx_word' id='word_1_452' title='bbox 2148 1220 2338 1276; x_wconf 88' lang='lat' dir='ltr'><strong>Sancti</strong></span> <span class='ocrx_word' id='word_1_453' title='bbox 2385 1219 2574 1276; x_wconf 84' lang='lat' dir='ltr'><strong>Albini</strong></span> <span class='ocrx_word' id='word_1_454' title='bbox 2618 1219 2796 1275; x_wconf 83' lang='lat' dir='ltr'><strong>abbas</strong></span> <span class='ocrx_word' id='word_1_455' title='bbox 2835 1219 3167 1282; x_wconf 87' lang='lat' dir='ltr'><strong>Guntcrius.</strong></span> <span class='ocrx_word' id='word_1_456' title='bbox 3221 1234 3393 1290; x_wconf 91' lang='lat' dir='ltr'><strong>quem</strong></span> <span class='ocrx_word' id='word_1_457' title='bbox 3425 1236 3527 1291; x_wconf 90' lang='lat' dir='ltr'><strong>pro</strong></span> <span class='ocrx_word' id='word_1_458' title='bbox 3559 1222 3622 1277; x_wconf 81' lang='lat' dir='ltr'><strong>ti-</strong></span> 
     </span>
    </p>
   </div>
   <div class='ocr_carea' id='block_1_70' title="bbox 1926 1307 3625 1375">
    <p class='ocr_par' dir='ltr' id='par_1_70' title="bbox 1926 1307 3625 1375">
     <span class='ocr_line' id='line_1_70' title="bbox 1926 1307 3625 1375; baseline 0.001 -11"><span class='ocrx_word' id='word_1_459' title='bbox 1926 1309 2152 1365; x_wconf 89' lang='lat' dir='ltr'><strong>delitate</strong></span> <span class='ocrx_word' id='word_1_460' title='bbox 2207 1309 2324 1375; x_wconf 89' lang='lat' dir='ltr'><strong>Dei,</strong></span> <span class='ocrx_word' id='word_1_461' title='bbox 2376 1316 2432 1364; x_wconf 89' lang='lat' dir='ltr'><strong>et</strong></span> <span class='ocrx_word' id='word_1_462' title='bbox 2487 1308 2737 1364; x_wconf 90' lang='lat' dir='ltr'><strong>remedio</strong></span> <span class='ocrx_word' id='word_1_463' title='bbox 2795 1307 3002 1363; x_wconf 87' lang='lat' dir='ltr'><strong>anima</strong></span> <span class='ocrx_word' id='word_1_464' title='bbox 3055 1322 3174 1364; x_wconf 87' lang='lat' dir='ltr'><strong>sua</strong></span> <span class='ocrx_word' id='word_1_465' title='bbox 3232 1309 3625 1367; x_wconf 90' lang='lat' dir='ltr'><strong>nobilissimus</strong></span> 
     </span>
    </p>
   </div>
   <div class='ocr_carea' id='block_1_71' title="bbox 1926 1396 3622 1467">
    <p class='ocr_par' dir='ltr' id='par_1_71' title="bbox 1926 1396 3622 1467">
     <span class='ocr_line' id='line_1_71' title="bbox 1926 1396 3622 1467; baseline 0.001 -15"><span class='ocrx_word' id='word_1_466' title='bbox 1926 1397 2076 1454; x_wconf 92' lang='lat' dir='ltr'><strong>inter</strong></span> <span class='ocrx_word' id='word_1_467' title='bbox 2117 1411 2251 1453; x_wconf 87' lang='lat' dir='ltr'><strong>suos</strong></span> <span class='ocrx_word' id='word_1_468' title='bbox 2301 1396 2600 1453; x_wconf 79' lang='lat' dir='ltr'><strong>Gofi&#39;redus</strong></span> <span class='ocrx_word' id='word_1_469' title='bbox 2645 1411 2833 1452; x_wconf 90' lang='lat' dir='ltr'><strong>comes</strong></span> <span class='ocrx_word' id='word_1_470' title='bbox 2882 1396 3061 1453; x_wconf 89' lang='lat' dir='ltr'><strong>eidem</strong></span> <span class='ocrx_word' id='word_1_471' title='bbox 3103 1397 3223 1453; x_wconf 96' lang='lat' dir='ltr'><strong>loco</strong></span> <span class='ocrx_word' id='word_1_472' title='bbox 3272 1398 3622 1467; x_wconf 88' lang='lat' dir='ltr'><strong>prafecerat,</strong></span> 
     </span>
    </p>
   </div>
   <div class='ocr_carea' id='block_1_72' title="bbox 1925 1486 3624 1557">
    <p class='ocr_par' dir='ltr' id='par_1_72' title="bbox 1925 1486 3624 1557">
     <span class='ocr_line' id='line_1_72' title="bbox 1925 1486 3624 1557; baseline 0 -14"><span class='ocrx_word' id='word_1_473' title='bbox 1925 1495 1976 1544; x_wconf 90' lang='lat' dir='ltr'><strong>et</strong></span> <span class='ocrx_word' id='word_1_474' title='bbox 2012 1489 2271 1555; x_wconf 86' lang='lat' dir='ltr'><strong>Romam,</strong></span> <span class='ocrx_word' id='word_1_475' title='bbox 2304 1487 2415 1555; x_wconf 93' lang='lat' dir='ltr'><strong>vel,</strong></span> <span class='ocrx_word' id='word_1_476' title='bbox 2449 1487 2606 1557; x_wconf 86' lang='lat' dir='ltr'><strong>quod</strong></span> <span class='ocrx_word' id='word_1_477' title='bbox 2648 1487 2836 1556; x_wconf 91' lang='lat' dir='ltr'><strong>majus</strong></span> <span class='ocrx_word' id='word_1_478' title='bbox 2877 1493 2981 1552; x_wconf 84' lang='lat' dir='ltr'><strong>est,</strong></span> <span class='ocrx_word' id='word_1_479' title='bbox 3037 1493 3275 1542; x_wconf 89' lang='lat' dir='ltr'><strong>matrem</strong></span> <span class='ocrx_word' id='word_1_480' title='bbox 3320 1486 3624 1543; x_wconf 88' lang='lat' dir='ltr'><strong>civitatum</strong></span> 
     </span>
    </p>
   </div>
   <div class='ocr_carea' id='block_1_73' title="bbox 1924 1573 3624 1644">
    <p class='ocr_par' dir='ltr' id='par_1_73' title="bbox 1924 1573 3624 1644">
     <span class='ocr_line' id='line_1_73' title="bbox 1924 1573 3624 1644; baseline 0 -14"><span class='ocrx_word' id='word_1_481' title='bbox 1924 1573 2238 1631; x_wconf 84' lang='lat' dir='ltr'><strong>Jerusalem</strong></span> <span class='ocrx_word' id='word_1_482' title='bbox 2296 1581 2569 1644; x_wconf 82' lang='lat' dir='ltr'><strong>expetens</strong></span> <span class='ocrx_word' id='word_1_483' title='bbox 2628 1573 2813 1643; x_wconf 87' lang='lat' dir='ltr'><strong>gratia</strong></span> <span class='ocrx_word' id='word_1_484' title='bbox 2872 1573 3166 1638; x_wconf 89' lang='lat' dir='ltr'><strong>orationis,</strong></span> <span class='ocrx_word' id='word_1_485' title='bbox 3238 1587 3624 1630; x_wconf 88' lang='lat' dir='ltr'><strong>successorem</strong></span> 
     </span>
    </p>
   </div>
   <div class='ocr_carea' id='block_1_74' title="bbox 1925 1661 3625 1734">
    <p class='ocr_par' dir='ltr' id='par_1_74' title="bbox 1925 1661 3625 1734">
     <span class='ocr_line' id='line_1_74' title="bbox 1925 1661 3625 1734; baseline -0.002 -14"><span class='ocrx_word' id='word_1_486' title='bbox 1925 1663 2032 1720; x_wconf 91' lang='lat' dir='ltr'><strong>sibi</strong></span> <span class='ocrx_word' id='word_1_487' title='bbox 2069 1677 2323 1734; x_wconf 84' lang='lat' dir='ltr'><strong>praesago</strong></span> <span class='ocrx_word' id='word_1_488' title='bbox 2353 1662 2560 1732; x_wconf 91' lang='lat' dir='ltr'><strong>spiritu</strong></span> <span class='ocrx_word' id='word_1_489' title='bbox 2594 1661 2939 1732; x_wconf 73' lang='lat' dir='ltr'><strong>providerat,</strong></span> <span class='ocrx_word' id='word_1_490' title='bbox 2973 1664 3063 1716; x_wconf 90' lang='lat' dir='ltr'><strong>cui</strong></span> <span class='ocrx_word' id='word_1_491' title='bbox 3095 1663 3421 1718; x_wconf 89' lang='lat' dir='ltr'><strong>animarum</strong></span> <span class='ocrx_word' id='word_1_492' title='bbox 3452 1663 3625 1719; x_wconf 91' lang='lat' dir='ltr'><strong>simul</strong></span> 
     </span>
    </p>
   </div>
   <div class='ocr_carea' id='block_1_75' title="bbox 1925 1749 3624 1822">
    <p class='ocr_par' dir='ltr' id='par_1_75' title="bbox 1925 1749 3624 1822">
     <span class='ocr_line' id='line_1_75' title="bbox 1925 1749 3624 1822; baseline 0 -14"><span class='ocrx_word' id='word_1_493' title='bbox 1925 1761 1978 1808; x_wconf 92' lang='lat' dir='ltr'><strong>et</strong></span> <span class='ocrx_word' id='word_1_494' title='bbox 2004 1767 2306 1822; x_wconf 91' lang='lat' dir='ltr'><strong>corporum</strong></span> <span class='ocrx_word' id='word_1_495' title='bbox 2339 1765 2538 1807; x_wconf 90' lang='lat' dir='ltr'><strong>curam</strong></span> <span class='ocrx_word' id='word_1_496' title='bbox 2570 1749 2946 1806; x_wconf 89' lang='lat' dir='ltr'><strong>committeret</strong></span> <span class='ocrx_word' id='word_1_497' title='bbox 3025 1790 3038 1804; x_wconf 95' lang='lat'><strong>.</strong></span> <span class='ocrx_word' id='word_1_498' title='bbox 3107 1791 3119 1804; x_wconf 96' lang='lat'><strong>.</strong></span> <span class='ocrx_word' id='word_1_499' title='bbox 3192 1789 3204 1805; x_wconf 90' lang='lat'><strong>.</strong></span> <span class='ocrx_word' id='word_1_500' title='bbox 3275 1791 3289 1805; x_wconf 94' lang='lat'><strong>.</strong></span> <span class='ocrx_word' id='word_1_501' title='bbox 3370 1752 3624 1808; x_wconf 83' lang='lat' dir='ltr'><strong>.vilaet</strong></span> 
     </span>
    </p>
   </div>
   <div class='ocr_carea' id='block_1_76' title="bbox 1927 1839 3621 1910">
    <p class='ocr_par' dir='ltr' id='par_1_76' title="bbox 1927 1839 3621 1910">
     <span class='ocr_line' id='line_1_76' title="bbox 1927 1839 3621 1910; baseline -0.001 -14"><span class='ocrx_word' id='word_1_502' title='bbox 1927 1855 2152 1896; x_wconf 92' lang='lat' dir='ltr'><strong>morum</strong></span> <span class='ocrx_word' id='word_1_503' title='bbox 2200 1840 2480 1910; x_wconf 89' lang='lat' dir='ltr'><strong>probitate</strong></span> <span class='ocrx_word' id='word_1_504' title='bbox 2530 1839 2823 1904; x_wconf 92' lang='lat' dir='ltr'><strong>decorum,</strong></span> <span class='ocrx_word' id='word_1_505' title='bbox 2886 1853 3058 1908; x_wconf 92' lang='lat' dir='ltr'><strong>quem</strong></span> <span class='ocrx_word' id='word_1_506' title='bbox 3116 1839 3235 1908; x_wconf 91' lang='lat' dir='ltr'><strong>ipse</strong></span> <span class='ocrx_word' id='word_1_507' title='bbox 3307 1839 3366 1894; x_wconf 91' lang='lat' dir='ltr'><strong>in</strong></span> <span class='ocrx_word' id='word_1_508' title='bbox 3413 1840 3621 1896; x_wconf 89' lang='lat' dir='ltr'><strong>Christi</strong></span> 
     </span>
    </p>
   </div>
   <div class='ocr_carea' id='block_1_77' title="bbox 1919 1927 3620 1991">
    <p class='ocr_par' dir='ltr' id='par_1_77' title="bbox 1919 1927 3620 1991">
     <span class='ocr_line' id='line_1_77' title="bbox 1919 1927 3620 1991; baseline 0 -7"><span class='ocrx_word' id='word_1_509' title='bbox 1919 1929 2150 1984; x_wconf 89' lang='lat' dir='ltr'><strong>nomine</strong></span> <span class='ocrx_word' id='word_1_510' title='bbox 2221 1928 2528 1991; x_wconf 88' lang='lat' dir='ltr'><strong>nutrierat,</strong></span> <span class='ocrx_word' id='word_1_511' title='bbox 2587 1941 2720 1982; x_wconf 91' lang='lat' dir='ltr'><strong>cum</strong></span> <span class='ocrx_word' id='word_1_512' title='bbox 2783 1941 3066 1982; x_wconf 92' lang='lat' dir='ltr'><strong>consensu</strong></span> <span class='ocrx_word' id='word_1_513' title='bbox 3133 1936 3321 1983; x_wconf 89' lang='lat' dir='ltr'><strong>tamen</strong></span> <span class='ocrx_word' id='word_1_514' title='bbox 3375 1927 3620 1984; x_wconf 89' lang='lat' dir='ltr'><strong>fratrum</strong></span> 
     </span>
    </p>
   </div>
   <div class='ocr_carea' id='block_1_78' title="bbox 1921 2014 3618 2087">
    <p class='ocr_par' dir='ltr' id='par_1_78' title="bbox 1921 2014 3618 2087">
     <span class='ocr_line' id='line_1_78' title="bbox 1921 2014 3618 2087; baseline 0 -14"><span class='ocrx_word' id='word_1_515' title='bbox 1921 2017 2139 2087; x_wconf 89' lang='lat' dir='ltr'><strong>prafati</strong></span> <span class='ocrx_word' id='word_1_516' title='bbox 2179 2016 2306 2084; x_wconf 92' lang='lat' dir='ltr'><strong>loci,</strong></span> <span class='ocrx_word' id='word_1_517' title='bbox 2356 2023 2411 2071; x_wconf 89' lang='lat' dir='ltr'><strong>et</strong></span> <span class='ocrx_word' id='word_1_518' title='bbox 2454 2014 2864 2085; x_wconf 86' lang='lat' dir='ltr'><strong>elegantissimi</strong></span> <span class='ocrx_word' id='word_1_519' title='bbox 2908 2055 2920 2068; x_wconf 95' lang='lat'><strong>.</strong></span> <span class='ocrx_word' id='word_1_520' title='bbox 2975 2054 2988 2069; x_wconf 96' lang='lat'><strong>.</strong></span> <span class='ocrx_word' id='word_1_521' title='bbox 3053 2057 3064 2069; x_wconf 99' lang='lat'><strong>.</strong></span> <span class='ocrx_word' id='word_1_522' title='bbox 3112 2056 3124 2069; x_wconf 96' lang='lat'><strong>.</strong></span> <span class='ocrx_word' id='word_1_523' title='bbox 3186 2054 3198 2068; x_wconf 93' lang='lat'><strong>.</strong></span> <span class='ocrx_word' id='word_1_524' title='bbox 3253 2057 3266 2070; x_wconf 94' lang='lat'><strong>.</strong></span> <span class='ocrx_word' id='word_1_525' title='bbox 3320 2017 3419 2072; x_wconf 83' lang='lat' dir='ltr'><strong>filii</strong></span> <span class='ocrx_word' id='word_1_526' title='bbox 3468 2031 3618 2086; x_wconf 82' lang='lat' dir='ltr'><strong>pra-</strong></span> 
     </span>
    </p>
   </div>
   <div class='ocr_carea' id='block_1_79' title="bbox 1917 2102 3621 2173">
    <p class='ocr_par' dir='ltr' id='par_1_79' title="bbox 1917 2102 3621 2173">
     <span class='ocr_line' id='line_1_79' title="bbox 1917 2102 3621 2173; baseline 0.001 -13"><span class='ocrx_word' id='word_1_527' title='bbox 1917 2105 2049 2160; x_wconf 90' lang='lat' dir='ltr'><strong>dicti</strong></span> <span class='ocrx_word' id='word_1_528' title='bbox 2104 2105 2326 2160; x_wconf 88' lang='lat' dir='ltr'><strong>comitis</strong></span> <span class='ocrx_word' id='word_1_529' title='bbox 2376 2103 2654 2168; x_wconf 87' lang='lat' dir='ltr'><strong>Gaufridi,</strong></span> <span class='ocrx_word' id='word_1_530' title='bbox 2712 2102 2811 2172; x_wconf 93' lang='lat' dir='ltr'><strong>qui</strong></span> <span class='ocrx_word' id='word_1_531' title='bbox 2865 2102 2921 2158; x_wconf 92' lang='lat' dir='ltr'><strong>in</strong></span> <span class='ocrx_word' id='word_1_532' title='bbox 2980 2103 3099 2159; x_wconf 92' lang='lat' dir='ltr'><strong>loco</strong></span> <span class='ocrx_word' id='word_1_533' title='bbox 3153 2104 3330 2173; x_wconf 90' lang='lat' dir='ltr'><strong>patris</strong></span> <span class='ocrx_word' id='word_1_534' title='bbox 3386 2104 3621 2162; x_wconf 90' lang='lat' dir='ltr'><strong>feliciter</strong></span> 
     </span>
    </p>
   </div>
   <div class='ocr_carea' id='block_1_80' title="bbox 1916 2190 3621 2260">
    <p class='ocr_par' dir='ltr' id='par_1_80' title="bbox 1916 2190 3621 2260">
     <span class='ocr_line' id='line_1_80' title="bbox 1916 2190 3621 2260; baseline 0.001 -14"><span class='ocrx_word' id='word_1_535' title='bbox 1916 2193 2200 2255; x_wconf 91' lang='lat' dir='ltr'><strong>successit,</strong></span> <span class='ocrx_word' id='word_1_536' title='bbox 2259 2192 2490 2247; x_wconf 88' lang='lat' dir='ltr'><strong>nomine</strong></span> <span class='ocrx_word' id='word_1_537' title='bbox 2567 2190 2851 2246; x_wconf 89' lang='lat' dir='ltr'><strong>Fulconis.</strong></span> <span class='ocrx_word' id='word_1_538' title='bbox 2923 2191 3027 2245; x_wconf 91' lang='lat' dir='ltr'><strong>Cui</strong></span> <span class='ocrx_word' id='word_1_539' title='bbox 3096 2191 3376 2256; x_wconf 87' lang='lat' dir='ltr'><strong>electioni,</strong></span> <span class='ocrx_word' id='word_1_540' title='bbox 3433 2193 3621 2260; x_wconf 90' lang='lat' dir='ltr'><strong>provi-</strong></span> 
     </span>
    </p>
   </div>
   <div class='ocr_carea' id='block_1_81' title="bbox 1916 2276 3618 2348">
    <p class='ocr_par' dir='ltr' id='par_1_81' title="bbox 1916 2276 3618 2348">
     <span class='ocr_line' id='line_1_81' title="bbox 1916 2276 3618 2348; baseline 0.001 -16"><span class='ocrx_word' id='word_1_541' title='bbox 1916 2279 2081 2333; x_wconf 93' lang='lat' dir='ltr'><strong>dente</strong></span> <span class='ocrx_word' id='word_1_542' title='bbox 2116 2277 2303 2348; x_wconf 89' lang='lat' dir='ltr'><strong>gratia</strong></span> <span class='ocrx_word' id='word_1_543' title='bbox 2333 2278 2448 2344; x_wconf 87' lang='lat' dir='ltr'><strong>Dei,</strong></span> <span class='ocrx_word' id='word_1_544' title='bbox 2484 2281 2655 2346; x_wconf 88' lang='lat' dir='ltr'><strong>prout</strong></span> <span class='ocrx_word' id='word_1_545' title='bbox 2698 2276 3006 2342; x_wconf 86' lang='lat' dir='ltr'><strong>credimus,</strong></span> <span class='ocrx_word' id='word_1_546' title='bbox 3039 2277 3618 2347; x_wconf 88' lang='lat' dir='ltr'><strong>prudentissimorum</strong></span> 
     </span>
    </p>
   </div>
   <div class='ocr_carea' id='block_1_82' title="bbox 1915 2364 3620 2435">
    <p class='ocr_par' dir='ltr' id='par_1_82' title="bbox 1915 2364 3620 2435">
     <span class='ocr_line' id='line_1_82' title="bbox 1915 2364 3620 2435; baseline 0.001 -15"><span class='ocrx_word' id='word_1_547' title='bbox 1915 2365 2271 2435; x_wconf 85' lang='lat' dir='ltr'><strong>pontificum,</strong></span> <span class='ocrx_word' id='word_1_548' title='bbox 2321 2365 2657 2421; x_wconf 91' lang='lat' dir='ltr'><strong>clericorum</strong></span> <span class='ocrx_word' id='word_1_549' title='bbox 2711 2379 2945 2434; x_wconf 92' lang='lat' dir='ltr'><strong>quoque</strong></span> <span class='ocrx_word' id='word_1_550' title='bbox 2986 2373 3039 2420; x_wconf 90' lang='lat' dir='ltr'><strong>et</strong></span> <span class='ocrx_word' id='word_1_551' title='bbox 3096 2364 3373 2421; x_wconf 91' lang='lat' dir='ltr'><strong>nobilium</strong></span> <span class='ocrx_word' id='word_1_552' title='bbox 3439 2364 3620 2422; x_wconf 87' lang='lat' dir='ltr'><strong>laico-</strong></span> 
     </span>
    </p>
   </div>
   <div class='ocr_carea' id='block_1_83' title="bbox 1916 2452 3618 2522">
    <p class='ocr_par' dir='ltr' id='par_1_83' title="bbox 1916 2452 3618 2522">
     <span class='ocr_line' id='line_1_83' title="bbox 1916 2452 3618 2522; baseline 0.001 -14"><span class='ocrx_word' id='word_1_553' title='bbox 1916 2467 2066 2520; x_wconf 91' lang='lat' dir='ltr'><strong>rum,</strong></span> <span class='ocrx_word' id='word_1_554' title='bbox 2112 2461 2167 2509; x_wconf 87' lang='lat' dir='ltr'><strong>et</strong></span> <span class='ocrx_word' id='word_1_555' title='bbox 2209 2467 2383 2522; x_wconf 89' lang='lat' dir='ltr'><strong>super</strong></span> <span class='ocrx_word' id='word_1_556' title='bbox 2429 2453 2517 2508; x_wconf 90' lang='lat' dir='ltr'><strong>his</strong></span> <span class='ocrx_word' id='word_1_557' title='bbox 2547 2452 2818 2508; x_wconf 91' lang='lat' dir='ltr'><strong>omnibus</strong></span> <span class='ocrx_word' id='word_1_558' title='bbox 2865 2452 3063 2508; x_wconf 90' lang='lat' dir='ltr'><strong>electio</strong></span> <span class='ocrx_word' id='word_1_559' title='bbox 3111 2453 3284 2508; x_wconf 90' lang='lat' dir='ltr'><strong>simul</strong></span> <span class='ocrx_word' id='word_1_560' title='bbox 3327 2462 3382 2509; x_wconf 91' lang='lat' dir='ltr'><strong>et</strong></span> <span class='ocrx_word' id='word_1_561' title='bbox 3425 2454 3618 2509; x_wconf 86' lang='lat' dir='ltr'><strong>accla-</strong></span> 
     </span>
    </p>
   </div>
   <div class='ocr_carea' id='block_1_84' title="bbox 1914 2540 3618 2611">
    <p class='ocr_par' dir='ltr' id='par_1_84' title="bbox 1914 2540 3618 2611">
     <span class='ocr_line' id='line_1_84' title="bbox 1914 2540 3618 2611; baseline 0.001 -15"><span class='ocrx_word' id='word_1_562' title='bbox 1914 2541 2089 2597; x_wconf 90' lang='lat' dir='ltr'><strong>matio</strong></span> <span class='ocrx_word' id='word_1_563' title='bbox 2141 2541 2424 2611; x_wconf 87' lang='lat' dir='ltr'><strong>pradicta</strong></span> <span class='ocrx_word' id='word_1_564' title='bbox 2472 2540 2936 2611; x_wconf 88' lang='lat' dir='ltr'><strong>congregationis</strong></span> <span class='ocrx_word' id='word_1_565' title='bbox 2988 2541 3336 2596; x_wconf 87' lang='lat' dir='ltr'><strong>concordare</strong></span> <span class='ocrx_word' id='word_1_566' title='bbox 3388 2541 3618 2598; x_wconf 91' lang='lat' dir='ltr'><strong>videtur</strong></span> 
     </span>
    </p>
   </div>
   <div class='ocr_carea' id='block_1_85' title="bbox 1917 2629 3617 2700">
    <p class='ocr_par' dir='ltr' id='par_1_85' title="bbox 1917 2629 3617 2700">
     <span class='ocr_line' id='line_1_85' title="bbox 1917 2629 3617 2700; baseline 0 -15"><span class='ocrx_word' id='word_1_567' title='bbox 1917 2632 1975 2686; x_wconf 92' lang='lat' dir='ltr'><strong>in</strong></span> <span class='ocrx_word' id='word_1_568' title='bbox 2007 2630 2228 2697; x_wconf 91' lang='lat' dir='ltr'><strong>melius,</strong></span> <span class='ocrx_word' id='word_1_569' title='bbox 2261 2645 2325 2685; x_wconf 95' lang='lat' dir='ltr'><strong>eo</strong></span> <span class='ocrx_word' id='word_1_570' title='bbox 2357 2638 2550 2686; x_wconf 90' lang='lat' dir='ltr'><strong>tenore</strong></span> <span class='ocrx_word' id='word_1_571' title='bbox 2580 2629 2861 2694; x_wconf 90' lang='lat' dir='ltr'><strong>videlicet,</strong></span> <span class='ocrx_word' id='word_1_572' title='bbox 2906 2637 2968 2684; x_wconf 91' lang='lat' dir='ltr'><strong>ut</strong></span> <span class='ocrx_word' id='word_1_573' title='bbox 3007 2629 3324 2684; x_wconf 90' lang='lat' dir='ltr'><strong>secundum</strong></span> <span class='ocrx_word' id='word_1_574' title='bbox 3356 2629 3617 2700; x_wconf 90' lang='lat' dir='ltr'><strong>regulam</strong></span> 
     </span>
    </p>
   </div>
   <div class='ocr_carea' id='block_1_86' title="bbox 1914 2717 3618 2787">
    <p class='ocr_par' dir='ltr' id='par_1_86' title="bbox 1914 2717 3618 2787">
     <span class='ocr_line' id='line_1_86' title="bbox 1914 2717 3618 2787; baseline 0.001 -15"><span class='ocrx_word' id='word_1_575' title='bbox 1914 2717 2093 2773; x_wconf 90' lang='lat' dir='ltr'><strong>sancti</strong></span> <span class='ocrx_word' id='word_1_576' title='bbox 2141 2717 2448 2783; x_wconf 88' lang='lat' dir='ltr'><strong>Benedicti,</strong></span> <span class='ocrx_word' id='word_1_577' title='bbox 2493 2717 2596 2787; x_wconf 90' lang='lat' dir='ltr'><strong>qui</strong></span> <span class='ocrx_word' id='word_1_578' title='bbox 2652 2725 2736 2772; x_wconf 94' lang='lat' dir='ltr'><strong>est</strong></span> <span class='ocrx_word' id='word_1_579' title='bbox 2785 2717 2972 2783; x_wconf 87' lang='lat' dir='ltr'><strong>Pater,</strong></span> <span class='ocrx_word' id='word_1_580' title='bbox 3021 2725 3074 2772; x_wconf 94' lang='lat' dir='ltr'><strong>et</strong></span> <span class='ocrx_word' id='word_1_581' title='bbox 3120 2717 3243 2774; x_wconf 84' lang='lat' dir='ltr'><strong>dux</strong></span> <span class='ocrx_word' id='word_1_582' title='bbox 3303 2718 3618 2774; x_wconf 86' lang='lat' dir='ltr'><strong>advocatus</strong></span> 
     </span>
    </p>
   </div>
   <div class='ocr_carea' id='block_1_87' title="bbox 1915 2805 3614 2876">
    <p class='ocr_par' dir='ltr' id='par_1_87' title="bbox 1915 2805 3614 2876">
     <span class='ocr_line' id='line_1_87' title="bbox 1915 2805 3614 2876; baseline 0 -14"><span class='ocrx_word' id='word_1_583' title='bbox 1915 2821 2148 2876; x_wconf 90' lang='lat' dir='ltr'><strong>quoque</strong></span> <span class='ocrx_word' id='word_1_584' title='bbox 2189 2813 2312 2876; x_wconf 92' lang='lat' dir='ltr'><strong>post</strong></span> <span class='ocrx_word' id='word_1_585' title='bbox 2360 2806 2564 2874; x_wconf 89' lang='lat' dir='ltr'><strong>Deum,</strong></span> <span class='ocrx_word' id='word_1_586' title='bbox 2593 2805 2850 2860; x_wconf 92' lang='lat' dir='ltr'><strong>omnium</strong></span> <span class='ocrx_word' id='word_1_587' title='bbox 2894 2805 3147 2861; x_wconf 84' lang='lat' dir='ltr'><strong>fidelium</strong></span> <span class='ocrx_word' id='word_1_588' title='bbox 3179 2807 3614 2875; x_wconf 88' lang='lat' dir='ltr'><strong>monachorum,</strong></span> 
     </span>
    </p>
   </div>
   <div class='ocr_carea' id='block_1_88' title="bbox 1917 2893 3617 2962">
    <p class='ocr_par' dir='ltr' id='par_1_88' title="bbox 1917 2893 3617 2962">
     <span class='ocr_line' id='line_1_88' title="bbox 1917 2893 3617 2962; baseline 0.001 -14"><span class='ocrx_word' id='word_1_589' title='bbox 1917 2902 2031 2948; x_wconf 90' lang='lat' dir='ltr'><strong>tam</strong></span> <span class='ocrx_word' id='word_1_590' title='bbox 2067 2895 2123 2948; x_wconf 91' lang='lat' dir='ltr'><strong>in</strong></span> <span class='ocrx_word' id='word_1_591' title='bbox 2159 2894 2263 2949; x_wconf 90' lang='lat' dir='ltr'><strong>hoc</strong></span> <span class='ocrx_word' id='word_1_592' title='bbox 2292 2893 2503 2950; x_wconf 86' lang='lat' dir='ltr'><strong>saculo</strong></span> <span class='ocrx_word' id='word_1_593' title='bbox 2537 2907 2714 2962; x_wconf 88' lang='lat' dir='ltr'><strong>quam</strong></span> <span class='ocrx_word' id='word_1_594' title='bbox 2748 2894 2804 2948; x_wconf 94' lang='lat' dir='ltr'><strong>in</strong></span> <span class='ocrx_word' id='word_1_595' title='bbox 2841 2894 3053 2956; x_wconf 86' lang='lat' dir='ltr'><strong>futuro,</strong></span> <span class='ocrx_word' id='word_1_596' title='bbox 3090 2895 3146 2948; x_wconf 92' lang='lat' dir='ltr'><strong>in</strong></span> <span class='ocrx_word' id='word_1_597' title='bbox 3180 2895 3448 2950; x_wconf 88' lang='lat' dir='ltr'><strong>omnibus</strong></span> <span class='ocrx_word' id='word_1_598' title='bbox 3477 2909 3617 2950; x_wconf 92' lang='lat' dir='ltr'><strong>con-</strong></span> 
     </span>
    </p>
   </div>
   <div class='ocr_carea' id='block_1_89' title="bbox 1913 2982 3617 3053">
    <p class='ocr_par' dir='ltr' id='par_1_89' title="bbox 1913 2982 3617 3053">
     <span class='ocr_line' id='line_1_89' title="bbox 1913 2982 3617 3053; baseline 0.002 -17"><span class='ocrx_word' id='word_1_599' title='bbox 1913 2982 2132 3037; x_wconf 89' lang='lat' dir='ltr'><strong>versari</strong></span> <span class='ocrx_word' id='word_1_600' title='bbox 2164 2996 2267 3051; x_wconf 89' lang='lat' dir='ltr'><strong>pro</strong></span> <span class='ocrx_word' id='word_1_601' title='bbox 2301 2996 2462 3051; x_wconf 88' lang='lat' dir='ltr'><strong>posse</strong></span> <span class='ocrx_word' id='word_1_602' title='bbox 2487 2989 2542 3036; x_wconf 92' lang='lat' dir='ltr'><strong>et</strong></span> <span class='ocrx_word' id='word_1_603' title='bbox 2572 2995 2736 3036; x_wconf 89' lang='lat' dir='ltr'><strong>nosse</strong></span> <span class='ocrx_word' id='word_1_604' title='bbox 2763 2982 3009 3044; x_wconf 86' lang='lat' dir='ltr'><strong>studeat,</strong></span> <span class='ocrx_word' id='word_1_605' title='bbox 3041 2990 3095 3037; x_wconf 93' lang='lat' dir='ltr'><strong>et</strong></span> <span class='ocrx_word' id='word_1_606' title='bbox 3127 2984 3392 3052; x_wconf 90' lang='lat' dir='ltr'><strong>prodesse</strong></span> <span class='ocrx_word' id='word_1_607' title='bbox 3431 2983 3617 3053; x_wconf 86' lang='lat' dir='ltr'><strong>magis</strong></span> 
     </span>
    </p>
   </div>
   <div class='ocr_carea' id='block_1_90' title="bbox 1914 3069 3615 3139">
    <p class='ocr_par' dir='ltr' id='par_1_90' title="bbox 1914 3069 3615 3139">
     <span class='ocr_line' id='line_1_90' title="bbox 1914 3069 3615 3139; baseline 0.001 -14"><span class='ocrx_word' id='word_1_608' title='bbox 1914 3083 2090 3139; x_wconf 88' lang='lat' dir='ltr'><strong>quam</strong></span> <span class='ocrx_word' id='word_1_609' title='bbox 2135 3083 2371 3139; x_wconf 89' lang='lat' dir='ltr'><strong>praesse</strong></span> <span class='ocrx_word' id='word_1_610' title='bbox 2416 3076 2662 3139; x_wconf 88' lang='lat' dir='ltr'><strong>satagat,</strong></span> <span class='ocrx_word' id='word_1_611' title='bbox 2704 3077 2759 3124; x_wconf 93' lang='lat' dir='ltr'><strong>et</strong></span> <span class='ocrx_word' id='word_1_612' title='bbox 2799 3069 2994 3124; x_wconf 91' lang='lat' dir='ltr'><strong>omnia</strong></span> <span class='ocrx_word' id='word_1_613' title='bbox 3028 3084 3160 3124; x_wconf 90' lang='lat' dir='ltr'><strong>cum</strong></span> <span class='ocrx_word' id='word_1_614' title='bbox 3204 3071 3441 3126; x_wconf 89' lang='lat' dir='ltr'><strong>consilio</strong></span> <span class='ocrx_word' id='word_1_615' title='bbox 3491 3072 3615 3127; x_wconf 89' lang='lat' dir='ltr'><strong>fra-</strong></span> 
     </span>
    </p>
   </div>
   <div class='ocr_carea' id='block_1_91' title="bbox 1912 3157 3612 3229">
    <p class='ocr_par' dir='ltr' id='par_1_91' title="bbox 1912 3157 3612 3229">
     <span class='ocr_line' id='line_1_91' title="bbox 1912 3157 3612 3229; baseline 0.001 -16"><span class='ocrx_word' id='word_1_616' title='bbox 1912 3165 2068 3214; x_wconf 89' lang='lat' dir='ltr'><strong>trum</strong></span> <span class='ocrx_word' id='word_1_617' title='bbox 2117 3158 2440 3214; x_wconf 91' lang='lat' dir='ltr'><strong>timentium</strong></span> <span class='ocrx_word' id='word_1_618' title='bbox 2485 3158 2688 3222; x_wconf 86' lang='lat' dir='ltr'><strong>Deum,</strong></span> <span class='ocrx_word' id='word_1_619' title='bbox 2743 3157 2975 3226; x_wconf 91' lang='lat' dir='ltr'><strong>provide</strong></span> <span class='ocrx_word' id='word_1_620' title='bbox 3023 3165 3077 3213; x_wconf 91' lang='lat' dir='ltr'><strong>et</strong></span> <span class='ocrx_word' id='word_1_621' title='bbox 3123 3159 3277 3227; x_wconf 87' lang='lat' dir='ltr'><strong>juste</strong></span> <span class='ocrx_word' id='word_1_622' title='bbox 3307 3159 3612 3229; x_wconf 88' lang='lat' dir='ltr'><strong>disponat;</strong></span> 
     </span>
    </p>
   </div>
   <div class='ocr_carea' id='block_1_92' title="bbox 1911 3246 3612 3318">
    <p class='ocr_par' dir='ltr' id='par_1_92' title="bbox 1911 3246 3612 3318">
     <span class='ocr_line' id='line_1_92' title="bbox 1911 3246 3612 3318; baseline 0.001 -16"><span class='ocrx_word' id='word_1_623' title='bbox 1911 3253 1976 3302; x_wconf 92' lang='lat' dir='ltr'><strong>ut</strong></span> <span class='ocrx_word' id='word_1_624' title='bbox 2019 3261 2153 3302; x_wconf 92' lang='lat' dir='ltr'><strong>cum</strong></span> <span class='ocrx_word' id='word_1_625' title='bbox 2183 3246 2402 3302; x_wconf 91' lang='lat' dir='ltr'><strong>venerit</strong></span> <span class='ocrx_word' id='word_1_626' title='bbox 2429 3246 2627 3301; x_wconf 89' lang='lat' dir='ltr'><strong>Pastor</strong></span> <span class='ocrx_word' id='word_1_627' title='bbox 2674 3254 2970 3314; x_wconf 91' lang='lat' dir='ltr'><strong>pastorum</strong></span> <span class='ocrx_word' id='word_1_628' title='bbox 2999 3247 3059 3316; x_wconf 91' lang='lat' dir='ltr'><strong>(I</strong></span> <span class='ocrx_word' id='word_1_629' title='bbox 3095 3247 3249 3302; x_wconf 79' lang='lat' dir='ltr'><strong>Petr.</strong></span> <span class='ocrx_word' id='word_1_630' title='bbox 3301 3262 3354 3314; x_wconf 93' lang='lat' dir='ltr'><strong>v,</strong></span> <span class='ocrx_word' id='word_1_631' title='bbox 3388 3247 3462 3318; x_wconf 82' lang='grc'><strong>4),</strong></span> <span class='ocrx_word' id='word_1_632' title='bbox 3517 3248 3612 3304; x_wconf 90' lang='lat' dir='ltr'><strong>cui</strong></span> 
     </span>
    </p>
   </div>
   <div class='ocr_carea' id='block_1_93' title="bbox 1909 3333 3606 3401">
    <p class='ocr_par' dir='ltr' id='par_1_93' title="bbox 1909 3333 3606 3401">
     <span class='ocr_line' id='line_1_93' title="bbox 1909 3333 3606 3401; baseline -0.001 -11"><span class='ocrx_word' id='word_1_633' title='bbox 1909 3333 2243 3391; x_wconf 89' lang='lat' dir='ltr'><strong>redditurus</strong></span> <span class='ocrx_word' id='word_1_634' title='bbox 2266 3342 2349 3391; x_wconf 88' lang='lat' dir='ltr'><strong>est</strong></span> <span class='ocrx_word' id='word_1_635' title='bbox 2380 3334 2658 3390; x_wconf 91' lang='lat' dir='ltr'><strong>rationem</strong></span> <span class='ocrx_word' id='word_1_636' title='bbox 2689 3334 2757 3389; x_wconf 91' lang='lat' dir='ltr'><strong>de</strong></span> <span class='ocrx_word' id='word_1_637' title='bbox 2788 3333 3096 3389; x_wconf 86' lang='lat' dir='ltr'><strong>animabus</strong></span> <span class='ocrx_word' id='word_1_638' title='bbox 3127 3334 3235 3389; x_wconf 91' lang='lat' dir='ltr'><strong>sibi</strong></span> <span class='ocrx_word' id='word_1_639' title='bbox 3267 3334 3606 3401; x_wconf 89' lang='lat' dir='ltr'><strong>commissis,</strong></span> 
     </span>
    </p>
   </div>
   <div class='ocr_carea' id='block_1_94' title="bbox 1909 3413 3614 3492">
    <p class='ocr_par' dir='ltr' id='par_1_94' title="bbox 1909 3413 3614 3492">
     <span class='ocr_line' id='line_1_94' title="bbox 1909 3413 3614 3492; baseline 0.002 -15"><span class='ocrx_word' id='word_1_640' title='bbox 1909 3423 2104 3478; x_wconf 86' lang='lat' dir='ltr'><strong>addita</strong></span> <span class='ocrx_word' id='word_1_641' title='bbox 2147 3413 2369 3479; x_wconf 16' lang='lat' dir='ltr'><strong>et‘sua</strong></span> <span class='ocrx_word' id='word_1_642' title='bbox 2424 3423 2652 3490; x_wconf 84' lang='lat' dir='ltr'><strong>anima,</strong></span> <span class='ocrx_word' id='word_1_643' title='bbox 2708 3422 2909 3478; x_wconf 86' lang='lat' dir='ltr'><strong>audire</strong></span> <span class='ocrx_word' id='word_1_644' title='bbox 2954 3423 3275 3492; x_wconf 88' lang='lat' dir='ltr'><strong>gaudenter</strong></span> <span class='ocrx_word' id='word_1_645' title='bbox 3322 3431 3614 3480; x_wconf 84' lang='lat' dir='ltr'><strong>mereatur</strong></span> 
     </span>
    </p>
   </div>
   <div class='ocr_carea' id='block_1_95' title="bbox 1909 3506 3613 3582">
    <p class='ocr_par' dir='ltr' id='par_1_95' title="bbox 1909 3506 3613 3582">
     <span class='ocr_line' id='line_1_95' title="bbox 1909 3506 3613 3582; baseline 0.001 -15"><span class='ocrx_word' id='word_1_646' title='bbox 1909 3512 2064 3582; x_wconf 91' lang='lat' dir='ltr'><strong>quod</strong></span> <span class='ocrx_word' id='word_1_647' title='bbox 2095 3506 2298 3568; x_wconf 87' lang='lat' dir='ltr'><strong>servus</strong></span> <span class='ocrx_word' id='word_1_648' title='bbox 2351 3513 2555 3578; x_wconf 91' lang='lat' dir='ltr'><strong>bonus,</strong></span> <span class='ocrx_word' id='word_1_649' title='bbox 2590 3511 2691 3582; x_wconf 91' lang='lat' dir='ltr'><strong>qui</strong></span> <span class='ocrx_word' id='word_1_650' title='bbox 2735 3511 2992 3582; x_wconf 89' lang='lat' dir='ltr'><strong>erogavit</strong></span> <span class='ocrx_word' id='word_1_651' title='bbox 3033 3510 3310 3567; x_wconf 91' lang='lat' dir='ltr'><strong>talentum</strong></span> <span class='ocrx_word' id='word_1_652' title='bbox 3357 3512 3466 3568; x_wconf 91' lang='lat' dir='ltr'><strong>sibi</strong></span> <span class='ocrx_word' id='word_1_653' title='bbox 3496 3527 3613 3568; x_wconf 90' lang='lat' dir='ltr'><strong>cre—</strong></span> 
     </span>
    </p>
   </div>
   <div class='ocr_carea' id='block_1_96' title="bbox 1909 3600 3614 3672">
    <p class='ocr_par' dir='ltr' id='par_1_96' title="bbox 1909 3600 3614 3672">
     <span class='ocr_line' id='line_1_96' title="bbox 1909 3600 3614 3672; baseline 0.001 -17"><span class='ocrx_word' id='word_1_654' title='bbox 1909 3601 2094 3657; x_wconf 91' lang='lat' dir='ltr'><strong>ditum</strong></span> <span class='ocrx_word' id='word_1_655' title='bbox 2141 3601 2433 3657; x_wconf 91' lang='lat' dir='ltr'><strong>conservis</strong></span> <span class='ocrx_word' id='word_1_656' title='bbox 2480 3601 2603 3656; x_wconf 91' lang='lat' dir='ltr'><strong>suis</strong></span> <span class='ocrx_word' id='word_1_657' title='bbox 2647 3600 2704 3655; x_wconf 91' lang='lat' dir='ltr'><strong>in</strong></span> <span class='ocrx_word' id='word_1_658' title='bbox 2754 3608 3005 3668; x_wconf 88' lang='lat' dir='ltr'><strong>tempore</strong></span> <span class='ocrx_word' id='word_1_659' title='bbox 3051 3615 3171 3663; x_wconf 87' lang='lat' dir='ltr'><strong>suo,</strong></span> <span class='ocrx_word' id='word_1_660' title='bbox 3221 3602 3404 3672; x_wconf 84' lang='lat' dir='ltr'><strong>Euge,</strong></span> <span class='ocrx_word' id='word_1_661' title='bbox 3451 3617 3614 3656; x_wconf 69' lang='lat' dir='ltr'><strong>serve</strong></span> 
     </span>
    </p>
   </div>
   <div class='ocr_carea' id='block_1_97' title="bbox 1908 3687 3606 3761">
    <p class='ocr_par' dir='ltr' id='par_1_97' title="bbox 1908 3687 3606 3761">
     <span class='ocr_line' id='line_1_97' title="bbox 1908 3687 3606 3761; baseline 0.001 -18"><span class='ocrx_word' id='word_1_662' title='bbox 1908 3689 2048 3744; x_wconf 83' lang='lat' dir='ltr'><strong>bone</strong></span> <span class='ocrx_word' id='word_1_663' title='bbox 2078 3694 2132 3744; x_wconf 81' lang='lat' dir='ltr'><strong>et</strong></span> <span class='ocrx_word' id='word_1_664' title='bbox 2172 3689 2377 3759; x_wconf 80' lang='lat' dir='ltr'><strong>ﬁdelis,</strong></span> <span class='ocrx_word' id='word_1_665' title='bbox 2425 3689 2582 3744; x_wconf 80' lang='lat' dir='ltr'><strong>intra</strong></span> <span class='ocrx_word' id='word_1_666' title='bbox 2619 3689 2680 3743; x_wconf 81' lang='lat' dir='ltr'><strong>in</strong></span> <span class='ocrx_word' id='word_1_667' title='bbox 2742 3687 3019 3761; x_wconf 76' lang='lat' dir='ltr'><strong>gaudium</strong></span> <span class='ocrx_word' id='word_1_668' title='bbox 3054 3688 3284 3744; x_wconf 78' lang='lat' dir='ltr'><strong>Domini</strong></span> <span class='ocrx_word' id='word_1_669' title='bbox 3323 3689 3408 3744; x_wconf 79' lang='lat' dir='ltr'><strong>tui</strong></span> <span class='ocrx_word' id='word_1_670' title='bbox 3448 3690 3606 3759; x_wconf 85' lang='lat' dir='ltr'><strong>(Luc.</strong></span> 
     </span>
    </p>
   </div>
   <div class='ocr_carea' id='block_1_98' title="bbox 1906 3777 2170 3848">
    <p class='ocr_par' dir='ltr' id='par_1_98' title="bbox 1906 3777 2170 3848">
     <span class='ocr_line' id='line_1_98' title="bbox 1906 3777 2170 3848; baseline -0.008 -15"><span class='ocrx_word' id='word_1_671' title='bbox 1906 3791 2030 3846; x_wconf 83' lang='lat' dir='ltr'>XIX,</span> <span class='ocrx_word' id='word_1_672' title='bbox 2066 3777 2170 3848; x_wconf 80' lang='grc'><strong>17).</strong></span> 
     </span>
    </p>
   </div>
   <div class='ocr_carea' id='block_1_99' title="bbox 1983 3865 2824 3938">
    <p class='ocr_par' dir='ltr' id='par_1_99' title="bbox 1983 3865 2824 3938">
     <span class='ocr_line' id='line_1_99' title="bbox 1983 3865 2824 3938; baseline -0.002 -16"><span class='ocrx_word' id='word_1_673' title='bbox 1983 3888 2002 3914; x_wconf 79' lang='grc' dir='ltr'>ι</span> <span class='ocrx_word' id='word_1_674' title='bbox 2040 3866 2280 3938; x_wconf 90' lang='lat' dir='ltr'><strong>Signum</strong></span> <span class='ocrx_word' id='word_1_675' title='bbox 2303 3866 2531 3923; x_wconf 88' lang='lat' dir='ltr'><strong>Widoni</strong></span> <span class='ocrx_word' id='word_1_676' title='bbox 2556 3865 2824 3936; x_wconf 90' lang='lat' dir='ltr'><strong>episcopi.</strong></span> 
     </span>
    </p>
   </div>
   <div class='ocr_carea' id='block_1_100' title="bbox 1982 3954 3142 4026">
    <p class='ocr_par' dir='ltr' id='par_1_100' title="bbox 1982 3954 3142 4026">
     <span class='ocr_line' id='line_1_100' title="bbox 1982 3954 3142 4026; baseline -0.006 -16"><span class='ocrx_word' id='word_1_677' title='bbox 1982 3977 2004 4004; x_wconf 74' lang='grc' dir='ltr'>ι</span> <span class='ocrx_word' id='word_1_678' title='bbox 2041 3955 2283 4026; x_wconf 90' lang='lat' dir='ltr'><strong>Signum</strong></span> <span class='ocrx_word' id='word_1_679' title='bbox 2315 3955 2581 4011; x_wconf 89' lang='lat' dir='ltr'><strong>Fulconis</strong></span> <span class='ocrx_word' id='word_1_680' title='bbox 2613 3954 2810 4024; x_wconf 88' lang='lat' dir='ltr'><strong>inclyti</strong></span> <span class='ocrx_word' id='word_1_681' title='bbox 2841 3954 3080 4010; x_wconf 85' lang='lat' dir='ltr'><strong>comitis.</strong></span> <span class='ocrx_word' id='word_1_682' title='bbox 3120 3975 3142 4003; x_wconf 77' lang='grc' dir='ltr'>ι</span> 
     </span>
    </p>
   </div>
   <div class='ocr_carea' id='block_1_101' title="bbox 1975 4041 3604 4113">
    <p class='ocr_par' dir='ltr' id='par_1_101' title="bbox 1975 4041 3604 4113">
     <span class='ocr_line' id='line_1_101' title="bbox 1975 4041 3604 4113; baseline 0.001 -15"><span class='ocrx_word' id='word_1_683' title='bbox 1975 4045 2202 4100; x_wconf 84' lang='lat' dir='ltr'><strong>Minime</strong></span> <span class='ocrx_word' id='word_1_684' title='bbox 2251 4052 2335 4100; x_wconf 91' lang='lat' dir='ltr'><strong>est</strong></span> <span class='ocrx_word' id='word_1_685' title='bbox 2379 4043 2760 4098; x_wconf 88' lang='lat' dir='ltr'><strong>omittendum</strong></span> <span class='ocrx_word' id='word_1_686' title='bbox 2811 4043 3081 4098; x_wconf 81' lang='lat' dir='ltr'><strong>Ludovici</strong></span> <span class='ocrx_word' id='word_1_687' title='bbox 3121 4056 3253 4099; x_wconf 91' lang='lat' dir='ltr'><strong>vere</strong></span> <span class='ocrx_word' id='word_1_688' title='bbox 3301 4041 3382 4097; x_wconf 91' lang='lat' dir='ltr'><strong>Pii</strong></span> <span class='ocrx_word' id='word_1_689' title='bbox 3427 4042 3604 4113; x_wconf 88' lang='lat' dir='ltr'><strong>impe-</strong></span> 
     </span>
    </p>
   </div>
   <div class='ocr_carea' id='block_1_102' title="bbox 1905 4130 3608 4203">
    <p class='ocr_par' dir='ltr' id='par_1_102' title="bbox 1905 4130 3608 4203">
     <span class='ocr_line' id='line_1_102' title="bbox 1905 4130 3608 4203; baseline -0.001 -15"><span class='ocrx_word' id='word_1_690' title='bbox 1905 4133 2115 4188; x_wconf 92' lang='lat' dir='ltr'><strong>ratoris</strong></span> <span class='ocrx_word' id='word_1_691' title='bbox 2143 4131 2443 4203; x_wconf 87' lang='lat' dir='ltr'><strong>egregium</strong></span> <span class='ocrx_word' id='word_1_692' title='bbox 2474 4131 2813 4187; x_wconf 87' lang='lat' dir='ltr'><strong>Christiana</strong></span> <span class='ocrx_word' id='word_1_693' title='bbox 2855 4131 3079 4200; x_wconf 87' lang='lat' dir='ltr'><strong>pietatis</strong></span> <span class='ocrx_word' id='word_1_694' title='bbox 3109 4130 3417 4201; x_wconf 91' lang='lat' dir='ltr'><strong>specimen,</strong></span> <span class='ocrx_word' id='word_1_695' title='bbox 3451 4131 3608 4202; x_wconf 91' lang='lat' dir='ltr'><strong>quod</strong></span> 
     </span>
    </p>
   </div>
   <div class='ocr_carea' id='block_1_103' title="bbox 1906 4218 3603 4289">
    <p class='ocr_par' dir='ltr' id='par_1_103' title="bbox 1906 4218 3603 4289">
     <span class='ocr_line' id='line_1_103' title="bbox 1906 4218 3603 4289; baseline -0.002 -12"><span class='ocrx_word' id='word_1_696' title='bbox 1906 4221 2185 4277; x_wconf 87' lang='lat' dir='ltr'><strong>hactenus</strong></span> <span class='ocrx_word' id='word_1_697' title='bbox 2225 4222 2281 4275; x_wconf 91' lang='lat' dir='ltr'><strong>in</strong></span> <span class='ocrx_word' id='word_1_698' title='bbox 2324 4219 2790 4289; x_wconf 87' lang='lat' dir='ltr'><strong>cbartophylacio</strong></span> <span class='ocrx_word' id='word_1_699' title='bbox 2836 4218 3079 4274; x_wconf 77' lang='lat' dir='ltr'><strong>canobii</strong></span> <span class='ocrx_word' id='word_1_700' title='bbox 3126 4218 3368 4274; x_wconf 85' lang='lat' dir='ltr'><strong>Aniana</strong></span> <span class='ocrx_word' id='word_1_701' title='bbox 3415 4218 3603 4286; x_wconf 89' lang='lat' dir='ltr'><strong>latuit,</strong></span> 
     </span>
    </p>
   </div>
   <div class='ocr_carea' id='block_1_104' title="bbox 1904 4306 3228 4379">
    <p class='ocr_par' dir='ltr' id='par_1_104' title="bbox 1904 4306 3228 4379">
     <span class='ocr_line' id='line_1_104' title="bbox 1904 4306 3228 4379; baseline -0.003 -15"><span class='ocrx_word' id='word_1_702' title='bbox 1904 4309 2164 4379; x_wconf 90' lang='lat' dir='ltr'><strong>illudque</strong></span> <span class='ocrx_word' id='word_1_703' title='bbox 2191 4309 2343 4364; x_wconf 91' lang='lat' dir='ltr'><strong>eruit</strong></span> <span class='ocrx_word' id='word_1_704' title='bbox 2373 4311 2563 4364; x_wconf 88' lang='lat' dir='ltr'><strong>noster</strong></span> <span class='ocrx_word' id='word_1_705' title='bbox 2590 4307 2866 4364; x_wconf 83' lang='lat' dir='ltr'><strong>Claudius</strong></span> <span class='ocrx_word' id='word_1_706' title='bbox 2891 4306 3228 4363; x_wconf 91' lang='lat' dir='ltr'><strong>Chantelou.</strong></span> 
     </span>
    </p>
   </div>
   <div class='ocr_carea' id='block_1_105' title="bbox 1904 4395 3604 4469">
    <p class='ocr_par' dir='ltr' id='par_1_105' title="bbox 1904 4395 3604 4469">
     <span class='ocr_line' id='line_1_105' title="bbox 1904 4395 3604 4469; baseline -0.001 -17"><span class='ocrx_word' id='word_1_707' title='bbox 1904 4396 2176 4469; x_wconf 70' lang='lat' dir='ltr'><strong>Epistola</strong></span> <span class='ocrx_word' id='word_1_708' title='bbox 2216 4395 2484 4452; x_wconf 79' lang='lat' dir='ltr'><strong>Ludovici</strong></span> <span class='ocrx_word' id='word_1_709' title='bbox 2529 4395 2916 4467; x_wconf 72' lang='lat' dir='ltr'><strong>imperatoris,</strong></span> <span class='ocrx_word' id='word_1_710' title='bbox 2949 4395 3027 4449; x_wconf 88' lang='lat' dir='ltr'><strong>ad</strong></span> <span class='ocrx_word' id='word_1_711' title='bbox 3075 4395 3455 4462; x_wconf 67' lang='lat' dir='ltr'><strong>Anianenser,</strong></span> <span class='ocrx_word' id='word_1_712' title='bbox 3504 4411 3604 4451; x_wconf 83' lang='lat' dir='ltr'><strong>seu</strong></span> 
     </span>
    </p>
   </div>
   <div class='ocr_carea' id='block_1_106' title="bbox 1977 4483 3599 4550">
    <p class='ocr_par' dir='ltr' id='par_1_106' title="bbox 1977 4483 3599 4550">
     <span class='ocr_line' id='line_1_106' title="bbox 1977 4483 3599 4550; baseline 0 -10"><span class='ocrx_word' id='word_1_713' title='bbox 1977 4486 2340 4540; x_wconf 70' lang='lat' dir='ltr'><strong>Gelloneme:</strong></span> <span class='ocrx_word' id='word_1_714' title='bbox 2358 4485 2686 4550; x_wconf 73' lang='lat' dir='ltr'><strong>monachos,</strong></span> <span class='ocrx_word' id='word_1_715' title='bbox 2717 4483 2786 4539; x_wconf 85' lang='lat' dir='ltr'><strong>de</strong></span> <span class='ocrx_word' id='word_1_716' title='bbox 2804 4483 2983 4538; x_wconf 84' lang='lat' dir='ltr'><strong>electo</strong></span> <span class='ocrx_word' id='word_1_717' title='bbox 3013 4484 3218 4538; x_wconf 80' lang='lat' dir='ltr'><strong>abbate</strong></span> <span class='ocrx_word' id='word_1_718' title='bbox 3246 4483 3599 4541; x_wconf 77' lang='lat' dir='ltr'><strong>Trutesindo.</strong></span> 
     </span>
    </p>
   </div>
   <div class='ocr_carea' id='block_1_107' title="bbox 1978 4571 3604 4629">
    <p class='ocr_par' dir='ltr' id='par_1_107' title="bbox 1978 4571 3604 4629">
     <span class='ocr_line' id='line_1_107' title="bbox 1978 4571 3604 4629; baseline 0 -1"><span class='ocrx_word' id='word_1_719' title='bbox 1978 4573 2042 4628; x_wconf 90' lang='lat' dir='ltr'><strong>In</strong></span> <span class='ocrx_word' id='word_1_720' title='bbox 2097 4573 2330 4629; x_wconf 91' lang='lat' dir='ltr'><strong>nomine</strong></span> <span class='ocrx_word' id='word_1_721' title='bbox 2368 4571 2599 4627; x_wconf 90' lang='lat' dir='ltr'><strong>Domini</strong></span> <span class='ocrx_word' id='word_1_722' title='bbox 2647 4571 2745 4626; x_wconf 93' lang='lat' dir='ltr'><strong>Dei</strong></span> <span class='ocrx_word' id='word_1_723' title='bbox 2783 4580 2838 4627; x_wconf 90' lang='lat' dir='ltr'><strong>et</strong></span> <span class='ocrx_word' id='word_1_724' title='bbox 2888 4571 3202 4628; x_wconf 85' lang='lat' dir='ltr'><strong>Salvatoris</strong></span> <span class='ocrx_word' id='word_1_725' title='bbox 3253 4572 3430 4628; x_wconf 91' lang='lat' dir='ltr'><strong>nostri</strong></span> <span class='ocrx_word' id='word_1_726' title='bbox 3469 4573 3604 4628; x_wconf 86' lang='lat' dir='ltr'><strong>Jesu</strong></span> 
     </span>
    </p>
   </div>
   <div class='ocr_carea' id='block_1_108' title="bbox 1903 4659 3601 4729">
    <p class='ocr_par' dir='ltr' id='par_1_108' title="bbox 1903 4659 3601 4729">
     <span class='ocr_line' id='line_1_108' title="bbox 1903 4659 3601 4729; baseline -0.002 -11"><span class='ocrx_word' id='word_1_727' title='bbox 1903 4661 2134 4723; x_wconf 87' lang='lat' dir='ltr'><strong>Christi,</strong></span> <span class='ocrx_word' id='word_1_728' title='bbox 2196 4659 2538 4726; x_wconf 87' lang='lat' dir='ltr'><strong>Ludovicus,</strong></span> <span class='ocrx_word' id='word_1_729' title='bbox 2608 4659 2808 4714; x_wconf 89' lang='lat' dir='ltr'><strong>divina</strong></span> <span class='ocrx_word' id='word_1_730' title='bbox 2865 4659 3167 4714; x_wconf 90' lang='lat' dir='ltr'><strong>ordinante</strong></span> <span class='ocrx_word' id='word_1_731' title='bbox 3221 4660 3601 4729; x_wconf 91' lang='lat' dir='ltr'><strong>providentia,</strong></span> 
     </span>
    </p>
   </div>
   <div class='ocr_carea' id='block_1_109' title="bbox 1905 4747 3604 4819">
    <p class='ocr_par' dir='ltr' id='par_1_109' title="bbox 1905 4747 3604 4819">
     <span class='ocr_line' id='line_1_109' title="bbox 1905 4747 3604 4819; baseline -0.003 -13"><span class='ocrx_word' id='word_1_732' title='bbox 1905 4750 2217 4819; x_wconf 89' lang='lat' dir='ltr'><strong>imperator</strong></span> <span class='ocrx_word' id='word_1_733' title='bbox 2245 4748 2567 4819; x_wconf 81' lang='lat' dir='ltr'><strong>Augustus,</strong></span> <span class='ocrx_word' id='word_1_734' title='bbox 2598 4747 3027 4803; x_wconf 88' lang='lat' dir='ltr'><strong>venerabilibus</strong></span> <span class='ocrx_word' id='word_1_735' title='bbox 3053 4747 3328 4804; x_wconf 90' lang='lat' dir='ltr'><strong>fratribus</strong></span> <span class='ocrx_word' id='word_1_736' title='bbox 3349 4747 3404 4802; x_wconf 93' lang='lat' dir='ltr'><strong>in</strong></span> <span class='ocrx_word' id='word_1_737' title='bbox 3428 4747 3604 4803; x_wconf 84' lang='lat' dir='ltr'><strong>Auia-</strong></span> 
     </span>
    </p>
   </div>
   <div class='ocr_carea' id='block_1_110' title="bbox 1903 4835 3606 4894">
    <p class='ocr_par' dir='ltr' id='par_1_110' title="bbox 1903 4835 3606 4894">
     <span class='ocr_line' id='line_1_110' title="bbox 1903 4835 3606 4894; baseline -0.001 -1"><span class='ocrx_word' id='word_1_738' title='bbox 1903 4852 1978 4894; x_wconf 93' lang='lat' dir='ltr'><strong>no</strong></span> <span class='ocrx_word' id='word_1_739' title='bbox 2033 4837 2152 4893; x_wconf 91' lang='lat' dir='ltr'><strong>sive</strong></span> <span class='ocrx_word' id='word_1_740' title='bbox 2209 4836 2438 4892; x_wconf 88' lang='lat' dir='ltr'><strong>Gellone</strong></span> <span class='ocrx_word' id='word_1_741' title='bbox 2501 4836 2848 4892; x_wconf 89' lang='lat' dir='ltr'><strong>monasterio</strong></span> <span class='ocrx_word' id='word_1_742' title='bbox 2927 4835 3271 4892; x_wconf 89' lang='lat' dir='ltr'><strong>constitutis.</strong></span> <span class='ocrx_word' id='word_1_743' title='bbox 3340 4836 3606 4892; x_wconf 82' lang='lat' dir='ltr'><strong>Proxime</strong></span> 
     </span>
    </p>
   </div>
   <div class='ocr_carea' id='block_1_111' title="bbox 1905 4923 3606 4996">
    <p class='ocr_par' dir='ltr' id='par_1_111' title="bbox 1905 4923 3606 4996">
     <span class='ocr_line' id='line_1_111' title="bbox 1905 4923 3606 4996; baseline -0.003 -14"><span class='ocrx_word' id='word_1_744' title='bbox 1905 4927 2112 4983; x_wconf 90' lang='lat' dir='ltr'><strong>accidit</strong></span> <span class='ocrx_word' id='word_1_745' title='bbox 2143 4925 2516 4996; x_wconf 85' lang='lat' dir='ltr'><strong>Agobardum</strong></span> <span class='ocrx_word' id='word_1_746' title='bbox 2545 4924 3066 4994; x_wconf 88' lang='lat' dir='ltr'><strong>archiepiscopum,</strong></span> <span class='ocrx_word' id='word_1_747' title='bbox 3113 4931 3218 4980; x_wconf 92' lang='lat' dir='ltr'><strong>etc.</strong></span> <span class='ocrx_word' id='word_1_748' title='bbox 3273 4923 3420 4978; x_wconf 84' lang='lat' dir='ltr'><strong>Vide</strong></span> <span class='ocrx_word' id='word_1_749' title='bbox 3450 4923 3606 4978; x_wconf 70' lang='lat' dir='ltr'><strong>inter</strong></span> 
     </span>
    </p>
   </div>
   <div class='ocr_carea' id='block_1_112' title="bbox 1903 5011 3607 5086">
    <p class='ocr_par' dir='ltr' id='par_1_112' title="bbox 1903 5011 3607 5086">
     <span class='ocr_line' id='line_1_112' title="bbox 1903 5011 3607 5086; baseline 0 -18"><span class='ocrx_word' id='word_1_750' title='bbox 1903 5014 2199 5086; x_wconf 70' lang='lat' dir='ltr'><strong>epistolas,</strong></span> <span class='ocrx_word' id='word_1_751' title='bbox 2229 5016 2312 5085; x_wconf 42' lang='grc' dir='ltr'><strong>ζει</strong></span> <span class='ocrx_word' id='word_1_752' title='bbox 2356 5012 2680 5084; x_wconf 72' lang='lat' dir='ltr'><strong>diplomata</strong></span> <span class='ocrx_word' id='word_1_753' title='bbox 2739 5011 3010 5068; x_wconf 83' lang='lat' dir='ltr'><strong>Ludovici</strong></span> <span class='ocrx_word' id='word_1_754' title='bbox 3077 5012 3189 5081; x_wconf 85' lang='lat' dir='ltr'><strong>Pii,</strong></span> <span class='ocrx_word' id='word_1_755' title='bbox 3262 5011 3607 5085; x_wconf 76' lang='lat' dir='ltr'><strong>Patrologia</strong></span> 
     </span>
    </p>
   </div>
   <div class='ocr_carea' id='block_1_113' title="bbox 1907 5103 2130 5158">
    <p class='ocr_par' dir='ltr' id='par_1_113' title="bbox 1907 5103 2130 5158">
     <span class='ocr_line' id='line_1_113' title="bbox 1907 5103 2130 5158; baseline -0.018 -1"><span class='ocrx_word' id='word_1_756' title='bbox 1907 5106 1946 5158; x_wconf 78' lang='grc' dir='ltr'><strong>ι.</strong></span> <span class='ocrx_word' id='word_1_757' title='bbox 1982 5103 2044 5158; x_wconf 84' lang='lat' dir='ltr'><strong>Cl</strong></span> <span class='ocrx_word' id='word_1_758' title='bbox 2058 5103 2130 5154; x_wconf 82' lang='lat' dir='ltr'><strong>V.</strong></span> 
     </span>
    </p>
   </div>
   <div class='ocr_carea' id='block_1_114' title="bbox 1974 5188 3603 5260">
    <p class='ocr_par' dir='ltr' id='par_1_114' title="bbox 1974 5188 3603 5260">
     <span class='ocr_line' id='line_1_114' title="bbox 1974 5188 3603 5260; baseline 0 -15"><span class='ocrx_word' id='word_1_759' title='bbox 1974 5196 2122 5245; x_wconf 64' lang='lat'><strong>824</strong></span> <span class='ocrx_word' id='word_1_760' title='bbox 2184 5191 2382 5260; x_wconf 89' lang='lat' dir='ltr'><strong>Neque</strong></span> <span class='ocrx_word' id='word_1_761' title='bbox 2433 5204 2560 5246; x_wconf 88' lang='lat' dir='ltr'><strong>eam</strong></span> <span class='ocrx_word' id='word_1_762' title='bbox 2614 5189 2686 5245; x_wconf 96' lang='lat' dir='ltr'><strong>ob</strong></span> <span class='ocrx_word' id='word_1_763' title='bbox 2740 5203 2860 5246; x_wconf 93' lang='lat' dir='ltr'><strong>rem</strong></span> <span class='ocrx_word' id='word_1_764' title='bbox 2915 5188 3047 5259; x_wconf 90' lang='lat' dir='ltr'><strong>quis</strong></span> <span class='ocrx_word' id='word_1_765' title='bbox 3108 5188 3316 5245; x_wconf 92' lang='lat' dir='ltr'><strong>inferre</strong></span> <span class='ocrx_word' id='word_1_766' title='bbox 3373 5189 3603 5253; x_wconf 89' lang='lat' dir='ltr'><strong>audeat,</strong></span> 
     </span>
    </p>
   </div>
   <div class='ocr_carea' id='block_1_115' title="bbox 1904 5276 3606 5348">
    <p class='ocr_par' dir='ltr' id='par_1_115' title="bbox 1904 5276 3606 5348">
     <span class='ocr_line' id='line_1_115' title="bbox 1904 5276 3606 5348; baseline -0.002 -12"><span class='ocrx_word' id='word_1_767' title='bbox 1904 5279 2205 5336; x_wconf 90' lang='lat' dir='ltr'><strong>electiones</strong></span> <span class='ocrx_word' id='word_1_768' title='bbox 2250 5278 2571 5333; x_wconf 91' lang='lat' dir='ltr'><strong>antistitum</strong></span> <span class='ocrx_word' id='word_1_769' title='bbox 2628 5279 2759 5348; x_wconf 91' lang='lat' dir='ltr'><strong>jure</strong></span> <span class='ocrx_word' id='word_1_770' title='bbox 2827 5277 2898 5332; x_wconf 90' lang='lat' dir='ltr'><strong>ad</strong></span> <span class='ocrx_word' id='word_1_771' title='bbox 2957 5291 3120 5348; x_wconf 89' lang='lat' dir='ltr'><strong>reges</strong></span> <span class='ocrx_word' id='word_1_772' title='bbox 3167 5284 3268 5333; x_wconf 91' lang='lat' dir='ltr'><strong>aut</strong></span> <span class='ocrx_word' id='word_1_773' title='bbox 3321 5276 3606 5347; x_wconf 90' lang='lat' dir='ltr'><strong>principes</strong></span> 
     </span>
    </p>
   </div>
   <div class='ocr_carea' id='block_1_116' title="bbox 1905 5365 3607 5436">
    <p class='ocr_par' dir='ltr' id='par_1_116' title="bbox 1905 5365 3607 5436">
     <span class='ocr_line' id='line_1_116' title="bbox 1905 5365 3607 5436; baseline -0.002 -12"><span class='ocrx_word' id='word_1_774' title='bbox 1905 5371 2164 5425; x_wconf 90' lang='lat' dir='ltr'><strong>attinere.</strong></span> <span class='ocrx_word' id='word_1_775' title='bbox 2209 5389 2237 5417; x_wconf 87' lang='grc'><strong>‹‹</strong></span> <span class='ocrx_word' id='word_1_776' title='bbox 2272 5366 2640 5422; x_wconf 90' lang='lat' dir='ltr'><strong>Sacerdotum</strong></span> <span class='ocrx_word' id='word_1_777' title='bbox 2682 5365 2896 5436; x_wconf 92' lang='lat' dir='ltr'><strong>quippe</strong></span> <span class='ocrx_word' id='word_1_778' title='bbox 2929 5373 3013 5422; x_wconf 91' lang='lat' dir='ltr'><strong>est</strong></span> <span class='ocrx_word' id='word_1_779' title='bbox 3061 5365 3280 5434; x_wconf 86' lang='lat' dir='ltr'><strong>electio,</strong></span> <span class='ocrx_word' id='word_1_780' title='bbox 3319 5373 3374 5421; x_wconf 94' lang='lat' dir='ltr'><strong>et</strong></span> <span class='ocrx_word' id='word_1_781' title='bbox 3421 5365 3607 5422; x_wconf 83' lang='lat' dir='ltr'><strong>ﬁdelis</strong></span> 
     </span>
    </p>
   </div>
   <div class='ocr_carea' id='block_1_117' title="bbox 1905 5453 3606 5528">
    <p class='ocr_par' dir='ltr' id='par_1_117' title="bbox 1905 5453 3606 5528">
     <span class='ocr_line' id='line_1_117' title="bbox 1905 5453 3606 5528; baseline -0.002 -15"><span class='ocrx_word' id='word_1_782' title='bbox 1905 5457 2097 5528; x_wconf 93' lang='lat' dir='ltr'><strong>populi</strong></span> <span class='ocrx_word' id='word_1_783' title='bbox 2128 5469 2438 5511; x_wconf 89' lang='lat' dir='ltr'><strong>consensus</strong></span> <span class='ocrx_word' id='word_1_784' title='bbox 2467 5454 2828 5510; x_wconf 89' lang='lat' dir='ltr'><strong>adhibendus</strong></span> <span class='ocrx_word' id='word_1_785' title='bbox 2863 5461 2968 5523; x_wconf 86' lang='lat' dir='ltr'><strong>est,</strong></span> <span class='ocrx_word' id='word_1_786' title='bbox 3011 5454 3153 5524; x_wconf 89' lang='lat' dir='ltr'><strong>quia</strong></span> <span class='ocrx_word' id='word_1_787' title='bbox 3192 5453 3486 5510; x_wconf 91' lang='lat' dir='ltr'><strong>docendus</strong></span> <span class='ocrx_word' id='word_1_788' title='bbox 3520 5461 3606 5510; x_wconf 91' lang='lat' dir='ltr'><strong>est</strong></span> 
     </span>
    </p>
   </div>
   <div class='ocr_carea' id='block_1_118' title="bbox 1907 5541 3605 5617">
    <p class='ocr_par' dir='ltr' id='par_1_118' title="bbox 1907 5541 3605 5617">
     <span class='ocr_line' id='line_1_118' title="bbox 1907 5541 3605 5617; baseline -0.002 -15"><span class='ocrx_word' id='word_1_789' title='bbox 1907 5544 2176 5617; x_wconf 87' lang='lat' dir='ltr'><strong>populus,</strong></span> <span class='ocrx_word' id='word_1_790' title='bbox 2222 5558 2339 5599; x_wconf 89' lang='lat' dir='ltr'><strong>non</strong></span> <span class='ocrx_word' id='word_1_791' title='bbox 2370 5543 2722 5613; x_wconf 91' lang='lat' dir='ltr'><strong>sequendus,</strong></span> <span class='ocrx_word' id='word_1_792' title='bbox 2755 5563 2776 5590; x_wconf 76' lang='grc' dir='ltr'><strong><em>ι</em></strong></span> <span class='ocrx_word' id='word_1_793' title='bbox 2831 5542 2910 5599; x_wconf 92' lang='lat' dir='ltr'><strong>ait</strong></span> <span class='ocrx_word' id='word_1_794' title='bbox 2957 5541 3283 5612; x_wconf 89' lang='lat' dir='ltr'><strong>Stephanus</strong></span> <span class='ocrx_word' id='word_1_795' title='bbox 3331 5556 3482 5612; x_wconf 87' lang='lat' dir='ltr'><strong>papa</strong></span> <span class='ocrx_word' id='word_1_796' title='bbox 3531 5542 3605 5598; x_wconf 91' lang='lat' dir='ltr'><strong>ad</strong></span> 
     </span>
    </p>
   </div>
   <div class='ocr_carea' id='block_1_119' title="bbox 1909 5629 3605 5704">
    <p class='ocr_par' dir='ltr' id='par_1_119' title="bbox 1909 5629 3605 5704">
     <span class='ocr_line' id='line_1_119' title="bbox 1909 5629 3605 5704; baseline -0.002 -14"><span class='ocrx_word' id='word_1_797' title='bbox 1909 5632 2402 5704; x_wconf 86' lang='lat' dir='ltr'><strong>archiepiscopum</strong></span> <span class='ocrx_word' id='word_1_798' title='bbox 2434 5632 2753 5690; x_wconf 84' lang='lat' dir='ltr'><strong>Ravennat.</strong></span> <span class='ocrx_word' id='word_1_799' title='bbox 2787 5632 2858 5688; x_wconf 85' lang='lat' dir='ltr'><strong>Et</strong></span> <span class='ocrx_word' id='word_1_800' title='bbox 2886 5645 3017 5688; x_wconf 88' lang='lat' dir='ltr'><strong>can.</strong></span> <span class='ocrx_word' id='word_1_801' title='bbox 3049 5633 3138 5699; x_wconf 81' lang='lat'><strong>25,</strong></span> <span class='ocrx_word' id='word_1_802' title='bbox 3172 5631 3306 5687; x_wconf 85' lang='lat' dir='ltr'><strong>dist.</strong></span> <span class='ocrx_word' id='word_1_803' title='bbox 3338 5632 3427 5699; x_wconf 87' lang='lat'><strong>63,</strong></span> <span class='ocrx_word' id='word_1_804' title='bbox 3460 5629 3605 5688; x_wconf 83' lang='lat' dir='ltr'><strong>Vide</strong></span> 
     </span>
    </p>
   </div>
  </div>
