  <div class='ocr_page' id='page_1' title='image "/cluster/home/n/w/nwhite01/storage/ocr_20150623/156-157/uc1.31175010662024/567.png"; bbox 0 0 3930 6426; ppageno 0'>
   <div class='ocr_carea' id='block_1_1' title="bbox 356 379 494 433">
    <p class='ocr_par' dir='ltr' id='par_1_1' title="bbox 356 379 494 433">
     <span class='ocr_line' id='line_1_1' title="bbox 356 379 494 433; baseline 0.007 -1"><span class='ocrx_word' id='word_1_1' title='bbox 356 379 494 433; x_wconf 78' lang='grc'><strong>1123</strong></span> 
     </span>
    </p>
   </div>
   <div class='ocr_carea' id='block_1_2' title="bbox 1381 375 2823 432">
    <p class='ocr_par' dir='ltr' id='par_1_2' title="bbox 1381 375 2823 432">
     <span class='ocr_line' id='line_1_2' title="bbox 1381 375 2823 432; baseline 0.001 -1"><span class='ocrx_word' id='word_1_2' title='bbox 1381 378 1476 432; x_wconf 83' lang='lat' dir='ltr'><strong>AD</strong></span> <span class='ocrx_word' id='word_1_3' title='bbox 1515 377 1674 432; x_wconf 89' lang='lat' dir='ltr'><strong>OPP.</strong></span> <span class='ocrx_word' id='word_1_4' title='bbox 1716 377 1875 432; x_wconf 78' lang='lat' dir='ltr'><strong>VEN.</strong></span> <span class='ocrx_word' id='word_1_5' title='bbox 1917 375 2257 432; x_wconf 81' lang='lat' dir='ltr'><strong>GUIBEBTI</strong></span> <span class='ocrx_word' id='word_1_6' title='bbox 2299 375 2392 430; x_wconf 83' lang='lat' dir='ltr'><strong>DE</strong></span> <span class='ocrx_word' id='word_1_7' title='bbox 2435 377 2823 432; x_wconf 81' lang='lat' dir='ltr'><strong>NOVIGENTO</strong></span> 
     </span>
    </p>
   </div>
   <div class='ocr_carea' id='block_1_3' title="bbox 3729 378 3842 432">
    <p class='ocr_par' dir='ltr' id='par_1_3' title="bbox 3729 378 3842 432">
     <span class='ocr_line' id='line_1_3' title="bbox 3729 378 3842 432; baseline -0.009 0"><span class='ocrx_word' id='word_1_8' title='bbox 3729 378 3842 432; x_wconf 67' lang='grc'><strong>1121</strong></span> 
     </span>
    </p>
   </div>
   <div class='ocr_carea' id='block_1_4' title="bbox 352 505 3845 578">
    <p class='ocr_par' dir='ltr' id='par_1_4' title="bbox 352 505 3845 578">
     <span class='ocr_line' id='line_1_4' title="bbox 352 505 3845 578; baseline -0.003 -12"><span class='ocrx_word' id='word_1_9' title='bbox 352 509 630 566; x_wconf 87' lang='lat' dir='ltr'><strong>Glossam.</strong></span> <span class='ocrx_word' id='word_1_10' title='bbox 667 507 874 564; x_wconf 94' lang='lat' dir='ltr'><strong>Statuit</strong></span> <span class='ocrx_word' id='word_1_11' title='bbox 904 522 1140 578; x_wconf 87' lang='lat' dir='ltr'><strong>quoque</strong></span> <span class='ocrx_word' id='word_1_12' title='bbox 1168 506 1422 576; x_wconf 80' lang='lat' dir='ltr'><strong>synodus</strong></span> <span class='ocrx_word' id='word_1_13' title='bbox 1448 505 1677 562; x_wconf 87' lang='lat' dir='ltr'><strong>Nicana</strong></span> <span class='ocrx_word' id='word_1_14' title='bbox 1707 522 1764 572; x_wconf 85' lang='grc' dir='ltr'>ιι,</span> <span class='ocrx_word' id='word_1_15' title='bbox 1803 520 1932 560; x_wconf 89' lang='lat' dir='ltr'><strong>can.</strong></span> <span class='ocrx_word' id='word_1_16' title='bbox 1966 509 1996 560; x_wconf 86' lang='lat'><strong>3</strong></span> <span class='ocrx_word' id='word_1_17' title='bbox 2034 521 2046 560; x_wconf 91' lang='lat'><strong>:</strong></span> <span class='ocrx_word' id='word_1_18' title='bbox 2086 514 2132 566; x_wconf 82' lang='grc' dir='ltr'>Α</span> <span class='ocrx_word' id='word_1_19' title='bbox 2157 505 2348 576; x_wconf 77' lang='lat' dir='ltr'><strong>Angl.,</strong></span> <span class='ocrx_word' id='word_1_20' title='bbox 2380 505 2478 561; x_wconf 85' lang='lat' dir='ltr'><strong>fol.</strong></span> <span class='ocrx_word' id='word_1_21' title='bbox 2535 510 2655 573; x_wconf 66' lang='grc'><strong>121,</strong></span> <span class='ocrx_word' id='word_1_22' title='bbox 2709 509 2828 572; x_wconf 74' lang='grc'><strong>122,</strong></span> <span class='ocrx_word' id='word_1_23' title='bbox 2877 505 2974 562; x_wconf 94' lang='lat' dir='ltr'><strong>ubi</strong></span> <span class='ocrx_word' id='word_1_24' title='bbox 3017 507 3088 562; x_wconf 91' lang='lat' dir='ltr'><strong>de</strong></span> <span class='ocrx_word' id='word_1_25' title='bbox 3121 507 3178 562; x_wconf 91' lang='grc' dir='ltr'><strong>Β.</strong></span> <span class='ocrx_word' id='word_1_26' title='bbox 3225 507 3550 563; x_wconf 85' lang='lat' dir='ltr'><strong>Lanfraneo</strong></span> <span class='ocrx_word' id='word_1_27' title='bbox 3584 524 3598 562; x_wconf 91' lang='lat'><strong>:</strong></span> <span class='ocrx_word' id='word_1_28' title='bbox 3631 526 3660 558; x_wconf 76' lang='grc' dir='ltr'><strong><em>α</em></strong></span> <span class='ocrx_word' id='word_1_29' title='bbox 3691 506 3845 562; x_wconf 75' lang='lat' dir='ltr'><strong>Aiunt</strong></span> 
     </span>
    </p>
   </div>
   <div class='ocr_carea' id='block_1_5' title="bbox 357 595 2049 666">
    <p class='ocr_par' dir='ltr' id='par_1_5' title="bbox 357 595 2049 666">
     <span class='ocr_line' id='line_1_5' title="bbox 357 595 2049 666; baseline -0.004 -12"><span class='ocrx_word' id='word_1_30' title='bbox 357 620 386 647; x_wconf 82' lang='grc'><strong>‹‹</strong></span> <span class='ocrx_word' id='word_1_31' title='bbox 415 597 614 654; x_wconf 83' lang='lat' dir='ltr'><strong>Omnis</strong></span> <span class='ocrx_word' id='word_1_32' title='bbox 644 597 842 652; x_wconf 87' lang='lat' dir='ltr'><strong>electio</strong></span> <span class='ocrx_word' id='word_1_33' title='bbox 869 597 1143 666; x_wconf 78' lang='lat' dir='ltr'><strong>episcopi,</strong></span> <span class='ocrx_word' id='word_1_34' title='bbox 1179 597 1265 651; x_wconf 87' lang='lat' dir='ltr'><strong>vel</strong></span> <span class='ocrx_word' id='word_1_35' title='bbox 1309 596 1644 664; x_wconf 77' lang='lat' dir='ltr'><strong>presbyteri,</strong></span> <span class='ocrx_word' id='word_1_36' title='bbox 1689 597 1774 650; x_wconf 89' lang='lat' dir='ltr'><strong>vel</strong></span> <span class='ocrx_word' id='word_1_37' title='bbox 1823 595 2049 650; x_wconf 89' lang='lat' dir='ltr'><strong>diaconi</strong></span> 
     </span>
    </p>
   </div>
   <div class='ocr_carea' id='block_1_6' title="bbox 351 684 1516 756">
    <p class='ocr_par' dir='ltr' id='par_1_6' title="bbox 351 684 1516 756">
     <span class='ocr_line' id='line_1_6' title="bbox 351 684 1516 756; baseline -0.003 -14"><span class='ocrx_word' id='word_1_38' title='bbox 351 701 386 742; x_wconf 89' lang='lat' dir='ltr'><strong>a</strong></span> <span class='ocrx_word' id='word_1_39' title='bbox 415 685 776 756; x_wconf 82' lang='lat' dir='ltr'><strong>principibus</strong></span> <span class='ocrx_word' id='word_1_40' title='bbox 804 684 972 752; x_wconf 89' lang='lat' dir='ltr'><strong>facta,</strong></span> <span class='ocrx_word' id='word_1_41' title='bbox 1012 685 1173 740; x_wconf 90' lang='lat' dir='ltr'><strong>irrita</strong></span> <span class='ocrx_word' id='word_1_42' title='bbox 1209 691 1458 739; x_wconf 87' lang='lat' dir='ltr'><strong>maneat.</strong></span> <span class='ocrx_word' id='word_1_43' title='bbox 1488 705 1516 732; x_wconf 88' lang='lat'>»</span> 
     </span>
    </p>
   </div>
   <div class='ocr_carea' id='block_1_7' title="bbox 424 771 2047 844">
    <p class='ocr_par' dir='ltr' id='par_1_7' title="bbox 424 771 2047 844">
     <span class='ocr_line' id='line_1_7' title="bbox 424 771 2047 844; baseline -0.004 -12"><span class='ocrx_word' id='word_1_44' title='bbox 424 776 504 832; x_wconf 90' lang='lat' dir='ltr'><strong>De</strong></span> <span class='ocrx_word' id='word_1_45' title='bbox 547 773 936 844; x_wconf 89' lang='lat' dir='ltr'><strong>approbandis</strong></span> <span class='ocrx_word' id='word_1_46' title='bbox 1009 785 1110 842; x_wconf 91' lang='lat' dir='ltr'><strong>per</strong></span> <span class='ocrx_word' id='word_1_47' title='bbox 1157 785 1347 842; x_wconf 85' lang='lat' dir='ltr'><strong>regem</strong></span> <span class='ocrx_word' id='word_1_48' title='bbox 1413 771 1784 828; x_wconf 90' lang='lat' dir='ltr'><strong>electionibus</strong></span> <span class='ocrx_word' id='word_1_49' title='bbox 1845 778 2047 842; x_wconf 89' lang='lat' dir='ltr'><strong>agunt,</strong></span> 
     </span>
    </p>
   </div>
   <div class='ocr_carea' id='block_1_8' title="bbox 349 859 2046 930">
    <p class='ocr_par' dir='ltr' id='par_1_8' title="bbox 349 859 2046 930">
     <span class='ocr_line' id='line_1_8' title="bbox 349 859 2046 930; baseline -0.005 -11"><span class='ocrx_word' id='word_1_50' title='bbox 349 863 602 920; x_wconf 83' lang='lat' dir='ltr'><strong>Jacobus</strong></span> <span class='ocrx_word' id='word_1_51' title='bbox 633 860 918 917; x_wconf 91' lang='lat' dir='ltr'><strong>Bruellius</strong></span> <span class='ocrx_word' id='word_1_52' title='bbox 946 861 1018 915; x_wconf 91' lang='lat' dir='ltr'><strong>ad</strong></span> <span class='ocrx_word' id='word_1_53' title='bbox 1046 859 1145 916; x_wconf 90' lang='lat' dir='ltr'><strong>lib.</strong></span> <span class='ocrx_word' id='word_1_54' title='bbox 1178 874 1258 927; x_wconf 87' lang='lat' dir='ltr'><strong>in,</strong></span> <span class='ocrx_word' id='word_1_55' title='bbox 1291 873 1415 930; x_wconf 90' lang='lat' dir='ltr'><strong>cap.</strong></span> <span class='ocrx_word' id='word_1_56' title='bbox 1443 861 1497 924; x_wconf 84' lang='lat'><strong>2,</strong></span> <span class='ocrx_word' id='word_1_57' title='bbox 1525 859 1772 915; x_wconf 82' lang='lat' dir='ltr'><strong>Aimoini</strong></span> <span class='ocrx_word' id='word_1_58' title='bbox 1801 861 1875 916; x_wconf 92' lang='lat' dir='ltr'><strong>De</strong></span> <span class='ocrx_word' id='word_1_59' title='bbox 1905 872 2046 930; x_wconf 62' lang='lat' dir='ltr'><strong>gest.</strong></span> 
     </span>
    </p>
   </div>
   <div class='ocr_carea' id='block_1_9' title="bbox 352 949 1658 1021">
    <p class='ocr_par' dir='ltr' id='par_1_9' title="bbox 352 949 1658 1021">
     <span class='ocr_line' id='line_1_9' title="bbox 352 949 1658 1021; baseline -0.005 -11"><span class='ocrx_word' id='word_1_60' title='bbox 352 954 557 1010; x_wconf 90' lang='lat' dir='ltr'><strong>Franc.</strong></span> <span class='ocrx_word' id='word_1_61' title='bbox 583 967 600 1021; x_wconf 88' lang='lat'><strong>;</strong></span> <span class='ocrx_word' id='word_1_62' title='bbox 623 959 681 1008; x_wconf 90' lang='lat' dir='ltr'><strong>et</strong></span> <span class='ocrx_word' id='word_1_63' title='bbox 706 951 886 1007; x_wconf 80' lang='lat' dir='ltr'><strong>Juret.</strong></span> <span class='ocrx_word' id='word_1_64' title='bbox 915 957 1031 1006; x_wconf 92' lang='lat' dir='ltr'><strong>not.</strong></span> <span class='ocrx_word' id='word_1_65' title='bbox 1067 949 1137 1004; x_wconf 91' lang='lat' dir='ltr'><strong>ad</strong></span> <span class='ocrx_word' id='word_1_66' title='bbox 1171 949 1381 1018; x_wconf 91' lang='lat' dir='ltr'><strong>Ivonis,</strong></span> <span class='ocrx_word' id='word_1_67' title='bbox 1411 963 1502 1019; x_wconf 91' lang='lat' dir='ltr'><strong>ep.</strong></span> <span class='ocrx_word' id='word_1_68' title='bbox 1537 951 1658 1003; x_wconf 74' lang='grc'><strong>104.</strong></span> 
     </span>
    </p>
   </div>
   <div class='ocr_carea' id='block_1_10' title="bbox 423 1035 2048 1110">
    <p class='ocr_par' dir='ltr' id='par_1_10' title="bbox 423 1035 2048 1110">
     <span class='ocr_line' id='line_1_10' title="bbox 423 1035 2048 1110; baseline -0.003 -14"><span class='ocrx_word' id='word_1_69' title='bbox 423 1037 831 1110; x_wconf 90' lang='lat' dir='ltr'><strong>Suhjieiendus</strong></span> <span class='ocrx_word' id='word_1_70' title='bbox 877 1051 1036 1091; x_wconf 92' lang='lat' dir='ltr'><strong>nunc</strong></span> <span class='ocrx_word' id='word_1_71' title='bbox 1081 1035 1363 1106; x_wconf 90' lang='lat' dir='ltr'><strong>antiquus</strong></span> <span class='ocrx_word' id='word_1_72' title='bbox 1409 1037 1467 1091; x_wconf 88' lang='lat' dir='ltr'><strong>in</strong></span> <span class='ocrx_word' id='word_1_73' title='bbox 1508 1035 1901 1092; x_wconf 88' lang='lat' dir='ltr'><strong>benedictione</strong></span> <span class='ocrx_word' id='word_1_74' title='bbox 1948 1035 2048 1091; x_wconf 90' lang='lat' dir='ltr'><strong>ab-</strong></span> 
     </span>
    </p>
   </div>
   <div class='ocr_carea' id='block_1_11' title="bbox 351 1123 2050 1197">
    <p class='ocr_par' dir='ltr' id='par_1_11' title="bbox 351 1123 2050 1197">
     <span class='ocr_line' id='line_1_11' title="bbox 351 1123 2050 1197; baseline -0.004 -12"><span class='ocrx_word' id='word_1_75' title='bbox 351 1128 470 1185; x_wconf 88' lang='lat' dir='ltr'><strong>bati</strong></span> <span class='ocrx_word' id='word_1_76' title='bbox 519 1125 898 1197; x_wconf 82' lang='lat' dir='ltr'><strong>impertienda</strong></span> <span class='ocrx_word' id='word_1_77' title='bbox 935 1127 1098 1192; x_wconf 88' lang='lat' dir='ltr'><strong>ritus,</strong></span> <span class='ocrx_word' id='word_1_78' title='bbox 1149 1138 1184 1179; x_wconf 90' lang='lat' dir='ltr'><strong>a</strong></span> <span class='ocrx_word' id='word_1_79' title='bbox 1222 1125 1286 1180; x_wconf 90' lang='grc' dir='ltr'><strong>Β.</strong></span> <span class='ocrx_word' id='word_1_80' title='bbox 1325 1124 1618 1181; x_wconf 90' lang='lat' dir='ltr'><strong>Theodoro</strong></span> <span class='ocrx_word' id='word_1_81' title='bbox 1650 1123 2050 1180; x_wconf 88' lang='lat' dir='ltr'><strong>Cantuariensi</strong></span> 
     </span>
    </p>
   </div>
   <div class='ocr_carea' id='block_1_12' title="bbox 352 1211 2049 1289">
    <p class='ocr_par' dir='ltr' id='par_1_12' title="bbox 352 1211 2049 1289">
     <span class='ocr_line' id='line_1_12' title="bbox 352 1211 2049 1289; baseline -0.004 -15"><span class='ocrx_word' id='word_1_82' title='bbox 352 1218 608 1289; x_wconf 86' lang='lat' dir='ltr'><strong>digestus</strong></span> <span class='ocrx_word' id='word_1_83' title='bbox 636 1222 812 1285; x_wconf 90' lang='lat' dir='ltr'><strong>atque</strong></span> <span class='ocrx_word' id='word_1_84' title='bbox 842 1215 1200 1280; x_wconf 86' lang='lat' dir='ltr'><strong>observatus,</strong></span> <span class='ocrx_word' id='word_1_85' title='bbox 1229 1227 1301 1268; x_wconf 82' lang='lat' dir='ltr'><strong>ex</strong></span> <span class='ocrx_word' id='word_1_86' title='bbox 1332 1211 1723 1268; x_wconf 91' lang='lat' dir='ltr'><strong>vetustissima</strong></span> <span class='ocrx_word' id='word_1_87' title='bbox 1759 1227 2049 1268; x_wconf 88' lang='lat' dir='ltr'><strong>canonum</strong></span> 
     </span>
    </p>
   </div>
   <div class='ocr_carea' id='block_1_13' title="bbox 351 1300 1797 1362">
    <p class='ocr_par' dir='ltr' id='par_1_13' title="bbox 351 1300 1797 1362">
     <span class='ocr_line' id='line_1_13' title="bbox 351 1300 1797 1362; baseline -0.004 0"><span class='ocrx_word' id='word_1_88' title='bbox 351 1305 684 1362; x_wconf 88' lang='lat' dir='ltr'><strong>collectione</strong></span> <span class='ocrx_word' id='word_1_89' title='bbox 714 1301 1076 1358; x_wconf 90' lang='lat' dir='ltr'><strong>Bibliotheca</strong></span> <span class='ocrx_word' id='word_1_90' title='bbox 1103 1300 1160 1356; x_wconf 92' lang='lat' dir='ltr'><strong>S.</strong></span> <span class='ocrx_word' id='word_1_91' title='bbox 1193 1300 1464 1357; x_wconf 86' lang='lat' dir='ltr'><strong>Germani</strong></span> <span class='ocrx_word' id='word_1_92' title='bbox 1494 1301 1797 1356; x_wconf 88' lang='lat' dir='ltr'><strong>Pratensis.</strong></span> 
     </span>
    </p>
   </div>
   <div class='ocr_carea' id='block_1_14' title="bbox 807 1386 1604 1444">
    <p class='ocr_par' dir='ltr' id='par_1_14' title="bbox 807 1386 1604 1444">
     <span class='ocr_line' id='line_1_14' title="bbox 807 1386 1604 1444; baseline -0.001 0"><span class='ocrx_word' id='word_1_93' title='bbox 807 1391 890 1444; x_wconf 89' lang='lat' dir='ltr'><strong>De</strong></span> <span class='ocrx_word' id='word_1_94' title='bbox 916 1387 1256 1444; x_wconf 73' lang='lat' dir='ltr'><strong>ordinandi:</strong></span> <span class='ocrx_word' id='word_1_95' title='bbox 1281 1386 1604 1443; x_wconf 67' lang='lat' dir='ltr'><strong>abbatibus.</strong></span> 
     </span>
    </p>
   </div>
   <div class='ocr_carea' id='block_1_15' title="bbox 427 1475 2048 1547">
    <p class='ocr_par' dir='ltr' id='par_1_15' title="bbox 427 1475 2048 1547">
     <span class='ocr_line' id='line_1_15' title="bbox 427 1475 2048 1547; baseline -0.001 -16"><span class='ocrx_word' id='word_1_96' title='bbox 427 1503 449 1531; x_wconf 84' lang='grc' dir='ltr'>ι</span> <span class='ocrx_word' id='word_1_97' title='bbox 481 1482 546 1537; x_wconf 87' lang='lat' dir='ltr'><strong>In</strong></span> <span class='ocrx_word' id='word_1_98' title='bbox 589 1479 817 1536; x_wconf 85' lang='lat' dir='ltr'><strong>abbatis</strong></span> <span class='ocrx_word' id='word_1_99' title='bbox 878 1477 1242 1534; x_wconf 88' lang='lat' dir='ltr'><strong>ordinatione</strong></span> <span class='ocrx_word' id='word_1_100' title='bbox 1291 1476 1594 1547; x_wconf 88' lang='lat' dir='ltr'><strong>episcopus</strong></span> <span class='ocrx_word' id='word_1_101' title='bbox 1658 1475 1821 1532; x_wconf 92' lang='lat' dir='ltr'><strong>debet</strong></span> <span class='ocrx_word' id='word_1_102' title='bbox 1879 1488 2048 1545; x_wconf 88' lang='lat' dir='ltr'><strong>agere</strong></span> 
     </span>
    </p>
   </div>
   <div class='ocr_carea' id='block_1_16' title="bbox 349 1565 2045 1638">
    <p class='ocr_par' dir='ltr' id='par_1_16' title="bbox 349 1565 2045 1638">
     <span class='ocr_line' id='line_1_16' title="bbox 349 1565 2045 1638; baseline -0.005 -11"><span class='ocrx_word' id='word_1_103' title='bbox 349 1571 604 1638; x_wconf 89' lang='lat' dir='ltr'><strong>missam,</strong></span> <span class='ocrx_word' id='word_1_104' title='bbox 645 1577 701 1625; x_wconf 93' lang='lat' dir='ltr'><strong>et</strong></span> <span class='ocrx_word' id='word_1_105' title='bbox 761 1581 894 1624; x_wconf 90' lang='lat' dir='ltr'><strong>eum</strong></span> <span class='ocrx_word' id='word_1_106' title='bbox 947 1566 1279 1622; x_wconf 88' lang='lat' dir='ltr'><strong>benedicere</strong></span> <span class='ocrx_word' id='word_1_107' title='bbox 1330 1565 1602 1621; x_wconf 88' lang='lat' dir='ltr'><strong>inclinato</strong></span> <span class='ocrx_word' id='word_1_108' title='bbox 1660 1565 1862 1635; x_wconf 88' lang='lat' dir='ltr'><strong>capite,</strong></span> <span class='ocrx_word' id='word_1_109' title='bbox 1913 1578 2045 1619; x_wconf 85' lang='lat' dir='ltr'><strong>cum</strong></span> 
     </span>
    </p>
   </div>
   <div class='ocr_carea' id='block_1_17' title="bbox 348 1655 2046 1718">
    <p class='ocr_par' dir='ltr' id='par_1_17' title="bbox 348 1655 2046 1718">
     <span class='ocr_line' id='line_1_17' title="bbox 348 1655 2046 1718; baseline -0.005 0"><span class='ocrx_word' id='word_1_110' title='bbox 348 1660 580 1718; x_wconf 88' lang='lat' dir='ltr'><strong>duobus</strong></span> <span class='ocrx_word' id='word_1_111' title='bbox 613 1659 701 1715; x_wconf 85' lang='lat' dir='ltr'><strong>vel</strong></span> <span class='ocrx_word' id='word_1_112' title='bbox 731 1657 918 1714; x_wconf 88' lang='lat' dir='ltr'><strong>tribus</strong></span> <span class='ocrx_word' id='word_1_113' title='bbox 950 1655 1190 1712; x_wconf 89' lang='lat' dir='ltr'><strong>testibus</strong></span> <span class='ocrx_word' id='word_1_114' title='bbox 1232 1657 1302 1713; x_wconf 90' lang='lat' dir='ltr'><strong>de</strong></span> <span class='ocrx_word' id='word_1_115' title='bbox 1333 1656 1610 1712; x_wconf 81' lang='lat' dir='ltr'><strong>fratribus</strong></span> <span class='ocrx_word' id='word_1_116' title='bbox 1639 1655 1756 1712; x_wconf 89' lang='lat' dir='ltr'><strong>suis</strong></span> <span class='ocrx_word' id='word_1_117' title='bbox 1783 1664 1838 1712; x_wconf 91' lang='lat' dir='ltr'><strong>et</strong></span> <span class='ocrx_word' id='word_1_118' title='bbox 1876 1655 1968 1712; x_wconf 90' lang='lat' dir='ltr'><strong>det</strong></span> <span class='ocrx_word' id='word_1_119' title='bbox 1995 1657 2046 1712; x_wconf 91' lang='lat' dir='ltr'><strong>ei</strong></span> 
     </span>
    </p>
   </div>
   <div class='ocr_carea' id='block_1_18' title="bbox 349 1745 990 1818">
    <p class='ocr_par' dir='ltr' id='par_1_18' title="bbox 349 1745 990 1818">
     <span class='ocr_line' id='line_1_18' title="bbox 349 1745 990 1818; baseline -0.011 -11"><span class='ocrx_word' id='word_1_120' title='bbox 349 1749 621 1807; x_wconf 88' lang='lat' dir='ltr'><strong>baculum</strong></span> <span class='ocrx_word' id='word_1_121' title='bbox 647 1757 703 1804; x_wconf 91' lang='lat' dir='ltr'><strong>et</strong></span> <span class='ocrx_word' id='word_1_122' title='bbox 734 1745 990 1818; x_wconf 91' lang='lat' dir='ltr'><strong>pedules.</strong></span> 
     </span>
    </p>
   </div>
   <div class='ocr_carea' id='block_1_19' title="bbox 419 1833 2050 1906">
    <p class='ocr_par' dir='ltr' id='par_1_19' title="bbox 419 1833 2050 1906">
     <span class='ocr_line' id='line_1_19' title="bbox 419 1833 2050 1906; baseline -0.001 -16"><span class='ocrx_word' id='word_1_123' title='bbox 419 1856 448 1890; x_wconf 77' lang='grc' dir='ltr'><strong><em>α</em></strong></span> <span class='ocrx_word' id='word_1_124' title='bbox 482 1837 676 1894; x_wconf 83' lang='lat' dir='ltr'><strong>Ahbas</strong></span> <span class='ocrx_word' id='word_1_125' title='bbox 721 1842 902 1906; x_wconf 88' lang='lat' dir='ltr'><strong>potest</strong></span> <span class='ocrx_word' id='word_1_126' title='bbox 963 1848 1061 1904; x_wconf 93' lang='lat' dir='ltr'><strong>pro</strong></span> <span class='ocrx_word' id='word_1_127' title='bbox 1104 1833 1446 1901; x_wconf 89' lang='lat' dir='ltr'><strong>humilitate,</strong></span> <span class='ocrx_word' id='word_1_128' title='bbox 1501 1848 1633 1890; x_wconf 90' lang='lat' dir='ltr'><strong>cum</strong></span> <span class='ocrx_word' id='word_1_129' title='bbox 1680 1833 2050 1904; x_wconf 90' lang='lat' dir='ltr'><strong>permissione</strong></span> 
     </span>
    </p>
   </div>
   <div class='ocr_carea' id='block_1_20' title="bbox 345 1920 2050 1994">
    <p class='ocr_par' dir='ltr' id='par_1_20' title="bbox 345 1920 2050 1994">
     <span class='ocr_line' id='line_1_20' title="bbox 345 1920 2050 1994; baseline -0.002 -14"><span class='ocrx_word' id='word_1_130' title='bbox 345 1923 616 1994; x_wconf 86' lang='lat' dir='ltr'><strong>episcopi,</strong></span> <span class='ocrx_word' id='word_1_131' title='bbox 667 1922 856 1978; x_wconf 91' lang='lat' dir='ltr'><strong>locum</strong></span> <span class='ocrx_word' id='word_1_132' title='bbox 905 1935 1080 1978; x_wconf 91' lang='lat' dir='ltr'><strong>suum</strong></span> <span class='ocrx_word' id='word_1_133' title='bbox 1144 1920 1562 1992; x_wconf 85' lang='lat' dir='ltr'><strong>derelinquere,</strong></span> <span class='ocrx_word' id='word_1_134' title='bbox 1614 1929 1803 1976; x_wconf 92' lang='lat' dir='ltr'><strong>tamen</strong></span> <span class='ocrx_word' id='word_1_135' title='bbox 1846 1921 2050 1976; x_wconf 75' lang='lat' dir='ltr'><strong>fratres</strong></span> 
     </span>
    </p>
   </div>
   <div class='ocr_carea' id='block_1_21' title="bbox 345 2009 2047 2084">
    <p class='ocr_par' dir='ltr' id='par_1_21' title="bbox 345 2009 2047 2084">
     <span class='ocr_line' id='line_1_21' title="bbox 345 2009 2047 2084; baseline -0.003 -15"><span class='ocrx_word' id='word_1_136' title='bbox 345 2013 562 2084; x_wconf 82' lang='lat' dir='ltr'><strong>eligant</strong></span> <span class='ocrx_word' id='word_1_137' title='bbox 593 2011 699 2067; x_wconf 89' lang='lat' dir='ltr'><strong>sibi</strong></span> <span class='ocrx_word' id='word_1_138' title='bbox 749 2010 1015 2066; x_wconf 88' lang='lat' dir='ltr'><strong>abbatem</strong></span> <span class='ocrx_word' id='word_1_139' title='bbox 1062 2009 1131 2065; x_wconf 91' lang='lat' dir='ltr'><strong>de</strong></span> <span class='ocrx_word' id='word_1_140' title='bbox 1171 2009 1331 2079; x_wconf 88' lang='lat' dir='ltr'><strong>ipsis,</strong></span> <span class='ocrx_word' id='word_1_141' title='bbox 1371 2009 1416 2064; x_wconf 92' lang='lat' dir='ltr'><strong>si</strong></span> <span class='ocrx_word' id='word_1_142' title='bbox 1465 2009 1696 2075; x_wconf 87' lang='lat' dir='ltr'><strong>habent,</strong></span> <span class='ocrx_word' id='word_1_143' title='bbox 1737 2010 1824 2064; x_wconf 91' lang='lat' dir='ltr'><strong>sin</strong></span> <span class='ocrx_word' id='word_1_144' title='bbox 1855 2017 2047 2065; x_wconf 89' lang='lat' dir='ltr'><strong>autem</strong></span> 
     </span>
    </p>
   </div>
   <div class='ocr_carea' id='block_1_22' title="bbox 345 2097 2046 2168">
    <p class='ocr_par' dir='ltr' id='par_1_22' title="bbox 345 2097 2046 2168">
     <span class='ocr_line' id='line_1_22' title="bbox 345 2097 2046 2168; baseline -0.004 -10"><span class='ocrx_word' id='word_1_145' title='bbox 345 2103 414 2158; x_wconf 88' lang='lat' dir='ltr'><strong>de</strong></span> <span class='ocrx_word' id='word_1_146' title='bbox 453 2099 766 2165; x_wconf 82' lang='lat' dir='ltr'><strong>extraneis,</strong></span> <span class='ocrx_word' id='word_1_147' title='bbox 817 2112 922 2155; x_wconf 89' lang='lat' dir='ltr'><strong>nec</strong></span> <span class='ocrx_word' id='word_1_148' title='bbox 966 2097 1266 2168; x_wconf 84' lang='lat' dir='ltr'><strong>episcopus</strong></span> <span class='ocrx_word' id='word_1_149' title='bbox 1310 2098 1476 2154; x_wconf 91' lang='lat' dir='ltr'><strong>debet</strong></span> <span class='ocrx_word' id='word_1_150' title='bbox 1514 2098 1792 2154; x_wconf 85' lang='lat' dir='ltr'><strong>violenter</strong></span> <span class='ocrx_word' id='word_1_151' title='bbox 1823 2098 1880 2152; x_wconf 91' lang='lat' dir='ltr'><strong>in</strong></span> <span class='ocrx_word' id='word_1_152' title='bbox 1927 2099 2046 2152; x_wconf 92' lang='lat' dir='ltr'><strong>loco</strong></span> 
     </span>
    </p>
   </div>
   <div class='ocr_carea' id='block_1_23' title="bbox 344 2204 470 2248">
    <p class='ocr_par' dir='ltr' id='par_1_23' title="bbox 344 2204 470 2248">
     <span class='ocr_line' id='line_1_23' title="bbox 344 2204 470 2248; baseline -0.008 -1"><span class='ocrx_word' id='word_1_153' title='bbox 344 2204 470 2248; x_wconf 91' lang='lat' dir='ltr'><strong>suo.</strong></span> 
     </span>
    </p>
   </div>
   <div class='ocr_carea' id='block_1_24' title="bbox 417 2275 2048 2348">
    <p class='ocr_par' dir='ltr' id='par_1_24' title="bbox 417 2275 2048 2348">
     <span class='ocr_line' id='line_1_24' title="bbox 417 2275 2048 2348; baseline -0.002 -14"><span class='ocrx_word' id='word_1_154' title='bbox 417 2300 446 2327; x_wconf 90' lang='grc'><strong>‹‹</strong></span> <span class='ocrx_word' id='word_1_155' title='bbox 496 2277 878 2348; x_wconf 78' lang='lat' dir='ltr'><strong>Congregatio</strong></span> <span class='ocrx_word' id='word_1_156' title='bbox 941 2275 1107 2331; x_wconf 90' lang='lat' dir='ltr'><strong>debet</strong></span> <span class='ocrx_word' id='word_1_157' title='bbox 1153 2275 1263 2330; x_wconf 89' lang='lat' dir='ltr'><strong>sibi</strong></span> <span class='ocrx_word' id='word_1_158' title='bbox 1310 2275 1521 2346; x_wconf 89' lang='lat' dir='ltr'><strong>eligere</strong></span> <span class='ocrx_word' id='word_1_159' title='bbox 1567 2275 1853 2340; x_wconf 89' lang='lat' dir='ltr'><strong>abbatem,</strong></span> <span class='ocrx_word' id='word_1_160' title='bbox 1923 2283 2048 2344; x_wconf 92' lang='lat' dir='ltr'><strong>post</strong></span> 
     </span>
    </p>
   </div>
   <div class='ocr_carea' id='block_1_25' title="bbox 343 2363 2042 2436">
    <p class='ocr_par' dir='ltr' id='par_1_25' title="bbox 343 2363 2042 2436">
     <span class='ocr_line' id='line_1_25' title="bbox 343 2363 2042 2436; baseline -0.003 -14"><span class='ocrx_word' id='word_1_161' title='bbox 343 2374 586 2422; x_wconf 90' lang='lat' dir='ltr'><strong>mortem</strong></span> <span class='ocrx_word' id='word_1_162' title='bbox 615 2366 758 2436; x_wconf 86' lang='lat' dir='ltr'><strong>ejus.</strong></span> <span class='ocrx_word' id='word_1_163' title='bbox 802 2371 903 2420; x_wconf 87' lang='lat' dir='ltr'><strong>aut</strong></span> <span class='ocrx_word' id='word_1_164' title='bbox 954 2378 1022 2420; x_wconf 91' lang='lat' dir='ltr'><strong>eo</strong></span> <span class='ocrx_word' id='word_1_165' title='bbox 1052 2363 1300 2430; x_wconf 90' lang='lat' dir='ltr'><strong>vivente,</strong></span> <span class='ocrx_word' id='word_1_166' title='bbox 1349 2364 1394 2418; x_wconf 92' lang='lat' dir='ltr'><strong>si</strong></span> <span class='ocrx_word' id='word_1_167' title='bbox 1441 2363 1563 2433; x_wconf 87' lang='lat' dir='ltr'><strong>ipse</strong></span> <span class='ocrx_word' id='word_1_168' title='bbox 1597 2363 1918 2420; x_wconf 89' lang='lat' dir='ltr'><strong>discesserit</strong></span> <span class='ocrx_word' id='word_1_169' title='bbox 1957 2363 2042 2418; x_wconf 91' lang='lat' dir='ltr'><strong>vel</strong></span> 
     </span>
    </p>
   </div>
   <div class='ocr_carea' id='block_1_26' title="bbox 347 2452 2046 2526">
    <p class='ocr_par' dir='ltr' id='par_1_26' title="bbox 347 2452 2046 2526">
     <span class='ocr_line' id='line_1_26' title="bbox 347 2452 2046 2526; baseline -0.002 -14"><span class='ocrx_word' id='word_1_170' title='bbox 347 2457 704 2526; x_wconf 89' lang='lat' dir='ltr'><strong>peccaverit;</strong></span> <span class='ocrx_word' id='word_1_171' title='bbox 738 2454 857 2524; x_wconf 89' lang='lat' dir='ltr'><strong>ipse</strong></span> <span class='ocrx_word' id='word_1_172' title='bbox 890 2467 1005 2509; x_wconf 92' lang='lat' dir='ltr'><strong>non</strong></span> <span class='ocrx_word' id='word_1_173' title='bbox 1039 2461 1220 2523; x_wconf 89' lang='lat' dir='ltr'><strong>potest</strong></span> <span class='ocrx_word' id='word_1_174' title='bbox 1247 2452 1499 2524; x_wconf 86' lang='lat' dir='ltr'><strong>aliquem</strong></span> <span class='ocrx_word' id='word_1_175' title='bbox 1533 2453 1801 2509; x_wconf 90' lang='lat' dir='ltr'><strong>ordinare</strong></span> <span class='ocrx_word' id='word_1_176' title='bbox 1829 2455 1897 2508; x_wconf 91' lang='lat' dir='ltr'><strong>de</strong></span> <span class='ocrx_word' id='word_1_177' title='bbox 1927 2456 2046 2509; x_wconf 92' lang='lat' dir='ltr'><strong>suis</strong></span> 
     </span>
    </p>
   </div>
   <div class='ocr_carea' id='block_1_27' title="bbox 346 2540 2042 2614">
    <p class='ocr_par' dir='ltr' id='par_1_27' title="bbox 346 2540 2042 2614">
     <span class='ocr_line' id='line_1_27' title="bbox 346 2540 2042 2614; baseline -0.002 -14"><span class='ocrx_word' id='word_1_178' title='bbox 346 2543 712 2614; x_wconf 89' lang='lat' dir='ltr'><strong>propinquis,</strong></span> <span class='ocrx_word' id='word_1_179' title='bbox 760 2555 950 2612; x_wconf 89' lang='lat' dir='ltr'><strong>neque</strong></span> <span class='ocrx_word' id='word_1_180' title='bbox 997 2541 1066 2596; x_wconf 90' lang='lat' dir='ltr'><strong>de</strong></span> <span class='ocrx_word' id='word_1_181' title='bbox 1094 2541 1318 2607; x_wconf 89' lang='lat' dir='ltr'><strong>alienis,</strong></span> <span class='ocrx_word' id='word_1_182' title='bbox 1367 2555 1472 2596; x_wconf 92' lang='lat' dir='ltr'><strong>nec</strong></span> <span class='ocrx_word' id='word_1_183' title='bbox 1514 2540 1628 2598; x_wconf 90' lang='lat' dir='ltr'><strong>alio</strong></span> <span class='ocrx_word' id='word_1_184' title='bbox 1659 2541 1852 2598; x_wconf 89' lang='lat' dir='ltr'><strong>abbati</strong></span> <span class='ocrx_word' id='word_1_185' title='bbox 1883 2542 2042 2608; x_wconf 89' lang='lat' dir='ltr'><strong>dare,</strong></span> 
     </span>
    </p>
   </div>
   <div class='ocr_carea' id='block_1_28' title="bbox 346 2629 1112 2688">
    <p class='ocr_par' dir='ltr' id='par_1_28' title="bbox 346 2629 1112 2688">
     <span class='ocr_line' id='line_1_28' title="bbox 346 2629 1112 2688; baseline -0.007 0"><span class='ocrx_word' id='word_1_186' title='bbox 346 2632 392 2688; x_wconf 91' lang='lat' dir='ltr'><strong>si</strong></span> <span class='ocrx_word' id='word_1_187' title='bbox 417 2645 536 2688; x_wconf 91' lang='lat' dir='ltr'><strong>non</strong></span> <span class='ocrx_word' id='word_1_188' title='bbox 567 2631 857 2688; x_wconf 91' lang='lat' dir='ltr'><strong>voluerint</strong></span> <span class='ocrx_word' id='word_1_189' title='bbox 888 2629 1112 2686; x_wconf 82' lang='lat' dir='ltr'><strong>fratres.</strong></span> 
     </span>
    </p>
   </div>
   <div class='ocr_carea' id='block_1_29' title="bbox 415 2717 2043 2788">
    <p class='ocr_par' dir='ltr' id='par_1_29' title="bbox 415 2717 2043 2788">
     <span class='ocr_line' id='line_1_29' title="bbox 415 2717 2043 2788; baseline -0.002 -12"><span class='ocrx_word' id='word_1_190' title='bbox 415 2726 567 2776; x_wconf 62' lang='lat' dir='ltr'><strong>aes</strong></span> <span class='ocrx_word' id='word_1_191' title='bbox 618 2741 648 2771; x_wconf 72' lang='grc' dir='ltr'>ς</span> <span class='ocrx_word' id='word_1_192' title='bbox 691 2718 745 2775; x_wconf 92' lang='lat' dir='ltr'><strong>Si</strong></span> <span class='ocrx_word' id='word_1_193' title='bbox 795 2732 932 2774; x_wconf 89' lang='lat' dir='ltr'><strong>vero</strong></span> <span class='ocrx_word' id='word_1_194' title='bbox 981 2717 1298 2788; x_wconf 88' lang='lat' dir='ltr'><strong>peccaverit</strong></span> <span class='ocrx_word' id='word_1_195' title='bbox 1339 2717 1538 2784; x_wconf 89' lang='lat' dir='ltr'><strong>abbas,</strong></span> <span class='ocrx_word' id='word_1_196' title='bbox 1579 2731 1694 2773; x_wconf 90' lang='lat' dir='ltr'><strong>non</strong></span> <span class='ocrx_word' id='word_1_197' title='bbox 1744 2717 1873 2774; x_wconf 88' lang='lat' dir='ltr'><strong>licet</strong></span> <span class='ocrx_word' id='word_1_198' title='bbox 1918 2718 2043 2787; x_wconf 86' lang='lat' dir='ltr'><strong>epi-</strong></span> 
     </span>
    </p>
   </div>
   <div class='ocr_carea' id='block_1_30' title="bbox 345 2804 2044 2879">
    <p class='ocr_par' dir='ltr' id='par_1_30' title="bbox 345 2804 2044 2879">
     <span class='ocr_line' id='line_1_30' title="bbox 345 2804 2044 2879; baseline -0.001 -15"><span class='ocrx_word' id='word_1_199' title='bbox 345 2822 517 2879; x_wconf 89' lang='lat' dir='ltr'><strong>seopo</strong></span> <span class='ocrx_word' id='word_1_200' title='bbox 573 2807 770 2865; x_wconf 89' lang='lat' dir='ltr'><strong>tollere</strong></span> <span class='ocrx_word' id='word_1_201' title='bbox 824 2805 1229 2876; x_wconf 89' lang='lat' dir='ltr'><strong>possessionem</strong></span> <span class='ocrx_word' id='word_1_202' title='bbox 1293 2804 1641 2868; x_wconf 87' lang='lat' dir='ltr'><strong>monasterii,</strong></span> <span class='ocrx_word' id='word_1_203' title='bbox 1695 2806 1792 2862; x_wconf 89' lang='lat' dir='ltr'><strong>sed</strong></span> <span class='ocrx_word' id='word_1_204' title='bbox 1859 2806 2044 2862; x_wconf 89' lang='lat' dir='ltr'><strong>mittat</strong></span> 
     </span>
    </p>
   </div>
   <div class='ocr_carea' id='block_1_31' title="bbox 343 2893 2043 2965">
    <p class='ocr_par' dir='ltr' id='par_1_31' title="bbox 343 2893 2043 2965">
     <span class='ocr_line' id='line_1_31' title="bbox 343 2893 2043 2965; baseline -0.002 -11"><span class='ocrx_word' id='word_1_205' title='bbox 343 2911 476 2954; x_wconf 88' lang='lat' dir='ltr'><strong>eum</strong></span> <span class='ocrx_word' id='word_1_206' title='bbox 529 2897 584 2952; x_wconf 92' lang='lat' dir='ltr'><strong>in</strong></span> <span class='ocrx_word' id='word_1_207' title='bbox 637 2894 796 2952; x_wconf 89' lang='lat' dir='ltr'><strong>aliud</strong></span> <span class='ocrx_word' id='word_1_208' title='bbox 845 2893 1278 2958; x_wconf 89' lang='lat' dir='ltr'><strong>monasterium,</strong></span> <span class='ocrx_word' id='word_1_209' title='bbox 1321 2893 1378 2948; x_wconf 91' lang='lat' dir='ltr'><strong>in</strong></span> <span class='ocrx_word' id='word_1_210' title='bbox 1425 2901 1756 2965; x_wconf 87' lang='lat' dir='ltr'><strong>potestatem</strong></span> <span class='ocrx_word' id='word_1_211' title='bbox 1805 2894 2043 2951; x_wconf 90' lang='lat' dir='ltr'><strong>alterius</strong></span> 
     </span>
    </p>
   </div>
   <div class='ocr_carea' id='block_1_32' title="bbox 344 2986 585 3043">
    <p class='ocr_par' dir='ltr' id='par_1_32' title="bbox 344 2986 585 3043">
     <span class='ocr_line' id='line_1_32' title="bbox 344 2986 585 3043; baseline -0.008 -1"><span class='ocrx_word' id='word_1_212' title='bbox 344 2986 585 3043; x_wconf 84' lang='lat' dir='ltr'><strong>abbatis.</strong></span> 
     </span>
    </p>
   </div>
   <div class='ocr_carea' id='block_1_33' title="bbox 2159 595 3847 668">
    <p class='ocr_par' dir='ltr' id='par_1_33' title="bbox 2159 595 3847 668">
     <span class='ocr_line' id='line_1_33' title="bbox 2159 595 3847 668; baseline 0.002 -20"><span class='ocrx_word' id='word_1_213' title='bbox 2159 595 2286 662; x_wconf 81' lang='lat' dir='ltr'><strong>ejus</strong></span> <span class='ocrx_word' id='word_1_214' title='bbox 2329 597 2734 668; x_wconf 71' lang='lat' dir='ltr'><strong>prognosticon</strong></span> <span class='ocrx_word' id='word_1_215' title='bbox 2796 612 2810 650; x_wconf 90' lang='lat'><strong>:</strong></span> <span class='ocrx_word' id='word_1_216' title='bbox 2857 619 2876 644; x_wconf 76' lang='grc' dir='ltr'><strong>ε</strong></span> <span class='ocrx_word' id='word_1_217' title='bbox 2955 596 3092 651; x_wconf 90' lang='lat' dir='ltr'><strong>Date</strong></span> <span class='ocrx_word' id='word_1_218' title='bbox 3138 597 3556 667; x_wconf 82' lang='lat' dir='ltr'><strong>eleemosynam</strong></span> <span class='ocrx_word' id='word_1_219' title='bbox 3618 604 3673 651; x_wconf 90' lang='lat' dir='ltr'><strong>et</strong></span> <span class='ocrx_word' id='word_1_220' title='bbox 3736 611 3847 651; x_wconf 72' lang='lat' dir='ltr'><strong>ecce</strong></span> 
     </span>
    </p>
   </div>
   <div class='ocr_carea' id='block_1_34' title="bbox 2161 683 3846 752">
    <p class='ocr_par' dir='ltr' id='par_1_34' title="bbox 2161 683 3846 752">
     <span class='ocr_line' id='line_1_34' title="bbox 2161 683 3846 752; baseline 0.001 -14"><span class='ocrx_word' id='word_1_221' title='bbox 2161 683 2356 738; x_wconf 72' lang='lat' dir='ltr'><strong>omnia</strong></span> <span class='ocrx_word' id='word_1_222' title='bbox 2400 683 2619 740; x_wconf 90' lang='lat' dir='ltr'><strong>munda</strong></span> <span class='ocrx_word' id='word_1_223' title='bbox 2666 691 2803 740; x_wconf 88' lang='lat' dir='ltr'><strong>sunt</strong></span> <span class='ocrx_word' id='word_1_224' title='bbox 2845 683 3011 740; x_wconf 91' lang='lat' dir='ltr'><strong>vobis</strong></span> <span class='ocrx_word' id='word_1_225' title='bbox 3049 685 3208 751; x_wconf 85' lang='lat' dir='ltr'><strong>(Luc.</strong></span> <span class='ocrx_word' id='word_1_226' title='bbox 3265 699 3322 751; x_wconf 85' lang='lat' dir='ltr'><strong>x,</strong></span> <span class='ocrx_word' id='word_1_227' title='bbox 3362 685 3473 751; x_wconf 82' lang='grc'><strong>41).</strong></span> <span class='ocrx_word' id='word_1_228' title='bbox 3523 705 3552 734; x_wconf 83' lang='grc'>››</span> <span class='ocrx_word' id='word_1_229' title='bbox 3601 684 3724 752; x_wconf 90' lang='lat' dir='ltr'><strong>Quo</strong></span> <span class='ocrx_word' id='word_1_230' title='bbox 3769 685 3846 740; x_wconf 82' lang='lat' dir='ltr'><strong>ille</strong></span> 
     </span>
    </p>
   </div>
   <div class='ocr_carea' id='block_1_35' title="bbox 2160 771 3846 840">
    <p class='ocr_par' dir='ltr' id='par_1_35' title="bbox 2160 771 3846 840">
     <span class='ocr_line' id='line_1_35' title="bbox 2160 771 3846 840; baseline 0 -12"><span class='ocrx_word' id='word_1_231' title='bbox 2160 773 2234 828; x_wconf 91' lang='lat' dir='ltr'><strong>ab</strong></span> <span class='ocrx_word' id='word_1_232' title='bbox 2279 771 2756 840; x_wconf 89' lang='lat' dir='ltr'><strong>acclamantibus,</strong></span> <span class='ocrx_word' id='word_1_233' title='bbox 2804 772 2974 828; x_wconf 88' lang='lat' dir='ltr'><strong>hilari</strong></span> <span class='ocrx_word' id='word_1_234' title='bbox 3042 773 3212 830; x_wconf 89' lang='lat' dir='ltr'><strong>vultu</strong></span> <span class='ocrx_word' id='word_1_235' title='bbox 3271 773 3341 828; x_wconf 89' lang='lat' dir='ltr'><strong>ad</strong></span> <span class='ocrx_word' id='word_1_236' title='bbox 3410 775 3723 829; x_wconf 88' lang='lat' dir='ltr'><strong>Dominum</strong></span> <span class='ocrx_word' id='word_1_237' title='bbox 3766 775 3846 828; x_wconf 90' lang='lat' dir='ltr'><strong>di-</strong></span> 
     </span>
    </p>
   </div>
   <div class='ocr_carea' id='block_1_36' title="bbox 2165 860 3844 931">
    <p class='ocr_par' dir='ltr' id='par_1_36' title="bbox 2165 860 3844 931">
     <span class='ocr_line' id='line_1_36' title="bbox 2165 860 3844 931; baseline 0.001 -17"><span class='ocrx_word' id='word_1_238' title='bbox 2165 860 2312 915; x_wconf 81' lang='lat' dir='ltr'><strong>rexit</strong></span> <span class='ocrx_word' id='word_1_239' title='bbox 2340 875 2352 915; x_wconf 91' lang='lat'>:</span> <span class='ocrx_word' id='word_1_240' title='bbox 2385 860 2680 916; x_wconf 84' lang='lat' dir='ltr'><strong>Certemns</strong></span> <span class='ocrx_word' id='word_1_241' title='bbox 2703 874 2840 931; x_wconf 91' lang='lat' dir='ltr'><strong>ergo</strong></span> <span class='ocrx_word' id='word_1_242' title='bbox 2871 868 3077 917; x_wconf 90' lang='lat' dir='ltr'><strong>mutua</strong></span> <span class='ocrx_word' id='word_1_243' title='bbox 3105 861 3519 924; x_wconf 85' lang='lat' dir='ltr'><strong>vicissitudine,</strong></span> <span class='ocrx_word' id='word_1_244' title='bbox 3553 869 3617 918; x_wconf 93' lang='lat' dir='ltr'><strong>tu</strong></span> <span class='ocrx_word' id='word_1_245' title='bbox 3647 862 3844 926; x_wconf 86' lang='lat' dir='ltr'><strong>dando,</strong></span> 
     </span>
    </p>
   </div>
   <div class='ocr_carea' id='block_1_37' title="bbox 2157 948 3846 1022">
    <p class='ocr_par' dir='ltr' id='par_1_37' title="bbox 2157 948 3846 1022">
     <span class='ocr_line' id='line_1_37' title="bbox 2157 948 3846 1022; baseline 0.001 -18"><span class='ocrx_word' id='word_1_246' title='bbox 2157 964 2264 1020; x_wconf 89' lang='lat' dir='ltr'><strong>ego</strong></span> <span class='ocrx_word' id='word_1_247' title='bbox 2311 948 2716 1020; x_wconf 90' lang='lat' dir='ltr'><strong>dispertiendo,</strong></span> <span class='ocrx_word' id='word_1_248' title='bbox 2758 956 2866 1004; x_wconf 90' lang='lat' dir='ltr'><strong>etc.</strong></span> <span class='ocrx_word' id='word_1_249' title='bbox 2916 949 3031 1006; x_wconf 89' lang='lat' dir='ltr'><strong>Nec</strong></span> <span class='ocrx_word' id='word_1_250' title='bbox 3075 957 3200 1006; x_wconf 85' lang='lat' dir='ltr'><strong>erat</strong></span> <span class='ocrx_word' id='word_1_251' title='bbox 3253 951 3448 1020; x_wconf 89' lang='lat' dir='ltr'><strong>segnis</strong></span> <span class='ocrx_word' id='word_1_252' title='bbox 3497 949 3554 1005; x_wconf 93' lang='lat' dir='ltr'><strong>in</strong></span> <span class='ocrx_word' id='word_1_253' title='bbox 3602 964 3846 1022; x_wconf 79' lang='lat' dir='ltr'><strong>erogan-</strong></span> 
     </span>
    </p>
   </div>
   <div class='ocr_carea' id='block_1_38' title="bbox 2158 1037 2452 1104">
    <p class='ocr_par' dir='ltr' id='par_1_38' title="bbox 2158 1037 2452 1104">
     <span class='ocr_line' id='line_1_38' title="bbox 2158 1037 2452 1104; baseline 0 -11"><span class='ocrx_word' id='word_1_254' title='bbox 2158 1037 2252 1104; x_wconf 92' lang='lat' dir='ltr'><strong>do,</strong></span> <span class='ocrx_word' id='word_1_255' title='bbox 2291 1060 2310 1086; x_wconf 84' lang='lat'><strong>-</strong></span> <span class='ocrx_word' id='word_1_256' title='bbox 2345 1046 2452 1093; x_wconf 88' lang='lat' dir='ltr'><strong>etc.</strong></span> 
     </span>
    </p>
   </div>
   <div class='ocr_carea' id='block_1_39' title="bbox 2230 1124 3848 1198">
    <p class='ocr_par' dir='ltr' id='par_1_39' title="bbox 2230 1124 3848 1198">
     <span class='ocr_line' id='line_1_39' title="bbox 2230 1124 3848 1198; baseline -0.002 -14"><span class='ocrx_word' id='word_1_257' title='bbox 2230 1124 2318 1198; x_wconf 83' lang='grc'><strong>(⁷⁸)</strong></span> <span class='ocrx_word' id='word_1_258' title='bbox 2367 1127 2503 1183; x_wconf 77' lang='lat' dir='ltr'><strong>lein.</strong></span> <span class='ocrx_word' id='word_1_259' title='bbox 2558 1156 2620 1167; x_wconf 95' lang='lat'><strong>—</strong></span> <span class='ocrx_word' id='word_1_260' title='bbox 2669 1125 2764 1182; x_wconf 80' lang='lat' dir='ltr'><strong>Ad</strong></span> <span class='ocrx_word' id='word_1_261' title='bbox 2798 1126 3050 1182; x_wconf 72' lang='lat' dir='ltr'><strong>salutem</strong></span> <span class='ocrx_word' id='word_1_262' title='bbox 3086 1142 3364 1196; x_wconf 81' lang='lat' dir='ltr'><strong>meorum,</strong></span> <span class='ocrx_word' id='word_1_263' title='bbox 3411 1142 3552 1198; x_wconf 74' lang='lat' dir='ltr'><strong>quos</strong></span> <span class='ocrx_word' id='word_1_264' title='bbox 3606 1129 3669 1181; x_wconf 89' lang='lat' dir='ltr'><strong>tu</strong></span> <span class='ocrx_word' id='word_1_265' title='bbox 3715 1127 3848 1180; x_wconf 72' lang='lat' dir='ltr'><strong>mihi</strong></span> 
     </span>
    </p>
   </div>
   <div class='ocr_carea' id='block_1_40' title="bbox 2154 1213 3846 1285">
    <p class='ocr_par' dir='ltr' id='par_1_40' title="bbox 2154 1213 3846 1285">
     <span class='ocr_line' id='line_1_40' title="bbox 2154 1213 3846 1285; baseline 0.001 -17"><span class='ocrx_word' id='word_1_266' title='bbox 2154 1213 2466 1282; x_wconf 71' lang='lat' dir='ltr'><strong>subjecicli,</strong></span> <span class='ocrx_word' id='word_1_267' title='bbox 2509 1214 2739 1270; x_wconf 70' lang='lat' dir='ltr'><strong>animus</strong></span> <span class='ocrx_word' id='word_1_268' title='bbox 2771 1213 3052 1270; x_wconf 77' lang='lat' dir='ltr'><strong>intendat.</strong></span> <span class='ocrx_word' id='word_1_269' title='bbox 3104 1214 3287 1282; x_wconf 89' lang='lat' dir='ltr'><strong>Quam</strong></span> <span class='ocrx_word' id='word_1_270' title='bbox 3330 1223 3582 1285; x_wconf 85' lang='lat' dir='ltr'><strong>spectata</strong></span> <span class='ocrx_word' id='word_1_271' title='bbox 3628 1229 3846 1270; x_wconf 86' lang='lat' dir='ltr'><strong>morum</strong></span> 
     </span>
    </p>
   </div>
   <div class='ocr_carea' id='block_1_41' title="bbox 2156 1303 3845 1376">
    <p class='ocr_par' dir='ltr' id='par_1_41' title="bbox 2156 1303 3845 1376">
     <span class='ocr_line' id='line_1_41' title="bbox 2156 1303 3845 1376; baseline -0.001 -17"><span class='ocrx_word' id='word_1_272' title='bbox 2156 1304 2436 1374; x_wconf 78' lang='lat' dir='ltr'><strong>probitate</strong></span> <span class='ocrx_word' id='word_1_273' title='bbox 2464 1318 2532 1360; x_wconf 92' lang='lat' dir='ltr'><strong>ac</strong></span> <span class='ocrx_word' id='word_1_274' title='bbox 2561 1303 2835 1376; x_wconf 87' lang='lat' dir='ltr'><strong>religione</strong></span> <span class='ocrx_word' id='word_1_275' title='bbox 2865 1304 3046 1360; x_wconf 90' lang='lat' dir='ltr'><strong>abbas</strong></span> <span class='ocrx_word' id='word_1_276' title='bbox 3086 1311 3297 1370; x_wconf 92' lang='lat' dir='ltr'><strong>noster,</strong></span> <span class='ocrx_word' id='word_1_277' title='bbox 3339 1304 3546 1374; x_wconf 90' lang='lat' dir='ltr'><strong>suique</strong></span> <span class='ocrx_word' id='word_1_278' title='bbox 3585 1304 3845 1358; x_wconf 87' lang='lat' dir='ltr'><strong>monachi</strong></span> 
     </span>
    </p>
   </div>
   <div class='ocr_carea' id='block_1_42' title="bbox 2157 1393 3849 1465">
    <p class='ocr_par' dir='ltr' id='par_1_42' title="bbox 2157 1393 3849 1465">
     <span class='ocr_line' id='line_1_42' title="bbox 2157 1393 3849 1465; baseline -0.002 -15"><span class='ocrx_word' id='word_1_279' title='bbox 2157 1395 2492 1462; x_wconf 87' lang='lat' dir='ltr'><strong>claruerint,</strong></span> <span class='ocrx_word' id='word_1_280' title='bbox 2545 1394 2817 1465; x_wconf 88' lang='lat' dir='ltr'><strong>pradicat</strong></span> <span class='ocrx_word' id='word_1_281' title='bbox 2855 1395 3145 1452; x_wconf 87' lang='lat' dir='ltr'><strong>Manasses</strong></span> <span class='ocrx_word' id='word_1_282' title='bbox 3182 1393 3682 1450; x_wconf 87' lang='lat' dir='ltr'><strong>Suessionensium</strong></span> <span class='ocrx_word' id='word_1_283' title='bbox 3731 1393 3849 1462; x_wconf 84' lang='lat' dir='ltr'><strong>epi-</strong></span> 
     </span>
    </p>
   </div>
   <div class='ocr_carea' id='block_1_43' title="bbox 2156 1481 3850 1554">
    <p class='ocr_par' dir='ltr' id='par_1_43' title="bbox 2156 1481 3850 1554">
     <span class='ocr_line' id='line_1_43' title="bbox 2156 1481 3850 1554; baseline -0.001 -18"><span class='ocrx_word' id='word_1_284' title='bbox 2156 1495 2362 1552; x_wconf 91' lang='lat' dir='ltr'><strong>scopus</strong></span> <span class='ocrx_word' id='word_1_285' title='bbox 2401 1482 2705 1538; x_wconf 72' lang='lat' dir='ltr'><strong>donatione</strong></span> <span class='ocrx_word' id='word_1_286' title='bbox 2751 1482 3052 1554; x_wconf 87' lang='lat' dir='ltr'><strong>cujusdam</strong></span> <span class='ocrx_word' id='word_1_287' title='bbox 3101 1482 3371 1546; x_wconf 89' lang='lat' dir='ltr'><strong>ecclesia,</strong></span> <span class='ocrx_word' id='word_1_288' title='bbox 3417 1494 3597 1552; x_wconf 89' lang='lat' dir='ltr'><strong>quam</strong></span> <span class='ocrx_word' id='word_1_289' title='bbox 3637 1481 3850 1552; x_wconf 79' lang='lat' dir='ltr'><strong>integre</strong></span> 
     </span>
    </p>
   </div>
   <div class='ocr_carea' id='block_1_44' title="bbox 2157 1570 3851 1640">
    <p class='ocr_par' dir='ltr' id='par_1_44' title="bbox 2157 1570 3851 1640">
     <span class='ocr_line' id='line_1_44' title="bbox 2157 1570 3851 1640; baseline -0.001 -15"><span class='ocrx_word' id='word_1_290' title='bbox 2157 1570 2497 1636; x_wconf 89' lang='lat' dir='ltr'><strong>describere,</strong></span> <span class='ocrx_word' id='word_1_291' title='bbox 2564 1585 2636 1626; x_wconf 90' lang='lat' dir='ltr'><strong>ne</strong></span> <span class='ocrx_word' id='word_1_292' title='bbox 2700 1586 2830 1627; x_wconf 87' lang='lat' dir='ltr'><strong>cuni</strong></span> <span class='ocrx_word' id='word_1_293' title='bbox 2896 1571 3022 1627; x_wconf 91' lang='lat' dir='ltr'><strong>aliis</strong></span> <span class='ocrx_word' id='word_1_294' title='bbox 3087 1579 3297 1640; x_wconf 86' lang='lat' dir='ltr'><strong>pereat,</strong></span> <span class='ocrx_word' id='word_1_295' title='bbox 3366 1570 3613 1640; x_wconf 90' lang='lat' dir='ltr'><strong>pretium</strong></span> <span class='ocrx_word' id='word_1_296' title='bbox 3667 1583 3851 1639; x_wconf 77' lang='lat' dir='ltr'><strong>opera-</strong></span> 
     </span>
    </p>
   </div>
   <div class='ocr_carea' id='block_1_45' title="bbox 2155 1669 2821 1716">
    <p class='ocr_par' dir='ltr' id='par_1_45' title="bbox 2155 1669 2821 1716">
     <span class='ocr_line' id='line_1_45' title="bbox 2155 1669 2821 1716; baseline 0.003 -2"><span class='ocrx_word' id='word_1_297' title='bbox 2155 1669 2259 1714; x_wconf 87' lang='lat' dir='ltr'><strong>est.</strong></span> <span class='ocrx_word' id='word_1_298' title='bbox 2805 1701 2821 1716; x_wconf 69' lang='grc' dir='ltr'><em>υ</em></span> 
     </span>
    </p>
   </div>
   <div class='ocr_carea' id='block_1_46' title="bbox 2234 1745 3849 1816">
    <p class='ocr_par' dir='ltr' id='par_1_46' title="bbox 2234 1745 3849 1816">
     <span class='ocr_line' id='line_1_46' title="bbox 2234 1745 3849 1816; baseline -0.002 -14"><span class='ocrx_word' id='word_1_299' title='bbox 2234 1770 2254 1795; x_wconf 76' lang='grc' dir='ltr'><strong><em>α</em></strong></span> <span class='ocrx_word' id='word_1_300' title='bbox 2287 1748 2352 1802; x_wconf 91' lang='lat' dir='ltr'><strong>In</strong></span> <span class='ocrx_word' id='word_1_301' title='bbox 2402 1746 2632 1803; x_wconf 91' lang='lat' dir='ltr'><strong>nomine</strong></span> <span class='ocrx_word' id='word_1_302' title='bbox 2679 1746 2884 1816; x_wconf 83' lang='lat' dir='ltr'><strong>Patris,</strong></span> <span class='ocrx_word' id='word_1_303' title='bbox 2923 1755 2978 1804; x_wconf 91' lang='lat' dir='ltr'><strong>et</strong></span> <span class='ocrx_word' id='word_1_304' title='bbox 3029 1746 3174 1814; x_wconf 85' lang='lat' dir='ltr'><strong>Filii,</strong></span> <span class='ocrx_word' id='word_1_305' title='bbox 3236 1753 3291 1802; x_wconf 91' lang='lat' dir='ltr'><strong>et</strong></span> <span class='ocrx_word' id='word_1_306' title='bbox 3357 1745 3606 1816; x_wconf 91' lang='lat' dir='ltr'><strong>Spiritus</strong></span> <span class='ocrx_word' id='word_1_307' title='bbox 3647 1746 3849 1802; x_wconf 89' lang='lat' dir='ltr'><strong>sancti.</strong></span> 
     </span>
    </p>
   </div>
   <div class='ocr_carea' id='block_1_47' title="bbox 2158 1840 2358 1892">
    <p class='ocr_par' dir='ltr' id='par_1_47' title="bbox 2158 1840 2358 1892">
     <span class='ocr_line' id='line_1_47' title="bbox 2158 1840 2358 1892; baseline -0.005 -1"><span class='ocrx_word' id='word_1_308' title='bbox 2158 1840 2358 1892; x_wconf 89' lang='lat' dir='ltr'><strong>Amen.</strong></span> 
     </span>
    </p>
   </div>
   <div class='ocr_carea' id='block_1_48' title="bbox 2231 1919 3847 1994">
    <p class='ocr_par' dir='ltr' id='par_1_48' title="bbox 2231 1919 3847 1994">
     <span class='ocr_line' id='line_1_48' title="bbox 2231 1919 3847 1994; baseline -0.004 -14"><span class='ocrx_word' id='word_1_309' title='bbox 2231 1945 2258 1973; x_wconf 84' lang='lat'>«</span> <span class='ocrx_word' id='word_1_310' title='bbox 2294 1926 2413 1994; x_wconf 86' lang='lat' dir='ltr'><strong>Ego</strong></span> <span class='ocrx_word' id='word_1_311' title='bbox 2451 1923 2740 1980; x_wconf 87' lang='lat' dir='ltr'><strong>Manasses</strong></span> <span class='ocrx_word' id='word_1_312' title='bbox 2783 1923 2885 1978; x_wconf 91' lang='lat' dir='ltr'><strong>Dei</strong></span> <span class='ocrx_word' id='word_1_313' title='bbox 2929 1923 3118 1994; x_wconf 87' lang='lat' dir='ltr'><strong>gratia</strong></span> <span class='ocrx_word' id='word_1_314' title='bbox 3157 1922 3496 1979; x_wconf 85' lang='lat' dir='ltr'><strong>Suessorum</strong></span> <span class='ocrx_word' id='word_1_315' title='bbox 3529 1919 3847 1990; x_wconf 86' lang='lat' dir='ltr'><strong>episcopus.</strong></span> 
     </span>
    </p>
   </div>
   <div class='ocr_carea' id='block_1_49' title="bbox 2159 2009 3852 2082">
    <p class='ocr_par' dir='ltr' id='par_1_49' title="bbox 2159 2009 3852 2082">
     <span class='ocr_line' id='line_1_49' title="bbox 2159 2009 3852 2082; baseline -0.002 -16"><span class='ocrx_word' id='word_1_316' title='bbox 2159 2011 2303 2066; x_wconf 90' lang='lat' dir='ltr'><strong>Cum</strong></span> <span class='ocrx_word' id='word_1_317' title='bbox 2345 2012 2621 2066; x_wconf 90' lang='lat' dir='ltr'><strong>omnibus</strong></span> <span class='ocrx_word' id='word_1_318' title='bbox 2661 2011 2927 2068; x_wconf 81' lang='lat' dir='ltr'><strong>fidelibus</strong></span> <span class='ocrx_word' id='word_1_319' title='bbox 2965 2025 3065 2082; x_wconf 91' lang='lat' dir='ltr'><strong>per</strong></span> <span class='ocrx_word' id='word_1_320' title='bbox 3105 2052 3120 2066; x_wconf 89' lang='lat'><strong>.</strong></span> <span class='ocrx_word' id='word_1_321' title='bbox 3163 2051 3176 2066; x_wconf 93' lang='lat'><strong>.</strong></span> <span class='ocrx_word' id='word_1_322' title='bbox 3224 2053 3236 2066; x_wconf 95' lang='lat'><strong>.</strong></span> <span class='ocrx_word' id='word_1_323' title='bbox 3285 2051 3297 2064; x_wconf 95' lang='lat'><strong>.</strong></span> <span class='ocrx_word' id='word_1_324' title='bbox 3342 2049 3354 2062; x_wconf 95' lang='lat'><strong>.</strong></span> <span class='ocrx_word' id='word_1_325' title='bbox 3401 2052 3412 2064; x_wconf 94' lang='lat'><strong>.</strong></span> <span class='ocrx_word' id='word_1_326' title='bbox 3457 2050 3471 2064; x_wconf 93' lang='lat'><strong>.</strong></span> <span class='ocrx_word' id='word_1_327' title='bbox 3516 2049 3530 2064; x_wconf 94' lang='lat'><strong>.</strong></span> <span class='ocrx_word' id='word_1_328' title='bbox 3574 2051 3588 2064; x_wconf 95' lang='lat'><strong>.</strong></span> <span class='ocrx_word' id='word_1_329' title='bbox 3635 2049 3650 2063; x_wconf 92' lang='lat'><strong>.</strong></span> <span class='ocrx_word' id='word_1_330' title='bbox 3693 2009 3852 2066; x_wconf 85' lang='lat' dir='ltr'><strong>nobis</strong></span> 
     </span>
    </p>
   </div>
   <div class='ocr_carea' id='block_1_50' title="bbox 2155 2098 3849 2172">
    <p class='ocr_par' dir='ltr' id='par_1_50' title="bbox 2155 2098 3849 2172">
     <span class='ocr_line' id='line_1_50' title="bbox 2155 2098 3849 2172; baseline -0.002 -17"><span class='ocrx_word' id='word_1_331' title='bbox 2155 2101 2386 2156; x_wconf 88' lang='lat' dir='ltr'><strong>creditis</strong></span> <span class='ocrx_word' id='word_1_332' title='bbox 2431 2101 2715 2156; x_wconf 90' lang='lat' dir='ltr'><strong>debitores</strong></span> <span class='ocrx_word' id='word_1_333' title='bbox 2757 2113 2978 2167; x_wconf 92' lang='lat' dir='ltr'><strong>sumus,</strong></span> <span class='ocrx_word' id='word_1_334' title='bbox 3051 2101 3324 2172; x_wconf 89' lang='lat' dir='ltr'><strong>majorem</strong></span> <span class='ocrx_word' id='word_1_335' title='bbox 3374 2108 3562 2155; x_wconf 87' lang='lat' dir='ltr'><strong>tamen</strong></span> <span class='ocrx_word' id='word_1_336' title='bbox 3611 2098 3849 2168; x_wconf 88' lang='lat' dir='ltr'><strong>diligen-</strong></span> 
     </span>
    </p>
   </div>
   <div class='ocr_carea' id='block_1_51' title="bbox 2155 2187 3850 2260">
    <p class='ocr_par' dir='ltr' id='par_1_51' title="bbox 2155 2187 3850 2260">
     <span class='ocr_line' id='line_1_51' title="bbox 2155 2187 3850 2260; baseline -0.003 -15"><span class='ocrx_word' id='word_1_337' title='bbox 2155 2189 2292 2245; x_wconf 86' lang='lat' dir='ltr'><strong>tiam</strong></span> <span class='ocrx_word' id='word_1_338' title='bbox 2340 2188 2427 2244; x_wconf 90' lang='lat' dir='ltr'><strong>his</strong></span> <span class='ocrx_word' id='word_1_339' title='bbox 2458 2189 2784 2260; x_wconf 87' lang='lat' dir='ltr'><strong>impendere</strong></span> <span class='ocrx_word' id='word_1_340' title='bbox 2811 2189 3142 2260; x_wconf 82' lang='lat' dir='ltr'><strong>exigimur;</strong></span> <span class='ocrx_word' id='word_1_341' title='bbox 3176 2189 3389 2259; x_wconf 85' lang='lat' dir='ltr'><strong>majore</strong></span> <span class='ocrx_word' id='word_1_342' title='bbox 3417 2187 3569 2242; x_wconf 87' lang='lat' dir='ltr'><strong>circa</strong></span> <span class='ocrx_word' id='word_1_343' title='bbox 3607 2200 3707 2242; x_wconf 90' lang='lat' dir='ltr'><strong>eos</strong></span> <span class='ocrx_word' id='word_1_344' title='bbox 3758 2187 3850 2240; x_wconf 88' lang='lat' dir='ltr'><strong>de-</strong></span> 
     </span>
    </p>
   </div>
   <div class='ocr_carea' id='block_1_52' title="bbox 2155 2274 3849 2348">
    <p class='ocr_par' dir='ltr' id='par_1_52' title="bbox 2155 2274 3849 2348">
     <span class='ocr_line' id='line_1_52' title="bbox 2155 2274 3849 2348; baseline -0.002 -17"><span class='ocrx_word' id='word_1_345' title='bbox 2155 2277 2380 2332; x_wconf 91' lang='lat' dir='ltr'><strong>votione</strong></span> <span class='ocrx_word' id='word_1_346' title='bbox 2421 2321 2433 2334; x_wconf 95' lang='lat'><strong>.</strong></span> <span class='ocrx_word' id='word_1_347' title='bbox 2476 2317 2490 2332; x_wconf 94' lang='lat'><strong>.</strong></span> <span class='ocrx_word' id='word_1_348' title='bbox 2534 2319 2546 2331; x_wconf 96' lang='lat'><strong>.</strong></span> <span class='ocrx_word' id='word_1_349' title='bbox 2593 2317 2606 2331; x_wconf 94' lang='lat'><strong>.</strong></span> <span class='ocrx_word' id='word_1_350' title='bbox 2653 2316 2666 2331; x_wconf 95' lang='lat'><strong>.</strong></span> <span class='ocrx_word' id='word_1_351' title='bbox 2711 2317 2724 2330; x_wconf 94' lang='lat'><strong>.</strong></span> <span class='ocrx_word' id='word_1_352' title='bbox 2769 2317 2783 2333; x_wconf 94' lang='lat'><strong>.</strong></span> <span class='ocrx_word' id='word_1_353' title='bbox 2827 2291 2974 2348; x_wconf 90' lang='lat' dir='ltr'><strong>quos</strong></span> <span class='ocrx_word' id='word_1_354' title='bbox 3002 2290 3036 2332; x_wconf 90' lang='lat' dir='ltr'><strong>a</strong></span> <span class='ocrx_word' id='word_1_355' title='bbox 3065 2277 3310 2347; x_wconf 88' lang='lat' dir='ltr'><strong>negotiis</strong></span> <span class='ocrx_word' id='word_1_356' title='bbox 3334 2274 3530 2330; x_wconf 85' lang='lat' dir='ltr'><strong>saculi</strong></span> <span class='ocrx_word' id='word_1_357' title='bbox 3557 2289 3617 2328; x_wconf 90' lang='lat' dir='ltr'><strong>se</strong></span> <span class='ocrx_word' id='word_1_358' title='bbox 3657 2282 3849 2343; x_wconf 83' lang='lat' dir='ltr'><strong>sponte</strong></span> 
     </span>
    </p>
   </div>
   <div class='ocr_carea' id='block_1_53' title="bbox 2152 2363 3852 2433">
    <p class='ocr_par' dir='ltr' id='par_1_53' title="bbox 2152 2363 3852 2433">
     <span class='ocr_line' id='line_1_53' title="bbox 2152 2363 3852 2433; baseline -0.002 -12"><span class='ocrx_word' id='word_1_359' title='bbox 2152 2365 2416 2422; x_wconf 89' lang='lat' dir='ltr'><strong>videmus</strong></span> <span class='ocrx_word' id='word_1_360' title='bbox 2446 2365 2771 2433; x_wconf 88' lang='lat' dir='ltr'><strong>removisse,</strong></span> <span class='ocrx_word' id='word_1_361' title='bbox 2794 2373 2850 2420; x_wconf 91' lang='lat' dir='ltr'><strong>et</strong></span> <span class='ocrx_word' id='word_1_362' title='bbox 2878 2365 2948 2420; x_wconf 89' lang='lat' dir='ltr'><strong>ad</strong></span> <span class='ocrx_word' id='word_1_363' title='bbox 2983 2365 3305 2421; x_wconf 90' lang='lat' dir='ltr'><strong>vacandum</strong></span> <span class='ocrx_word' id='word_1_364' title='bbox 3335 2363 3466 2429; x_wconf 91' lang='lat' dir='ltr'><strong>Deo,</strong></span> <span class='ocrx_word' id='word_1_365' title='bbox 3509 2371 3565 2418; x_wconf 92' lang='lat' dir='ltr'><strong>et</strong></span> <span class='ocrx_word' id='word_1_366' title='bbox 3597 2364 3852 2418; x_wconf 88' lang='lat' dir='ltr'><strong>insisten-</strong></span> 
     </span>
    </p>
   </div>
   <div class='ocr_carea' id='block_1_54' title="bbox 2153 2453 3850 2524">
    <p class='ocr_par' dir='ltr' id='par_1_54' title="bbox 2153 2453 3850 2524">
     <span class='ocr_line' id='line_1_54' title="bbox 2153 2453 3850 2524; baseline -0.003 -14"><span class='ocrx_word' id='word_1_367' title='bbox 2153 2455 2290 2511; x_wconf 91' lang='lat' dir='ltr'><strong>dum</strong></span> <span class='ocrx_word' id='word_1_368' title='bbox 2323 2454 2586 2522; x_wconf 89' lang='lat' dir='ltr'><strong>orationi,</strong></span> <span class='ocrx_word' id='word_1_369' title='bbox 2629 2456 2876 2524; x_wconf 90' lang='lat' dir='ltr'><strong>quietem</strong></span> <span class='ocrx_word' id='word_1_370' title='bbox 2911 2462 2964 2510; x_wconf 93' lang='lat' dir='ltr'><strong>et</strong></span> <span class='ocrx_word' id='word_1_371' title='bbox 2995 2461 3278 2510; x_wconf 86' lang='lat' dir='ltr'><strong>secretum</strong></span> <span class='ocrx_word' id='word_1_372' title='bbox 3315 2453 3565 2524; x_wconf 85' lang='lat' dir='ltr'><strong>elegisse.</strong></span> <span class='ocrx_word' id='word_1_373' title='bbox 3631 2453 3850 2508; x_wconf 83' lang='lat' dir='ltr'><strong>Horum</strong></span> 
     </span>
    </p>
   </div>
   <div class='ocr_carea' id='block_1_55' title="bbox 2153 2540 3853 2612">
    <p class='ocr_par' dir='ltr' id='par_1_55' title="bbox 2153 2540 3853 2612">
     <span class='ocr_line' id='line_1_55' title="bbox 2153 2540 3853 2612; baseline -0.002 -16"><span class='ocrx_word' id='word_1_374' title='bbox 2153 2541 2332 2612; x_wconf 84' lang='lat' dir='ltr'><strong>igitur</strong></span> <span class='ocrx_word' id='word_1_375' title='bbox 2377 2541 2636 2612; x_wconf 88' lang='lat' dir='ltr'><strong>quidam,</strong></span> <span class='ocrx_word' id='word_1_376' title='bbox 2688 2541 2768 2597; x_wconf 92' lang='lat' dir='ltr'><strong>illi</strong></span> <span class='ocrx_word' id='word_1_377' title='bbox 2816 2541 3081 2598; x_wconf 88' lang='lat' dir='ltr'><strong>videlicet</strong></span> <span class='ocrx_word' id='word_1_378' title='bbox 3119 2541 3342 2609; x_wconf 84' lang='lat' dir='ltr'><strong>fratres,</strong></span> <span class='ocrx_word' id='word_1_379' title='bbox 3388 2540 3490 2610; x_wconf 93' lang='lat' dir='ltr'><strong>qui</strong></span> <span class='ocrx_word' id='word_1_380' title='bbox 3536 2540 3595 2594; x_wconf 92' lang='lat' dir='ltr'><strong>in</strong></span> <span class='ocrx_word' id='word_1_381' title='bbox 3653 2554 3853 2595; x_wconf 88' lang='lat' dir='ltr'><strong>mona-</strong></span> 
     </span>
    </p>
   </div>
   <div class='ocr_carea' id='block_1_56' title="bbox 2151 2629 3851 2701">
    <p class='ocr_par' dir='ltr' id='par_1_56' title="bbox 2151 2629 3851 2701">
     <span class='ocr_line' id='line_1_56' title="bbox 2151 2629 3851 2701; baseline -0.001 -15"><span class='ocrx_word' id='word_1_382' title='bbox 2151 2631 2320 2687; x_wconf 90' lang='lat' dir='ltr'><strong>sterio</strong></span> <span class='ocrx_word' id='word_1_383' title='bbox 2359 2630 2578 2687; x_wconf 85' lang='lat' dir='ltr'><strong>Sancta</strong></span> <span class='ocrx_word' id='word_1_384' title='bbox 2609 2631 2803 2686; x_wconf 88' lang='lat' dir='ltr'><strong>Maria</strong></span> <span class='ocrx_word' id='word_1_385' title='bbox 2839 2631 2993 2701; x_wconf 90' lang='lat' dir='ltr'><strong>apud</strong></span> <span class='ocrx_word' id='word_1_386' title='bbox 3024 2630 3410 2699; x_wconf 90' lang='lat' dir='ltr'><strong>Noviandum,</strong></span> <span class='ocrx_word' id='word_1_387' title='bbox 3453 2629 3851 2686; x_wconf 85' lang='lat' dir='ltr'><strong>monachicam</strong></span> 
     </span>
    </p>
   </div>
   <div class='ocr_carea' id='block_1_57' title="bbox 2150 2719 3852 2792">
    <p class='ocr_par' dir='ltr' id='par_1_57' title="bbox 2150 2719 3852 2792">
     <span class='ocr_line' id='line_1_57' title="bbox 2150 2719 3852 2792; baseline -0.002 -16"><span class='ocrx_word' id='word_1_388' title='bbox 2150 2727 2204 2776; x_wconf 92' lang='lat' dir='ltr'><strong>et</strong></span> <span class='ocrx_word' id='word_1_389' title='bbox 2250 2719 2580 2792; x_wconf 86' lang='lat' dir='ltr'><strong>religiosam</strong></span> <span class='ocrx_word' id='word_1_390' title='bbox 2629 2725 2813 2791; x_wconf 85' lang='lat' dir='ltr'><strong>agunt</strong></span> <span class='ocrx_word' id='word_1_391' title='bbox 2858 2719 3058 2786; x_wconf 89' lang='lat' dir='ltr'><strong>vitam,</strong></span> <span class='ocrx_word' id='word_1_392' title='bbox 3105 2721 3184 2776; x_wconf 88' lang='lat' dir='ltr'><strong>ita</strong></span> <span class='ocrx_word' id='word_1_393' title='bbox 3223 2719 3389 2776; x_wconf 89' lang='lat' dir='ltr'><strong>nobis</strong></span> <span class='ocrx_word' id='word_1_394' title='bbox 3426 2727 3480 2776; x_wconf 94' lang='lat' dir='ltr'><strong>et</strong></span> <span class='ocrx_word' id='word_1_395' title='bbox 3529 2719 3852 2789; x_wconf 89' lang='lat' dir='ltr'><strong>majoribus</strong></span> 
     </span>
    </p>
   </div>
   <div class='ocr_carea' id='block_1_58' title="bbox 2150 2807 3849 2877">
    <p class='ocr_par' dir='ltr' id='par_1_58' title="bbox 2150 2807 3849 2877">
     <span class='ocr_line' id='line_1_58' title="bbox 2150 2807 3849 2877; baseline -0.002 -13"><span class='ocrx_word' id='word_1_396' title='bbox 2150 2809 2359 2866; x_wconf 88' lang='lat' dir='ltr'><strong>nostris</strong></span> <span class='ocrx_word' id='word_1_397' title='bbox 2440 2822 2548 2864; x_wconf 91' lang='lat' dir='ltr'><strong>sua</strong></span> <span class='ocrx_word' id='word_1_398' title='bbox 2611 2808 2928 2877; x_wconf 89' lang='lat' dir='ltr'><strong>devotione,</strong></span> <span class='ocrx_word' id='word_1_399' title='bbox 3012 2817 3068 2865; x_wconf 93' lang='lat' dir='ltr'><strong>et</strong></span> <span class='ocrx_word' id='word_1_400' title='bbox 3115 2809 3458 2874; x_wconf 88' lang='lat' dir='ltr'><strong>sinceritate,</strong></span> <span class='ocrx_word' id='word_1_401' title='bbox 3525 2807 3849 2862; x_wconf 87' lang='lat' dir='ltr'><strong>charissimi</strong></span> 
     </span>
    </p>
   </div>
   <div class='ocr_carea' id='block_1_59' title="bbox 2148 2897 3854 2968">
    <p class='ocr_par' dir='ltr' id='par_1_59' title="bbox 2148 2897 3854 2968">
     <span class='ocr_line' id='line_1_59' title="bbox 2148 2897 3854 2968; baseline -0.002 -14"><span class='ocrx_word' id='word_1_402' title='bbox 2148 2899 2513 2965; x_wconf 83' lang='lat' dir='ltr'><strong>exstiterunt,</strong></span> <span class='ocrx_word' id='word_1_403' title='bbox 2567 2905 2630 2954; x_wconf 90' lang='lat' dir='ltr'><strong>ut</strong></span> <span class='ocrx_word' id='word_1_404' title='bbox 2674 2912 2788 2966; x_wconf 89' lang='lat' dir='ltr'><strong>eos,</strong></span> <span class='ocrx_word' id='word_1_405' title='bbox 2841 2898 3112 2968; x_wconf 89' lang='lat' dir='ltr'><strong>quamvis</strong></span> <span class='ocrx_word' id='word_1_406' title='bbox 3157 2897 3310 2954; x_wconf 90' lang='lat' dir='ltr'><strong>intra</strong></span> <span class='ocrx_word' id='word_1_407' title='bbox 3344 2897 3702 2968; x_wconf 87' lang='lat' dir='ltr'><strong>episcopium</strong></span> <span class='ocrx_word' id='word_1_408' title='bbox 3755 2911 3854 2951; x_wconf 90' lang='lat' dir='ltr'><strong>no-</strong></span> 
     </span>
    </p>
   </div>
   <div class='ocr_carea' id='block_1_60' title="bbox 2153 2986 3852 3057">
    <p class='ocr_par' dir='ltr' id='par_1_60' title="bbox 2153 2986 3852 3057">
     <span class='ocr_line' id='line_1_60' title="bbox 2153 2986 3852 3057; baseline -0.002 -14"><span class='ocrx_word' id='word_1_409' title='bbox 2153 2994 2302 3043; x_wconf 88' lang='lat' dir='ltr'><strong>trum</strong></span> <span class='ocrx_word' id='word_1_410' title='bbox 2337 2986 2573 3042; x_wconf 91' lang='lat' dir='ltr'><strong>minime</strong></span> <span class='ocrx_word' id='word_1_411' title='bbox 2621 2987 2955 3055; x_wconf 87' lang='lat' dir='ltr'><strong>consistant,</strong></span> <span class='ocrx_word' id='word_1_412' title='bbox 2999 3001 3112 3042; x_wconf 90' lang='lat' dir='ltr'><strong>non</strong></span> <span class='ocrx_word' id='word_1_413' title='bbox 3158 2987 3352 3042; x_wconf 90' lang='lat' dir='ltr'><strong>minus</strong></span> <span class='ocrx_word' id='word_1_414' title='bbox 3397 2999 3572 3057; x_wconf 91' lang='lat' dir='ltr'><strong>quam</strong></span> <span class='ocrx_word' id='word_1_415' title='bbox 3625 2993 3852 3041; x_wconf 85' lang='lat' dir='ltr'><strong>nostros</strong></span> 
     </span>
    </p>
   </div>
   <div class='ocr_carea' id='block_1_61' title="bbox 417 3070 3852 3158">
    <p class='ocr_par' dir='ltr' id='par_1_61' title="bbox 417 3070 3852 3158">
     <span class='ocr_line' id='line_1_61' title="bbox 417 3070 3852 3158; baseline 0.001 -32"><span class='ocrx_word' id='word_1_416' title='bbox 417 3097 440 3126; x_wconf 70' lang='grc' dir='ltr'><em>ς</em></span> <span class='ocrx_word' id='word_1_417' title='bbox 476 3074 600 3131; x_wconf 92' lang='lat' dir='ltr'><strong>Non</strong></span> <span class='ocrx_word' id='word_1_418' title='bbox 647 3073 778 3130; x_wconf 91' lang='lat' dir='ltr'><strong>licet</strong></span> <span class='ocrx_word' id='word_1_419' title='bbox 817 3071 1032 3138; x_wconf 89' lang='lat' dir='ltr'><strong>abbati,</strong></span> <span class='ocrx_word' id='word_1_420' title='bbox 1069 3085 1256 3142; x_wconf 90' lang='lat' dir='ltr'><strong>neque</strong></span> <span class='ocrx_word' id='word_1_421' title='bbox 1292 3070 1572 3142; x_wconf 89' lang='lat' dir='ltr'><strong>episcopis</strong></span> <span class='ocrx_word' id='word_1_422' title='bbox 1613 3079 1821 3128; x_wconf 89' lang='lat' dir='ltr'><strong>terram</strong></span> <span class='ocrx_word' id='word_1_423' title='bbox 1849 3070 2034 3128; x_wconf 92' lang='lat' dir='ltr'><strong>eecle-</strong></span> <span class='ocrx_word' id='word_1_424' title='bbox 2076 3103 2118 3158; x_wconf 69' lang='grc' dir='ltr'>ο</span> <span class='ocrx_word' id='word_1_425' title='bbox 2152 3073 2410 3144; x_wconf 91' lang='lat' dir='ltr'><strong>proprios</strong></span> <span class='ocrx_word' id='word_1_426' title='bbox 2457 3074 2960 3141; x_wconf 90' lang='lat' dir='ltr'><strong>honoraverimus,</strong></span> <span class='ocrx_word' id='word_1_427' title='bbox 3009 3074 3299 3130; x_wconf 86' lang='lat' dir='ltr'><strong>beneficiis</strong></span> <span class='ocrx_word' id='word_1_428' title='bbox 3335 3089 3566 3145; x_wconf 86' lang='lat' dir='ltr'><strong>quoque</strong></span> <span class='ocrx_word' id='word_1_429' title='bbox 3594 3083 3651 3130; x_wconf 85' lang='lat' dir='ltr'><strong>et</strong></span> <span class='ocrx_word' id='word_1_430' title='bbox 3685 3074 3852 3129; x_wconf 88' lang='lat' dir='ltr'><strong>donis</strong></span> 
     </span>
    </p>
   </div>
   <div class='ocr_carea' id='block_1_62' title="bbox 340 3159 2036 3232">
    <p class='ocr_par' dir='ltr' id='par_1_62' title="bbox 340 3159 2036 3232">
     <span class='ocr_line' id='line_1_62' title="bbox 340 3159 2036 3232; baseline -0.002 -11"><span class='ocrx_word' id='word_1_431' title='bbox 340 3165 438 3222; x_wconf 89' lang='lat' dir='ltr'><strong>sia</strong></span> <span class='ocrx_word' id='word_1_432' title='bbox 469 3170 690 3220; x_wconf 90' lang='lat' dir='ltr'><strong>vertere</strong></span> <span class='ocrx_word' id='word_1_433' title='bbox 733 3162 806 3218; x_wconf 90' lang='lat' dir='ltr'><strong>ad</strong></span> <span class='ocrx_word' id='word_1_434' title='bbox 851 3161 1044 3229; x_wconf 88' lang='lat' dir='ltr'><strong>aliam,</strong></span> <span class='ocrx_word' id='word_1_435' title='bbox 1103 3159 1373 3232; x_wconf 89' lang='lat' dir='ltr'><strong>quamvis</strong></span> <span class='ocrx_word' id='word_1_436' title='bbox 1419 3160 1606 3216; x_wconf 87' lang='lat' dir='ltr'><strong>amba</strong></span> <span class='ocrx_word' id='word_1_437' title='bbox 1653 3160 1714 3217; x_wconf 82' lang='lat' dir='ltr'><strong>in</strong></span> <span class='ocrx_word' id='word_1_438' title='bbox 1763 3169 2036 3232; x_wconf 87' lang='lat' dir='ltr'><strong>potestate</strong></span> 
     </span>
    </p>
   </div>
   <div class='ocr_carea' id='block_1_63' title="bbox 339 3249 2036 3324">
    <p class='ocr_par' dir='ltr' id='par_1_63' title="bbox 339 3249 2036 3324">
     <span class='ocr_line' id='line_1_63' title="bbox 339 3249 2036 3324; baseline -0.002 -15"><span class='ocrx_word' id='word_1_439' title='bbox 339 3253 464 3324; x_wconf 89' lang='lat' dir='ltr'><strong>ejus</strong></span> <span class='ocrx_word' id='word_1_440' title='bbox 493 3253 628 3309; x_wconf 92' lang='lat' dir='ltr'><strong>sint.</strong></span> <span class='ocrx_word' id='word_1_441' title='bbox 657 3250 713 3307; x_wconf 92' lang='lat' dir='ltr'><strong>Si</strong></span> <span class='ocrx_word' id='word_1_442' title='bbox 745 3251 969 3306; x_wconf 90' lang='lat' dir='ltr'><strong>mittere</strong></span> <span class='ocrx_word' id='word_1_443' title='bbox 989 3249 1116 3306; x_wconf 88' lang='lat' dir='ltr'><strong>vult</strong></span> <span class='ocrx_word' id='word_1_444' title='bbox 1148 3256 1366 3316; x_wconf 88' lang='lat' dir='ltr'><strong>testem,</strong></span> <span class='ocrx_word' id='word_1_445' title='bbox 1393 3249 1561 3305; x_wconf 90' lang='lat' dir='ltr'><strong>facial</strong></span> <span class='ocrx_word' id='word_1_446' title='bbox 1590 3263 1725 3306; x_wconf 89' lang='lat' dir='ltr'><strong>cum</strong></span> <span class='ocrx_word' id='word_1_447' title='bbox 1751 3263 2036 3307; x_wconf 88' lang='lat' dir='ltr'><strong>consensu</strong></span> 
     </span>
    </p>
   </div>
   <div class='ocr_carea' id='block_1_64' title="bbox 338 3341 663 3398">
    <p class='ocr_par' dir='ltr' id='par_1_64' title="bbox 338 3341 663 3398">
     <span class='ocr_line' id='line_1_64' title="bbox 338 3341 663 3398; baseline -0.009 0"><span class='ocrx_word' id='word_1_448' title='bbox 338 3341 663 3398; x_wconf 87' lang='lat' dir='ltr'><strong>amborum.</strong></span> 
     </span>
    </p>
   </div>
   <div class='ocr_carea' id='block_1_65' title="bbox 411 3424 2035 3500">
    <p class='ocr_par' dir='ltr' id='par_1_65' title="bbox 411 3424 2035 3500">
     <span class='ocr_line' id='line_1_65' title="bbox 411 3424 2035 3500; baseline 0.001 -18"><span class='ocrx_word' id='word_1_449' title='bbox 411 3448 441 3482; x_wconf 74' lang='grc' dir='ltr'><strong>α</strong></span> <span class='ocrx_word' id='word_1_450' title='bbox 489 3429 546 3486; x_wconf 93' lang='lat' dir='ltr'><strong>Si</strong></span> <span class='ocrx_word' id='word_1_451' title='bbox 594 3429 727 3500; x_wconf 88' lang='lat' dir='ltr'><strong>quis</strong></span> <span class='ocrx_word' id='word_1_452' title='bbox 771 3427 898 3483; x_wconf 90' lang='lat' dir='ltr'><strong>vult</strong></span> <span class='ocrx_word' id='word_1_453' title='bbox 955 3424 1366 3482; x_wconf 87' lang='lat' dir='ltr'><strong>monasterium</strong></span> <span class='ocrx_word' id='word_1_454' title='bbox 1425 3440 1599 3482; x_wconf 89' lang='lat' dir='ltr'><strong>suum</strong></span> <span class='ocrx_word' id='word_1_455' title='bbox 1644 3427 1700 3481; x_wconf 92' lang='lat' dir='ltr'><strong>in</strong></span> <span class='ocrx_word' id='word_1_456' title='bbox 1753 3426 1864 3482; x_wconf 91' lang='lat' dir='ltr'><strong>alio</strong></span> <span class='ocrx_word' id='word_1_457' title='bbox 1917 3426 2035 3483; x_wconf 92' lang='lat' dir='ltr'><strong>loco</strong></span> 
     </span>
    </p>
   </div>
   <div class='ocr_carea' id='block_1_66' title="bbox 341 3513 2034 3588">
    <p class='ocr_par' dir='ltr' id='par_1_66' title="bbox 341 3513 2034 3588">
     <span class='ocr_line' id='line_1_66' title="bbox 341 3513 2034 3588; baseline -0.002 -14"><span class='ocrx_word' id='word_1_458' title='bbox 341 3531 568 3588; x_wconf 90' lang='lat' dir='ltr'><strong>ponere,</strong></span> <span class='ocrx_word' id='word_1_459' title='bbox 613 3516 783 3572; x_wconf 87' lang='lat' dir='ltr'><strong>faciat</strong></span> <span class='ocrx_word' id='word_1_460' title='bbox 823 3527 956 3570; x_wconf 87' lang='lat' dir='ltr'><strong>cum</strong></span> <span class='ocrx_word' id='word_1_461' title='bbox 1000 3525 1284 3568; x_wconf 90' lang='lat' dir='ltr'><strong>consensu</strong></span> <span class='ocrx_word' id='word_1_462' title='bbox 1341 3513 1612 3584; x_wconf 86' lang='lat' dir='ltr'><strong>episcopi.</strong></span> <span class='ocrx_word' id='word_1_463' title='bbox 1675 3522 1730 3570; x_wconf 92' lang='lat' dir='ltr'><strong>et</strong></span> <span class='ocrx_word' id='word_1_464' title='bbox 1789 3515 2034 3572; x_wconf 88' lang='lat' dir='ltr'><strong>fratrum</strong></span> 
     </span>
    </p>
   </div>
   <div class='ocr_carea' id='block_1_67' title="bbox 339 3601 2035 3674">
    <p class='ocr_par' dir='ltr' id='par_1_67' title="bbox 339 3601 2035 3674">
     <span class='ocr_line' id='line_1_67' title="bbox 339 3601 2035 3674; baseline -0.002 -11"><span class='ocrx_word' id='word_1_465' title='bbox 339 3620 624 3674; x_wconf 88' lang='lat' dir='ltr'><strong>suorum;</strong></span> <span class='ocrx_word' id='word_1_466' title='bbox 653 3613 710 3661; x_wconf 89' lang='lat' dir='ltr'><strong>et</strong></span> <span class='ocrx_word' id='word_1_467' title='bbox 749 3603 1001 3660; x_wconf 88' lang='lat' dir='ltr'><strong>dimittat</strong></span> <span class='ocrx_word' id='word_1_468' title='bbox 1037 3601 1097 3657; x_wconf 92' lang='lat' dir='ltr'><strong>in</strong></span> <span class='ocrx_word' id='word_1_469' title='bbox 1149 3601 1326 3672; x_wconf 92' lang='lat' dir='ltr'><strong>priori</strong></span> <span class='ocrx_word' id='word_1_470' title='bbox 1365 3601 1486 3658; x_wconf 91' lang='lat' dir='ltr'><strong>loco</strong></span> <span class='ocrx_word' id='word_1_471' title='bbox 1529 3602 1923 3674; x_wconf 86' lang='lat' dir='ltr'><strong>presbyterum</strong></span> <span class='ocrx_word' id='word_1_472' title='bbox 1962 3603 2035 3660; x_wconf 88' lang='lat' dir='ltr'><strong>ad</strong></span> 
     </span>
    </p>
   </div>
   <div class='ocr_carea' id='block_1_68' title="bbox 337 3691 1014 3752">
    <p class='ocr_par' dir='ltr' id='par_1_68' title="bbox 337 3691 1014 3752">
     <span class='ocr_line' id='line_1_68' title="bbox 337 3691 1014 3752; baseline -0.009 -1"><span class='ocrx_word' id='word_1_473' title='bbox 337 3693 719 3752; x_wconf 87' lang='lat' dir='ltr'><strong>ministerium</strong></span> <span class='ocrx_word' id='word_1_474' title='bbox 749 3691 1014 3748; x_wconf 88' lang='lat' dir='ltr'><strong>ecclesia.</strong></span> 
     </span>
    </p>
   </div>
   <div class='ocr_carea' id='block_1_69' title="bbox 414 3779 2032 3850">
    <p class='ocr_par' dir='ltr' id='par_1_69' title="bbox 414 3779 2032 3850">
     <span class='ocr_line' id='line_1_69' title="bbox 414 3779 2032 3850; baseline 0.003 -18"><span class='ocrx_word' id='word_1_475' title='bbox 414 3805 436 3832; x_wconf 73' lang='grc' dir='ltr'><strong>ε</strong></span> <span class='ocrx_word' id='word_1_476' title='bbox 471 3782 666 3839; x_wconf 82' lang='lat' dir='ltr'><strong>Abhas</strong></span> <span class='ocrx_word' id='word_1_477' title='bbox 711 3790 768 3837; x_wconf 89' lang='lat' dir='ltr'><strong>et</strong></span> <span class='ocrx_word' id='word_1_478' title='bbox 811 3781 1112 3850; x_wconf 89' lang='lat' dir='ltr'><strong>episcopus</strong></span> <span class='ocrx_word' id='word_1_479' title='bbox 1170 3779 1457 3834; x_wconf 90' lang='lat' dir='ltr'><strong>hominem</strong></span> <span class='ocrx_word' id='word_1_480' title='bbox 1528 3779 1864 3836; x_wconf 88' lang='lat' dir='ltr'><strong>sceleratum</strong></span> <span class='ocrx_word' id='word_1_481' title='bbox 1917 3795 2032 3837; x_wconf 85' lang='lat' dir='ltr'><strong>ser-</strong></span> 
     </span>
    </p>
   </div>
   <div class='ocr_carea' id='block_1_70' title="bbox 335 3865 2031 3940">
    <p class='ocr_par' dir='ltr' id='par_1_70' title="bbox 335 3865 2031 3940">
     <span class='ocr_line' id='line_1_70' title="bbox 335 3865 2031 3940; baseline 0 -16"><span class='ocrx_word' id='word_1_482' title='bbox 335 3882 477 3926; x_wconf 90' lang='lat' dir='ltr'><strong>vum</strong></span> <span class='ocrx_word' id='word_1_483' title='bbox 531 3876 773 3940; x_wconf 89' lang='lat' dir='ltr'><strong>possunt</strong></span> <span class='ocrx_word' id='word_1_484' title='bbox 829 3867 1058 3932; x_wconf 89' lang='lat' dir='ltr'><strong>habere,</strong></span> <span class='ocrx_word' id='word_1_485' title='bbox 1116 3865 1165 3922; x_wconf 89' lang='lat' dir='ltr'><strong>si</strong></span> <span class='ocrx_word' id='word_1_486' title='bbox 1228 3866 1476 3936; x_wconf 91' lang='lat' dir='ltr'><strong>pretium</strong></span> <span class='ocrx_word' id='word_1_487' title='bbox 1537 3867 1849 3923; x_wconf 88' lang='lat' dir='ltr'><strong>redimendi</strong></span> <span class='ocrx_word' id='word_1_488' title='bbox 1919 3883 2031 3924; x_wconf 90' lang='lat' dir='ltr'><strong>non</strong></span> 
     </span>
    </p>
   </div>
   <div class='ocr_carea' id='block_1_71' title="bbox 335 3957 526 4015">
    <p class='ocr_par' dir='ltr' id='par_1_71' title="bbox 335 3957 526 4015">
     <span class='ocr_line' id='line_1_71' title="bbox 335 3957 526 4015; baseline -0.01 -1"><span class='ocrx_word' id='word_1_489' title='bbox 335 3957 526 4015; x_wconf 89' lang='lat' dir='ltr'><strong>habet.</strong></span> 
     </span>
    </p>
   </div>
   <div class='ocr_carea' id='block_1_72' title="bbox 409 4043 2034 4115">
    <p class='ocr_par' dir='ltr' id='par_1_72' title="bbox 409 4043 2034 4115">
     <span class='ocr_line' id='line_1_72' title="bbox 409 4043 2034 4115; baseline -0.002 -12"><span class='ocrx_word' id='word_1_490' title='bbox 409 4070 436 4094; x_wconf 76' lang='lat'><em>«</em></span> <span class='ocrx_word' id='word_1_491' title='bbox 466 4045 662 4103; x_wconf 78' lang='lat' dir='ltr'><strong>Abbas</strong></span> <span class='ocrx_word' id='word_1_492' title='bbox 692 4045 738 4102; x_wconf 90' lang='lat' dir='ltr'><strong>si</strong></span> <span class='ocrx_word' id='word_1_493' title='bbox 772 4043 1038 4101; x_wconf 88' lang='lat' dir='ltr'><strong>habuerit</strong></span> <span class='ocrx_word' id='word_1_494' title='bbox 1082 4043 1435 4100; x_wconf 89' lang='lat' dir='ltr'><strong>monachum</strong></span> <span class='ocrx_word' id='word_1_495' title='bbox 1463 4043 1727 4115; x_wconf 89' lang='lat' dir='ltr'><strong>dignum,</strong></span> <span class='ocrx_word' id='word_1_496' title='bbox 1770 4045 2034 4115; x_wconf 89' lang='lat' dir='ltr'><strong>episcopo</strong></span> 
     </span>
    </p>
   </div>
   <div class='ocr_carea' id='block_1_73' title="bbox 333 4134 1199 4193">
    <p class='ocr_par' dir='ltr' id='par_1_73' title="bbox 333 4134 1199 4193">
     <span class='ocr_line' id='line_1_73' title="bbox 333 4134 1199 4193; baseline -0.007 0"><span class='ocrx_word' id='word_1_497' title='bbox 333 4136 507 4193; x_wconf 88' lang='lat' dir='ltr'><strong>debet</strong></span> <span class='ocrx_word' id='word_1_498' title='bbox 534 4136 673 4192; x_wconf 89' lang='lat' dir='ltr'><strong>dare</strong></span> <span class='ocrx_word' id='word_1_499' title='bbox 701 4134 749 4190; x_wconf 93' lang='lat' dir='ltr'><strong>si</strong></span> <span class='ocrx_word' id='word_1_500' title='bbox 777 4147 1007 4190; x_wconf 89' lang='lat' dir='ltr'><strong>necesse</strong></span> <span class='ocrx_word' id='word_1_501' title='bbox 1036 4139 1137 4189; x_wconf 91' lang='lat' dir='ltr'><strong>est.</strong></span> <span class='ocrx_word' id='word_1_502' title='bbox 1170 4153 1199 4180; x_wconf 88' lang='lat'>»</span> 
     </span>
    </p>
   </div>
   <div class='ocr_carea' id='block_1_74' title="bbox 407 4219 2036 4294">
    <p class='ocr_par' dir='ltr' id='par_1_74' title="bbox 407 4219 2036 4294">
     <span class='ocr_line' id='line_1_74' title="bbox 407 4219 2036 4294; baseline -0.004 -13"><span class='ocrx_word' id='word_1_503' title='bbox 407 4223 500 4294; x_wconf 71' lang='grc' dir='ltr'><strong>(π)</strong></span> <span class='ocrx_word' id='word_1_504' title='bbox 549 4222 684 4279; x_wconf 75' lang='lat' dir='ltr'><strong>CAP.</strong></span> <span class='ocrx_word' id='word_1_505' title='bbox 727 4221 798 4277; x_wconf 93' lang='lat' dir='ltr'><strong>II.</strong></span> <span class='ocrx_word' id='word_1_506' title='bbox 851 4251 921 4260; x_wconf 91' lang='lat'><strong>—-</strong></span> <span class='ocrx_word' id='word_1_507' title='bbox 971 4221 1046 4274; x_wconf 84' lang='lat' dir='ltr'><strong>In</strong></span> <span class='ocrx_word' id='word_1_508' title='bbox 1091 4219 1316 4274; x_wconf 75' lang='lat' dir='ltr'><strong>civitate</strong></span> <span class='ocrx_word' id='word_1_509' title='bbox 1367 4219 1718 4276; x_wconf 69' lang='lat' dir='ltr'><strong>Tricassium</strong></span> <span class='ocrx_word' id='word_1_510' title='bbox 1772 4223 2036 4294; x_wconf 81' lang='lat' dir='ltr'><strong>coegerat</strong></span> 
     </span>
    </p>
   </div>
   <div class='ocr_carea' id='block_1_75' title="bbox 331 4308 2029 4379">
    <p class='ocr_par' dir='ltr' id='par_1_75' title="bbox 331 4308 2029 4379">
     <span class='ocr_line' id='line_1_75' title="bbox 331 4308 2029 4379; baseline 0 -13"><span class='ocrx_word' id='word_1_511' title='bbox 331 4308 662 4366; x_wconf 77' lang='lat' dir='ltr'><strong>concilium.</strong></span> <span class='ocrx_word' id='word_1_512' title='bbox 705 4309 1048 4379; x_wconf 83' lang='lat' dir='ltr'><strong>Expressius</strong></span> <span class='ocrx_word' id='word_1_513' title='bbox 1087 4308 1176 4364; x_wconf 92' lang='lat' dir='ltr'><strong>his</strong></span> <span class='ocrx_word' id='word_1_514' title='bbox 1224 4309 1286 4364; x_wconf 93' lang='lat' dir='ltr'><strong>B.</strong></span> <span class='ocrx_word' id='word_1_515' title='bbox 1334 4308 1621 4366; x_wconf 86' lang='lat' dir='ltr'><strong>Godefridi</strong></span> <span class='ocrx_word' id='word_1_516' title='bbox 1675 4311 2029 4379; x_wconf 90' lang='lat' dir='ltr'><strong>electionem,</strong></span> 
     </span>
    </p>
   </div>
   <div class='ocr_carea' id='block_1_76' title="bbox 2148 3161 3851 3234">
    <p class='ocr_par' dir='ltr' id='par_1_76' title="bbox 2148 3161 3851 3234">
     <span class='ocr_line' id='line_1_76' title="bbox 2148 3161 3851 3234; baseline -0.001 -18"><span class='ocrx_word' id='word_1_517' title='bbox 2148 3161 2506 3217; x_wconf 83' lang='lat' dir='ltr'><strong>auxeriinus.</strong></span> <span class='ocrx_word' id='word_1_518' title='bbox 2557 3161 2718 3229; x_wconf 89' lang='lat' dir='ltr'><strong>Quod</strong></span> <span class='ocrx_word' id='word_1_519' title='bbox 2755 3176 2892 3234; x_wconf 89' lang='lat' dir='ltr'><strong>ergo</strong></span> <span class='ocrx_word' id='word_1_520' title='bbox 2938 3163 3021 3218; x_wconf 91' lang='lat' dir='ltr'><strong>eis</strong></span> <span class='ocrx_word' id='word_1_521' title='bbox 3068 3170 3263 3218; x_wconf 91' lang='lat' dir='ltr'><strong>nostra</strong></span> <span class='ocrx_word' id='word_1_522' title='bbox 3320 3161 3699 3218; x_wconf 80' lang='lat' dir='ltr'><strong>beneficentia</strong></span> <span class='ocrx_word' id='word_1_523' title='bbox 3751 3176 3851 3231; x_wconf 90' lang='lat' dir='ltr'><strong>pro</strong></span> 
     </span>
    </p>
   </div>
   <div class='ocr_carea' id='block_1_77' title="bbox 2147 3248 3849 3320">
    <p class='ocr_par' dir='ltr' id='par_1_77' title="bbox 2147 3248 3849 3320">
     <span class='ocr_line' id='line_1_77' title="bbox 2147 3248 3849 3320; baseline -0.001 -16"><span class='ocrx_word' id='word_1_524' title='bbox 2147 3249 2246 3305; x_wconf 91' lang='lat' dir='ltr'><strong>Dei</strong></span> <span class='ocrx_word' id='word_1_525' title='bbox 2292 3261 2486 3305; x_wconf 91' lang='lat' dir='ltr'><strong>amore</strong></span> <span class='ocrx_word' id='word_1_526' title='bbox 2531 3249 2792 3317; x_wconf 89' lang='lat' dir='ltr'><strong>contulit,</strong></span> <span class='ocrx_word' id='word_1_527' title='bbox 2843 3249 3130 3305; x_wconf 89' lang='lat' dir='ltr'><strong>memoria</strong></span> <span class='ocrx_word' id='word_1_528' title='bbox 3178 3249 3390 3320; x_wconf 91' lang='lat' dir='ltr'><strong>placuit</strong></span> <span class='ocrx_word' id='word_1_529' title='bbox 3456 3248 3657 3305; x_wconf 90' lang='lat' dir='ltr'><strong>litteris</strong></span> <span class='ocrx_word' id='word_1_530' title='bbox 3711 3251 3849 3305; x_wconf 82' lang='lat' dir='ltr'><strong>assi—</strong></span> 
     </span>
    </p>
   </div>
   <div class='ocr_carea' id='block_1_78' title="bbox 2147 3337 3847 3409">
    <p class='ocr_par' dir='ltr' id='par_1_78' title="bbox 2147 3337 3847 3409">
     <span class='ocr_line' id='line_1_78' title="bbox 2147 3337 3847 3409; baseline 0 -17"><span class='ocrx_word' id='word_1_531' title='bbox 2147 3351 2345 3409; x_wconf 87' lang='lat' dir='ltr'><strong>gnare,</strong></span> <span class='ocrx_word' id='word_1_532' title='bbox 2381 3351 2454 3392; x_wconf 91' lang='lat' dir='ltr'><strong>ne</strong></span> <span class='ocrx_word' id='word_1_533' title='bbox 2495 3337 2805 3408; x_wconf 88' lang='lat' dir='ltr'><strong>posteritati</strong></span> <span class='ocrx_word' id='word_1_534' title='bbox 2855 3337 3178 3408; x_wconf 88' lang='lat' dir='ltr'><strong>quidquam</strong></span> <span class='ocrx_word' id='word_1_535' title='bbox 3233 3338 3319 3394; x_wconf 91' lang='lat' dir='ltr'><strong>vel</strong></span> <span class='ocrx_word' id='word_1_536' title='bbox 3361 3337 3716 3408; x_wconf 87' lang='lat' dir='ltr'><strong>ignorantia,</strong></span> <span class='ocrx_word' id='word_1_537' title='bbox 3763 3338 3847 3393; x_wconf 88' lang='lat' dir='ltr'><strong>vel</strong></span> 
     </span>
    </p>
   </div>
   <div class='ocr_carea' id='block_1_79' title="bbox 2145 3425 2897 3483">
    <p class='ocr_par' dir='ltr' id='par_1_79' title="bbox 2145 3425 2897 3483">
     <span class='ocr_line' id='line_1_79' title="bbox 2145 3425 2897 3483; baseline -0.004 0"><span class='ocrx_word' id='word_1_538' title='bbox 2145 3427 2364 3483; x_wconf 89' lang='lat' dir='ltr'><strong>malitia</strong></span> <span class='ocrx_word' id='word_1_539' title='bbox 2389 3425 2553 3482; x_wconf 89' lang='lat' dir='ltr'><strong>liceat</strong></span> <span class='ocrx_word' id='word_1_540' title='bbox 2583 3426 2897 3483; x_wconf 89' lang='lat' dir='ltr'><strong>demutare.</strong></span> 
     </span>
    </p>
   </div>
   <div class='ocr_carea' id='block_1_80' title="bbox 2218 3514 3850 3584">
    <p class='ocr_par' dir='ltr' id='par_1_80' title="bbox 2218 3514 3850 3584">
     <span class='ocr_line' id='line_1_80' title="bbox 2218 3514 3850 3584; baseline 0.002 -19"><span class='ocrx_word' id='word_1_541' title='bbox 2218 3533 2248 3565; x_wconf 82' lang='grc'><strong>«</strong></span> <span class='ocrx_word' id='word_1_542' title='bbox 2296 3516 2544 3570; x_wconf 87' lang='lat' dir='ltr'><strong>Praerat</strong></span> <span class='ocrx_word' id='word_1_543' title='bbox 2583 3514 2867 3584; x_wconf 91' lang='lat' dir='ltr'><strong>siquidem</strong></span> <span class='ocrx_word' id='word_1_544' title='bbox 2917 3514 2996 3570; x_wconf 92' lang='lat' dir='ltr'><strong>illi</strong></span> <span class='ocrx_word' id='word_1_545' title='bbox 3031 3515 3375 3572; x_wconf 86' lang='lat' dir='ltr'><strong>monasterio</strong></span> <span class='ocrx_word' id='word_1_546' title='bbox 3421 3514 3670 3570; x_wconf 89' lang='lat' dir='ltr'><strong>domnus</strong></span> <span class='ocrx_word' id='word_1_547' title='bbox 3721 3515 3850 3570; x_wconf 81' lang='lat' dir='ltr'><strong>Wi-</strong></span> 
     </span>
    </p>
   </div>
   <div class='ocr_carea' id='block_1_81' title="bbox 2147 3602 3855 3672">
    <p class='ocr_par' dir='ltr' id='par_1_81' title="bbox 2147 3602 3855 3672">
     <span class='ocr_line' id='line_1_81' title="bbox 2147 3602 3855 3672; baseline -0.001 -14"><span class='ocrx_word' id='word_1_548' title='bbox 2147 3602 2344 3658; x_wconf 89' lang='lat' dir='ltr'><strong>bertus</strong></span> <span class='ocrx_word' id='word_1_549' title='bbox 2373 3602 2572 3670; x_wconf 88' lang='lat' dir='ltr'><strong>abbas,</strong></span> <span class='ocrx_word' id='word_1_550' title='bbox 2618 3603 2721 3672; x_wconf 92' lang='lat' dir='ltr'><strong>qui</strong></span> <span class='ocrx_word' id='word_1_551' title='bbox 2766 3602 3068 3672; x_wconf 90' lang='lat' dir='ltr'><strong>sapientia,</strong></span> <span class='ocrx_word' id='word_1_552' title='bbox 3113 3610 3167 3658; x_wconf 91' lang='lat' dir='ltr'><strong>et</strong></span> <span class='ocrx_word' id='word_1_553' title='bbox 3216 3603 3538 3658; x_wconf 89' lang='lat' dir='ltr'><strong>innocentia</strong></span> <span class='ocrx_word' id='word_1_554' title='bbox 3585 3617 3699 3658; x_wconf 88' lang='lat' dir='ltr'><strong>sua</strong></span> <span class='ocrx_word' id='word_1_555' title='bbox 3752 3617 3855 3658; x_wconf 83' lang='lat' dir='ltr'><strong>nos</strong></span> 
     </span>
    </p>
   </div>
   <div class='ocr_carea' id='block_1_82' title="bbox 2145 3691 3854 3762">
    <p class='ocr_par' dir='ltr' id='par_1_82' title="bbox 2145 3691 3854 3762">
     <span class='ocr_line' id='line_1_82' title="bbox 2145 3691 3854 3762; baseline 0 -16"><span class='ocrx_word' id='word_1_556' title='bbox 2145 3691 2253 3746; x_wconf 90' lang='lat' dir='ltr'><strong>sibi</strong></span> <span class='ocrx_word' id='word_1_557' title='bbox 2285 3691 2452 3746; x_wconf 91' lang='lat' dir='ltr'><strong>valde</strong></span> <span class='ocrx_word' id='word_1_558' title='bbox 2493 3691 2937 3762; x_wconf 89' lang='lat' dir='ltr'><strong>conglutinavit.</strong></span> <span class='ocrx_word' id='word_1_559' title='bbox 2969 3705 3005 3746; x_wconf 90' lang='lat' dir='ltr'><strong>a</strong></span> <span class='ocrx_word' id='word_1_560' title='bbox 3037 3706 3154 3762; x_wconf 90' lang='lat' dir='ltr'><strong>quo</strong></span> <span class='ocrx_word' id='word_1_561' title='bbox 3198 3699 3434 3762; x_wconf 88' lang='lat' dir='ltr'><strong>rogatus</strong></span> <span class='ocrx_word' id='word_1_562' title='bbox 3461 3705 3612 3755; x_wconf 90' lang='lat' dir='ltr'><strong>sum,</strong></span> <span class='ocrx_word' id='word_1_563' title='bbox 3661 3700 3736 3747; x_wconf 85' lang='lat' dir='ltr'><strong>ut</strong></span> <span class='ocrx_word' id='word_1_564' title='bbox 3764 3693 3854 3746; x_wconf 90' lang='lat' dir='ltr'><strong>al-</strong></span> 
     </span>
    </p>
   </div>
   <div class='ocr_carea' id='block_1_83' title="bbox 2147 3779 3854 3850">
    <p class='ocr_par' dir='ltr' id='par_1_83' title="bbox 2147 3779 3854 3850">
     <span class='ocr_line' id='line_1_83' title="bbox 2147 3779 3854 3850; baseline -0.001 -15"><span class='ocrx_word' id='word_1_565' title='bbox 2147 3787 2268 3836; x_wconf 91' lang='lat' dir='ltr'><strong>tare</strong></span> <span class='ocrx_word' id='word_1_566' title='bbox 2295 3780 2364 3836; x_wconf 92' lang='lat' dir='ltr'><strong>de</strong></span> <span class='ocrx_word' id='word_1_567' title='bbox 2393 3779 2550 3847; x_wconf 91' lang='lat' dir='ltr'><strong>villa,</strong></span> <span class='ocrx_word' id='word_1_568' title='bbox 2579 3794 2710 3849; x_wconf 86' lang='lat' dir='ltr'><strong>qua</strong></span> <span class='ocrx_word' id='word_1_569' title='bbox 2748 3779 2962 3836; x_wconf 90' lang='lat' dir='ltr'><strong>dicitur</strong></span> <span class='ocrx_word' id='word_1_570' title='bbox 3003 3781 3208 3848; x_wconf 90' lang='lat' dir='ltr'><strong>Creeis,</strong></span> <span class='ocrx_word' id='word_1_571' title='bbox 3261 3781 3413 3850; x_wconf 90' lang='lat' dir='ltr'><strong>quod</strong></span> <span class='ocrx_word' id='word_1_572' title='bbox 3463 3779 3706 3849; x_wconf 89' lang='lat' dir='ltr'><strong>quidam</strong></span> <span class='ocrx_word' id='word_1_573' title='bbox 3746 3795 3854 3850; x_wconf 90' lang='lat' dir='ltr'><strong>po-</strong></span> 
     </span>
    </p>
   </div>
   <div class='ocr_carea' id='block_1_84' title="bbox 2145 3869 3853 3936">
    <p class='ocr_par' dir='ltr' id='par_1_84' title="bbox 2145 3869 3853 3936">
     <span class='ocr_line' id='line_1_84' title="bbox 2145 3869 3853 3936; baseline -0.001 -12"><span class='ocrx_word' id='word_1_574' title='bbox 2145 3869 2410 3936; x_wconf 90' lang='lat' dir='ltr'><strong>tentium,</strong></span> <span class='ocrx_word' id='word_1_575' title='bbox 2460 3870 2697 3924; x_wconf 91' lang='lat' dir='ltr'><strong>nomine</strong></span> <span class='ocrx_word' id='word_1_576' title='bbox 2742 3869 2912 3925; x_wconf 88' lang='lat' dir='ltr'><strong>Wido</strong></span> <span class='ocrx_word' id='word_1_577' title='bbox 2960 3869 3224 3926; x_wconf 89' lang='lat' dir='ltr'><strong>Widonis</strong></span> <span class='ocrx_word' id='word_1_578' title='bbox 3260 3869 3330 3926; x_wconf 91' lang='lat' dir='ltr'><strong>de</strong></span> <span class='ocrx_word' id='word_1_579' title='bbox 3389 3869 3623 3926; x_wconf 87' lang='lat' dir='ltr'><strong>Cociaco</strong></span> <span class='ocrx_word' id='word_1_580' title='bbox 3670 3869 3853 3933; x_wconf 81' lang='lat' dir='ltr'><strong>ﬁlius,</strong></span> 
     </span>
    </p>
   </div>
   <div class='ocr_carea' id='block_1_85' title="bbox 2143 3956 3856 4028">
    <p class='ocr_par' dir='ltr' id='par_1_85' title="bbox 2143 3956 3856 4028">
     <span class='ocr_line' id='line_1_85' title="bbox 2143 3956 3856 4028; baseline 0 -15"><span class='ocrx_word' id='word_1_581' title='bbox 2143 3965 2200 4013; x_wconf 90' lang='lat' dir='ltr'><strong>et</strong></span> <span class='ocrx_word' id='word_1_582' title='bbox 2229 3956 2517 4028; x_wconf 88' lang='lat' dir='ltr'><strong>majorum</strong></span> <span class='ocrx_word' id='word_1_583' title='bbox 2550 3956 2844 4025; x_wconf 82' lang='lat' dir='ltr'><strong>beneficio,</strong></span> <span class='ocrx_word' id='word_1_584' title='bbox 2885 3971 2920 4012; x_wconf 91' lang='lat' dir='ltr'><strong>a</strong></span> <span class='ocrx_word' id='word_1_585' title='bbox 2950 3957 3133 4024; x_wconf 90' lang='lat' dir='ltr'><strong>nobis,</strong></span> <span class='ocrx_word' id='word_1_586' title='bbox 3167 3965 3220 4014; x_wconf 91' lang='lat' dir='ltr'><strong>et</strong></span> <span class='ocrx_word' id='word_1_587' title='bbox 3251 3958 3324 4014; x_wconf 90' lang='lat' dir='ltr'><strong>ab</strong></span> <span class='ocrx_word' id='word_1_588' title='bbox 3369 3957 3620 4013; x_wconf 88' lang='lat' dir='ltr'><strong>Ecclesia</strong></span> <span class='ocrx_word' id='word_1_589' title='bbox 3645 3967 3856 4013; x_wconf 87' lang='lat' dir='ltr'><strong>nostra</strong></span> 
     </span>
    </p>
   </div>
   <div class='ocr_carea' id='block_1_86' title="bbox 2144 4045 3851 4112">
    <p class='ocr_par' dir='ltr' id='par_1_86' title="bbox 2144 4045 3851 4112">
     <span class='ocr_line' id='line_1_86' title="bbox 2144 4045 3851 4112; baseline -0.001 -11"><span class='ocrx_word' id='word_1_590' title='bbox 2144 4045 2394 4112; x_wconf 91' lang='lat' dir='ltr'><strong>tenebat,</strong></span> <span class='ocrx_word' id='word_1_591' title='bbox 2453 4045 2636 4101; x_wconf 91' lang='lat' dir='ltr'><strong>eidem</strong></span> <span class='ocrx_word' id='word_1_592' title='bbox 2682 4045 3024 4102; x_wconf 90' lang='lat' dir='ltr'><strong>monasterio</strong></span> <span class='ocrx_word' id='word_1_593' title='bbox 3088 4045 3423 4102; x_wconf 88' lang='lat' dir='ltr'><strong>conferrem.</strong></span> <span class='ocrx_word' id='word_1_594' title='bbox 3483 4045 3637 4101; x_wconf 85' lang='lat' dir='ltr'><strong>Idem</strong></span> <span class='ocrx_word' id='word_1_595' title='bbox 3691 4048 3851 4102; x_wconf 87' lang='lat' dir='ltr'><strong>enim</strong></span> 
     </span>
    </p>
   </div>
   <div class='ocr_carea' id='block_1_87' title="bbox 2145 4133 3854 4204">
    <p class='ocr_par' dir='ltr' id='par_1_87' title="bbox 2145 4133 3854 4204">
     <span class='ocr_line' id='line_1_87' title="bbox 2145 4133 3854 4204; baseline -0.002 -14"><span class='ocrx_word' id='word_1_596' title='bbox 2145 4133 2320 4190; x_wconf 90' lang='lat' dir='ltr'><strong>abbas</strong></span> <span class='ocrx_word' id='word_1_597' title='bbox 2354 4133 2618 4204; x_wconf 88' lang='lat' dir='ltr'><strong>religioso</strong></span> <span class='ocrx_word' id='word_1_598' title='bbox 2643 4149 2762 4204; x_wconf 90' lang='lat' dir='ltr'><strong>quo</strong></span> <span class='ocrx_word' id='word_1_599' title='bbox 2808 4133 3057 4204; x_wconf 88' lang='lat' dir='ltr'><strong>pollebat</strong></span> <span class='ocrx_word' id='word_1_600' title='bbox 3097 4133 3354 4202; x_wconf 91' lang='lat' dir='ltr'><strong>consilio,</strong></span> <span class='ocrx_word' id='word_1_601' title='bbox 3385 4147 3518 4190; x_wconf 90' lang='lat' dir='ltr'><strong>cum</strong></span> <span class='ocrx_word' id='word_1_602' title='bbox 3553 4134 3854 4203; x_wconf 81' lang='lat' dir='ltr'><strong>pradictis</strong></span> 
     </span>
    </p>
   </div>
   <div class='ocr_carea' id='block_1_88' title="bbox 2145 4221 3852 4292">
    <p class='ocr_par' dir='ltr' id='par_1_88' title="bbox 2145 4221 3852 4292">
     <span class='ocr_line' id='line_1_88' title="bbox 2145 4221 3852 4292; baseline 0 -14"><span class='ocrx_word' id='word_1_603' title='bbox 2145 4223 2389 4278; x_wconf 87' lang='lat' dir='ltr'><strong>Widone</strong></span> <span class='ocrx_word' id='word_1_604' title='bbox 2418 4229 2784 4291; x_wconf 88' lang='lat' dir='ltr'><strong>traetaverat,</strong></span> <span class='ocrx_word' id='word_1_605' title='bbox 2818 4230 2883 4280; x_wconf 89' lang='lat' dir='ltr'><strong>ut</strong></span> <span class='ocrx_word' id='word_1_606' title='bbox 2930 4221 3109 4279; x_wconf 87' lang='lat' dir='ltr'><strong>altare</strong></span> <span class='ocrx_word' id='word_1_607' title='bbox 3151 4222 3295 4278; x_wconf 90' lang='lat' dir='ltr'><strong>illud</strong></span> <span class='ocrx_word' id='word_1_608' title='bbox 3332 4221 3620 4292; x_wconf 88' lang='lat' dir='ltr'><strong>possidere</strong></span> <span class='ocrx_word' id='word_1_609' title='bbox 3659 4221 3852 4278; x_wconf 86' lang='lat' dir='ltr'><strong>laicus</strong></span> 
     </span>
    </p>
   </div>
   <div class='ocr_carea' id='block_1_89' title="bbox 2147 4310 3854 4382">
    <p class='ocr_par' dir='ltr' id='par_1_89' title="bbox 2147 4310 3854 4382">
     <span class='ocr_line' id='line_1_89' title="bbox 2147 4310 3854 4382; baseline -0.001 -14"><span class='ocrx_word' id='word_1_610' title='bbox 2147 4310 2467 4382; x_wconf 88' lang='lat' dir='ltr'><strong>periculum</strong></span> <span class='ocrx_word' id='word_1_611' title='bbox 2538 4311 2813 4380; x_wconf 89' lang='lat' dir='ltr'><strong>crederet,</strong></span> <span class='ocrx_word' id='word_1_612' title='bbox 2865 4319 3178 4382; x_wconf 89' lang='lat' dir='ltr'><strong>egeratque</strong></span> <span class='ocrx_word' id='word_1_613' title='bbox 3223 4319 3288 4368; x_wconf 92' lang='lat' dir='ltr'><strong>ut</strong></span> <span class='ocrx_word' id='word_1_614' title='bbox 3351 4310 3585 4380; x_wconf 72' lang='lat' dir='ltr'><strong>praefato</strong></span> <span class='ocrx_word' id='word_1_615' title='bbox 3629 4324 3854 4367; x_wconf 87' lang='lat' dir='ltr'><strong>mona-</strong></span> 
     </span>
    </p>
   </div>
   <div class='ocr_carea' id='block_1_90' title="bbox 331 4385 3850 4472">
    <p class='ocr_par' dir='ltr' id='par_1_90' title="bbox 331 4385 3850 4472">
     <span class='ocr_line' id='line_1_90' title="bbox 331 4385 3850 4472; baseline -0.001 -14"><span class='ocrx_word' id='word_1_616' title='bbox 331 4399 678 4470; x_wconf 88' lang='lat' dir='ltr'><strong>conciliique</strong></span> <span class='ocrx_word' id='word_1_617' title='bbox 721 4412 958 4456; x_wconf 87' lang='lat' dir='ltr'><strong>causam</strong></span> <span class='ocrx_word' id='word_1_618' title='bbox 999 4399 1270 4456; x_wconf 89' lang='lat' dir='ltr'><strong>denotant</strong></span> <span class='ocrx_word' id='word_1_619' title='bbox 1331 4399 1619 4463; x_wconf 88' lang='lat' dir='ltr'><strong>Nicolaus,</strong></span> <span class='ocrx_word' id='word_1_620' title='bbox 1667 4400 1812 4458; x_wconf 83' lang='lat' dir='ltr'><strong>Vita</strong></span> <span class='ocrx_word' id='word_1_621' title='bbox 1868 4399 2030 4472; x_wconf 89' lang='lat' dir='ltr'><strong>ejus—</strong></span> <span class='ocrx_word' id='word_1_622' title='bbox 2068 4385 2112 4440; x_wconf 74' lang='grc' dir='ltr'><strong>ί)</strong></span> <span class='ocrx_word' id='word_1_623' title='bbox 2143 4401 2310 4458; x_wconf 88' lang='lat' dir='ltr'><strong>sterio</strong></span> <span class='ocrx_word' id='word_1_624' title='bbox 2341 4415 2444 4470; x_wconf 89' lang='lat' dir='ltr'><strong>pro</strong></span> <span class='ocrx_word' id='word_1_625' title='bbox 2486 4400 2673 4456; x_wconf 89' lang='lat' dir='ltr'><strong>salute</strong></span> <span class='ocrx_word' id='word_1_626' title='bbox 2719 4415 2826 4457; x_wconf 89' lang='lat' dir='ltr'><strong>sua</strong></span> <span class='ocrx_word' id='word_1_627' title='bbox 2869 4401 3012 4468; x_wconf 87' lang='lat' dir='ltr'><strong>illud</strong></span> <span class='ocrx_word' id='word_1_628' title='bbox 3057 4400 3338 4457; x_wconf 90' lang='lat' dir='ltr'><strong>redderet.</strong></span> <span class='ocrx_word' id='word_1_629' title='bbox 3384 4399 3440 4455; x_wconf 91' lang='lat' dir='ltr'><strong>Si</strong></span> <span class='ocrx_word' id='word_1_630' title='bbox 3483 4407 3680 4456; x_wconf 87' lang='lat' dir='ltr'><strong>tamen</strong></span> <span class='ocrx_word' id='word_1_631' title='bbox 3714 4414 3850 4472; x_wconf 88' lang='lat' dir='ltr'><strong>ego,</strong></span> 
     </span>
    </p>
   </div>
   <div class='ocr_carea' id='block_1_91' title="bbox 331 4485 2024 4559">
    <p class='ocr_par' dir='ltr' id='par_1_91' title="bbox 331 4485 2024 4559">
     <span class='ocr_line' id='line_1_91' title="bbox 331 4485 2024 4559; baseline -0.001 -15"><span class='ocrx_word' id='word_1_632' title='bbox 331 4488 464 4545; x_wconf 90' lang='lat' dir='ltr'><strong>dem</strong></span> <span class='ocrx_word' id='word_1_633' title='bbox 509 4485 797 4544; x_wconf 90' lang='lat' dir='ltr'><strong>Godefridi</strong></span> <span class='ocrx_word' id='word_1_634' title='bbox 842 4486 938 4542; x_wconf 91' lang='lat' dir='ltr'><strong>lib.</strong></span> <span class='ocrx_word' id='word_1_635' title='bbox 987 4501 1024 4556; x_wconf 85' lang='grc' dir='ltr'><strong>ι,</strong></span> <span class='ocrx_word' id='word_1_636' title='bbox 1083 4501 1210 4558; x_wconf 90' lang='lat' dir='ltr'><strong>cap.</strong></span> <span class='ocrx_word' id='word_1_637' title='bbox 1255 4489 1366 4557; x_wconf 89' lang='lat'><strong>30;</strong></span> <span class='ocrx_word' id='word_1_638' title='bbox 1421 4487 1517 4544; x_wconf 91' lang='lat' dir='ltr'><strong>lvo</strong></span> <span class='ocrx_word' id='word_1_639' title='bbox 1567 4487 1798 4546; x_wconf 86' lang='lat' dir='ltr'><strong>Carnot.</strong></span> <span class='ocrx_word' id='word_1_640' title='bbox 1860 4489 2024 4559; x_wconf 90' lang='lat' dir='ltr'><strong>epist.</strong></span> 
     </span>
    </p>
   </div>
   <div class='ocr_carea' id='block_1_92' title="bbox 331 4575 2028 4646">
    <p class='ocr_par' dir='ltr' id='par_1_92' title="bbox 331 4575 2028 4646">
     <span class='ocr_line' id='line_1_92' title="bbox 331 4575 2028 4646; baseline 0.001 -16"><span class='ocrx_word' id='word_1_641' title='bbox 331 4578 436 4632; x_wconf 83' lang='lat'><strong>208</strong></span> <span class='ocrx_word' id='word_1_642' title='bbox 487 4575 559 4632; x_wconf 89' lang='lat' dir='ltr'><strong>ad</strong></span> <span class='ocrx_word' id='word_1_643' title='bbox 627 4575 959 4632; x_wconf 88' lang='lat' dir='ltr'><strong>Paschalem</strong></span> <span class='ocrx_word' id='word_1_644' title='bbox 1030 4589 1259 4646; x_wconf 89' lang='lat' dir='ltr'><strong>papam.</strong></span> <span class='ocrx_word' id='word_1_645' title='bbox 1326 4575 1432 4631; x_wconf 90' lang='lat' dir='ltr'><strong>Sed</strong></span> <span class='ocrx_word' id='word_1_646' title='bbox 1497 4583 1552 4632; x_wconf 92' lang='lat' dir='ltr'><strong>et</strong></span> <span class='ocrx_word' id='word_1_647' title='bbox 1620 4577 1910 4634; x_wconf 86' lang='lat' dir='ltr'><strong>Guillelm.</strong></span> <span class='ocrx_word' id='word_1_648' title='bbox 1959 4577 2028 4633; x_wconf 90' lang='lat' dir='ltr'><strong>de</strong></span> 
     </span>
    </p>
   </div>
   <div class='ocr_carea' id='block_1_93' title="bbox 328 4663 2024 4737">
    <p class='ocr_par' dir='ltr' id='par_1_93' title="bbox 328 4663 2024 4737">
     <span class='ocr_line' id='line_1_93' title="bbox 328 4663 2024 4737; baseline 0 -16"><span class='ocrx_word' id='word_1_649' title='bbox 328 4665 570 4737; x_wconf 90' lang='lat' dir='ltr'><strong>Nangis,</strong></span> <span class='ocrx_word' id='word_1_650' title='bbox 612 4663 754 4722; x_wconf 85' lang='lat' dir='ltr'><strong>Hist.</strong></span> <span class='ocrx_word' id='word_1_651' title='bbox 781 4677 888 4720; x_wconf 91' lang='lat' dir='ltr'><strong>ms.</strong></span> <span class='ocrx_word' id='word_1_652' title='bbox 913 4663 986 4719; x_wconf 90' lang='lat' dir='ltr'><strong>ad</strong></span> <span class='ocrx_word' id='word_1_653' title='bbox 1013 4677 1236 4720; x_wconf 89' lang='lat' dir='ltr'><strong>annum</strong></span> <span class='ocrx_word' id='word_1_654' title='bbox 1273 4666 1408 4718; x_wconf 88' lang='grc'><strong>1109</strong></span> <span class='ocrx_word' id='word_1_655' title='bbox 1438 4679 1451 4718; x_wconf 91' lang='lat'><strong><em>:</em></strong></span> <span class='ocrx_word' id='word_1_656' title='bbox 1479 4685 1502 4713; x_wconf 71' lang='grc' dir='ltr'><strong><em>α</em></strong></span> <span class='ocrx_word' id='word_1_657' title='bbox 1537 4665 1829 4720; x_wconf 89' lang='lat' dir='ltr'><strong>Paschalis</strong></span> <span class='ocrx_word' id='word_1_658' title='bbox 1856 4679 2024 4736; x_wconf 90' lang='lat' dir='ltr'><strong>papa,</strong></span> 
     </span>
    </p>
   </div>
   <div class='ocr_carea' id='block_1_94' title="bbox 328 4747 2028 4822">
    <p class='ocr_par' dir='ltr' id='par_1_94' title="bbox 328 4747 2028 4822">
     <span class='ocr_line' id='line_1_94' title="bbox 328 4747 2028 4822; baseline -0.001 -17"><span class='ocrx_word' id='word_1_659' title='bbox 328 4749 541 4822; x_wconf 90' lang='lat' dir='ltr'><strong>inquit,</strong></span> <span class='ocrx_word' id='word_1_660' title='bbox 594 4749 752 4806; x_wconf 88' lang='lat' dir='ltr'><strong>venit</strong></span> <span class='ocrx_word' id='word_1_661' title='bbox 796 4749 856 4804; x_wconf 91' lang='lat' dir='ltr'><strong>in</strong></span> <span class='ocrx_word' id='word_1_662' title='bbox 911 4747 1238 4815; x_wconf 87' lang='lat' dir='ltr'><strong>Franciam,</strong></span> <span class='ocrx_word' id='word_1_663' title='bbox 1291 4755 1398 4804; x_wconf 88' lang='lat' dir='ltr'><strong>etc.</strong></span> <span class='ocrx_word' id='word_1_664' title='bbox 1447 4748 1555 4814; x_wconf 86' lang='lat' dir='ltr'><strong>Qui</strong></span> <span class='ocrx_word' id='word_1_665' title='bbox 1600 4763 1750 4820; x_wconf 91' lang='lat' dir='ltr'><strong>papa</strong></span> <span class='ocrx_word' id='word_1_666' title='bbox 1795 4763 1831 4806; x_wconf 92' lang='lat' dir='ltr'><strong>a</strong></span> <span class='ocrx_word' id='word_1_667' title='bbox 1895 4763 2028 4820; x_wconf 91' lang='lat' dir='ltr'><strong>rege</strong></span> 
     </span>
    </p>
   </div>
   <div class='ocr_carea' id='block_1_95' title="bbox 330 4835 2028 4906">
    <p class='ocr_par' dir='ltr' id='par_1_95' title="bbox 330 4835 2028 4906">
     <span class='ocr_line' id='line_1_95' title="bbox 330 4835 2028 4906; baseline -0.001 -12"><span class='ocrx_word' id='word_1_668' title='bbox 330 4839 684 4896; x_wconf 89' lang='lat' dir='ltr'><strong>Francorum</strong></span> <span class='ocrx_word' id='word_1_669' title='bbox 716 4835 1127 4894; x_wconf 86' lang='lat' dir='ltr'><strong>honorabiliter</strong></span> <span class='ocrx_word' id='word_1_670' title='bbox 1152 4842 1473 4906; x_wconf 89' lang='lat' dir='ltr'><strong>susceptus,</strong></span> <span class='ocrx_word' id='word_1_671' title='bbox 1504 4835 1746 4892; x_wconf 87' lang='lat' dir='ltr'><strong>diversis</strong></span> <span class='ocrx_word' id='word_1_672' title='bbox 1771 4837 2028 4892; x_wconf 87' lang='lat' dir='ltr'><strong>Francia</strong></span> 
     </span>
    </p>
   </div>
   <div class='ocr_carea' id='block_1_96' title="bbox 327 4923 2028 4999">
    <p class='ocr_par' dir='ltr' id='par_1_96' title="bbox 327 4923 2028 4999">
     <span class='ocr_line' id='line_1_96' title="bbox 327 4923 2028 4999; baseline 0 -15"><span class='ocrx_word' id='word_1_673' title='bbox 327 4925 468 4984; x_wconf 90' lang='lat' dir='ltr'><strong>locis</strong></span> <span class='ocrx_word' id='word_1_674' title='bbox 503 4927 825 4999; x_wconf 86' lang='lat' dir='ltr'><strong>peragratis</strong></span> <span class='ocrx_word' id='word_1_675' title='bbox 871 4924 1183 4981; x_wconf 91' lang='lat' dir='ltr'><strong>concilium</strong></span> <span class='ocrx_word' id='word_1_676' title='bbox 1226 4923 1556 4982; x_wconf 89' lang='lat' dir='ltr'><strong>universale</strong></span> <span class='ocrx_word' id='word_1_677' title='bbox 1602 4927 1755 4996; x_wconf 90' lang='lat' dir='ltr'><strong>apud</strong></span> <span class='ocrx_word' id='word_1_678' title='bbox 1822 4926 2028 4984; x_wconf 88' lang='lat' dir='ltr'><strong>Treeas</strong></span> 
     </span>
    </p>
   </div>
   <div class='ocr_carea' id='block_1_97' title="bbox 327 5013 2026 5086">
    <p class='ocr_par' dir='ltr' id='par_1_97' title="bbox 327 5013 2026 5086">
     <span class='ocr_line' id='line_1_97' title="bbox 327 5013 2026 5086; baseline 0 -16"><span class='ocrx_word' id='word_1_679' title='bbox 327 5015 642 5072; x_wconf 84' lang='lat' dir='ltr'><strong>honorifice</strong></span> <span class='ocrx_word' id='word_1_680' title='bbox 671 5015 1002 5076; x_wconf 86' lang='lat' dir='ltr'><strong>celebravit,</strong></span> <span class='ocrx_word' id='word_1_681' title='bbox 1030 5021 1086 5070; x_wconf 92' lang='lat' dir='ltr'><strong>et</strong></span> <span class='ocrx_word' id='word_1_682' title='bbox 1113 5026 1246 5069; x_wconf 91' lang='lat' dir='ltr'><strong>cum</strong></span> <span class='ocrx_word' id='word_1_683' title='bbox 1275 5025 1473 5069; x_wconf 90' lang='lat' dir='ltr'><strong>amore</strong></span> <span class='ocrx_word' id='word_1_684' title='bbox 1504 5013 1858 5070; x_wconf 87' lang='lat' dir='ltr'><strong>Francorum</strong></span> <span class='ocrx_word' id='word_1_685' title='bbox 1876 5057 1890 5084; x_wconf 92' lang='lat'><strong>,</strong></span> <span class='ocrx_word' id='word_1_686' title='bbox 1925 5015 2026 5086; x_wconf 90' lang='lat' dir='ltr'><strong>qui</strong></span> 
     </span>
    </p>
   </div>
   <div class='ocr_carea' id='block_1_98' title="bbox 329 5102 2024 5160">
    <p class='ocr_par' dir='ltr' id='par_1_98' title="bbox 329 5102 2024 5160">
     <span class='ocr_line' id='line_1_98' title="bbox 329 5102 2024 5160; baseline 0.001 -1"><span class='ocrx_word' id='word_1_687' title='bbox 329 5103 580 5159; x_wconf 90' lang='lat' dir='ltr'><strong>multum</strong></span> <span class='ocrx_word' id='word_1_688' title='bbox 609 5103 661 5159; x_wconf 90' lang='lat' dir='ltr'><strong>ei</strong></span> <span class='ocrx_word' id='word_1_689' title='bbox 691 5103 1011 5158; x_wconf 88' lang='lat' dir='ltr'><strong>servierant</strong></span> <span class='ocrx_word' id='word_1_690' title='bbox 1047 5109 1104 5158; x_wconf 92' lang='lat' dir='ltr'><strong>et</strong></span> <span class='ocrx_word' id='word_1_691' title='bbox 1151 5102 1353 5158; x_wconf 89' lang='lat' dir='ltr'><strong>timore</strong></span> <span class='ocrx_word' id='word_1_692' title='bbox 1412 5108 1468 5158; x_wconf 91' lang='lat' dir='ltr'><strong>et</strong></span> <span class='ocrx_word' id='word_1_693' title='bbox 1515 5102 1644 5158; x_wconf 91' lang='lat' dir='ltr'><strong>odio</strong></span> <span class='ocrx_word' id='word_1_694' title='bbox 1711 5103 2024 5160; x_wconf 84' lang='lat' dir='ltr'><strong>Theutoni-</strong></span> 
     </span>
    </p>
   </div>
   <div class='ocr_carea' id='block_1_99' title="bbox 327 5197 746 5260">
    <p class='ocr_par' dir='ltr' id='par_1_99' title="bbox 327 5197 746 5260">
     <span class='ocr_line' id='line_1_99' title="bbox 327 5197 746 5260; baseline -0.002 -13"><span class='ocrx_word' id='word_1_695' title='bbox 327 5203 547 5260; x_wconf 86' lang='lat' dir='ltr'><strong>eorum,</strong></span> <span class='ocrx_word' id='word_1_696' title='bbox 583 5211 606 5240; x_wconf 74' lang='grc' dir='ltr'><strong><em>ι</em></strong></span> <span class='ocrx_word' id='word_1_697' title='bbox 639 5197 746 5248; x_wconf 89' lang='lat' dir='ltr'><strong>etc.</strong></span> 
     </span>
    </p>
   </div>
   <div class='ocr_carea' id='block_1_100' title="bbox 399 5277 2024 5350">
    <p class='ocr_par' dir='ltr' id='par_1_100' title="bbox 399 5277 2024 5350">
     <span class='ocr_line' id='line_1_100' title="bbox 399 5277 2024 5350; baseline 0.002 -18"><span class='ocrx_word' id='word_1_698' title='bbox 399 5277 492 5350; x_wconf 78' lang='grc'><strong>(⁷⁵)</strong></span> <span class='ocrx_word' id='word_1_699' title='bbox 523 5279 658 5334; x_wconf 75' lang='lat' dir='ltr'><strong>CAP.</strong></span> <span class='ocrx_word' id='word_1_700' title='bbox 691 5279 786 5334; x_wconf 83' lang='grc' dir='ltr'><strong>ΙΙΙ.</strong></span> <span class='ocrx_word' id='word_1_701' title='bbox 818 5309 887 5318; x_wconf 90' lang='lat'><strong>—-</strong></span> <span class='ocrx_word' id='word_1_702' title='bbox 918 5279 1036 5333; x_wconf 82' lang='lat' dir='ltr'><strong>Pro</strong></span> <span class='ocrx_word' id='word_1_703' title='bbox 1059 5277 1176 5332; x_wconf 85' lang='lat' dir='ltr'><strong>mei</strong></span> <span class='ocrx_word' id='word_1_704' title='bbox 1201 5277 1468 5348; x_wconf 68' lang='lat' dir='ltr'><strong>auspicio</strong></span> <span class='ocrx_word' id='word_1_705' title='bbox 1495 5277 1747 5334; x_wconf 76' lang='lat' dir='ltr'><strong>haberet.</strong></span> <span class='ocrx_word' id='word_1_706' title='bbox 1792 5279 2024 5350; x_wconf 86' lang='lat' dir='ltr'><strong>Ejusce-</strong></span> 
     </span>
    </p>
   </div>
   <div class='ocr_carea' id='block_1_101' title="bbox 328 5366 2024 5438">
    <p class='ocr_par' dir='ltr' id='par_1_101' title="bbox 328 5366 2024 5438">
     <span class='ocr_line' id='line_1_101' title="bbox 328 5366 2024 5438; baseline -0.001 -14"><span class='ocrx_word' id='word_1_707' title='bbox 328 5366 482 5424; x_wconf 90' lang='lat' dir='ltr'><strong>modi</strong></span> <span class='ocrx_word' id='word_1_708' title='bbox 522 5366 886 5438; x_wconf 86' lang='lat' dir='ltr'><strong>prognostica</strong></span> <span class='ocrx_word' id='word_1_709' title='bbox 918 5366 1152 5436; x_wconf 89' lang='lat' dir='ltr'><strong>passim,</strong></span> <span class='ocrx_word' id='word_1_710' title='bbox 1198 5366 1454 5423; x_wconf 88' lang='lat' dir='ltr'><strong>Guiberti</strong></span> <span class='ocrx_word' id='word_1_711' title='bbox 1489 5367 1850 5436; x_wconf 89' lang='lat' dir='ltr'><strong>potissimum</strong></span> <span class='ocrx_word' id='word_1_712' title='bbox 1879 5375 2024 5423; x_wconf 89' lang='lat' dir='ltr'><strong>tem-</strong></span> 
     </span>
    </p>
   </div>
   <div class='ocr_carea' id='block_1_102' title="bbox 329 5455 2027 5528">
    <p class='ocr_par' dir='ltr' id='par_1_102' title="bbox 329 5455 2027 5528">
     <span class='ocr_line' id='line_1_102' title="bbox 329 5455 2027 5528; baseline 0 -16"><span class='ocrx_word' id='word_1_713' title='bbox 329 5463 544 5526; x_wconf 89' lang='lat' dir='ltr'><strong>pestate</strong></span> <span class='ocrx_word' id='word_1_714' title='bbox 573 5455 760 5528; x_wconf 88' lang='lat' dir='ltr'><strong>legere</strong></span> <span class='ocrx_word' id='word_1_715' title='bbox 784 5463 870 5512; x_wconf 90' lang='lat' dir='ltr'><strong>est</strong></span> <span class='ocrx_word' id='word_1_716' title='bbox 901 5455 960 5510; x_wconf 90' lang='lat' dir='ltr'><strong>in</strong></span> <span class='ocrx_word' id='word_1_717' title='bbox 1005 5456 1163 5511; x_wconf 78' lang='lat' dir='ltr'><strong>Actis</strong></span> <span class='ocrx_word' id='word_1_718' title='bbox 1200 5455 1562 5526; x_wconf 88' lang='lat' dir='ltr'><strong>antistitum;</strong></span> <span class='ocrx_word' id='word_1_719' title='bbox 1615 5457 1769 5514; x_wconf 90' lang='lat' dir='ltr'><strong>unde</strong></span> <span class='ocrx_word' id='word_1_720' title='bbox 1798 5457 2027 5514; x_wconf 90' lang='lat' dir='ltr'><strong>futuros</strong></span> 
     </span>
    </p>
   </div>
   <div class='ocr_carea' id='block_1_103' title="bbox 327 5541 2026 5614">
    <p class='ocr_par' dir='ltr' id='par_1_103' title="bbox 327 5541 2026 5614">
     <span class='ocr_line' id='line_1_103' title="bbox 327 5541 2026 5614; baseline 0.002 -16"><span class='ocrx_word' id='word_1_721' title='bbox 327 5555 515 5599; x_wconf 88' lang='lat' dir='ltr'><strong>mores</strong></span> <span class='ocrx_word' id='word_1_722' title='bbox 557 5541 741 5610; x_wconf 90' lang='lat' dir='ltr'><strong>electi,</strong></span> <span class='ocrx_word' id='word_1_723' title='bbox 791 5541 914 5598; x_wconf 89' lang='lat' dir='ltr'><strong>sive</strong></span> <span class='ocrx_word' id='word_1_724' title='bbox 958 5541 1229 5614; x_wconf 89' lang='lat' dir='ltr'><strong>episcopi,</strong></span> <span class='ocrx_word' id='word_1_725' title='bbox 1284 5543 1404 5600; x_wconf 91' lang='lat' dir='ltr'><strong>sive</strong></span> <span class='ocrx_word' id='word_1_726' title='bbox 1468 5543 1692 5602; x_wconf 90' lang='lat' dir='ltr'><strong>abbatis</strong></span> <span class='ocrx_word' id='word_1_727' title='bbox 1745 5544 2026 5614; x_wconf 89' lang='lat' dir='ltr'><strong>conjicere</strong></span> 
     </span>
    </p>
   </div>
   <div class='ocr_carea' id='block_1_104' title="bbox 328 5629 2018 5703">
    <p class='ocr_par' dir='ltr' id='par_1_104' title="bbox 328 5629 2018 5703">
     <span class='ocr_line' id='line_1_104' title="bbox 328 5629 2018 5703; baseline 0 -16"><span class='ocrx_word' id='word_1_728' title='bbox 328 5630 608 5689; x_wconf 88' lang='lat' dir='ltr'><strong>solebant.</strong></span> <span class='ocrx_word' id='word_1_729' title='bbox 655 5629 996 5688; x_wconf 86' lang='lat' dir='ltr'><strong>Guillelmus</strong></span> <span class='ocrx_word' id='word_1_730' title='bbox 1044 5630 1415 5688; x_wconf 75' lang='lat' dir='ltr'><strong>Malmesbur.</strong></span> <span class='ocrx_word' id='word_1_731' title='bbox 1466 5631 1566 5689; x_wconf 92' lang='lat' dir='ltr'><strong>lib.</strong></span> <span class='ocrx_word' id='word_1_732' title='bbox 1613 5645 1653 5700; x_wconf 83' lang='grc' dir='ltr'><strong>ι,</strong></span> <span class='ocrx_word' id='word_1_733' title='bbox 1695 5633 1774 5690; x_wconf 89' lang='lat' dir='ltr'><strong>De</strong></span> <span class='ocrx_word' id='word_1_734' title='bbox 1816 5632 2018 5703; x_wconf 82' lang='lat' dir='ltr'><strong>pontif.</strong></span> 
     </span>
    </p>
   </div>
   <div class='ocr_carea' id='block_1_105' title="bbox 2137 4487 3853 4560">
    <p class='ocr_par' dir='ltr' id='par_1_105' title="bbox 2137 4487 3853 4560">
     <span class='ocr_line' id='line_1_105' title="bbox 2137 4487 3853 4560; baseline -0.001 -15"><span class='ocrx_word' id='word_1_735' title='bbox 2137 4503 2210 4545; x_wconf 85' lang='lat' dir='ltr'><strong>ex</strong></span> <span class='ocrx_word' id='word_1_736' title='bbox 2240 4489 2412 4560; x_wconf 87' lang='lat' dir='ltr'><strong>cujus</strong></span> <span class='ocrx_word' id='word_1_737' title='bbox 2455 4487 2731 4544; x_wconf 85' lang='lat' dir='ltr'><strong>beneficio</strong></span> <span class='ocrx_word' id='word_1_738' title='bbox 2761 4495 2904 4555; x_wconf 87' lang='lat' dir='ltr'><strong>erat,</strong></span> <span class='ocrx_word' id='word_1_739' title='bbox 2949 4501 3288 4555; x_wconf 89' lang='lat' dir='ltr'><strong>annuerem,</strong></span> <span class='ocrx_word' id='word_1_740' title='bbox 3319 4496 3374 4544; x_wconf 90' lang='lat' dir='ltr'><strong>et</strong></span> <span class='ocrx_word' id='word_1_741' title='bbox 3399 4487 3713 4556; x_wconf 79' lang='lat' dir='ltr'><strong>efﬁcerem,</strong></span> <span class='ocrx_word' id='word_1_742' title='bbox 3743 4504 3853 4560; x_wconf 85' lang='lat' dir='ltr'><strong>ego</strong></span> 
     </span>
    </p>
   </div>
   <div class='ocr_carea' id='block_1_106' title="bbox 2137 4577 3853 4650">
    <p class='ocr_par' dir='ltr' id='par_1_106' title="bbox 2137 4577 3853 4650">
     <span class='ocr_line' id='line_1_106' title="bbox 2137 4577 3853 4650; baseline 0 -16"><span class='ocrx_word' id='word_1_743' title='bbox 2137 4592 2272 4634; x_wconf 88' lang='lat' dir='ltr'><strong>vere</strong></span> <span class='ocrx_word' id='word_1_744' title='bbox 2324 4592 2392 4634; x_wconf 91' lang='lat' dir='ltr'><strong>ac</strong></span> <span class='ocrx_word' id='word_1_745' title='bbox 2451 4577 2636 4634; x_wconf 91' lang='lat' dir='ltr'><strong>libens</strong></span> <span class='ocrx_word' id='word_1_746' title='bbox 2691 4577 2749 4634; x_wconf 90' lang='lat' dir='ltr'><strong>id</strong></span> <span class='ocrx_word' id='word_1_747' title='bbox 2794 4577 2990 4645; x_wconf 84' lang='lat' dir='ltr'><strong>effeci;</strong></span> <span class='ocrx_word' id='word_1_748' title='bbox 3055 4592 3244 4650; x_wconf 91' lang='lat' dir='ltr'><strong>neque</strong></span> <span class='ocrx_word' id='word_1_749' title='bbox 3291 4579 3443 4634; x_wconf 90' lang='lat' dir='ltr'><strong>enim</strong></span> <span class='ocrx_word' id='word_1_750' title='bbox 3499 4579 3608 4634; x_wconf 92' lang='lat' dir='ltr'><strong>hoc</strong></span> <span class='ocrx_word' id='word_1_751' title='bbox 3663 4577 3853 4634; x_wconf 90' lang='lat' dir='ltr'><strong>intel-</strong></span> 
     </span>
    </p>
   </div>
   <div class='ocr_carea' id='block_1_107' title="bbox 2138 4665 3854 4735">
    <p class='ocr_par' dir='ltr' id='par_1_107' title="bbox 2138 4665 3854 4735">
     <span class='ocr_line' id='line_1_107' title="bbox 2138 4665 3854 4735; baseline 0 -13"><span class='ocrx_word' id='word_1_752' title='bbox 2138 4666 2250 4722; x_wconf 82' lang='lat' dir='ltr'><strong>lexi</strong></span> <span class='ocrx_word' id='word_1_753' title='bbox 2282 4666 2540 4722; x_wconf 88' lang='lat' dir='ltr'><strong>beneficii</strong></span> <span class='ocrx_word' id='word_1_754' title='bbox 2588 4665 2770 4722; x_wconf 84' lang='lat' dir='ltr'><strong>nostri</strong></span> <span class='ocrx_word' id='word_1_755' title='bbox 2815 4665 3276 4735; x_wconf 89' lang='lat' dir='ltr'><strong>minorationem,</strong></span> <span class='ocrx_word' id='word_1_756' title='bbox 3306 4667 3402 4724; x_wconf 90' lang='lat' dir='ltr'><strong>sed</strong></span> <span class='ocrx_word' id='word_1_757' title='bbox 3451 4667 3648 4723; x_wconf 89' lang='lat' dir='ltr'><strong>utilem</strong></span> <span class='ocrx_word' id='word_1_758' title='bbox 3693 4681 3854 4724; x_wconf 88' lang='lat' dir='ltr'><strong>com-</strong></span> 
     </span>
    </p>
   </div>
   <div class='ocr_carea' id='block_1_108' title="bbox 2137 4753 3852 4825">
    <p class='ocr_par' dir='ltr' id='par_1_108' title="bbox 2137 4753 3852 4825">
     <span class='ocr_line' id='line_1_108' title="bbox 2137 4753 3852 4825; baseline 0.002 -16"><span class='ocrx_word' id='word_1_759' title='bbox 2137 4754 2534 4822; x_wconf 88' lang='lat' dir='ltr'><strong>mutationem,</strong></span> <span class='ocrx_word' id='word_1_760' title='bbox 2574 4761 2630 4810; x_wconf 92' lang='lat' dir='ltr'><strong>et</strong></span> <span class='ocrx_word' id='word_1_761' title='bbox 2693 4753 2861 4825; x_wconf 89' lang='lat' dir='ltr'><strong>quasi</strong></span> <span class='ocrx_word' id='word_1_762' title='bbox 2901 4753 2972 4810; x_wconf 89' lang='lat' dir='ltr'><strong>de</strong></span> <span class='ocrx_word' id='word_1_763' title='bbox 3023 4754 3167 4810; x_wconf 89' lang='lat' dir='ltr'><strong>lava</strong></span> <span class='ocrx_word' id='word_1_764' title='bbox 3226 4753 3532 4812; x_wconf 88' lang='lat' dir='ltr'><strong>transferre</strong></span> <span class='ocrx_word' id='word_1_765' title='bbox 3580 4754 3638 4810; x_wconf 91' lang='lat' dir='ltr'><strong>in</strong></span> <span class='ocrx_word' id='word_1_766' title='bbox 3703 4757 3852 4814; x_wconf 82' lang='lat' dir='ltr'><strong>dex-</strong></span> 
     </span>
    </p>
   </div>
   <div class='ocr_carea' id='block_1_109' title="bbox 2136 4849 2339 4898">
    <p class='ocr_par' dir='ltr' id='par_1_109' title="bbox 2136 4849 2339 4898">
     <span class='ocr_line' id='line_1_109' title="bbox 2136 4849 2339 4898; baseline -0.01 0"><span class='ocrx_word' id='word_1_767' title='bbox 2136 4849 2319 4898; x_wconf 90' lang='lat' dir='ltr'><strong>teram</strong></span> <span class='ocrx_word' id='word_1_768' title='bbox 2328 4883 2339 4896; x_wconf 90' lang='lat'><strong>.</strong></span> 
     </span>
    </p>
   </div>
   <div class='ocr_carea' id='block_1_110' title="bbox 2212 4929 3851 5003">
    <p class='ocr_par' dir='ltr' id='par_1_110' title="bbox 2212 4929 3851 5003">
     <span class='ocr_line' id='line_1_110' title="bbox 2212 4929 3851 5003; baseline 0.006 -22"><span class='ocrx_word' id='word_1_769' title='bbox 2212 4953 2233 4981; x_wconf 74' lang='grc' dir='ltr'>ι</span> <span class='ocrx_word' id='word_1_770' title='bbox 2271 4931 2534 4986; x_wconf 90' lang='lat' dir='ltr'><strong>Concessi</strong></span> <span class='ocrx_word' id='word_1_771' title='bbox 2577 4929 2756 5002; x_wconf 87' lang='lat' dir='ltr'><strong>igitur</strong></span> <span class='ocrx_word' id='word_1_772' title='bbox 2803 4929 2986 4988; x_wconf 89' lang='lat' dir='ltr'><strong>altare</strong></span> <span class='ocrx_word' id='word_1_773' title='bbox 3034 4932 3104 4988; x_wconf 92' lang='lat' dir='ltr'><strong>de</strong></span> <span class='ocrx_word' id='word_1_774' title='bbox 3147 4930 3306 4988; x_wconf 91' lang='lat' dir='ltr'><strong>Creci</strong></span> <span class='ocrx_word' id='word_1_775' title='bbox 3338 4931 3676 5003; x_wconf 85' lang='lat' dir='ltr'><strong>pramonito</strong></span> <span class='ocrx_word' id='word_1_776' title='bbox 3711 4949 3851 4990; x_wconf 85' lang='lat' dir='ltr'><strong>san-</strong></span> 
     </span>
    </p>
   </div>
   <div class='ocr_carea' id='block_1_111' title="bbox 2137 5018 3854 5090">
    <p class='ocr_par' dir='ltr' id='par_1_111' title="bbox 2137 5018 3854 5090">
     <span class='ocr_line' id='line_1_111' title="bbox 2137 5018 3854 5090; baseline 0.001 -14"><span class='ocrx_word' id='word_1_777' title='bbox 2137 5026 2241 5076; x_wconf 90' lang='lat' dir='ltr'><strong>cta</strong></span> <span class='ocrx_word' id='word_1_778' title='bbox 2270 5019 2369 5076; x_wconf 91' lang='lat' dir='ltr'><strong>Dei</strong></span> <span class='ocrx_word' id='word_1_779' title='bbox 2402 5018 2696 5090; x_wconf 87' lang='lat' dir='ltr'><strong>genitricis</strong></span> <span class='ocrx_word' id='word_1_780' title='bbox 2732 5019 2928 5076; x_wconf 87' lang='lat' dir='ltr'><strong>Maria</strong></span> <span class='ocrx_word' id='word_1_781' title='bbox 2961 5020 3328 5089; x_wconf 86' lang='lat' dir='ltr'><strong>monasterio,</strong></span> <span class='ocrx_word' id='word_1_782' title='bbox 3361 5027 3652 5077; x_wconf 89' lang='lat' dir='ltr'><strong>annuente</strong></span> <span class='ocrx_word' id='word_1_783' title='bbox 3691 5023 3854 5078; x_wconf 83' lang='lat' dir='ltr'><strong>Aus-</strong></span> 
     </span>
    </p>
   </div>
   <div class='ocr_carea' id='block_1_112' title="bbox 2137 5105 3851 5176">
    <p class='ocr_par' dir='ltr' id='par_1_112' title="bbox 2137 5105 3851 5176">
     <span class='ocr_line' id='line_1_112' title="bbox 2137 5105 3851 5176; baseline 0.003 -15"><span class='ocrx_word' id='word_1_784' title='bbox 2137 5105 2270 5162; x_wconf 84' lang='lat' dir='ltr'><strong>culﬁ</strong></span> <span class='ocrx_word' id='word_1_785' title='bbox 2326 5107 2716 5163; x_wconf 88' lang='lat' dir='ltr'><strong>archidiaconi</strong></span> <span class='ocrx_word' id='word_1_786' title='bbox 2765 5107 2964 5176; x_wconf 89' lang='lat' dir='ltr'><strong>nostri,</strong></span> <span class='ocrx_word' id='word_1_787' title='bbox 3015 5116 3072 5165; x_wconf 90' lang='lat' dir='ltr'><strong>et</strong></span> <span class='ocrx_word' id='word_1_788' title='bbox 3121 5109 3458 5166; x_wconf 90' lang='lat' dir='ltr'><strong>clericorum</strong></span> <span class='ocrx_word' id='word_1_789' title='bbox 3503 5117 3851 5168; x_wconf 87' lang='lat' dir='ltr'><strong>nostrorum</strong></span> 
     </span>
    </p>
   </div>
   <div class='ocr_carea' id='block_1_113' title="bbox 2134 5193 3847 5270">
    <p class='ocr_par' dir='ltr' id='par_1_113' title="bbox 2134 5193 3847 5270">
     <span class='ocr_line' id='line_1_113' title="bbox 2134 5193 3847 5270; baseline 0.004 -20"><span class='ocrx_word' id='word_1_790' title='bbox 2134 5193 2468 5264; x_wconf 87' lang='lat' dir='ltr'><strong>voluntate;</strong></span> <span class='ocrx_word' id='word_1_791' title='bbox 2517 5195 2598 5252; x_wconf 91' lang='lat' dir='ltr'><strong>ita</strong></span> <span class='ocrx_word' id='word_1_792' title='bbox 2639 5197 2926 5266; x_wconf 88' lang='lat' dir='ltr'><strong>videlicet,</strong></span> <span class='ocrx_word' id='word_1_793' title='bbox 2981 5205 3046 5254; x_wconf 89' lang='lat' dir='ltr'><strong>ut</strong></span> <span class='ocrx_word' id='word_1_794' title='bbox 3093 5212 3236 5254; x_wconf 90' lang='lat' dir='ltr'><strong>cura</strong></span> <span class='ocrx_word' id='word_1_795' title='bbox 3281 5200 3408 5270; x_wconf 92' lang='lat' dir='ltr'><strong>ejus</strong></span> <span class='ocrx_word' id='word_1_796' title='bbox 3453 5213 3552 5270; x_wconf 89' lang='lat' dir='ltr'><strong>per</strong></span> <span class='ocrx_word' id='word_1_797' title='bbox 3592 5212 3847 5256; x_wconf 85' lang='lat' dir='ltr'><strong>manum</strong></span> 
     </span>
    </p>
   </div>
   <div class='ocr_carea' id='block_1_114' title="bbox 2135 5283 3846 5359">
    <p class='ocr_par' dir='ltr' id='par_1_114' title="bbox 2135 5283 3846 5359">
     <span class='ocr_line' id='line_1_114' title="bbox 2135 5283 3846 5359; baseline 0.004 -21"><span class='ocrx_word' id='word_1_798' title='bbox 2135 5290 2346 5339; x_wconf 85' lang='lat' dir='ltr'><strong>nostra</strong></span> <span class='ocrx_word' id='word_1_799' title='bbox 2392 5283 3022 5356; x_wconf 87' lang='lat' dir='ltr'><strong>principalis&#39;ecclesia</strong></span> <span class='ocrx_word' id='word_1_800' title='bbox 3071 5287 3268 5344; x_wconf 89' lang='lat' dir='ltr'><strong>decani</strong></span> <span class='ocrx_word' id='word_1_801' title='bbox 3335 5289 3750 5359; x_wconf 83' lang='lat' dir='ltr'><strong>dispensetur;</strong></span> <span class='ocrx_word' id='word_1_802' title='bbox 3795 5298 3846 5346; x_wconf 89' lang='lat' dir='ltr'><strong>et</strong></span> 
     </span>
    </p>
   </div>
   <div class='ocr_carea' id='block_1_115' title="bbox 2137 5371 3844 5446">
    <p class='ocr_par' dir='ltr' id='par_1_115' title="bbox 2137 5371 3844 5446">
     <span class='ocr_line' id='line_1_115' title="bbox 2137 5371 3844 5446; baseline 0.005 -20"><span class='ocrx_word' id='word_1_803' title='bbox 2137 5371 2270 5427; x_wconf 91' lang='lat' dir='ltr'><strong>inde</strong></span> <span class='ocrx_word' id='word_1_804' title='bbox 2321 5372 2585 5444; x_wconf 89' lang='lat' dir='ltr'><strong>quinque</strong></span> <span class='ocrx_word' id='word_1_805' title='bbox 2627 5373 2794 5430; x_wconf 90' lang='lat' dir='ltr'><strong>solidi</strong></span> <span class='ocrx_word' id='word_1_806' title='bbox 2843 5377 3156 5445; x_wconf 88' lang='lat' dir='ltr'><strong>quotannis</strong></span> <span class='ocrx_word' id='word_1_807' title='bbox 3207 5377 3614 5446; x_wconf 87' lang='lat' dir='ltr'><strong>persolvantur</strong></span> <span class='ocrx_word' id='word_1_808' title='bbox 3655 5391 3844 5434; x_wconf 72' lang='lat' dir='ltr'><strong>cano~</strong></span> 
     </span>
    </p>
   </div>
   <div class='ocr_carea' id='block_1_116' title="bbox 2134 5458 3846 5537">
    <p class='ocr_par' dir='ltr' id='par_1_116' title="bbox 2134 5458 3846 5537">
     <span class='ocr_line' id='line_1_116' title="bbox 2134 5458 3846 5537; baseline 0.005 -24"><span class='ocrx_word' id='word_1_809' title='bbox 2134 5458 2281 5514; x_wconf 92' lang='lat' dir='ltr'><strong>nicis</strong></span> <span class='ocrx_word' id='word_1_810' title='bbox 2346 5459 2574 5528; x_wconf 81' lang='lat' dir='ltr'><strong>nostris,</strong></span> <span class='ocrx_word' id='word_1_811' title='bbox 2637 5461 2698 5516; x_wconf 94' lang='lat' dir='ltr'><strong>in</strong></span> <span class='ocrx_word' id='word_1_812' title='bbox 2763 5461 3066 5520; x_wconf 88' lang='lat' dir='ltr'><strong>festivitate</strong></span> <span class='ocrx_word' id='word_1_813' title='bbox 3130 5464 3312 5520; x_wconf 88' lang='lat' dir='ltr'><strong>sancti</strong></span> <span class='ocrx_word' id='word_1_814' title='bbox 3371 5464 3648 5532; x_wconf 88' lang='lat' dir='ltr'><strong>Gervasii,</strong></span> <span class='ocrx_word' id='word_1_815' title='bbox 3719 5474 3846 5537; x_wconf 86' lang='lat' dir='ltr'><strong>post</strong></span> 
     </span>
    </p>
   </div>
   <div class='ocr_carea' id='block_1_117' title="bbox 2137 5549 3844 5612">
    <p class='ocr_par' dir='ltr' id='par_1_117' title="bbox 2137 5549 3844 5612">
     <span class='ocr_line' id='line_1_117' title="bbox 2137 5549 3844 5612; baseline 0.006 -10"><span class='ocrx_word' id='word_1_816' title='bbox 2137 5553 2377 5602; x_wconf 88' lang='lat' dir='ltr'><strong>mortem</strong></span> <span class='ocrx_word' id='word_1_817' title='bbox 2408 5561 2543 5605; x_wconf 91' lang='lat' dir='ltr'><strong>vero</strong></span> <span class='ocrx_word' id='word_1_818' title='bbox 2571 5563 2758 5606; x_wconf 89' lang='lat' dir='ltr'><strong>meam</strong></span> <span class='ocrx_word' id='word_1_819' title='bbox 2789 5549 2850 5606; x_wconf 92' lang='lat' dir='ltr'><strong>in</strong></span> <span class='ocrx_word' id='word_1_820' title='bbox 2899 5553 3298 5610; x_wconf 87' lang='lat' dir='ltr'><strong>anniversario</strong></span> <span class='ocrx_word' id='word_1_821' title='bbox 3345 5567 3485 5610; x_wconf 91' lang='lat' dir='ltr'><strong>meo.</strong></span> <span class='ocrx_word' id='word_1_822' title='bbox 3535 5554 3608 5610; x_wconf 92' lang='lat' dir='ltr'><strong>Ut</strong></span> <span class='ocrx_word' id='word_1_823' title='bbox 3640 5564 3844 5612; x_wconf 82' lang='lat' dir='ltr'><strong>autem</strong></span> 
     </span>
    </p>
   </div>
   <div class='ocr_carea' id='block_1_118' title="bbox 2135 5634 3846 5702">
    <p class='ocr_par' dir='ltr' id='par_1_118' title="bbox 2135 5634 3846 5702">
     <span class='ocr_line' id='line_1_118' title="bbox 2135 5634 3846 5702; baseline 0.006 -13"><span class='ocrx_word' id='word_1_824' title='bbox 2135 5634 2421 5692; x_wconf 90' lang='lat' dir='ltr'><strong>concessio</strong></span> <span class='ocrx_word' id='word_1_825' title='bbox 2467 5635 2589 5693; x_wconf 89' lang='lat' dir='ltr'><strong>hac</strong></span> <span class='ocrx_word' id='word_1_826' title='bbox 2633 5652 2766 5694; x_wconf 88' lang='lat' dir='ltr'><strong>cum</strong></span> <span class='ocrx_word' id='word_1_827' title='bbox 2807 5638 3282 5698; x_wconf 88' lang='lat' dir='ltr'><strong>determinatione</strong></span> <span class='ocrx_word' id='word_1_828' title='bbox 3329 5655 3435 5699; x_wconf 86' lang='lat' dir='ltr'><strong>sua</strong></span> <span class='ocrx_word' id='word_1_829' title='bbox 3491 5640 3846 5702; x_wconf 85' lang='lat' dir='ltr'><strong>inconcussa</strong></span> 
     </span>
    </p>
   </div>
  </div>
