3930 6398
122 349 258 400 “'25

1413 350 1630 405 DOMNI
1670 351 1727 405 L.
1774 351 2115 409 D’ACHERY
2157 353 2375 411 ΝΟΤᾸΞ.

3507 368 3640 422 H25

115 486 471 546 permaneat,
548 479 932 535 anathematis
1009 481 1438 551 interpositione
1520 485 1831 539 contirma-
1870 494 1916 544 A
1942 486 2212 553 ricorum,
2245 487 2393 543 hanc
2419 489 2836 547 concessionem
2887 502 3218 550 nostrorum
3277 510 3559 555 consensu
3587 504 3643 556 et

117 583 268 633 mus,
303 569 472 636 sigilli
507 569 685 624 nostri
728 569 1118 637 impressione,
1151 579 1205 625 et
1235 571 1417 642 signis
1471 573 1824 627 convenien-

117 657 272 710 tibus
293 658 753 712 corroboramus.

191 766 211 791 ι
263 743 508 813 Signum
562 745 839 801 Manassa
892 746 1159 818 episcopi.
1217 747 1271 804 8.
1327 748 1583 804 Ausculfi
1635 749 1822 805 archi-

113 831 360 888 diaconi.
410 833 463 888 S.
498 833 736 890 Lisiardi
797 837 1106 906 prapositi.
1163 837 1216 893 S.
1276 838 1552 894 Bernardi
1598 838 1820 894 decani.

113 919 167 974 S.
215 921 364 976 Petri
421 922 832 978 archidiaconi.
886 923 941 979 S.
989 925 1258 980 Fulconis
1313 926 1722 981 archidiaconi.
1766 925 1821 982 S.

112 1009 377 1080 Hugonis
417 1012 803 1080 pracantoris.
838 1011 892 1067 8.
935 1013 1148 1068 Odonis
1198 1014 1522 1070 sacerdotis.
1555 1013 1608 1069 8.
1643 1013 1824 1070 Gual-

113 1098 221 1151 teri
273 1099 600 1154 sacerdotis.
663 1098 718 1154 8.
782 1099 1012 1156 Roberti
1061 1100 1283 1156 decani.
1333 1101 1387 1156 8.
1444 1101 1656 1157 Odonis
1696 1102 1824 1157 dia-

113 1183 260 1239 coni.
298 1184 353 1240 8.
389 1186 659 1242 Fulconis
713 1187 957 1244 diaconi.
1007 1187 1058 1244 8.
1089 1188 1327 1244 Ausoldi
1370 1189 1732 1244 subdiaconi.
1764 1189 1818 1245 S.

115 1273 407 1328 Laurentii
460 1274 818 1330 subdiaconi.
899 1277 952 1332 S.
1035 1277 1264 1332 Heberti
1342 1278 1702 1334 subdiaconi.
1762 1277 1816 1333 S.

109 1361 295 1416 Adam
341 1362 701 1418 subdiaconi.
750 1363 804 1419 8.
864 1365 1124 1421 Ausculfi
1191 1365 1461 1436 acolythi.
1513 1365 1568 1422 S.
1621 1367 1821 1437 Auge-

109 1449 257 1503 nulfi
290 1449 560 1519 acolythi.
588 1457 740 1505 eeo
798 1453 853 1506 S.
898 1453 1169 1508 Durantis
1206 1453 1475 1523 acolythi.
1513 1454 1566 1510 S.
1619 1454 1824 1511 Leonis

108 1537 382 1607 acolythi.

185 1645 214 1676 α
253 1629 461 1682 Actum
489 1628 798 1683 Dominica
822 1629 1239 1685 Incarnationis
1277 1643 1428 1686 anno
1462 1632 1616 1684 1107.
1649 1653 1676 1679 ››

181 1714 357 1770 Porro
390 1715 544 1770 haud
572 1716 959 1786 incongruum
985 1717 1092 1772 hoc
1132 1717 1250 1772 loco
1281 1718 1482 1773 seriem
1539 1719 1812 1774 abbatum

102 1803 473 1874 Novigentini
515 1804 845 1860 monasterii
877 1805 1049 1861 fuerit
1091 1820 1406 1874 recensere,
1440 1807 1816 1878 quandoqui-
1855 1787 1895 1840 Β
1924 1812 2072 1868 cani.
2099 1787 2152 1868 Sy.
2192 1856 2202 1866 .
2251 1855 2262 1868 .
2305 1850 2318 1864 .
2360 1855 2372 1868 .

104 1892 236 1946 dem
269 1900 472 1948 auctor
498 1900 724 1948 vetusta
755 1892 934 1962 ipsius
983 1901 1357 1950 monumenta
1391 1895 1559 1951 hocce
1607 1895 1705 1951 lib.
1755 1911 1814 1964 ιι,

103 1981 415 2045 describat,
455 1989 515 2037 ut
545 1982 960 2052 quoquomodo
981 1981 1263 2053 integram
1291 1983 1587 2039 historiam
1610 1985 1821 2040 exinde

104 2071 322 2126 curiosi
351 2070 697 2140 ejuscemodi
749 2071 953 2126 mercis
976 2073 1369 2140 exploratores
1408 2072 1636 2128 valeant
1675 2074 1817 2129 hau-

105 2173 244 2215 I'll‘e.

285 2247 531 2304 Abbate:
550 2247 890 2303 monasterii
915 2251 976 2302 Β.
1001 2248 1206 2304 Maria
1233 2248 1302 2303 de
1332 2247 1671 2321 Novigento.

183 2339 224 2392 l.
263 2337 543 2393 Henricus
573 2337 746 2392 simul
778 2336 957 2392 abbas
1009 2337 1059 2392 S.
1100 2337 1345 2408 Remigii
1401 2338 1715 2406 Remensis,
1750 2337 1818 2394 de

107 2442 228 2497 quo
260 2425 570 2482 Guibertus
600 2434 794 2482 noster
826 2426 924 2481 lib.
960 2441 996 2480 ιι
1036 2425 1104 2481 de
1132 2426 1260 2482 Vita
1291 2440 1399 2481 sua
1437 2440 1559 2496 cap.
1593 2429 1644 2481 2.

182 2516 248 2570 II.
311 2515 364 2570 S.
413 2514 750 2570 Godefridus
781 2515 929 2570 rexit
960 2515 1371 2570 manosterium
1403 2515 1474 2570 ad
1515 2530 1610 2570 an.
1656 2517 1814 2583 1104,

103 2619 226 2675 quo
256 2605 328 2659 ad
377 2604 765 2674 episcopatum
825 2603 1266 2659 Ambianensem
1325 2612 1657 2674 assumptus
1709 2611 1812 2661 est.

105 2691 261 2746 Idem
294 2690 604 2747 Guibertus
632 2691 828 2747 eodem
859 2691 985 2759 loci,
1021 2699 1076 2746 et
1107 2691 1204 2747 lib.
1235 2707 1318 2760 Ill,
1350 2706 1476 2762 cap.
1514 2694 1598 2746 13.

178 2779 345 2835 Gesta
392 2780 455 2835 B.
489 2779 774 2835 Godefridi
828 2779 1168 2849 conscripsit
1219 2779 1492 2836 Nicolaus
1551 2780 1603 2835 S.
1661 2779 1811 2837 Cris-

105 2867 230 2937 pini
264 2866 494 2937 Majoris
533 2866 955 2924 Suessionensis
987 2867 1343 2938 monachus;
1372 2882 1440 2924 ea
1468 2861 1638 2924 refert
1700 2869 1814 2925 Su-

101 2957 231 3011 rius
259 2956 404 3025 stylo
429 2970 533 3010 suo
562 2955 839 3025 perpolita
871 2956 943 3011 ad
971 2956 1121 3011 diem
1151 2959 1183 3010 8
1215 2957 1568 3012 Novembris.

1936 576 2234 631 voluntate
2263 577 2602 634 clericorum
2640 581 2928 650 facientes,
2965 585 3294 652 statuimus,
3337 595 3399 643 ut
3429 598 3641 647 sancta

1933 662 2358 721 Suessionensis
2424 666 2710 744 Ecclesia,
2770 671 2860 726 cui
2928 672 3206 742 indignus
3257 687 3528 745 prasum,
3581 679 3640 734 in

1935 751 2026 806 die
2047 753 2444 808 Anniversarii
2473 755 2582 810 mei
2617 770 2674 811 v1
2700 757 2928 822 solidos,
2972 773 3072 828 pro
3101 759 3298 816 iisdem
3359 763 3641 821 altaribus

1934 841 2246 910 quotannis
2285 842 2716 913 persolvantur;
2759 846 3013 902 dccanus
3072 863 3204 904 vero
3237 850 3414 921 hujus
3455 854 3639 910 eccle-

1932 931 2048 996 sia,
2075 931 2407 986 eorumdem
2454 947 2693 1001 persona
2737 934 3003 990 altarium
3059 951 3279 1007 semper
3330 941 3557 1009 existat,
3585 950 3640 1000 et

1931 1017 2003 1072 ad
2033 1016 2220 1086 ipsum
2248 1030 2390 1072 cura
2419 1032 2617 1074 eorum
2650 1027 2704 1074 et
2737 1021 3093 1088 providentia
3126 1026 3421 1093 pertineat.
3479 1029 3640 1084 Hanc

1931 1102 2110 1173 igitur
2143 1104 2502 1161 traditionem
2531 1115 2786 1163 nostram
2828 1109 3098 1166 omnibus
3157 1115 3511 1183 temporibus
3541 1116 3638 1172 in—

1932 1191 2203 1247 violatam
2232 1207 2353 1248 esse
2381 1194 2696 1264 cupientes,
2741 1211 2810 1251 ne
2837 1197 2970 1267 quis
2997 1200 3123 1268 ejus
3181 1208 3488 1258 temerator
3521 1218 3638 1259 un-

1932 1294 2108 1350 quam
2200 1281 2428 1350 existat,
2513 1283 2939 1354 interpositione
3025 1289 3637 1347 excommunicationis

1932 1369 2369 1442 prohibuimus;
2392 1372 2678 1442 scriptura
2710 1388 2946 1443 quoque
2977 1374 3149 1445 sigilli
3181 1377 3358 1432 nostri
3389 1377 3636 1448 impres-

1929 1457 2090 1513 sione
2127 1459 2352 1514 munita
2398 1460 2922 1517 corroboravimus.
2983 1461 3158 1528 Signa
3215 1465 3385 1521 etiam
3445 1465 3635 1536 legiti-

1929 1559 2153 1601 morum
2188 1546 2644 1604 testimoniorum
2676 1549 2936 1606 adhiberi
2967 1551 3319 1608 censuimus.

2001 1655 2028 1684 «
2063 1634 2305 1706 Signum
2333 1637 2591 1708 Hugonis
2615 1637 2952 1695 Suessorum
2985 1640 3250 1710 episcopi.

2001 1745 2020 1771 c
2058 1723 2300 1794 Signum
2333 1726 2568 1782 Lisiardi
2602 1728 2912 1797 praepositi.
2943 1728 3187 1798 Signum
3239 1730 3499 1800 Hugonis
3528 1732 3631 1788 de-

2417 1855 2430 1868 .
2477 1816 2936 1872 .archidiaconi.
2991 1820 3044 1872 S.
3108 1819 3380 1875 Fulconis
3429 1821 3628 1876 archi-

1927 1900 2170 1956 diaconi.
2205 1901 2258 1958 S.
2313 1903 2478 1958 Ebali
2535 1903 2944 1958 archidiaconi.
2978 1903 3028 1959 S.
3088 1906 3316 1962 Roberti
3373 1922 3630 1976 praceu-

1929 1989 2082 2044 toris.
2138 1989 2192 2045 S.
2253 1990 2536 2048 Guarneri
2597 1993 2931 2062 presbyteri.
2968 1995 3022 2049 S.
3080 1995 3344 2065 Hugonis
3389 1998 3630 2067 presby-

1929 2076 2052 2130 teri.
2101 2075 2154 2132 S.
2215 2077 2429 2133 Odonis
2472 2079 2805 2149 presbyteri.
2849 2079 2884 2135 8
2939 2080 3108 2148 Petri,
3162 2082 3436 2147 Rotberti,
3488 2083 3629 2139 Ber-

1927 2165 2112 2231 nardi,
2196 2165 2589 2222 diaconorum.
2632 2166 2683 2222 S.
2733 2167 3044 2234 Thabaldi,
3114 2169 3326 2238 Ivonis,
3393 2170 3629 2239 Giroldi,

1922 2252 2151 2319 Odonis,
2186 2253 2607 2322 Bartholomai,
2669 2255 2881 2320 Alexis,
2918 2256 3200 2324 Rainaldi,
3251 2257 3629 2314 subdiacono-

1925 2354 2076 2396 rum.
2111 2340 2164 2396 S.
2224 2341 2478 2408 Ansoldi,
2526 2343 2840 2408 Laurentii,
2905 2345 3111 2411 Ivonis,
3171 2346 3451 2414 Herberti,
3504 2349 3618 2402 Ar-

1922 2430 2066 2485 nulﬁ
2098 2429 2353 2497 Walteri,
2391 2430 2740 2500 lngelranni,
2772 2432 3151 2501 acolytorum,

2001 2540 2021 2566 ε
2062 2518 2228 2588 Hugo
2249 2527 2460 2574 sancta
2491 2518 2914 2574 Suessionensis
2946 2521 3216 2576 Ecclesia
3247 2522 3630 2579 cancellarius

1926 2606 2058 2662 huic
2091 2607 2305 2662 charta
2335 2606 2694 2676 subscripsit,
2725 2616 2780 2663 et
2822 2607 3033 2679 relegit.

1999 2712 2020 2739 ε
2056 2692 2263 2746 Actum
2291 2691 2462 2748 Verbi
2493 2691 2786 2746 Incarnati
2816 2706 2972 2748 anno
3005 2695 3160 2746 1100.
3214 2693 3474 2764 Hugonis
3509 2693 3630 2764 epi-

1921 2777 2077 2848 scopi
2107 2793 2258 2834 anno
2289 2793 2406 2847 VIII,
2455 2787 2656 2849 epacta
2683 2795 2837 2847 xvni,
2872 2790 3138 2837 currente
3193 2796 3293 2852 νη,
3325 2782 3633 2839 indictione

1925 2880 2038 2921 VIII.
2076 2888 2097 2915 ι

1993 2955 2086 3010 III.
2119 2955 2430 3012 Guibertus
2461 2971 2563 3012 seu
2591 2957 2888 3022 Wibertus
2943 2958 3094 3025 1104,
3145 2973 3219 3014 ex
3251 2961 3534 3017 monacho
3572 2961 3628 3017 8.

180 3044 242 3098 Β.
271 3043 571 3099 Godefrido
627 3045 698 3099 ad
744 3045 1161 3100 sublevandam
1208 3045 1537 3101 monasterii
1586 3052 1812 3115 egesta-
1852 3043 2209 3137 C'Geremari
2243 3044 2648 3112 Flaviacensis,
2689 3059 2916 3114 genere,
2969 3047 3267 3117 religione,
3324 3050 3482 3104 omni
3534 3049 3630 3105 lit-

105 3142 220 3190 tem
250 3132 360 3188 tria
387 3132 592 3187 altaria
620 3133 740 3188 sive
766 3133 1031 3188 ecclesias
1065 3132 1375 3203 dilargitur
1428 3133 1594 3204 Hugo
1641 3135 1814 3189 Sues-

104 3219 389 3276 sionensis
418 3220 736 3290 episcopus,
772 3220 927 3290 quod
961 3227 1233 3276 testatum
1279 3220 1516 3291 reliquit
1568 3221 1626 3276 in
1661 3221 1817 3276 hunc

104 3308 346 3364 modum
373 3323 385 3362 :

187 3421 207 3446 ι
244 3399 364 3468 Ego
395 3398 560 3468 Hugo
601 3396 790 3468 gratia
836 3395 934 3452 Dei
987 3395 1327 3452 Suessorum
1357 3396 1679 3466 episcopus,
1719 3410 1815 3452 co-

104 3501 389 3559 gnoscens
420 3485 638 3542 ordinis
694 3493 748 3540 et
781 3485 910 3551 loci,
945 3485 1000 3539 in
1033 3499 1151 3554 quo
1181 3485 1334 3540 Deus
1389 3500 1478 3541 me
1511 3484 1814 3556 indignum

103 3576 317 3646 posuit,
345 3575 621 3630 rationem
655 3587 774 3644 qua
801 3573 1072 3628 omnibus
1117 3573 1398 3641 fidelibus,
1431 3574 1814 3644 quantulum-

102 3679 341 3735 cunque
375 3664 431 3718 in
463 3677 552 3718 me
581 3669 684 3728 est,
735 3662 957 3718 debitor
1003 3676 1153 3728 sum,
1189 3669 1252 3717 ut
1283 3676 1371 3717 me
1423 3676 1536 3717 non
1589 3670 1812 3719 tantum

105 3768 212 3823 pro
252 3752 392 3807 mihi
443 3751 780 3818 commissis,
829 3764 1034 3805 verum
1093 3749 1266 3805 etiam
1301 3764 1403 3819 pro
1461 3751 1815 3819 quibuslibet

104 3843 165 3896 in
213 3841 503 3896 Christum
559 3837 945 3906 credentibus,
1001 3838 1282 3905 animum,
1338 3837 1384 3892 si
1443 3852 1670 3893 necesse
1719 3839 1810 3905 sit,

101 3944 337 4001 ponere,
386 3929 600 3985 nedum
631 3937 915 3984 terrenam
948 3934 1002 3982 et
1047 3928 1387 3982 exteriorem
1424 3928 1810 3984 substantiam

102 4019 434 4074 ministrare
479 4024 756 4087 oporteat,
789 4016 1009 4071 dilectis
1042 4015 1318 4071 fratribus
1373 4016 1689 4083 monachis,
1754 4016 1813 4072 in

104 4107 472 4173 monasterio,
527 4105 869 4175 Novigento,
917 4104 973 4158 in
1035 4119 1182 4175 pago
1237 4105 1626 4172 Laudunensi,
1678 4106 1813 4169 Deo,

101 4203 160 4252 et
191 4202 401 4250 sancta
433 4194 533 4250 Dei
587 4192 870 4264 genitrici,
924 4206 1151 4262 semper
1182 4193 1393 4263 virgini
1443 4194 1637 4248 Maria
1697 4194 1814 4250 hu-

103 4283 320 4340 militer
405 4281 816 4350 servientibus,
898 4281 1007 4337 hoc
1081 4281 1248 4337 modo
1314 4281 1644 4338 benefacere
1709 4283 1813 4337 de-

102 4371 283 4429 crevi.

183 4483 204 4510 ι
241 4461 592 4530 Frequenter
611 4457 787 4525 enim,
815 4458 911 4514 sed
947 4458 1087 4514 satis
1125 4457 1440 4525 humiliter,
1490 4465 1728 4529 rogatus
1779 4473 1812 4513 a

101 4550 316 4606 domno
346 4547 646 4603 Godefrido
676 4547 931 4617 pradicti
962 4547 1065 4603 loci
1099 4546 1323 4610 abbate,
1357 4546 1482 4602 viro
1526 4547 1807 4617 religioso,

99 4647 159 4695 et
189 4637 501 4693 clarissimo
527 4635 710 4703 nobis,
743 4644 805 4692 ut
849 4637 976 4707 ejus
1031 4635 1358 4691 monasterii
1417 4643 1811 4706 paupertatem

98 4734 159 4783 et
199 4725 443 4780 fratrum
469 4723 581 4779 Deo
613 4723 692 4778 ibi
750 4723 1125 4779 servientium
1157 4723 1550 4778 necessitatem
1591 4721 1810 4778 miseri-

97 4815 350 4872 corditer
387 4813 756 4880 attenderem,
787 4821 842 4869 et
880 4812 1090 4868 laboris
1119 4826 1318 4868 eorum
1361 4819 1416 4867 et
1443 4812 1618 4868 studii
1659 4812 1811 4868 circa

99 4905 204 4959 Dei
230 4901 452 4958 cultum
477 4901 727 4969 adjutor,
758 4909 813 4956 et
857 4909 1206 4958 sustentator
1260 4901 1584 4966 existerem,
1630 4901 1812 4970 justis

96 4991 370 5064 precibus
426 4989 790 5061 acquiescere
827 4989 1069 5060 dignum
1105 4989 1340 5055 ducens,
1399 4989 1470 5043 ad
1514 4995 1810 5044 sustenta-

97 5083 312 5138 tionem
344 5079 496 5134 illius
544 5077 960 5134 monachorum
1011 5077 1276 5152 canobii,
1319 5077 1429 5133 tria
1471 5076 1676 5132 altaria
1710 5090 1812 5146 pro

94 5182 296 5227 amore
333 5167 429 5223 Dei
461 5175 516 5223 et
545 5174 698 5222 statu
727 5165 979 5222 ecclesia
1031 5173 1257 5232 nostra,
1315 5173 1369 5221 et
1419 5165 1548 5222 vita
1598 5172 1810 5221 aterna

95 5259 357 5324 obtentu,
419 5257 659 5311 devotus
706 5255 980 5323 concessi,
1041 5252 1220 5309 altare
1279 5253 1491 5310 scilicet
1528 5254 1596 5309 de
1653 5253 1808 5309 Jovi-

97 5348 289 5412 niaco,
321 5345 500 5400 altare
525 5345 593 5399 de
623 5343 966 5410 Valsalione,
1000 5343 1180 5399 altare
1227 5341 1296 5398 de
1325 5341 1463 5399 villa
1517 5358 1649 5412 qua
1696 5355 1812 5398 vo-

101 5444 272 5493 catur
301 5435 448 5490 Pons
476 5433 668 5490 Sancti
700 5431 975 5488 Medardi.

179 5549 200 5574 ι
232 5525 300 5580 Et
330 5523 469 5594 quia
504 5534 667 5577 sacra
702 5521 960 5590 pracipit
1004 5519 1314 5576 auctoritas
1365 5526 1448 5587 ut,
1498 5533 1630 5589 qua
1685 5525 1813 5574 rata

98 5629 222 5672 esse
266 5611 570 5682 episcopus
611 5609 881 5677 voluerit,
927 5621 1165 5666 suorum
1215 5606 1449 5663 consilio
1479 5606 1650 5663 faciat
1693 5606 1812 5663 cle-

1927 3140 2180 3200 teratura
2210 3133 2422 3200 clarus,
2458 3134 2636 3189 veluti
2667 3134 2845 3202 ipsius
2891 3148 3082 3203 opera,
3135 3150 3265 3205 qua
3295 3151 3453 3192 nunc
3516 3138 3630 3207 pri-

1926 3235 2085 3276 mum
2128 3221 2182 3275 in
2222 3221 2407 3277 lucem
2446 3221 2780 3288 emittimus,
2833 3229 3194 3278 attestantur.
3258 3224 3482 3280 Addam
3541 3225 3632 3281 hic

1922 3309 2338 3366 ordinationem
2373 3309 2626 3366 Guiberti
2661 3310 2728 3365 de
2757 3309 2948 3366 obitus
2992 3311 3112 3366 suis
3141 3312 3253 3379 die,
3291 3319 3424 3379 tres,
3467 3322 3633 3369 ante-

1923 3413 2101 3470 quam
2133 3399 2206 3454 ab
2248 3399 2522 3455 humanis
2559 3399 2873 3466 excederet,
2932 3412 3132 3466 annos,
3178 3399 3408 3456 factam.
3449 3401 3633 3458 Habet

1881 3487 2048 3557 ita;

2000 3595 2019 3622 ι
2056 3573 2177 3644 Ego
2207 3573 2542 3630 Guitbertus
2573 3574 2669 3628 Dei
2703 3573 2888 3643 gratia
2941 3580 3152 3628 sancta
3205 3573 3303 3629 Dei
3336 3573 3631 3643 genitricis

1923 3662 2118 3718 Maria
2141 3663 2296 3732 apud
2349 3662 2733 3732 Novigentum
2770 3676 2989 3717 servus.
3049 3661 3330 3727 Quoniam
3369 3663 3437 3718 de
3481 3676 3630 3734 aug-

1923 3757 2114 3805 mento
2138 3750 2390 3806 ecclesia
2423 3764 2542 3806 sua
2577 3764 2869 3819 quemque
2908 3753 3181 3805 rectorem
3237 3764 3442 3806 curare
3489 3765 3632 3806 con-

1922 3838 2100 3905 venit,
2133 3847 2258 3894 octo
2307 3838 2538 3906 solidos,
2584 3838 2684 3907 qui
2746 3837 2899 3907 apud
2934 3837 3340 3894 Landicurtem
3378 3837 3434 3892 in
3487 3839 3633 3895 atrio

1921 3927 2173 3982 ecclesia
2243 3928 2314 3982 ab
2369 3926 2691 3996 hospitibus
2774 3926 2985 3981 nostris
3045 3927 3498 3995 accipiebantur,
3573 3927 3632 3982 in

1924 4014 2061 4070 festo
2091 4014 2273 4070 sancti
2306 4014 2532 4070 Martini
2568 4013 2663 4069 tali
2716 4014 2882 4068 modo
2941 4013 3071 4068 emi.
3135 4013 3376 4069 Maritus
3429 4013 3632 4083 cujus-

1922 4102 2052 4157 dam
2088 4103 2345 4159 mulieris
2377 4103 2434 4157 in
2485 4102 2643 4158 feodo
2675 4117 2708 4157 a
2739 4101 2903 4157 nobis
2949 4109 3233 4168 tenuerat,
3289 4117 3498 4158 nomen
3526 4103 3631 4157 Pa-

1925 4204 2113 4260 ganus
2163 4199 2306 4260 erat,
2365 4205 2480 4261 quo
2514 4191 2803 4257 defuncto,
2857 4191 2948 4245 cui
3013 4189 3208 4245 relicta
3270 4190 3377 4260 ipsi
3408 4204 3539 4261 qua
3572 4190 3631 4245 in

1923 4281 2052 4334 dote
2077 4293 2172 4335 eos
2219 4293 2253 4334 a
2312 4279 2518 4336 marito
2566 4286 2882 4348 acceperat,
2913 4283 3058 4332 δυ
3105 4277 3472 4349 Hildeburgis
3522 4293 3632 4334 no-

1847 4357 1892 4412 D
1922 4367 2097 4435 mine,
2129 4366 2316 4424 ﬁlium
2349 4374 2403 4423 et
2442 4367 2618 4423 filiam
2669 4366 2906 4434 habens,
2937 4381 3068 4422 cum
3104 4367 3270 4423 valde
3311 4373 3522 4439 egeret,
3577 4375 3633 4422 et

1922 4456 2149 4512 feodum
2181 4464 2442 4512 nostrum
2485 4455 2582 4511 alii
2633 4469 2808 4525 quam
2862 4455 3026 4512 nobis
3055 4455 3163 4511 sibi
3213 4455 3461 4512 vendere
3515 4469 3632 4511 non

1923 4545 2134 4612 liceret,
2178 4544 2411 4599 tandem
2471 4542 2636 4600 nobis
2695 4543 2968 4610 vendidit,
3025 4547 3082 4600 et
3136 4551 3368 4600 centum
3423 4543 3632 4600 solidos

1921 4633 2157 4702 proinde
2189 4647 2222 4687 a
2272 4633 2436 4688 nobis
2466 4630 2700 4701 accepit,
2757 4631 2837 4686 ita
2898 4640 2982 4697 ut,
3036 4631 3413 4701 prasentibus
3459 4629 3632 4688 Codi-

1919 4721 2058 4777 ciaci
2089 4721 2258 4777 castri
2290 4720 2644 4790 proceribus,
2678 4727 2792 4775 tam
2825 4720 2943 4789 ipsa
2982 4733 3157 4789 quam
3206 4719 3358 4775 filius
3405 4726 3461 4774 et
3513 4719 3632 4774 ﬁlia

1919 4811 2045 4880 ejus
2069 4824 2102 4865 a
2130 4817 2404 4880 potestate
2443 4808 2593 4864 feodi
2640 4823 2758 4864 sese
2791 4815 3090 4876 exuerent,
3133 4806 3392 4878 mihique
3433 4813 3488 4863 et
3531 4821 3630 4862 ec-

1920 4899 2103 4954 clesia
2135 4899 2455 4965 redderent,
2484 4905 2538 4954 et
2567 4898 2779 4966 pariter
2808 4899 3026 4952 donum
3075 4896 3202 4965 ejus
3239 4909 3415 4965 super
3447 4895 3628 4951 altare

1920 4995 2214 5057 ponerent.
2264 4987 2410 5042 Huic
2470 4985 2857 5042 interfuerunt
2913 4985 3197 5040 Robertus
3250 4983 3624 5040 Castellanus.

1920 5075 2236 5132 Rainaldus
2282 5074 2570 5142 Belehere,
2619 5074 2743 5128 Ado
2785 5081 2840 5129 et
2881 5072 3088 5128 Iterius
3143 5087 3274 5128 cum
3307 5080 3467 5142 patre
3522 5088 3630 5129 suo

1918 5163 2198 5230 Guidone,
2232 5163 2515 5219 Robertus
2550 5162 2840 5233 Anguilla,
2874 5162 3162 5218 Gerardus
3199 5162 3374 5217 Dolle.

1995 5275 2015 5301 ι
2042 5251 2193 5318 Quin
2234 5252 2403 5307 etiam
2458 5266 2492 5306 a
2534 5252 2786 5321 quodam
2831 5250 3010 5306 milite
3060 5250 3163 5321 qui
3217 5249 3628 5306 Guermundus

1917 5341 2254 5408 vocabatur,
2307 5349 2360 5397 et
2410 5341 2469 5395 in
2519 5340 2936 5410 eleemosynam
2983 5340 3307 5410 accepimus
3359 5353 3626 5396 mansum

1919 5428 2225 5499 quemdam
2261 5429 2417 5499 apud
2461 5428 2735 5496 Remeias,
2771 5443 2942 5498 quem
2985 5443 3086 5498 pro
3118 5427 3324 5484 allodio
3368 5428 3625 5498 posside-

1919 5519 2016 5574 bat
2049 5533 2061 5572 :
2095 5532 2265 5586 quem
2297 5517 2469 5573 etiam
2492 5517 2884 5573 Fortmundus
2915 5517 3174 5586 quidam,
3207 5517 3377 5588 cujus
3409 5517 3625 5572 familia

1919 5613 2036 5663 tota
2059 5612 2181 5663 erat
2200 5605 2269 5662 de
2301 5606 2434 5678 jure
2463 5604 2711 5662 ecclesia
2769 5612 2996 5674 nostra,
3029 5620 3161 5662 cum
3204 5613 3356 5663 terra
3406 5620 3618 5676 appen-
