3930 6414
361 372 496 426 H27

1388 372 1484 426 AD
1524 372 1676 428 OPP.
1720 368 1879 427 VEN.
1921 367 2250 426 GUIBERTI
2290 368 2391 449 DE
2423 368 2821 424 NOVIGENTO

3731 374 3847 425 “‘28

350 502 474 559 dice
515 502 589 558 ab
638 502 756 573 ipso
803 502 1176 557 Guermundo
1231 501 1473 557 tenebat.
1521 500 1701 571 Cujus
1750 499 2056 571 largitione
2091 502 2138 553 A
2170 498 2455 555 universis
2501 499 2558 553 in
2606 498 2833 555 Christo
2895 497 3160 553 fidelibus
3204 498 3258 555 in
3313 506 3678 570 perpetuum.
3724 500 3848 567 Quo-

349 600 542 649 tamen
573 606 689 648 non
711 591 793 647 fui
827 593 1108 661 ingratus,
1141 590 1236 646 sed
1268 590 1503 660 triginta
1544 590 1807 659 quinque
1845 589 2053 644 solidos

347 682 398 737 ei
427 679 666 746 contuli,
716 680 855 750 quia
906 693 1040 734 eum
1094 692 1398 747 pauperem
1456 678 1625 732 scivi:
1671 678 1772 748 qui
1814 692 2053 732 mansus

348 777 462 826 tres
487 769 694 825 solidos
725 767 1125 823 Lauduncnsis
1151 775 1389 822 moneta
1442 768 1754 837 quotannis
1791 767 1961 821 solvit
1993 767 2047 821 in

347 859 651 914 festivitate
670 856 850 913 sancti
884 855 1143 926 Remigii.
1176 855 1281 910 Cui
1331 856 1481 911 dono
1530 856 1861 911 Furmelina
1903 870 2051 909 ux-r

346 958 453 1001 sua
482 944 723 1000 libenter
772 944 995 999 annuit.
1034 945 1099 998 Et
1141 943 1318 1013 hujus
1361 944 1439 998 rei
1470 950 1639 998 testes
1683 951 1820 999 sunt
1866 943 2051 999 Guido

345 1033 413 1089 de
444 1033 616 1101 Guni,
642 1032 759 1087 Ado
793 1032 966 1097 filius,
1018 1031 1207 1086 Helias
1236 1031 1306 1087 de
1354 1032 1516 1099 Fera,
1558 1031 1744 1088 Guido
1778 1032 2046 1088 ﬁlius.....

343 1120 751 1177 Gerelmus.....
785 1119 1089 1175 Albericus
1126 1119 1195 1175 de
1224 1119 1481 1176 Traveci.

418 1229 439 1258 ι
478 1210 588 1265 Hos
619 1216 741 1265 octo
763 1208 971 1263 solidos
996 1222 1128 1264 cum
1161 1208 1348 1264 tribus
1386 1208 1516 1276 illis,
1563 1211 1662 1280 qui
1722 1210 1791 1265 de
1846 1223 2047 1265 manso

342 1296 670 1364 solvuntur,
707 1310 808 1367 pro
854 1297 1237 1352 anniversarii
1293 1298 1402 1353 mei
1443 1297 1532 1353 die
1587 1298 1856 1355 constitui
1914 1312 2046 1354 cum

339 1384 574 1441 consilio
605 1384 850 1441 fratrum
876 1392 1228 1453 nostrorum,
1264 1384 1402 1455 ipsis
1454 1385 1731 1442 fratribus
1787 1386 1857 1441 ad
1901 1401 2047 1457 quos

337 1473 627 1542 potuerint
682 1472 988 1543 epularum
1048 1481 1363 1543 apparatus
1418 1474 1640 1530 dandos
1687 1483 1791 1531 :et
1832 1489 1899 1531 ea
1956 1475 2046 1531 die

336 1575 533 1618 omnes
610 1563 860 1618 ecclesia
917 1563 1238 1619 sacerdotes
1300 1563 1498 1619 missas
1556 1564 1766 1634 singuli
1826 1566 2045 1636 quique

338 1659 591 1718 cantent,
623 1652 773 1707 sicut
804 1651 860 1706 in
917 1651 1009 1707 die
1062 1652 1441 1708 ordinationis
1480 1651 1667 1708 facere
1723 1652 1923 1709 solent.
1979 1655 2043 1709 ln

336 1740 453 1795 vita
506 1746 697 1795 autem
741 1752 890 1803 mea,
940 1739 1111 1795 etiam
1180 1740 1224 1795 si
1282 1740 1354 1796 ab
1407 1739 1638 1797 abbatia
1692 1740 2039 1805 decederem,

336 1836 438 1885 aut
465 1828 607 1884 alias
656 1829 866 1899 quavis
910 1828 1206 1884 occasione
1247 1830 1736 1899 transmigrarem,
1797 1830 1856 1885 in
1905 1830 2043 1885 festo

335 1924 546 1973 sancta
576 1916 767 1972 Lucia
818 1916 1043 1972 eosdem
1073 1915 1340 1972 denarios
1365 1917 1585 1973 dandos
1642 1918 2044 1975 constituimus

336 2004 409 2060 ad
451 2004 693 2060 fratrum
735 2004 1119 2060 refectionem.
1155 2004 1243 2059 Ex
1292 2004 1389 2060 Dei
1420 2019 1556 2076 ergo
1586 2013 1640 2061 et
1688 2014 1882 2062 nostra
1918 2022 2039 2061 om-

337 2091 500 2148 nium
563 2092 906 2147 auctoritate
966 2092 1540 2149 exeommunicamus
1585 2101 1640 2149 et
1687 2094 1783 2150 Dei
1824 2094 2042 2165 judicio

334 2179 656 2236 addicimus
701 2194 899 2236 omnes
933 2181 1032 2250 qui
1081 2179 1183 2235 has
1239 2195 1519 2250 expensas
1580 2182 1845 2238 undecim
1897 2197 2043 2253 quos

333 2267 712 2337 pradiximus
730 2268 1067 2335 solidorum,
1102 2269 1175 2324 ab
1223 2283 1287 2324 eo
1327 2269 1419 2324 cui
1448 2269 1715 2326 destinati
1763 2278 1919 2339 sunt,
1950 2286 2039 2327 re-

333 2357 635 2412 moverint.

405 2446 664 2499 «Actum
714 2444 1003 2500 Incarnati
1053 2444 1228 2501 Verbi
1292 2459 1444 2501 anno
1495 2449 1651 2501 1121.
1711 2446 1764 2502 8.
1816 2447 2034 2503 Alardi.

333 2530 387 2586 S.
451 2531 701 2587 Radulfl.
754 2531 809 2587 8.
854 2532 1140 2587 Bainaldi.
1193 2534 1249 2587 S.
1311 2534 1508 2589 Alardi
1563 2535 1934 2591 refectorarii.
1979 2540 2035 2593 S.

332 2618 607 2675 Godifridi
654 2619 922 2675 cantoris.
975 2622 1029 2675 S.
1080 2618 1311 2677 Odonis.
1364 2621 1420 2677 S.
1480 2622 1777 2679 Gullermi.
1831 2624 2035 2680 Addel-

330 2707 431 2762 mi.
467 2747 481 2762 .
520 2750 531 2763 .
570 2751 582 2763 .
616 2745 631 2763 .
669 2749 681 2761 .
721 2748 735 2762 .
777 2751 789 2762 .
828 2748 841 2762 .
875 2707 928 2764 S.
957 2708 1113 2764 Ada.
1137 2708 1193 2764 8.
1216 2709 1501 2767 Fulconis.
1525 2710 1577 2766 S.
1601 2710 1953 2783 Leodegarii,
1984 2720 2039 2769 et

331 2802 665 2852 caterorum
696 2796 977 2852 omnium.

401 2884 496 2941 IV.
528 2885 788 2940 Andreas
843 2887 1004 2942 1124.
1056 2885 1216 2942 Prior
1253 2893 1425 2943 antea
1456 2887 1703 2944 canobii
1756 2888 2039 2960 Novigen-

329 2970 455 3028 tini.
505 2972 827 3029 Nonnullas
883 2973 1157 3030 benevolo
1214 2974 1407 3031 animo
1470 2976 2036 3034 Pramonstratensi-

2161 589 2315 644 niam
2352 588 2653 657 Apostolus
2677 587 2953 657 pracipit,
2985 588 3123 643 dum
3150 597 3370 658 tempus
3396 590 3635 656 habetis,
3671 605 3852 660 opera-

2164 674 2297 730 mini
2333 674 2545 730 bonum
2573 676 2641 730 ad
2675 690 2893 740 omnes,
2922 678 3172 731 maxime
3204 681 3395 733 autem
3427 679 3497 734 ad
3532 678 3853 734 domesticos

2163 761 2291 818 ﬁdei
2346 762 2494 833 (Gal.
2550 778 2626 827 v1.
2677 764 2783 834 10).
2822 784 2842 812 ι
2888 763 3004 819 Nos
3054 773 3223 834 prout
3279 768 3580 835 pastoralis
3634 768 3853 823 solertia

2159 851 2357 922 exigit,
2391 851 2527 907 dum
2561 859 2787 922 tempus
2830 852 3131 915 habemus,
3166 867 3253 921 ea,
3288 869 3418 925 qua
3450 854 3676 925 pietatis
3730 864 3852 910 sunt

2158 946 2213 1015 et
2238 940 2664 1007 misericordia,
2716 941 2960 996 invicem
2998 941 3203 997 sectari
3245 942 3537 999 debemus.
3582 943 3853 1000 Omnibus

2157 1028 2442 1098 siquidem
2497 1037 2701 1085 notum
2759 1044 2881 1085 esse
2952 1029 3241 1097 volumus,
3314 1039 3428 1087 tam
3486 1033 3853 1102 prasentibus

2157 1131 2334 1187 quam
2388 1117 2616 1180 futuris,
2669 1118 2981 1175 Radulfum
3036 1118 3418 1190 Nigellensem
3459 1121 3850 1186 castellanum,

2157 1205 2229 1260 ab
2259 1207 2429 1262 Ivone
2470 1206 2780 1277 Nigellensi
2828 1206 3066 1263 domino
3104 1222 3205 1276 per
3235 1210 3647 1266 successionem
3691 1220 3854 1280 poste-

2157 1293 2364 1363 ritatis,
2417 1295 2474 1350 in
2511 1296 2691 1352 altare
2742 1296 2813 1352 de
2868 1295 3059 1363 Curci,
3102 1304 3216 1352 tam
3258 1284 3585 1353 in‘minutis
3626 1298 3854 1354 decimis

2157 1396 2336 1453 quam
2368 1383 2426 1439 in
2469 1383 2790 1454 hospitibus
2819 1384 2989 1454 atrii;
3018 1398 3120 1440 seu
3165 1384 3223 1439 in
3265 1384 3654 1441 oblationibus
3678 1400 3853 1441 sacer-

2155 1470 2320 1537 dotis,
2355 1470 2763 1527 dimidietatem
2796 1485 2898 1541 per
2925 1470 3120 1526 omnia
3182 1470 3240 1527 in
3294 1471 3521 1529 feodum
3564 1473 3851 1540 tenuisse;

2154 1572 2364 1629 eosque
2399 1559 2598 1615 ambos
2648 1567 2780 1615 ante
2822 1573 2924 1614 nos
2964 1558 3261 1615 humiliter
3302 1561 3543 1620 venisse,
3577 1575 3852 1631 recogno-

2154 1654 2374 1703 scentes
2409 1662 2584 1718 super
2622 1648 2729 1703 hoc
2768 1649 2996 1718 culpam
3041 1661 3227 1716 suam,
3271 1648 3764 1720 Radulphumque
3803 1651 3853 1704 in

2155 1748 2393 1790 manum
2446 1735 2638 1791 Ivonis
2689 1736 2847 1791 hunc
2885 1734 3113 1792 feodum
3159 1736 3491 1804 reddidisse,
3530 1744 3585 1792 et
3624 1737 3851 1792 Ivonem

2156 1821 2332 1878 libere
2365 1830 2418 1879 et
2451 1823 2710 1880 absolute
2741 1824 2801 1879 in
2831 1837 3068 1879 manum
3098 1831 3349 1879 nostram
3396 1823 3701 1891 remisisse,
3742 1840 3853 1880 eos-

2153 1926 2268 1982 que
2309 1911 2366 1967 in
2397 1926 2701 1968 commune
2732 1926 2836 1968 nos
2878 1926 3009 1967 cum
3038 1912 3335 1968 devotione
3386 1926 3596 1983 magna
3627 1926 3852 1984 rogasse

2153 2008 2463 2069 quatenus,
2497 2014 2599 2070 pro
2632 2000 2939 2056 animabus
2955 2009 3373 2057 antecessorum
3404 2015 3665 2067 suorum,
3700 2006 3849 2055 θυι

2151 2097 2204 2145 et
2238 2090 2559 2158 specialiter
2592 2103 2693 2159 pro
2724 2090 2918 2145 anima
2948 2089 3232 2145 Guillelmi
3258 2089 3447 2146 fratris
3470 2089 3724 2157 Radulﬁ,
3757 2093 3849 2161 qui

2154 2176 2209 2231 in
2259 2178 2602 2233 monasterio
2659 2177 2836 2234 beata
2883 2178 3076 2233 Maria
3129 2177 3368 2249 Nogenti
3410 2178 3737 2234 monachus
3784 2179 3850 2233 fa-

2150 2272 2296 2331 ctus,
2347 2273 2401 2321 et
2436 2264 2698 2335 sepultus
2738 2274 2841 2333 est,
2890 2266 3075 2322 eidem
3136 2267 3481 2322 monasterio
3524 2266 3635 2322 hoc
3684 2267 3850 2322 eccle-

2148 2352 2445 2409 siasticum
2516 2353 2854 2410 beneficium
2913 2354 3401 2422 contraderemus,
3451 2362 3507 2412 et
3578 2357 3852 2412 canonice

2148 2440 2533 2498 ﬁrmaremus.

2225 2551 2245 2578 ι
2278 2531 2391 2586 Nos
2432 2530 2611 2602 igitur
2647 2531 2932 2587 devotioni
2976 2545 3174 2587 eorum
3221 2531 3682 2602 aggratulantes,
3731 2533 3850 2597 tibi,

2148 2617 2322 2674 frater
2355 2619 2586 2674 Andrea
2618 2619 2962 2689 supradicta
3007 2619 3256 2675 ecclesia
3293 2619 3636 2676 venerabilis
3679 2621 3848 2687 abba,

2147 2706 2378 2777 tuisque
2427 2707 2874 2775 successoribus,
2926 2708 3321 2779 fratribusque
3381 2707 3524 2765 inibi
3578 2710 3694 2764 Dco
3739 2724 3852 2765 ser-

2146 2795 2457 2857 vientibus,
2496 2795 2779 2866 quidquid
2828 2796 2886 2850 iu
2936 2796 3115 2852 altare
3175 2797 3245 2853 de
3292 2796 3460 2853 Curci
3509 2797 3854 2867 Radulphus

2145 2885 2496 2940 saculariter
2542 2884 2790 2952 tenebat,
2857 2899 2961 2941 nos
3015 2885 3390 2941 ecclesiastice
3440 2885 3851 2956 possidendum

2146 2972 2391 3029 ulterius
2445 2987 2548 3043 pro
2596 2973 2905 3030 animabus
2967 2975 3446 3043 pradecessorum
3497 2982 3851 3039 nostrorum,

327 3059 456 3129 bus,
514 3061 769 3118 maxime
842 3062 1001 3133 apud
1071 3063 1389 3132 Bonolium,
1443 3066 1827 3135 possessiones
1887 3080 2032 3122 con-
2068 3054 2194 3117 Cet
2232 3062 2431 3117 matris
2475 3075 2614 3117 mea
2677 3063 3077 3129 concedimus;
3136 3070 3200 3119 ut
3246 3063 3400 3133 quod
3447 3062 3593 3119 laica
3641 3077 3853 3120 manus

329 3149 516 3204 cessit.

399 3255 428 3289 α
460 3238 527 3293 In
553 3238 786 3295 nomine
816 3246 1028 3296 sancta
1052 3246 1106 3296 et
1134 3240 1447 3298 individua
1466 3241 1781 3298 Trinitatis.

397 3326 646 3383 aSciant
714 3342 911 3384 omnes
970 3337 1278 3399 prasentes
1332 3337 1387 3386 et
1461 3329 1644 3386 futuri
1716 3331 1870 3402 quod
1927 3346 2031 3403 ego

325 3413 587 3471 Andreas
633 3416 812 3472 abbas
870 3415 1093 3472 Sancta
1158 3416 1353 3473 Maria
1428 3418 1690 3490 Nogenti,
1758 3434 2032 3477 concessu

324 3503 561 3573 capituli
626 3503 830 3571 nostri,
903 3504 1159 3560 concessi
1236 3506 1487 3563 ecclesia
1571 3508 2031 3565 Pramonstrata

323 3603 552 3646 omnem
613 3599 825 3647 terram
904 3591 1073 3648 alodii
1130 3594 1307 3649 nostri
1377 3595 1532 3665 quod
1597 3596 2033 3665 possidebamus

324 3678 479 3747 apud
540 3678 866 3744 Bonolium,
947 3694 1050 3750 per
1098 3695 1332 3737 censum
1388 3682 1658 3738 tredecim
1717 3684 2030 3741 solidorum

323 3773 566 3822 moneta
619 3766 1085 3835 Vermandensis,
1157 3770 1313 3825 omni
1362 3783 1526 3826 anno
1586 3772 2029 3841 persolvendum

323 3854 397 3911 ad
426 3855 887 3912 Purificationem
935 3866 1149 3913 sancta
1207 3858 1301 3914 Dei
1349 3860 1644 3930 genitricis
1688 3861 1899 3918 Maria.
1961 3862 2034 3917 Et

324 3943 434 4000 hoc
459 3952 651 4000 ratum
685 3951 739 4001 et
770 3943 1001 4001 firmum
1035 3947 1398 4003 attestatione
1441 3948 1614 4019 sigilli
1669 3950 1846 4006 nostri
1897 3965 2031 4006 con-

324 4032 646 4101 firmamus,
675 4042 729 4090 et
749 4034 1154 4090 inconvulsum
1179 4048 1512 4105 permanere
1541 4036 1924 4094 decernimus.

386 4142 415 4170 «
449 4121 635 4192 Hujus
666 4122 1047 4178 concessionis
1096 4130 1264 4178 testes
1310 4130 1464 4179 sunt.
1524 4123 1864 4182 Godefridus
1915 4140 2033 4182 mo-

321 4208 549 4264 nachus
575 4215 629 4264 et
652 4216 855 4264 cantor
882 4208 1205 4281 Novigenti,
1260 4211 1585 4268 Bernardus
1642 4213 2030 4284 eleemosyna-

322 4297 466 4363 rius,
520 4296 839 4353 Adelardus
881 4298 1217 4366 monachus,
1287 4299 1615 4358 Adelelmus
1662 4303 2023 4372 secretarius,

323 4384 620 4441 Albericus
667 4386 1028 4455 prapositus,
1091 4387 1399 4445 Herberius
1441 4389 1793 4460 cellerarius,
1853 4391 2024 4448 Fulco

324 4488 487 4544 puer,
519 4473 721 4530 [terius
745 4488 908 4544 puer,
940 4483 996 4531 et
1023 4476 1232 4532 cateri.

394 4582 423 4614 α
453 4563 525 4619 Ει
566 4562 635 4618 de
661 4563 858 4619 eadem
890 4564 1332 4621 Pramonstrata
1364 4565 1620 4634 ecclesia,
1660 4567 1829 4639 Hugo
1884 4576 2025 4625 tunc

321 4650 593 4720 temporis
622 4649 819 4719 abbas,
854 4651 1139 4708 Gerardus
1177 4654 1353 4725 prior,
1405 4656 1754 4712 Hardwinus
1799 4663 2020 4726 cantor,

319 4738 522 4796 Petrus
581 4739 827 4806 diaconi,
884 4741 1212 4798 Almoricus
1264 4744 1566 4811 diaconus,
1618 4745 1823 4812 Adam,
1885 4745 2019 4801 Thi-

317 4825 546 4899 baldus,
578 4829 936 4893 subdiaconi,
965 4830 1304 4900 Rainaldus,
1340 4833 1607 4900 Joannes,
1642 4833 1826 4903 pueri.

387 4938 416 4967 ‹‹
448 4919 616 4974 Anno
642 4919 1060 4975 lncarnationis
1087 4919 1317 4977 Domini
1361 4923 1515 4990 “'29,
1572 4922 1880 4979 indictione
1918 4938 2016 4990 vn,

314 5014 511 5075 epacta
538 5020 741 5075 xxvm,
767 5021 927 5063 conc.
960 5022 998 5062 ι.
1038 5028 1061 5056 ο
1520 5078 1523 5083 ν

390 5093 736 5164 Radulphus
786 5104 979 5152 autem
1026 5096 1390 5177 castellanus,
1435 5105 1490 5154 et
1537 5100 1637 5155 lvo
1682 5098 2021 5170 Nigellensis

316 5180 649 5248 Ecelesiam,
715 5196 892 5252 quam
946 5183 1157 5255 injuste
1205 5185 1589 5256 usurpabant,
1668 5187 2020 5256 approbante

315 5268 545 5325 Simone
576 5269 940 5326 Noviomensi
992 5272 1274 5344 episcopo,
1338 5275 1577 5330 tradunt
1630 5276 1868 5331 Andrea
1915 5277 2021 5332 ab-

314 5354 454 5424 bati,
482 5364 538 5413 et
563 5358 858 5414 monachis
881 5361 938 5415 B.
971 5360 1164 5418 Maria
1200 5361 1595 5433 Novigentina
1620 5376 1633 5416 :
1662 5364 1748 5419 En
1806 5363 2018 5421 tabula

313 5443 655 5502 donationis.

389 5555 410 5584 ι
444 5536 507 5591 In
536 5535 768 5593 nomine
796 5535 1002 5605 Patris,
1034 5545 1089 5593 et
1120 5537 1268 5606 Filii,
1295 5545 1348 5595 et
1378 5537 1626 5610 Spiritus
1654 5538 1868 5597 Sancti.

380 5622 503 5695 Ego
549 5624 748 5682 Simon
799 5624 896 5682 Dei
945 5626 1153 5697 gratia,
1199 5625 1667 5685 Noviomensium
1720 5628 2020 5700 episcopus

2140 3150 2418 3207 hactenus
2467 3150 2527 3206 in
2571 3152 2969 3207 sanctuarium
3023 3151 3121 3208 Dei
3168 3151 3317 3208 male
3363 3152 3565 3216 tenuit,
3612 3153 3857 3209 ecclesia

2142 3246 2240 3295 tua
2290 3239 2558 3308 deinceps
2591 3238 2734 3295 bene
2783 3246 2837 3296 et
2869 3239 3046 3296 libere
3090 3240 3392 3310 possideat.
3438 3240 3753 3310 Presbyter
3800 3243 3853 3297 in

2143 3327 2413 3397 parochia
2460 3335 2557 3383 tuo
2588 3342 2829 3384 assensu
2863 3343 2964 3399 per
2994 3343 3233 3384 manum
3275 3329 3523 3399 episcopi
3571 3338 3852 3398 ponatur.

2141 3416 2196 3472 Si
2249 3417 2388 3486 quid
2437 3431 2570 3472 vero
2623 3418 2680 3473 in
2728 3418 2922 3473 eadem
2970 3418 3244 3487 parochia
3290 3421 3353 3473 tu
3395 3426 3448 3473 et
3489 3432 3858 3474 successores

2141 3503 2244 3571 tui,
2282 3506 2395 3561 Deo
2421 3505 2761 3569 auxiliante,
2808 3507 3110 3576 acquirere
3160 3506 3433 3576 poteritis,
3484 3505 3666 3576 hujus
3697 3509 3858 3563 char-

2138 3590 2274 3647 tula
2295 3592 2587 3648 sanctione
2619 3591 2937 3649 firmamus.

2210 3700 2239 3728 «
2268 3680 2340 3736 Ut
2366 3680 2546 3751 igitur
2583 3680 2707 3737 hac
2744 3682 2939 3737 omnia
2987 3688 3112 3737 rata
3154 3688 3210 3738 et
3244 3681 3585 3738 inconvulsa
3631 3697 3858 3753 perma.

2136 3776 2329 3837 neant,
2382 3769 2764 3839 pracipimus,
2813 3778 2868 3826 et
2913 3769 3085 3841 sigilli
3133 3770 3309 3827 nostri
3351 3770 3751 3841 impressione,
3803 3780 3857 3828 et

2140 3857 2369 3914 testium
2400 3859 2792 3928 suppositione
2839 3860 3299 3922 corroboramus,
3341 3867 3396 3914 et
3440 3873 3510 3915 ne
3544 3859 3682 3930 quis
3713 3876 3858 3930 pra-

2139 3954 2397 4015 sumptor
2460 3946 2568 4002 hoc
2631 3946 2846 4002 donum
2920 3947 3131 4003 violare
3181 3962 3440 4018 unquam
3510 3954 3851 4017 prasumat,

2141 4034 2526 4091 anathematis
2566 4034 2930 4103 inhibitione,
2971 4036 3310 4092 auctoritate
3353 4036 3533 4091 sancti
3574 4036 3848 4106 Spiritus,

2139 4123 2535 4194 prohibemus.
2568 4122 2758 4194 Hujus
2790 4124 2870 4179 rei
2912 4130 3080 4180 testes
3104 4132 3242 4180 sunt
3270 4124 3545 4194 suppositi
3572 4140 3587 4178 ε

2212 4233 2239 4262 ‹‹
2287 4211 2340 4268 8.
2401 4211 2647 4267 Simonis
2693 4211 2965 4282 episcopi.
3017 4212 3071 4268 S.
3121 4212 3380 4284 Hugonis
3425 4212 3845 4269 archidiaconi.

2140 4300 2193 4356 S.
2233 4299 2499 4357 Balduini
2564 4300 2784 4356 decani.
2844 4298 2899 4356 S.
2946 4299 3095 4356 Petri
3139 4300 3407 4357 cantoris.
3469 4300 3523 4357 S.
3577 4300 3848 4372 magistri

2136 4389 2307 4446 Petri.
2343 4388 2396 4444 S.
2426 4388 2757 4445 Theodorici
2789 4389 3015 4445 abbatis
3040 4388 3229 4445 Sancti
3262 4389 3427 4461 Eligii
3447 4388 3736 4445 Noviomi.

2212 4499 2233 4527 ι
2270 4482 2479 4533 Actum
2517 4477 2793 4534 Noviomo
2841 4478 2901 4533 in
2935 4479 3240 4547 prasentia
3282 4477 3528 4534 Simonis
3562 4477 3844 4548 episcopi,

2134 4579 2287 4621 anno
2340 4566 2412 4621 ab
2471 4566 2871 4622 Iucarnatione
2932 4566 3156 4622 Domini
3204 4567 3384 4622 nostri
3439 4565 3574 4621 Jesu
3627 4566 3847 4622 Christi

2133 4653 2452 4721 millesimo,
2492 4654 2801 4710 centesimo
2851 4653 3137 4711 tricesimo
3187 4655 3460 4711 secundo.
3500 4654 3622 4725 Ego
3673 4655 3847 4724 Hugo

2132 4742 2510 4799 cancellarius
2538 4743 2869 4813 subscripsi.
2901 4765 2921 4792 ι

2205 4832 2274 4889 V.
2338 4833 2529 4888 Bruno
2573 4832 2708 4887 1140
2757 4831 3053 4888 ecclesiam
3117 4832 3523 4889 canonicorum
3570 4831 3842 4887 Codicia-

2133 4920 2414 4985 ceusium,
2463 4928 2516 4977 et
2555 4920 2653 4990 pia
2719 4920 2987 4990 quadam
3027 4920 3141 4976 alia
3182 4920 3425 4976 donaria
3476 4920 3838 4990 lngelranni,

2129 5018 2256 5066 rata
2285 5009 2411 5066 vult
2441 5008 2891 5066 Bartbolomaus
2937 5009 3331 5068 Laudunensis
3371 5009 3674 5080 episcopus
3706 5010 3844 5066 hoc-

2128 5112 2191 5155 ce
2221 5098 2529 5169 diplomate
2558 5113 2571 5153 :

2205 5208 2227 5236 ‹
2280 5188 2344 5242 In
2390 5187 2621 5243 nomine
2679 5186 2882 5254 Patris,
2931 5193 2987 5243 et
3035 5186 3183 5254 Filii,
3230 5193 3287 5243 et
3331 5183 3576 5256 Spiritus
3620 5186 3837 5242 sancti.

2127 5275 2249 5346 Ego
2299 5276 2751 5333 Bartholomaus
2796 5276 2897 5332 Dei
2953 5277 3140 5349 gratia
3189 5275 3663 5333 Laudunensium
3708 5276 3837 5345 epi-

2126 5377 2352 5434 scopus.
2402 5363 2686 5431 Quoniam
2733 5364 3041 5434 Apostolus
3081 5364 3359 5435 pracipit,
3419 5363 3554 5419 dum
3600 5371 3837 5434 tempus

2127 5452 2370 5520 habetis,
2403 5452 2722 5522 operamini
2754 5452 2972 5509 bonum
3002 5453 3073 5507 ad
3095 5466 3316 5519 omnes,
3350 5452 3601 5507 maxime
3632 5461 3839 5508 autem

2127 5540 2196 5596 ad
2232 5540 2570 5596 domesticos
2614 5540 2742 5597 fidei
2791 5540 2953 5611 (Gal.
3001 5555 3075 5609 v1,
3132 5541 3244 5611 l0),
3289 5554 3394 5596 nos
3432 5536 3603 5610 prout
3646 5548 3839 5610 pasto-

2126 5628 2266 5686 ralis
2296 5628 2526 5684 solertia
2564 5628 2765 5700 exigit,
2812 5629 2952 5687 dum
2992 5635 3221 5700 tempus
3256 5628 3557 5696 habemus,
3595 5642 3667 5685 ea
3702 5644 3838 5701 qua
