3930 6414
337 368 466 426 1131

1376 369 1473 425 AD
1512 369 1664 425 OPP.
1700 368 1851 423 VEN.
1894 367 2227 426 GUIBERTI
2267 369 2354 424 DE
2392 369 2795 427 NOVIGENTO

3714 375 3862 429 H32

410 528 433 556 ‹
470 506 524 563 8.
576 505 972 563 Bartholemai
1022 503 1421 562 Laudunensis
1466 504 1729 574 episcopi.
1790 504 1843 559 8.
1894 503 2023 561 Gei-
2069 505 2108 558 Α
2144 517 2244 573 per
2297 503 2515 560 litteras
2560 505 2745 577 sigillo
2795 520 2919 562 meo
2966 505 3259 563 roboratas
3313 507 3630 578 posteritati
3687 508 3857 564 futu-

333 594 477 651 sleni
544 594 967 651 Suessionensis
1033 593 1303 663 episcopi.
1372 593 1425 649 S.
1489 592 1749 648 Widonis
1804 592 2027 648 decani.

334 684 389 738 S.
456 683 727 739 Richardi
792 682 1199 738 archidiaconi.
1272 680 1324 736 8.
1393 681 1645 736 Barthel.
1718 681 2025 736 archidiac.

535 772 760 827 abbatis
803 770 857 826 8.
906 768 1158 825 Joannis.
1207 767 1263 824 S.
1299 768 1509 824 Anselli
1540 769 1669 825 abb.
1706 768 1760 825 S.
1795 769 2031 824 Vincen-

333 860 416 915 tii.
468 859 521 915 S.
569 858 857 915 Gilleberti
899 858 1030 913 abb.
1082 856 1135 912 S.
1188 856 1403 912 Nicolai
1450 857 1519 913 de
1567 857 1748 913 Saltu.
1794 856 1848 912 S.
1890 857 2030 913 Wil-

332 946 486 1003 lelmi
532 947 666 1003 abb.
729 946 782 1001 8.
849 945 1062 1001 Nicolai
1132 945 1202 1000 de
1259 945 1447 1001 Prate.
1501 947 1556 1001 S.
1607 946 1839 1003 Milonis
1884 960 2028 1001 can—

330 1036 487 1092 toris.
524 1056 545 1084 ι

399 1141 489 1196 VI.
525 1124 928 1211 lngelrannus,
964 1143 1119 1195 1157.

398 1232 515 1301 VII.
562 1246 827 1313 Joannes,
875 1246 947 1302 ab
1002 1259 1155 1301 anno
1202 1245 1338 1301 1164
1394 1245 1466 1302 ad
1521 1248 1680 1301 1185.
1740 1246 1857 1303 Hoc
1905 1247 2025 1318 ipso

328 1342 559 1406 regente
606 1348 836 1390 crevere
866 1335 1197 1390 monasterii
1237 1335 1410 1403 bona,
1442 1334 1775 1405 summique
1806 1336 2029 1406 pontiﬁ-

326 1439 419 1480 ces
448 1423 763 1494 privilegiis
791 1422 1149 1480 munierunt.

396 1521 547 1577 VIII.
595 1520 805 1588 Helias,
853 1522 1012 1586 1185,
1057 1520 1382 1590 complures
1430 1520 1557 1577 iniit
1602 1535 1735 1577 cum
1783 1520 2026 1577 diversis

323 1609 641 1676 societates,
729 1607 1044 1679 prasertim
1112 1622 1247 1664 cum
1308 1609 1549 1680 Hugone
1610 1611 2024 1665 Pratnenstra-

324 1697 468 1754 tensi
504 1696 730 1753 abbate.

394 1793 492 1850 IX.
525 1794 831 1862 Bebertus,
857 1806 1013 1849 anno
1044 1793 1179 1847 1190
1208 1792 1281 1848 ad
1311 1795 1466 1847 1201.

393 1892 456 1947 X.
524 1890 728 1946 Petrus
797 1889 1018 1959 Claudy
1088 1888 1288 1959 (vulgo
1351 1888 1407 1943 le
1446 1889 1727 1961 Baiteux),
1782 1892 1909 1945 1201
1966 1889 2023 1945 in

322 1978 841 2035 archimandritam
903 1977 957 2033 S.
1027 1978 1271 2048 Remigii
1338 1978 1650 2044 Bemensis,
1714 1978 1812 2035 ubi
1863 1978 2025 2049 prius

322 2067 649 2123 institutum
682 2066 1062 2121 monasticum
1095 2065 1383 2135 professus
1409 2072 1551 2132 erat,
1584 2065 1837 2136 eligitur.

392 2164 494 2220 XI.
527 2163 813 2220 Robertus
844 2162 909 2230 II,
946 2164 1101 2224 1213.
1134 2162 1431 2218 ecclesiam
1464 2163 1581 2233 ipse
1607 2177 1642 2218 a
1670 2161 2023 2219 fundamen-

322 2253 414 2321 tis,
449 2250 785 2308 dormitoria
832 2251 968 2317 duo,
1022 2250 1268 2306 alterum
1320 2250 1805 2321 presbyterorum,
1858 2251 2022 2307 novi-

322 2341 533 2398 tierum
580 2340 826 2396 alterum
874 2339 1149 2395 adificari
1177 2340 1403 2395 curavit
1444 2340 1687 2395 summis
1717 2340 2019 2411 impensis;

323 2442 575 2498 quorum
605 2426 866 2483 omnium
892 2426 993 2482 vix
1031 2425 1217 2482 ruina
1248 2433 1469 2495 parent.
1507 2426 1626 2482 Hoc
1654 2426 1857 2483 abbate
1890 2442 2021 2483 eor-

320 2530 432 2586 pus
476 2515 709 2571 Thema
760 2515 829 2570 de
874 2513 1054 2571 Maria
1101 2513 1443 2569 translatum
1495 2522 1599 2580 est,
1643 2514 1728 2570 uti
1774 2528 1844 2570 ex
1889 2515 2023 2571 sub-

316 2604 469 2674 jecta
498 2602 835 2674 lngelranni
865 2602 1068 2658 charta
1101 2610 1459 2672 perspectum
1486 2603 1749 2659 habetur.

395 2718 424 2750 α
456 2699 524 2754 In
566 2698 799 2755 nomine
844 2697 1047 2765 Patris,
1096 2705 1152 2753 et
1200 2696 1351 2761 Filii,
1402 2705 1457 2753 et
1508 2698 1755 2768 Spiritus
1808 2700 2015 2755 sancti.

321 2789 523 2844 Amen.
556 2788 679 2859 Ege
714 2786 1097 2857 lngelrannus
1128 2785 1227 2841 Dei
1262 2786 1448 2857 gratia
1476 2786 1745 2843 dominus
1774 2787 2012 2853 Ceciaci,

321 2875 610 2931 universis
673 2882 885 2931 sancta
951 2874 1149 2930 matris
1216 2874 1481 2930 Ecclesia
1549 2874 1699 2943 ﬁliis,
1768 2889 2020 2945 prasens

322 2963 599 3034 scriptum
648 2963 1012 3033 inspecturis.
1061 2962 1275 3019 Notum
1333 2961 1479 3018 facio
1523 2964 1698 3033 quod,
1746 2978 1878 3020 cum
1927 2963 2018 3019 vir

2139 606 2334 649 rerum
2367 595 2846 650 commendarem.

2210 700 2237 730 ‹‹
2267 682 2389 752 Ego
2433 690 2624 737 autem
2674 682 2927 751 petitioni
2976 696 3177 738 eorum
3236 691 3534 753 gratanter
3578 684 3858 754 praebens

2136 782 2453 838 assensum,
2516 779 2821 841 prasentes
2885 771 3104 827 litteras
3165 770 3287 827 fieri
3321 773 3581 843 pracepi,
3652 779 3717 828 et
3765 772 3856 827 si-

2136 858 2255 928 gilli
2303 860 2416 915 mei
2455 860 2776 916 munimine
2824 860 3116 929 roborari;
3165 867 3219 915 et
3268 861 3338 916 ad
3391 862 3856 917 recordationem

2136 946 2313 1017 hujus
2361 947 2514 1015 facti,
2586 948 2871 1018 pradictis
2931 948 3123 1004 abbati
3170 955 3225 1003 et
3272 949 3592 1004 menachis‘
3615 948 3691 1004 de
3740 949 3856 1004 No—

2133 1043 2304 1107 gento
2331 1036 2388 1090 in
2421 1046 2760 1107 perpetuum
2791 1036 3169 1093 reservandas
3195 1036 3474 1092 commisi.

2208 1143 2231 1172 ι
2264 1125 2472 1180 Actum
2521 1125 2684 1181 Verbi
2730 1126 3020 1181 Incarnati
3072 1126 3228 1192 1218,
3279 1138 3473 1181 mense
3512 1123 3728 1194 Aprili,
3789 1140 3853 1179 ιιι

2130 1211 2277 1268 Non.
2343 1213 2598 1282 ejusdem
2657 1214 2888 1281 mensis,
2936 1221 3148 1284 quarta
3194 1212 3336 1269 feria
3380 1220 3511 1269 ante
3558 1213 3851 1269 Resurre-

2131 1299 2375 1356 ctionem
2408 1302 2631 1357 Domini
2661 1302 2842 1358 nostri
2869 1303 3005 1358 Jesu
3035 1301 3262 1358 Christi.
3299 1322 3322 1350 ι

2203 1387 2446 1444 Planum
2492 1398 2684 1446 autem
2725 1389 2789 1446 fit
2831 1404 2905 1445 ex
2936 1390 3045 1446 hac
3087 1388 3420 1461 lngelranni
3450 1388 3675 1456 charta,
3717 1403 3849 1445 em-

2131 1474 2232 1530 nia
2276 1477 2580 1533 vetustatis
2621 1485 2996 1533 monumenta
3059 1490 3277 1546 susque
3350 1475 3535 1546 deque
3600 1476 3848 1543 diruta;

2132 1561 2289 1617 unde
2316 1577 2430 1617 non
2463 1563 2675 1619 mirum
2706 1563 2755 1618 si
2787 1578 3010 1629 eorum,
3040 1578 3172 1635 qua
3201 1563 3509 1619 Guibertus
3538 1562 3609 1618 de
3640 1566 3848 1633 sepul-

2131 1662 2227 1704 cro
2264 1648 2437 1715 Quilii
2499 1650 2670 1721 regis,
2720 1658 2776 1707 et
2836 1652 3057 1708 cateris
3097 1652 3352 1723 ejusdem
3402 1652 3648 1709 canobii
3698 1653 3851 1709 anti-

2137 1738 2426 1807 quitatum
2474 1739 2731 1809 vestigiis
2792 1741 2979 1812 attigit
3029 1740 3089 1797 in
3138 1739 3282 1797 libre
3326 1756 3365 1797 II
3413 1741 3481 1797 de
3529 1740 3666 1798 Vita
3712 1756 3847 1809 sua,

2139 1825 2217 1880 nil
2251 1825 2518 1896 supersit.

2206 1914 2332 1969 XII.
2398 1914 2663 1971 Galterus
2731 1930 2833 1972 seu
2895 1915 3207 1983 Walterus,
3274 1920 3429 1983 1231,
3497 1919 3849 1975 monacbale

2134 2002 2445 2060 collobium
2512 2004 2780 2061 induerat
2848 2004 2906 2061 in
2986 2004 3041 2061 8.
3110 2006 3395 2062 Vincentii
3462 2006 3844 2064 Laudunensi

2131 2092 2499 2148 monasterio.

2203 2179 2361 2234 XIII.
2392 2181 2637 2236 Joannes
2669 2180 2889 2247 tertius,
2928 2182 3085 2235 1240.

2200 2267 2353 2325 XIV.
2389 2268 2615 2336 Iterius,
2647 2270 2804 2323 1248.

2199 2354 2323 2411 XV.
2360 2354 2683 2421 Matthaus,
2714 2356 2871 2410 1281.

2198 2442 2336 2498 XVI.
2368 2444 2617 2499 Joannes
2659 2443 2752 2511 IV,
2786 2443 2858 2498 de
2896 2443 3097 2516 Palye,
3149 2445 3304 2501 1300.

2195 2530 2362 2586 XVII.
2398 2532 2680 2588 Bebertus
2709 2532 2803 2599 III,
2839 2534 2995 2587 1332.

2196 2619 2401 2676 XVIII.
2447 2621 2695 2676 Joannes
2758 2620 2808 2677 V
2854 2624 3219 2692 Despagnyes
3267 2634 3341 2676 ex
3389 2620 3834 2676 marchionibus

2130 2707 2495 2779 Despagnyes
2526 2709 2584 2764 in
2617 2709 2897 2776 Picardia,
2932 2711 3088 2763 1347.

2194 2797 2318 2851 XIX.
2353 2796 2699 2853 Laurentius
2722 2796 2801 2850 du
2821 2798 3025 2863 Basse,
3064 2797 3218 2852 1415.

2194 2885 2291 2939 XX.
2321 2885 2567 2941 Joannes
2614 2885 2882 2955 Romsel;
2933 2885 3048 2952 cui,
3098 2885 3255 2955 quod
3299 2885 3628 2941 monasterii
3681 2885 3837 2941 bona

2126 2970 2516 3041 dilapidasset,
2569 2987 2784 3029 munus
2830 2973 3072 3043 abrogat
3117 2972 3417 3042 episcopus
3473 2973 3835 3028 Laudunen-

320 3051 526 3107 nebilis
566 3051 836 3107 dominus
883 3051 1133 3107 Thomas
1177 3050 1247 3106 de
1294 3051 1475 3108 Maria
1518 3051 1681 3107 bona
1729 3051 2017 3107 memoria
2056 3092 2096 3148 Ο
2125 3059 2236 3125 sis;
2318 3074 2799 3131 moonomumque
2864 3059 3167 3117 Nicolaum
3228 3062 3297 3116 de
3362 3063 3558 3116 Lestoc
3609 3061 3836 3116 consti-

320 3143 640 3194 antecesser
700 3152 884 3201 meus,
966 3146 1021 3194 et
1087 3139 1382 3208 quondam
1446 3139 1716 3195 dominus
1776 3140 2015 3206 Cociaci,

319 3227 642 3297 antiquitus
683 3226 942 3297 sepultus
972 3226 1169 3283 fuisset
1201 3228 1259 3281 in
1290 3227 1545 3297 quadam
1574 3226 1814 3297 capella,
1869 3231 2021 3282 030

319 3329 498 3385 quam
541 3315 630 3370 vir
678 3314 919 3371 illustris
958 3322 1013 3370 et
1054 3315 1160 3384 pia
1191 3315 1599 3371 recordationis
1626 3315 1897 3371 dominus
1926 3316 2017 3370 In-

319 3402 635 3473 gelrannus
684 3416 831 3457 avus
894 3415 1076 3468 meus,
1129 3409 1185 3457 et
1246 3401 1400 3457 filius
1463 3401 1718 3471 ejusdem
1788 3402 2019 3459 Thema

317 3491 573 3545 construi
605 3489 734 3545 fecit
766 3488 875 3545 sub
925 3488 1103 3544 veteri
1134 3487 1283 3544 turri
1327 3488 1580 3545 ecclesia
1622 3489 1683 3543 B.
1727 3489 1920 3545 Maria
1949 3490 2019 3545 de

316 3576 602 3648 Nogento;
652 3577 713 3631 in
754 3589 873 3646 qua
914 3589 1020 3645 pro
1051 3575 1246 3631 anima
1289 3575 1541 3645 ejusdem
1573 3576 1805 3633 Thema
1839 3578 2018 3647 patris

317 3665 429 3732 sui,
463 3672 518 3719 et
549 3678 650 3733 pro
682 3663 990 3719 animabus
1016 3665 1277 3719 omnium
1310 3664 1562 3720 fidelium
1593 3665 2016 3734 defunctorum,

2203 3147 2261 3202 it.
2776 3187 2781 3194 .

2203 3153 2261 3202 it.
2776 3187 2781 3194 -

2129 3153 2342 3292 tuXXI.
2374 3235 2646 3293 Nicolaus
2672 3236 2743 3291 de
2771 3239 2965 3293 Lesloc
3012 3237 3167 3305 1464,
3211 3237 3428 3293 Joanne
3455 3236 3575 3293 vita
3606 3225 3830 3298 functo.

2186 3340 2385 3379 IElluI'.

2126 3323 2385 3468 eligit}:
2408 3413 2658 3470 Joannes
2700 3413 2795 3480 IV,
2838 3413 3175 3468 Mare:ch
3208 3414 3341 3467 1475
3370 3413 3440 3469 ad
3485 3427 3624 3469 ann.
3664 3415 3827 3468 1489.

2585 3501 2835 3557 Abbates
2855 3500 3357 3557 commendatarii.

2197 3591 2403 3647 XXIII.
2445 3587 2697 3647 Artui‘us
2744 3592 2981 3661 Donney
3026 3605 3203 3647 sacra
3233 3590 3464 3660 capella
3491 3590 3830 3646 Parisiensis

2124 3679 2457 3745 canonicus,
2508 3678 2666 3733 omni
2703 3679 2838 3749 jure
2882 3678 3227 3748 posthabito,
3281 3686 3471 3747 spreta
3519 3678 3828 3733 monacho-

320 3764 353 3807 a
397 3750 693 3806 monachis
745 3751 1004 3821 ejusdem
1050 3750 1301 3807 ecclesia
1367 3752 1620 3821 quotidie
1686 3765 1803 3807 una
1846 3752 1988 3808 miss.

2187 3780 2258 3821 im
2286 3766 2577 3832 electione,
2609 3766 2905 3822 Nicolaum
2938 3766 3180 3833 Mavart,
3232 3766 3328 3823 cui
3378 3765 3675 3822 canebita
3729 3781 3824 3821 re-

319 3837 723 3913 celebraretur.
794 3838 1048 3894 Tandem
1109 3845 1358 3906 tempore
1415 3851 1541 3893 meo
1599 3852 1730 3893 cum
1782 3839 1988 3894 ecclesi.

2188 3867 2317 3908 men
2365 3852 2611 3909 abbatia
2661 3855 3070 3923 imposuerant,
3111 3854 3460 3925 exagitavit;
3493 3867 3561 3909 ac
3589 3855 3820 3909 tandem

317 3925 387 3981 de
415 3924 672 3995 Nogente
720 3924 977 3994 capisset
1014 3924 1083 3980 de
1114 3939 1263 3980 neve
1294 3925 1651 3994 readificari,
1676 3933 1730 3982 et
1758 3927 2016 3983 eamdem

317 4012 593 4083 capellam
676 4027 904 4068 necesse
985 4019 1131 4068 esset
1193 4013 1447 4068 amoveri
1508 4022 1738 4083 propter
1800 4030 2017 4071 novum

316 4115 482 4171 opus,
516 4100 673 4171 quod
717 4115 820 4170 per
847 4101 1106 4156 eamdem
1142 4100 1419 4170 capellam
1449 4110 1503 4156 et
1531 4115 1629 4170 per
1658 4102 2015 4172 sepulturam

316 4188 573 4258 pradicti
639 4188 870 4243 Thema
946 4189 1244 4257 oportebat
1319 4202 1570 4245 crescere
1637 4197 1691 4245 et
1751 4191 2013 4261 extendi;

315 4275 565 4331 domnus
611 4275 891 4330 Rebertus
936 4285 1073 4332 tunc
1120 4276 1299 4331 abbas
1344 4276 1414 4331 de
1452 4276 1708 4346 Nogente
1738 4284 1792 4333 et
1824 4291 2017 4333 mena-

2124 3955 2279 3996 anno
2314 3943 2470 4008 1489,
2502 3942 2791 3997 abbatiam
2820 3942 3037 3997 obtinet
3066 3942 3122 3996 in
3163 3943 3578 3998 commendant.

2194 4029 2397 4084 XXIV.
2428 4030 2677 4084 Joannes
2723 4030 2834 4096 VII,
2882 4031 2953 4086 de
2989 4029 3337 4098 Beaumont,
3381 4029 3819 4086 archidiaconus

2126 4116 2517 4187 Lingonensis,
2555 4120 2690 4171 1512
2722 4117 2793 4172 ad
2827 4120 2981 4172 1529.

2193 4202 2366 4258 XXV.
2420 4202 2659 4259 Carolus
2702 4203 2773 4258 de
2832 4204 3186 4276 Vignacourt
3242 4205 3548 4262 archidiac.
3607 4206 3813 4261 Bothe-

2125 4304 2276 4360 mag.
2303 4298 2359 4345 et
2387 4289 2649 4346 canenic.
2683 4292 2887 4358 Paris.,
2929 4295 3080 4347 1529.

314 4362 407 4417 chi
433 4360 692 4432 ejusdem
741 4362 868 4430 Ieci,
910 4362 1263 4453 deiassensu
1309 4371 1365 4420 et
1407 4364 1711 4453 voluntate
1760 4379 1905 4433 mea,
1955 4373 2011 4422 et
2050 4364 2093 4417 D
2193 4378 2400 4433 xxv],
2443 4379 2691 4435 Ioannes
2732 4380 2803 4434 de
2841 4380 3181 4453 ιοπρυευαι,
3216 4395 3317 4451 per
3362 4382 3671 4437 cessionem
3716 4381 3813 4437 Ca.

314 4464 404 4506 me
448 4458 745 4520 prasente,
778 4466 910 4508 cum
958 4452 1275 4522 aliquantis
1323 4451 1623 4519 militibus,
1666 4460 1721 4508 et
1763 4453 2007 4509 servien-

313 4538 468 4595 tibus
518 4539 678 4606 meis,
722 4554 933 4610 corpus
962 4540 1221 4610 ejusdem
1248 4540 1479 4596 Thema
1527 4541 1597 4596 de
1627 4540 1768 4608 loco,
1803 4541 1861 4595 in
1891 4555 2009 4613 quo

312 4628 476 4696 prius
521 4629 812 4698 sepultum
856 4625 1046 4684 fuerat
1095 4628 1405 4684 honorifice
1452 4629 1905 4699 transtulerunt;
1954 4636 2011 4685 et

312 4715 556 4785 peractis
602 4716 907 4773 missarum
957 4715 1262 4777 solemniis,
1328 4716 1387 4771 in
1451 4716 1634 4772 medio
1678 4716 1851 4773 choro
1903 4732 2008 4773 suo

309 4818 474 4861 nova
520 4805 770 4862 ecclesia
832 4804 1161 4861 solemniter
1215 4803 1684 4873 tumulaverunt;
1740 4812 1795 4860 et
1851 4804 2007 4860 illam

309 4891 565 4962 missam,
613 4908 745 4963 qua
798 4908 900 4964 pro
942 4894 1141 4948 anima
1188 4906 1337 4962 sape
1382 4892 1515 4948 dicti
1545 4892 1795 4957 Thema,
1824 4901 1879 4949 et
1907 4907 2008 4962 pro

309 4980 616 5036 animabus
661 4981 920 5037 omnium
973 4980 1229 5036 fidelium
1271 4979 1677 5036 defunctorum
1725 4982 1783 5036 in
1831 4980 2006 5037 veteri

308 5068 528 5137 capella
561 5068 722 5137 prius
763 5068 1183 5136 celebrabatur,
1236 5067 1293 5123 in
1344 5081 1495 5123 novo
1544 5082 1714 5138 opere
1764 5082 1862 5138 per
1905 5081 2005 5123 vo-

309 5154 589 5211 luntatem
628 5170 814 5211 meam
862 5156 1160 5213 duxerunt
1219 5156 1474 5227 quotidie
1544 5155 1603 5212 in
1666 5164 2007 5226 perpetuum

310 5241 608 5298 celebrari.

380 5361 407 5387 ‹‹
441 5340 513 5395 Et
558 5352 628 5395 ne
675 5353 775 5409 per
811 5339 1173 5395 succedentia
1222 5348 1481 5411 tempora
1538 5340 1660 5396 hac
1696 5328 2004 5396 translatio

308 5427 563 5496 corporis
606 5427 889 5496 sapedicti
936 5427 1166 5483 Thema
1209 5427 1487 5484 oblivioni
1536 5428 1880 5496 traderetur,
1913 5426 2005 5481 ab

308 5513 411 5570 bas
443 5522 498 5571 et
529 5515 793 5571 monachi
826 5515 1085 5586 ejusdem
1131 5516 1398 5572 Ecclesia
1429 5516 1717 5587 petierunt
1752 5529 1787 5571 a
1820 5529 1909 5571 me
1939 5520 2005 5570 ut

306 5602 565 5660 eamdem
606 5603 1062 5674 translationem,
1107 5611 1162 5661 et
1205 5604 1378 5672 diem,
1410 5604 1470 5659 in
1509 5617 1628 5674 qua
1669 5604 1819 5661 facta
1869 5602 1999 5671 fuit,

2119 4465 2226 4521 reli
2259 4466 2395 4520 1544
2426 4467 2497 4522 ad
2541 4481 2637 4522 an.
2684 4471 2839 4534 1557,
2895 4484 3031 4539 que,
3072 4484 3267 4527 mense
3310 4470 3477 4537 Julie,
3527 4469 3811 4526 abbatiam

2117 4553 2406 4610 abdicavit
2436 4554 2493 4609 in
2524 4554 2719 4611 fratris
2747 4556 2935 4613 Caroli
2958 4558 3221 4627 gratiam.

2186 4641 2405 4698 XXVII.
2440 4641 2679 4698 Carolus
2710 4643 2783 4710 II,
2830 4643 2901 4697 de
2947 4643 3288 4714 Longueval,
3336 4643 3572 4700 Joannis
3614 4642 3804 4709 frater,

2123 4730 2257 4783 1564
2320 4730 2564 4798 pessime
2639 4745 2730 4787 res
2794 4732 3127 4787 monasterii
3190 4731 3633 4797 administravit,
3696 4731 3805 4786 imo

2115 4815 2432 4885 dissipavit.
2467 4818 2571 4873 Hic
2602 4832 2783 4874 uxore
2812 4817 2920 4875 sibi
2964 4819 3233 4889 copulata
3260 4818 3332 4874 ad
3370 4818 3802 4875 Calvinistarum

2113 4912 2305 4972 partes
2333 4903 2549 4960 nefarie
2576 4905 2884 4961 devolutus
2907 4914 3012 4962 est.

2186 4991 2444 5048 XXVIII.
2480 4991 2707 5047 Gabriel
2747 4992 2802 5046 le
2831 4995 3076 5059 Seneux,
3121 4994 3214 5049 cui
3260 4995 3444 5064 specie
3493 5002 3655 5050 tenus
3701 4995 3801 5050 ab-

2114 5078 2327 5135 batiam
2378 5080 2543 5135 cessit
2592 5079 2830 5135 Carolus
2874 5081 2994 5150 ille;
3046 5081 3330 5151 siquidem
3373 5082 3615 5137 nefando
3655 5097 3795 5138 mer-

2112 5167 2357 5222 cimonio
2423 5168 2803 5237 possessiones
2870 5169 2978 5225 sibi
3044 5170 3319 5225 continuo
3385 5170 3645 5239 retinuit;
3705 5171 3793 5225 sed

2113 5262 2426 5323 antequam
2488 5256 2898 5324 possessionem
2966 5256 3135 5313 iniret
3223 5256 3277 5311 le
3336 5258 3564 5313 Senem:
3626 5266 3793 5313 morte

2112 5351 2551 5412 praoccupatur
2597 5346 2717 5398 1571
2738 5385 2749 5396 .

2180 5428 2390 5484 XXIX.
2438 5429 2770 5500 Gaspardus
2795 5430 2867 5486 de
2914 5430 3201 5500 Bremier,
3256 5430 3580 5502 Delphines,
3611 5445 3790 5487 mense

2109 5516 2427 5586 Septembri
2470 5530 2565 5572 an.
2622 5521 2755 5573 1572
2803 5533 2839 5575 a
2874 5534 3008 5591 rege
3050 5520 3341 5577 abbatiam
3389 5520 3622 5576 obtinet.
3669 5519 3791 5576 Pos-

2108 5604 2357 5660 sessiene
2395 5603 2603 5674 adepta
2648 5606 2801 5663 litem
2851 5615 3042 5666 movet
3072 5608 3352 5667 adversus
3388 5607 3686 5678 prafatum
3725 5610 3789 5666 de
