3930 6430
212 416 350 468 1133

1454 415 1675 471 DOMNI
1720 415 1779 469 L.
1823 412 2170 470 D’ACHERL
2210 414 2432 470 ΝΟΤΑΞ.

3575 421 3711 474 1134

208 549 679 621 Longueval,qui
704 549 1329 607 bonamonasteriisuis
1347 549 1796 621 possessionibus
1811 548 1906 604 ad-
1940 550 1989 603 A
2018 548 2200 616 ducis,
2234 551 2329 605 sed
2360 559 2415 605 et
2446 553 2692 608 aliorum
2731 560 2846 608 tam
2884 551 3304 622 episcoporum,
3344 565 3519 622 quam
3566 554 3710 623 opti-

203 638 504 708 junxerat,
530 652 695 694 sacra
716 639 922 693 feretra
944 651 1087 693 auro
1107 648 1464 709 argentoque
1484 640 1783 703 adornata,
1814 652 1901 693 ca-

207 726 343 782 lices
371 741 579 793 sacros,
614 739 888 796 gemmas,
916 733 970 781 et
1008 727 1292 798 quidquid
1317 727 1623 797 pretiosum
1655 728 1903 797 reperire

206 813 389 881 licuit,
424 814 785 883 depradatus
818 812 1022 879 fuerat,
1052 815 1342 870 exciderat
1370 814 1582 885 silvas;
1617 823 1905 885 quatenus

206 900 330 971 ipse
379 915 493 956 non
535 901 699 956 modo
748 901 1018 956 universa
1067 900 1404 967 restitueret,
1453 902 1546 957 sed
1602 910 1656 957 et
1697 902 1901 958 turrim

207 998 265 1044 et
311 989 551 1044 chorum
591 988 859 1050 ecclesia,
897 1002 1028 1058 qua
1078 988 1196 1058 ipso
1246 988 1334 1044 die
1386 989 1723 1059 nuptiarum
1771 1004 1902 1045 cor-

208 1084 471 1146 ruerant,
524 1077 888 1131 instauraret.
944 1076 1016 1131 At
1070 1084 1292 1131 cuncta
1339 1076 1613 1146 Gaspardi
1679 1086 1907 1133 conten-

208 1164 392 1220 tiones
420 1165 656 1220 incassa
685 1171 1106 1220 remanserunt.
1143 1164 1366 1220 Etenim
1394 1174 1628 1235 accepta
1662 1166 1906 1235 pecunia

210 1260 445 1322 pactum
489 1251 615 1307 iniit
644 1266 778 1308 cum
821 1252 1041 1319 Carolo,
1070 1253 1171 1323 qui
1204 1266 1305 1323 per
1338 1252 1421 1308 fas
1449 1260 1504 1309 et
1542 1253 1702 1310 nefas
1734 1254 1908 1310 rebus

208 1340 477 1396 Ecclesia
503 1340 736 1410 paciﬁca
760 1341 979 1412 potitus
1000 1348 1103 1395 est.

281 1428 451 1484 XXX.
483 1429 730 1484 Joannes
759 1428 910 1493 VIII,
944 1427 1014 1482 de
1056 1427 1118 1483 la
1150 1428 1414 1500 Frange,
1466 1429 1780 1497 Parisinus,
1813 1429 1908 1485 lite

206 1514 477 1571 Carolum
525 1515 593 1571 de
642 1515 972 1585 Longueval
1017 1524 1072 1571 et
1124 1518 1300 1572 armis
1356 1518 1742 1587 persequitur,
1810 1518 1908 1573 sed

206 1602 476 1658 frustra:
525 1615 707 1673 quare
760 1603 957 1658 multis
1002 1602 1426 1660 calamitatibus
1473 1605 1765 1661 lacessitus
1815 1608 1910 1660 ah-

210 1690 429 1745 batiam
495 1691 781 1756 abdicare,
831 1699 1007 1761 atque
1060 1692 1270 1747 Iacobo
1316 1692 1396 1747 du
1440 1692 1564 1760 Val,
1629 1701 1909 1763 tanquam

210 1778 645 1835 confidentiario
715 1784 857 1833 om
920 1788 985 1835 ut
1032 1788 1256 1847 vocant,
1309 1780 1490 1836 Caroli
1541 1781 1610 1836 de
1659 1782 1914 1853 Longue—

211 1867 331 1929 val,
362 1867 559 1922 cedere
589 1874 819 1923 coactus
846 1875 949 1923 est.

285 1956 461 2010 XXXI.
510 1956 758 2011 Iacobus
803 1955 880 2009 du
936 1957 1074 2023 Val,
1125 1958 1354 2014 nomine
1399 1958 1686 2015 duntaxat
1732 1960 1911 2016 abbas

210 2043 487 2109 effectus;
519 2043 795 2099 nimirum
825 2058 893 2099 ea
922 2045 1043 2115 lege
1070 2053 1134 2100 ut
1162 2060 1293 2101 cum
1334 2046 1584 2116 primum
1614 2048 1912 2119 Philippus

212 2132 285 2187 de
327 2131 678 2201 Longueval,
707 2146 857 2201 saepe
890 2132 987 2187 fati
1020 2131 1205 2188 Caroli
1253 2134 1423 2201 ﬁlius,
1457 2135 1787 2204 adoleverit,
1817 2138 1914 2193 ab-

213 2220 431 2276 batiam
464 2220 520 2275 in
550 2220 677 2290 ejus
697 2218 943 2290 gratiam
972 2220 1298 2291 deponeret,
1318 2223 1471 2292 quod
1489 2231 1543 2279 et
1570 2231 1807 2281 auctum
1829 2232 1912 2282 est

214 2322 372 2365 anno
404 2310 559 2363 1586.

287 2396 510 2451 XXXII.
564 2396 857 2465 Philippus
905 2395 975 2450 de
1018 2397 1360 2468 Longueval,
1396 2399 1580 2455 Caroli
1630 2400 1913 2472 primoge-

212 2484 391 2549 nitus.
438 2484 671 2540 abbatia
710 2486 923 2554 potitus
970 2485 1040 2540 ad
1075 2499 1210 2541 ann.
1267 2488 1421 2553 1624,
1456 2502 1575 2558 quo
1620 2489 1909 2545 abbatiam

213 2581 437 2631 retenta
488 2574 777 2643 pensione,
814 2574 1047 2632 tradidit
1087 2574 1332 2632 Antonio
1372 2576 1442 2633 de
1488 2577 1812 2648 Longueval
1838 2591 1913 2634 ex

213 2663 393 2719 fratre
422 2662 631 2730 nepoti.
1672 2650 1687 2665 '

287 2749 538 2804 XXXIII.
566 2749 850 2804 Antonius
891 2748 962 2803 de
990 2749 1333 2821 Longueval,
1372 2751 1462 2807 die
1494 2755 1557 2806 l5
1602 2752 1909 2811 Novembr.

213 2838 409 2895 adhuc
449 2837 788 2903 duodennis,
837 2846 1121 2907 quantum
1171 2852 1271 2908 per
1315 2847 1537 2895 atatem
1580 2848 1636 2896 et
1691 2850 1913 2913 tempus

215 2924 399 2993 licuit,
433 2924 838 2981 instaurationi
879 2924 1145 2991 abbatia,
1190 2926 1620 2998 disciplinaque
1658 2930 1911 3000 regulari

216 3014 505 3079 incubuit,
540 3014 733 3069 accitis
759 3027 826 3068 ea
856 3013 924 3069 de
960 3027 1023 3068 re
1054 3014 1349 3069 monachis
1380 3029 1512 3070 cum
1558 3030 1631 3071 ex
1682 3016 1734 3072 S.
1770 3017 1912 3073 Ger-

216 3102 376 3158 mani
419 3101 771 3166 Parisiensis,
818 3108 939 3156 tum
985 3115 1057 3156 ex
1110 3100 1323 3157 Casalis
1369 3101 1656 3158 Benedicti
1714 3118 1912 3159 mona-
1951 3126 1991 3181 ρ

215 3190 440 3256 steriis;
472 3203 539 3245 ac
591 3188 818 3245 tandem
862 3188 1323 3259 congregationis
1367 3188 1421 3244 S.
1456 3189 1682 3261 Mauri;
1716 3191 1807 3246 cui
1856 3198 1912 3248 et

213 3278 665 3348 Novigentinum
711 3276 1053 3340 coenobium,
1106 3284 1269 3346 pacto
1316 3276 1388 3331 ad
1462 3277 1567 3332 hoc
1635 3279 1908 3345 confecto,

215 3365 555 3437 aggregavit
585 3364 675 3420 die
716 3366 778 3418 2t
818 3363 1026 3418 mensis
1053 3362 1313 3420 Octobris
1345 3365 1501 3419 1646.
1543 3365 1674 3422 Vita
1710 3364 1914 3422 defun-

213 3460 342 3509 ctus
389 3452 480 3508 die
526 3457 557 3506 7
600 3452 738 3508 Julii
786 3452 940 3519 1649,
989 3452 1252 3522 sepultus
1300 3454 1357 3509 in
1406 3455 1646 3510 ecclesia
1694 3454 1747 3510 S.
1782 3454 1913 3511 Ger-

214 3539 375 3595 mani
402 3540 471 3596 de
518 3539 907 3595 Antissiodoro
946 3540 1223 3595 Parisiis:
1276 3543 1445 3613 cujus
1491 3556 1590 3598 cor
1634 3543 1704 3598 ad
1749 3542 1915 3598 Novi-

213 3628 518 3699 gentinum
547 3626 872 3683 coenobium
912 3626 1185 3697 delatum,
1227 3636 1403 3699 atque
1448 3630 1760 3699 sepultura
1794 3638 1914 3687 tra-

215 3716 399 3772 ditum
429 3723 531 3771 est.

287 3803 545 3861 XXXIV.
577 3804 823 3859 Joannes
849 3803 920 3858 de
944 3804 1181 3869 Grasse,
1208 3804 1598 3875 provinciatis,
1625 3805 1913 3862 abbatiam

217 3892 557 3961 adipiscitur
577 3905 674 3946 an.
707 3892 863 3945 1649.

290 3976 374 4049 (⁷⁷)
412 3980 547 4034 CAP.
590 3978 655 4034 V.
688 4009 757 4018 -
786 3978 1038 4050 Augium
1065 3982 1353 4045 castrum;
1391 3980 1714 4048 comitatus,
1747 3980 1917 4051 cujus

222 4067 363 4123 urbs
412 4066 703 4137 pracipua
750 4068 1026 4138 Augium,
1094 4068 1368 4123 Picardia
1420 4068 1675 4124 inferiori
1744 4076 1918 4139 atque

221 4155 508 4212 territorio
557 4154 833 4211 Caletensi
869 4156 1245 4211 contermina.
1301 4156 1593 4211 Familiam
1642 4156 1918 4212 comitum

223 4241 579 4313 Augensium
630 4242 749 4298 sive
786 4243 1157 4309 Aucensium,
1199 4243 1446 4313 reperies
1490 4243 1549 4298 in
1595 4244 1706 4300 fine
1742 4243 1920 4299 Histo-

223 4329 325 4386 ria
350 4329 734 4385 Northmann.
768 4329 992 4398 scripta
1023 4330 1097 4385 ab
1134 4330 1378 4386 Andrea
1403 4330 1747 4399 Duchesnio,
1781 4344 1913 4402 pag.

228 4419 387 4474 1086.

294 4504 386 4577 (⁷⁸)
419 4504 569 4560 Ibid.
602 4535 668 4545 —
694 4504 947 4561 Abbatia
976 4506 1174 4563 Sancti
1209 4505 1518 4562 Michaelis
1535 4508 1706 4577 juxta
1734 4522 1913 4574 mare,

221 4594 372 4668 quod
396 4594 614 4650 dicitur
659 4594 1130 4651 Ullam-Portus.
1174 4597 1357 4666 Ipsius
1400 4595 1707 4651 conditoris
1744 4602 1919 4665 atque

222 4683 481 4753 originis,
532 4697 637 4739 nec
684 4698 800 4739 non
859 4682 1200 4739 facultatum
1248 4684 1507 4739 notitiam
1554 4691 1621 4739 ut
1682 4683 1916 4747 habeas,

223 4772 518 4842 quodnam
551 4770 868 4841 antiquius,
904 4770 1175 4838 nobilius,
1222 4772 1434 4827 certius
1482 4777 1920 4826 monumentum

223 4859 467 4930 prodere
493 4859 753 4930 quivero,
804 4874 980 4930 quam
1023 4859 1379 4916 fundationis
1420 4857 1713 4915 tabulam?
1762 4858 1923 4913 Hanc

222 4960 362 5018 ergo
392 4960 464 5002 ex
494 4946 750 5016 antiquis
779 4947 1001 5001 schedis
1025 4946 1085 5001 in
1117 4946 1303 5002 lucem
1332 4946 1528 5002 emitto
1560 4962 1573 4999 :

225 5034 450 5088 Charta
467 5033 707 5089 abbatia
734 5032 1262 5089 Ulterioris-Porlu:
1285 5033 1356 5088 de
1390 5031 1698 5089 donatione
1723 5035 1779 5085 et
1796 5047 1926 5086 con-

288 5121 623 5189 ﬁrmatione
640 5121 876 5177 Roberti
893 5122 1120 5177 comitis
1132 5121 1305 5194 Augi,
1323 5118 1654 5189 fundaton's
1673 5119 1926 5177 ecclesia

299 5208 370 5263 de
398 5208 894 5264 Ulleriori—Portu.

304 5316 333 5348 α
365 5298 428 5353 In
467 5297 701 5353 nomine
742 5304 955 5353 sancta
993 5305 1047 5353 et
1090 5296 1403 5353 individua
1448 5295 1763 5363 Trinitatis,
1810 5295 1926 5351 Pa—

228 5384 354 5451 tris,
378 5392 433 5440 et
465 5384 613 5450 Filii,
657 5390 713 5440 et
755 5383 999 5453 Spiritus
1035 5383 1237 5451 sancti,
1279 5382 1483 5438 Amen.
1514 5382 1682 5437 Anno
1719 5381 1792 5436 ab
1830 5381 1926 5436 In-

228 5474 564 5531 carnatione
619 5472 840 5529 Domini
894 5472 1197 5528 millesimo
1247 5470 1530 5527 tricesimo
1574 5477 1753 5525 sexto.
1806 5469 1929 5539 Ego

228 5562 513 5620 Robertus
551 5572 739 5617 comes
787 5561 1089 5632 Augensis,
1142 5558 1380 5616 consilio
1427 5558 1678 5615 Maurilii
1732 5558 1929 5614 archi-

226 5649 478 5721 episcopi
508 5648 1003 5720 Rothomagensis,
1036 5656 1092 5706 et
1119 5646 1400 5704 Willermi
1434 5645 1927 5704 Northmanorum

2011 645 2231 693 matum
2251 639 2663 706 Northmania,
2697 641 3118 709 hominumque
3151 655 3406 695 meorum
3438 640 3628 708 laude,
3658 649 3712 696 et

2012 725 2295 795 pracipue
2339 728 2562 784 monitu
2628 728 2828 784 uxoris
2874 742 3013 783 mea
3062 728 3334 784 Beatricis
3382 728 3710 793 comitissze,

2011 812 2300 868 abbatiam
2350 812 2408 867 in
2468 814 2739 869 honorem
2777 814 2874 869 Dei
2930 822 2985 869 et
3034 816 3215 870 sancti
3275 815 3567 871 Michaelis
3624 830 3714 872 ar-

2011 900 2274 971 changeli
2326 902 2484 973 apud
2552 902 3015 958 Ulteris-Portum
3073 902 3377 970 constituo,
3448 911 3504 959 et
3560 904 3714 960 unde

2012 988 2279 1043 monachi
2319 989 2392 1044 ibi
2429 989 2647 1057 vivant,
2684 989 2783 1060 qui
2820 1003 2921 1059 pro
2953 1003 3077 1045 mea
3110 1004 3490 1061 meorumque
3530 992 3713 1047 salute

2012 1077 2193 1131 Deum
2226 1077 2453 1133 assidue
2480 1085 2739 1142 exorent,
2775 1091 2956 1133 uxore
2999 1079 3270 1143 Beatrice,
3304 1087 3360 1134 et
3392 1078 3522 1134 filiis
3552 1080 3713 1143 meis,

2014 1162 2258 1218 Badulfo
2299 1162 2580 1229 videlicet,
2629 1163 2927 1219 Willermo
2973 1170 3149 1234 atque
3220 1165 3465 1222 Roberto
3506 1181 3715 1223 conce-

2013 1249 2300 1319 dentibus,
2332 1259 2507 1322 atque
2537 1251 2931 1319 laudantibus,
2966 1252 3036 1308 de
3079 1252 3220 1309 meis
3264 1254 3717 1323 possessionibus

2013 1338 2256 1394 stabilio.
3538 1328 3545 1335 ’

2089 1446 2112 1474 ι
2149 1426 2229 1481 Do
2280 1426 2456 1497 igitur
2513 1427 2595 1483 eis
2644 1428 2703 1482 in
2769 1427 3184 1485 Ulteris-Portu
3242 1428 3563 1499 ecclesiam,
3614 1432 3715 1489 ubi

2016 1513 2213 1569 eadem
2266 1515 2495 1570 abbatia
2527 1522 2610 1570 est
2656 1524 3004 1578 constructa,
3057 1531 3189 1572 cum
3234 1525 3350 1573 tota
3391 1519 3629 1588 decima,
3660 1529 3716 1577 et

2017 1616 2149 1657 cum
2194 1603 2464 1658 omnibus
2510 1603 2580 1657 ad
2623 1604 2879 1659 eamdem
2920 1604 3215 1660 ecclesiam
3262 1606 3713 1679 pertinentibus;

2018 1695 2073 1743 et
2110 1687 2313 1758 viginti
2361 1689 2558 1745 domos
2599 1690 2654 1744 in
2692 1690 2891 1746 eadem
2939 1692 3096 1758 villa,
3147 1707 3249 1748 sex
3300 1695 3359 1748 in
3398 1696 3615 1752 cambis
3642 1712 3715 1753 ex

2023 1775 2183 1845 ipsis,
2213 1783 2267 1831 et
2292 1777 2437 1831 duos
2485 1776 2744 1832 homines
2774 1792 3080 1834 vavasores
3110 1779 3334 1845 liberos,
3382 1790 3437 1838 et
3480 1797 3715 1840 censum

1950 1836 1992 1891 Β
2025 1836 2311 1934 lignorum
2350 1863 2606 1933 ejusdem
2656 1864 2846 1935 villa;
2912 1874 2967 1921 et
3019 1836 3353 1936 palustrem,
3394 1836 3716 1928 'ierliiiféi

2021 1959 2184 2021 prata
2214 1952 2282 2006 de
2315 1953 2505 2021 juxta,
2555 1960 2608 2009 et
2656 1967 2883 2009 omnem
2926 1962 3136 2009 terram
3187 1957 3483 2023 arabilem,
3538 1972 3715 2028 quam

2020 2038 2080 2091 in
2121 2037 2372 2093 dominio
2426 2052 2568 2105 meo,
2622 2038 2680 2093 in
2710 2039 2906 2095 eadem
2954 2039 3111 2103 villa,
3164 2040 3219 2095 id
3270 2049 3355 2097 est
3385 2042 3441 2098 in
3478 2044 3715 2100 Ulteris-

2021 2125 2195 2181 Portu
2241 2125 2443 2193 habeo,
2495 2133 2550 2182 et
2596 2141 2822 2182 omnem
2876 2128 3347 2185 consuetudinem
3414 2131 3714 2188 hominum

2020 2213 2271 2282 illorum,
2303 2214 2404 2284 qui
2434 2222 2571 2270 sunt
2599 2216 2779 2274 sancti
2806 2215 3114 2283 Michaelis,
3152 2218 3436 2289 quidquid
3484 2221 3717 2275 omnino

2019 2302 2109 2357 sit.

2092 2389 2290 2443 «Item
2334 2388 2392 2443 in
2453 2388 2877 2458 Ulteris-Portu,
2932 2400 2989 2447 et
3037 2392 3093 2448 in
3138 2395 3308 2465 Augo
3370 2395 3598 2465 oppido,
3662 2406 3717 2454 et

2020 2474 2296 2530 decimam
2327 2475 2695 2531 denariorum
2735 2476 2803 2532 de
2831 2478 3345 2549 vicecomitatibus,
3376 2491 3429 2537 et
3459 2482 3516 2537 in
3557 2491 3715 2538 utra-

2021 2578 2135 2633 que
2166 2562 2303 2618 villa
2334 2564 2619 2633 quidquid
2659 2564 2836 2620 abbas
2876 2574 2930 2621 et
2975 2568 3240 2623 monachi
3280 2569 3581 2639 acquirere
3616 2585 3715 2639 po-

2020 2658 2237 2707 terunt.
2268 2650 2428 2717 Quod
2458 2651 2506 2706 si
2538 2652 2793 2708 homines
2823 2653 3047 2710 abbatis
3084 2655 3316 2724 piscem,
3348 2657 3451 2726 qui
3478 2666 3719 2713 vocatur

2023 2740 2261 2801 turium,
2297 2739 2554 2809 capiunt,
2590 2748 2741 2795 totus
2768 2742 2877 2796 erit
2908 2741 3099 2798 Sancti
3145 2743 3457 2811 Michaelis,
3490 2760 3717 2801 crassus

2021 2826 2193 2897 piscis
2237 2826 2284 2882 si
2333 2834 2535 2896 captus
2573 2826 2767 2894 fuerit,
2808 2827 2900 2883 ala
2942 2843 3062 2884 una
3106 2838 3162 2885 et
3202 2831 3476 2887 medietas
3520 2833 3717 2887 cauda

2020 2914 2127 2969 erit
2158 2912 2469 2969 monachis.

2096 3022 2124 3050 ‹‹
2155 3002 2236 3056 Do
2287 3001 2456 3056 etiam
2505 3015 2610 3071 ego
2660 3002 2943 3059 Robertus
2981 3019 3168 3061 comes
3216 3006 3399 3062 eidem
3456 3008 3716 3063 Ecclesia

2020 3089 2175 3158 apud
2225 3088 2481 3159 Augum,
2532 3090 2887 3146 mansionem
2955 3092 3257 3163 cujusdam
3324 3094 3570 3150 hominis
3613 3096 3714 3166 qui

2018 3185 2281 3233 vocatur.
2360 3218 2374 3231 .
2457 3218 2470 3231 .
2550 3217 2562 3231 .
2640 3218 2652 3232 .
2723 3217 2735 3231 .
2812 3221 2825 3233 .
2900 3219 2912 3232 .
2987 3219 2999 3233 .
3073 3222 3085 3233 .
3154 3196 3288 3237 cum
3317 3182 3716 3252 viridario;et

2017 3268 2160 3323 alias
2186 3275 2299 3323 tres
2325 3267 2686 3337 mansiones;
2719 3268 3116 3340 decimamque
3150 3272 3405 3341 pasnagii
3429 3272 3712 3329 silvarum

2017 3355 2205 3426 Augi;
2236 3355 2614 3427 omniumque
2646 3357 3010 3414 exaltatuum
3041 3360 3376 3415 earumdem
3408 3361 3711 3430 silvarum,

2019 3444 2356 3514 ubicunque
2398 3444 2558 3507 ﬁant,
2609 3445 2813 3500 silvam
2864 3460 3098 3516 quoque
3166 3447 3403 3503 liberam
3468 3448 3527 3504 in
3570 3464 3717 3519 opus

2020 3532 2348 3588 monasterii
2375 3539 2430 3588 et
2455 3533 2756 3590 ministerii
2784 3522 3218 3591 monachorum.

2095 3642 2117 3670 ι
2154 3621 2235 3675 Do
2259 3619 2429 3675 etiam
2458 3627 2666 3676 terram
2710 3620 3216 3689 Maisnilli-Vallis,
3257 3636 3389 3678 cum
3442 3630 3630 3692 portu,
3663 3630 3719 3679 et

2020 3709 2307 3781 quidquid
2340 3709 2396 3764 in
2427 3708 2620 3765 eodem
2665 3709 2785 3765 loco
2815 3710 2995 3766 habeo
3021 3725 3038 3779 ;
3080 3710 3525 3782 quercitumque
3554 3712 3719 3769 Crio-

2021 3797 2124 3866 lii;
2168 3805 2223 3853 et
2275 3796 2627 3853 maisnillum
2666 3796 2865 3853 Soreth
2910 3797 3178 3866 liberum,
3227 3806 3283 3855 et
3330 3800 3593 3869 quietum
3646 3801 3718 3855 ab

2021 3886 2176 3942 omni
2242 3884 2673 3951 consuetudine,
2760 3892 2815 3941 et
2898 3886 3289 3956 quodcunque
3372 3887 3504 3943 inde
3577 3887 3716 3944 exit.

2023 3974 2370 4031 Maisnillum
2398 3988 2631 4043 quoque
2661 3973 2939 4029 Alardum
2985 3973 3056 4029 do
3081 3990 3095 4040 ;
3143 3982 3199 4029 et
3228 3974 3423 4030 villam
3453 3990 3584 4045 qua
3610 3977 3719 4031 Ra-

2023 4061 2549 4119 micheon-Maisnil
2599 4060 2847 4130 dicitur;
2898 4069 2952 4116 et
2998 4061 3171 4116 aliam
3211 4076 3343 4130 qua
3386 4062 3722 4119 Grimonth-

2024 4149 2247 4207 Maisnil
2276 4157 2534 4204 vocatur.
2572 4150 2640 4203 Et
2683 4149 2930 4204 concedo
2974 4148 3333 4204 medietatem
3380 4149 3449 4205 de
3480 4150 3719 4207 Boiteal-

2024 4236 2249 4295 Maisnil
2292 4236 2447 4305 apud
2495 4235 2738 4291 Fucardi
2772 4246 3041 4292 montem.
3087 4237 3159 4292 Et
3198 4236 3267 4291 de
3303 4236 3554 4294 dominio
3596 4253 3724 4295 meo

2025 4324 2099 4379 do
2129 4323 2273 4378 duos
2317 4322 2532 4390 hortos,
2562 4328 2617 4376 et
2660 4320 2989 4377 mansiones
3015 4322 3277 4393 quinque
3306 4323 3620 4393 hospitum,
3670 4332 3725 4380 et

1961 4418 2005 4473 1)
2034 4424 2219 4466 unum
2251 4408 2664 4465 molendinum.
2700 4410 2762 4464 In
2793 4408 3049 4467 fontibus
3077 4418 3288 4480 autem,
3318 4418 3552 4481 excepto
3581 4411 3725 4468 telo-

2025 4512 2151 4565 neo,
2183 4505 2239 4553 et
2287 4496 2577 4567 parochia,
2650 4497 2722 4553 do
2785 4497 2925 4554 illud
2978 4499 3137 4568 quod
3188 4499 3246 4554 in
3300 4499 3551 4555 dominio
3601 4514 3725 4556 meo

2027 4586 2209 4642 habeo
2234 4584 2293 4640 in
2326 4585 2511 4653 terris,
2542 4592 2597 4640 et
2627 4585 2824 4655 pratis,
2874 4593 2929 4641 et
2970 4587 3194 4651 alnetis,
3234 4594 3289 4642 et
3335 4587 3624 4654 marescis,
3671 4595 3727 4643 et

2028 4687 2204 4731 unam
2254 4673 2488 4727 domum
2532 4672 2794 4737 liberam,
2841 4680 2896 4729 et
2926 4689 3110 4729 unum
3160 4674 3575 4741 molendinum,
3624 4675 3727 4731 ubi

2029 4766 2147 4815 tota
2183 4757 2456 4814 molitura
2492 4759 2562 4814 de
2607 4758 3151 4817 Grimonth-Maisnil
3200 4761 3364 4817 debet
3413 4761 3629 4829 venire,
3679 4761 3728 4816 si

2030 4846 2298 4904 dominus
2326 4845 2477 4902 villa
2498 4846 2826 4903 molendino
2852 4849 3122 4904 caruerit.

2104 4956 2132 4985 «
2172 4937 2253 4991 Do
2298 4935 2473 4991 etiam
2520 4935 2803 4992 decimam
2853 4938 3285 5008 molendinique
3337 4938 3626 5009 Blangeci,
3674 4947 3729 4996 et

2032 5032 2246 5095 septem
2304 5023 2612 5080 molarum.
2661 5024 2827 5093 Apud
2873 5033 3085 5095 septem
3133 5026 3314 5081 molas
3359 5027 3429 5082 do
3469 5026 3726 5096 ejusdem

2031 5110 2183 5168 villa
2234 5109 2552 5177 ecclesiam,
2601 5118 2655 5166 et
2699 5110 3090 5182 quodcunque
3140 5111 3213 5167 ad
3265 5126 3392 5168 eam
3463 5112 3725 5182 pertinet,

2032 5206 2364 5269 terramque
2394 5198 2570 5255 unius
2607 5212 2882 5267 carruca,
2911 5209 2967 5256 et
3001 5208 3174 5257 totam
3205 5201 3484 5257 decimam
3522 5202 3592 5257 de
3624 5202 3731 5257 do-

2034 5286 2212 5343 minio
2239 5300 2381 5341 meo.
2417 5286 2481 5340 In
2513 5285 2751 5342 Crioleio
2791 5287 3184 5345 molendinum
3228 5304 3412 5346 unum
3448 5304 3581 5345 cum
3616 5296 3732 5346 tota

2034 5382 2185 5432 αξη
2237 5377 2527 5445 molitura,
2558 5386 2612 5434 et
2656 5379 2724 5434 de
2771 5378 2976 5447 ﬂoscis,
3017 5387 3071 5435 et
3116 5381 3185 5437 de
3225 5380 3559 5437 Estaelonde
3599 5381 3733 5437 Vin-

2036 5465 2282 5532 liothuil,
2311 5472 2365 5521 et
2396 5466 2543 5521 duas
2572 5466 2897 5523 mansiones
2925 5467 3150 5525 liberas.

2112 5576 2135 5603 ι
2170 5553 2483 5610 Ecclesiam
2526 5568 2760 5625 quoque
2806 5555 2879 5612 do
2914 5556 2984 5613 de
3029 5557 3376 5621 Anedinacc,
3431 5565 3485 5614 et
3529 5558 3730 5614 iiscum

2036 5646 2266 5717 Bogerii
2316 5645 2572 5716 ejusdem
2621 5645 2793 5713 villa,
2843 5648 2947 5718 qui
2991 5649 3310 5708 monachus
3345 5650 3581 5707 effectus
3625 5658 3731 5713 est,
