3930 6396
303 398 438 451 H35

1343 398 1437 451 AD
1477 398 1629 453 OPP.
1673 397 1827 451 VEN.
1870 396 2199 451 GUIBERTI
2239 398 2331 453 DE
2373 396 2769 452 NOVIGENTO

3688 398 3834 451 H36

299 541 354 589 et
397 539 573 588 totam
637 538 849 587 terram
923 531 1351 587 Gozondimare.
1407 530 1470 585 In
1535 531 1758 588 Verleio
1817 545 2000 587 unum
2041 535 2080 586 A
2112 544 2278 586 suam
2312 532 2380 585 de
2425 531 2579 598 Plin;
2625 530 2695 585 de
2734 529 2885 585 dono
2917 529 3166 586 Ymberti
3212 531 3281 585 de
3324 527 3616 597 Basinval,
3669 542 3728 588 et
3765 531 3839 585 de

300 620 695 677 molendinum
733 620 805 675 do
846 633 949 690 pro
995 620 1190 675 anima
1233 620 1459 689 Rogerii
1507 619 1606 674 ﬁlii
1652 619 1906 685 Turlodi,
1940 622 1998 674 et

301 716 512 766 terram
541 722 719 779 quam
752 707 1038 763 Romeldis
1065 707 1198 762 avia
1227 706 1406 776 ipsius
1435 707 1662 778 Bogerii
1685 708 1740 762 in
1774 707 1996 763 Verleio

300 797 604 863 habuerat,
652 803 707 851 et
752 809 930 866 quam
981 795 1099 865 ipse
1165 792 1445 863 Rogerius
1511 792 1762 849 ecclesize
1804 792 1995 848 Sancti

300 885 613 954 Michaelis,
663 898 752 939 me
801 891 1093 953 praesente,
1147 882 1320 948 dedit,
1374 882 1586 938 scilicet
1634 882 1996 938 medietatem

299 973 452 1030 villa
480 973 553 1029 do
581 987 685 1043 ego
715 972 994 1027 Bobertus
1022 984 1207 1025 comes
1236 970 1493 1025 liberam.

373 1081 402 1113 α
435 1062 514 1117 De
552 1059 800 1116 Boevilla
845 1068 1058 1125 autem,
1103 1066 1158 1114 et
1202 1058 1273 1113 de
1324 1057 1547 1113 Penleio
1592 1065 1647 1114 et
1690 1058 1759 1114 de
1806 1059 1997 1113 Brun-

300 1149 438 1205 villa
478 1149 550 1204 do
606 1146 887 1215 ecclesias,
952 1153 1007 1201 et
1052 1153 1230 1202 totam
1298 1145 1600 1212 decimam,
1658 1152 1713 1200 et
1780 1151 1995 1199 terram

301 1244 554 1308 quatuor
583 1236 802 1305 bobus;
828 1234 1125 1291 ecclesiam
1155 1249 1391 1305 quoque
1420 1234 1490 1291 de
1521 1233 1997 1290 Gnillemercourt

300 1324 391 1391 do,
424 1337 556 1380 cum
601 1322 765 1379 tertia
799 1321 1020 1392 garba;
1063 1329 1119 1378 et
1157 1322 1454 1378 ecclesiam
1507 1320 1699 1377 Sancti
1745 1321 1893 1377 Petri
1936 1320 1995 1377 in

298 1410 477 1475 Valle,
508 1424 640 1465 cum
670 1416 788 1465 tota
834 1408 1057 1464 decima
1087 1424 1103 1475 ;
1148 1416 1203 1465 et
1240 1409 1538 1465 ecclesiam
1574 1408 1763 1464 Sancti
1803 1408 1998 1463 Wala-

298 1498 398 1555 rici
442 1498 511 1553 de
554 1496 1017 1567 Monte-Aqueso,
1058 1510 1193 1552 cum
1224 1504 1378 1553 terra
1423 1504 1479 1553 et
1518 1496 1736 1553 caeteris
1768 1496 1838 1552 ad
1868 1510 1998 1552 eam

298 1584 757 1656 pertinentibus;
798 1590 853 1639 et
899 1583 1196 1639 ecclesiam
1237 1584 1306 1639 de
1350 1584 1543 1654 Burgo
1571 1583 1825 1650 Turoldi,
1861 1596 1997 1637 cum

297 1679 414 1728 tota
442 1672 683 1738 decima,
724 1677 780 1726 et
820 1670 1059 1741 triginta
1098 1670 1362 1741 quinque
1391 1684 1555 1725 acras
1584 1678 1751 1726 terrae
1780 1684 1796 1739 ;
1832 1669 1996 1724 Basi-

298 1758 421 1813 licis
450 1765 661 1814 terram
702 1757 774 1812 ad
829 1770 1006 1812 unam
1046 1770 1372 1824 carrucam,
1411 1764 1468 1812 et
1513 1756 1809 1811 ecclesiam
1860 1769 1994 1810 cum

2104 618 2255 673 dono
2307 618 2574 673 Heldnini
2645 618 2947 673 Forestar’ii
3016 618 3163 672 duas
3208 618 3417 687 garbas
3459 618 3708 675 decimae
3763 621 3838 673 de

2106 706 2272 762 terris
2323 707 2443 763 suis
2496 707 2653 776 apud
2702 708 3007 775 Basinval;
3078 706 3147 762 de
3212 707 3359 761 dono
3428 706 3699 765 Walterii
3754 710 3832 763 ad

2106 794 2350 850 Barbam
2398 794 2468 850 de
2512 794 2778 861 Daivilla,
2820 795 2967 849 duas
3014 793 3226 864 garbas
3273 794 3504 850 decimae
3557 797 3629 852 de
3687 798 3834 852 ﬁsco

2104 896 2209 938 suo
2240 882 2389 952 apud
2421 881 2828 950 Moncheium;
2862 881 2930 936 de
2961 881 3109 937 dono
3138 881 3415 937 Gosselini
3456 883 3526 939 de
3570 885 3835 941 Bernou-

2104 968 2351 1035 maisnil,
2382 976 2437 1024 et
2463 968 2741 1024 Osmeldis
2790 968 2990 1023 uxoris
3037 969 3165 1038 ejus
3211 976 3421 1025 terram
3472 970 3542 1026 de
3589 971 3833 1027 Sifridi-

2105 1056 2278 1126 villa;
2308 1056 2377 1111 de
2404 1056 2552 1111 dono
2584 1055 2808 1127 Rogerii
2853 1055 2953 1110 ﬁlii
2987 1055 3231 1123 Teroldi,
3287 1056 3438 1126 apud
3468 1057 3827 1114 Guillemer-

2104 1153 2269 1201 court
2328 1145 2527 1201 ﬁscum
2576 1144 2827 1200 duorum
2883 1143 3201 1208 hominum,
3255 1144 3512 1202 videlicet
3566 1146 3823 1203 Goifridi

2106 1233 2206 1288 ﬁlii
2276 1233 2586 1296 Romoldis,
2652 1241 2706 1289 et
2754 1232 2981 1303 Rogerii
3047 1231 3147 1286 ﬁlii
3195 1232 3455 1299 Henrici;
3514 1235 3585 1290 de
3659 1236 3827 1291 dono

2106 1320 2412 1390 Radulphi,
2442 1319 2544 1390 qui
2586 1334 2701 1375 non
2730 1319 2902 1385 videt,
2938 1320 3119 1388 patris
3161 1319 3446 1390 Radulphi
3481 1320 3551 1377 de
3590 1320 3825 1377 Grant-

2105 1416 2289 1475 court,
2340 1407 2654 1478 quamdam
2695 1407 2977 1462 decimam
3020 1406 3078 1461 in
3125 1407 3508 1473 Grantcourt;
3555 1409 3626 1465 de
3658 1410 3822 1465 dono

2109 1495 2376 1552 Willelmi
2423 1496 2679 1551 Tallebot
2729 1496 3029 1551 servitium
3076 1503 3239 1551 terra:
3293 1494 3689 1567 Sansogolinis
3751 1497 3815 1552 in

2103 1582 2574 1649 Gillemercourt;
2622 1582 2689 1638 de
2729 1582 2878 1637 dono
2910 1582 3122 1638 Alundi
3169 1584 3238 1638 de
3280 1582 3647 1652 Grantcourt,
3699 1598 3818 1654 pa-

2107 1672 2208 1728 tris
2254 1671 2508 1739 Roberti,
2558 1671 2704 1727 duas
2750 1671 2959 1741 garbas
2988 1671 3221 1726 decimae
3264 1671 3332 1726 de
3379 1678 3531 1727 terra
3575 1685 3691 1727 sua
3742 1672 3820 1728 de

2103 1759 2486 1825 Grantcourt;
2534 1758 2603 1814 de
2640 1759 2789 1814 dono
2837 1758 3124 1828 Badulphi
3169 1758 3268 1813 ﬁlii
3312 1758 3574 1814 Alveredi
3627 1767 3817 1815 totam

298 1850 416 1901 tota
451 1844 692 1911 decima,
732 1850 789 1900 et
819 1843 1106 1913 quidquid
1153 1843 1226 1899 ad
1273 1822 1400 1899 eain
1444 1842 1708 1912 pertinet,
1743 1850 1799 1897 et
1830 1856 1991 1897 man-
2035 1822 2073 1875 Β
2103 1847 2382 1902 decimam
2417 1822 2579 1903 terra;
2608 1860 2726 1902 suae
2752 1847 2906 1916 apud
2939 1822 3211 1915 Penlieu;
3242 1846 3311 1901 de
3335 1847 3485 1902 dono
3522 1846 3811 1915 Goifredi,

296 1933 484 1988 siones
532 1933 820 2002 hospitum
862 1930 1183 1988 duodecim.
1242 1932 1324 1987 Do
1392 1939 1447 1987 et
1514 1931 1879 1987 Roscelinum
1926 1929 1995 1986 de

295 2019 755 2077 Matun-Maisnil
780 2019 1237 2086 cmmentarium,
1274 2033 1406 2075 cum
1436 2018 1571 2074 ﬁsco
1603 2034 1743 2088 suo;
1770 2028 1825 2074 et
1850 2017 1992 2073 San-

297 2116 454 2165 ctum
504 2108 817 2164 Martinam
857 2108 926 2164 de
970 2107 1116 2164 silva
1157 2107 1400 2164 liberum
1440 2115 1495 2163 et
1538 2108 1820 2177 quietum.
1860 2120 1997 2162 cum

298 2196 484 2263 terris,
516 2203 569 2251 et
600 2194 942 2265 hospitibus,
978 2203 1032 2251 et
1073 2195 1361 2266 quidquid
1400 2195 1472 2250 ad
1509 2195 1772 2251 eumdem
1807 2194 1998 2249 locum

298 2282 562 2352 pertinet,
633 2282 736 2339 ubi
800 2282 1093 2353 quondam
1139 2283 1387 2339 domnus
1454 2282 1760 2350 Gervinus,
1819 2281 1998 2337 abbas

299 2370 489 2426 Sancti
548 2370 823 2437 Richarii,
899 2371 1250 2426 eremiticam
1334 2372 1512 2425 vitam
1579 2369 1790 2436 duxit;
1862 2370 1997 2425 item

300 2456 491 2513 locum
519 2457 682 2513 illum
728 2458 832 2528 qui
872 2458 1084 2513 dicitur
1123 2455 1635 2527 Flamenguevilla,
1684 2464 1739 2512 et
1785 2465 1997 2512 terram

301 2544 478 2602 unius
522 2544 719 2611 aratri,
770 2551 826 2599 et
878 2551 1095 2614 partem
1142 2558 1281 2600 mea;
1323 2544 1641 2613 Warance;
1683 2543 1997 2599 decimam-

300 2646 417 2703 que
441 2630 648 2687 telonei
676 2638 889 2700 septem
911 2630 1234 2701 molarum;
1264 2638 1320 2687 et
1348 2630 1710 2686 Grandincize
1736 2631 1997 2687 omnium

298 2719 539 2790 piscium
574 2718 835 2789 coquinae
865 2733 1041 2788 meae;
1067 2727 1122 2774 et
1145 2718 1214 2774 de
1243 2718 1377 2785 sale,
1406 2727 1462 2774 et
1496 2720 1565 2774 de
1606 2719 1761 2773 omni
1801 2733 1993 2785 carne,

299 2822 433 2878 quae
480 2806 640 2874 mihi,
687 2806 778 2863 vel
826 2804 1150 2862 heredibus
1194 2805 1335 2862 meis
1380 2807 1448 2862 de
1481 2806 1690 2877 Anglia
1732 2807 1992 2862 veniunt.

374 2916 397 2944 ι
452 2893 720 2950 Similiter
781 2893 1064 2949 decimam
1130 2893 1202 2949 do
1249 2901 1304 2950 et
1371 2908 1587 2965 aquam
1634 2894 1703 2950 de
1768 2893 1995 2959 Criolio,

300 2991 423 3039 octo
469 2982 673 3037 diebus
724 2989 857 3037 ante
920 2981 1285 3037 festivitatem
1350 2981 1533 3037 sancti
1581 2982 1893 3049 Michaelis,
1943 2990 1999 3038 et

2104 1934 2203 1990 ﬁlii
2236 1934 2497 1990 Rainoldi
2528 1934 2598 1989 de
2649 1934 2854 1989 Sancto
2904 1934 3147 1989 Martino
3188 1934 3476 2000 Jaillardo,
3518 1935 3813 1991 decimam

2103 2023 2172 2079 de
2202 2022 2367 2079 terris
2393 2022 2694 2078 hominum
2714 2036 2973 2089 suorum,
2998 2036 3176 2092 quam
3200 2022 3446 2078 habebat
3472 2025 3527 2078 in
3550 2024 3814 2079 dominio

2104 2125 2228 2178 suo,
2278 2119 2332 2167 et
2377 2111 2531 2181 apud
2578 2110 2631 2165 S.
2681 2111 3015 2175 Martinum,
3062 2118 3117 2165 et
3162 2111 3317 2180 apud
3365 2111 3519 2167 Letot
3556 2119 3611 2167 et
3644 2113 3809 2182 apud

2104 2200 2320 2256 Merlim
2365 2213 2674 2269 campum;
2723 2200 2793 2255 de
2837 2199 2986 2255 dono
3034 2198 3454 2266 Claremboudi,
3494 2200 3680 2269 patris
3706 2201 3813 2256 Bi-

2105 2288 2262 2343 cardi
2291 2288 2361 2343 de
2391 2287 2709 2353 Tokevilla,
2744 2288 2889 2343 duas
2910 2286 3122 2357 garbas
3142 2287 3373 2343 decimae
3398 2288 3466 2343 de
3485 2288 3810 2355 Tokevilla,

2105 2376 2175 2432 de
2203 2377 2352 2432 dono
2402 2375 2604 2446 Rogeri
2636 2376 2707 2431 de
2737 2375 2992 2431 Salcheio
3023 2375 3214 2431 fratris
3247 2374 3473 2432 Ricardi
3519 2375 3591 2432 de
3630 2376 3809 2433 Frea-

2104 2463 2261 2531 villa,
2310 2462 2606 2519 ecclesiam
2656 2462 2726 2518 de
2770 2462 3029 2518 Salcheio
3079 2477 3213 2518 cum
3279 2471 3393 2519 tota
3454 2463 3699 2531 decima,
3750 2473 3811 2520 et

2105 2551 2392 2622 quidquid
2435 2551 2507 2606 ad
2554 2550 2815 2607 eamdem
2853 2550 3149 2607 ecclesiam
3195 2551 3457 2621 pertinet,
3513 2559 3570 2608 et
3616 2566 3805 2607 unam

2106 2653 2296 2695 acram
2329 2639 2511 2709 prati;
2543 2638 2612 2694 de
2660 2638 2808 2694 dono
2838 2639 3087 2706 Ricardi,
3123 2639 3224 2694 ﬁlii
3269 2639 3498 2696 Roberti
3525 2640 3595 2695 de
3626 2641 3802 2696 Frea-

2106 2728 2262 2795 villa,
2322 2734 2498 2784 totam
2546 2726 2826 2783 decimam
2893 2728 2963 2783 de
3040 2770 3051 2781 .
3127 2768 3140 2781 .
3222 2768 3234 2782 .
3318 2770 3330 2782 .
3410 2745 3465 2795 .;
3532 2728 3602 2784 de
3648 2729 3806 2785 dono

2106 2814 2331 2870 Picardi
2379 2815 2449 2871 de
2497 2815 2754 2882 Lonreio,
2806 2814 2984 2883 patris
3049 2814 3465 2879 Bartholomaai.
3515 2816 3805 2872 decimam

2105 2903 2174 2959 de
2206 2904 2376 2959 Bosco
2404 2903 2671 2972 Ricardi;
2723 2902 2791 2958 de
2822 2902 2969 2958 dono
3012 2902 3251 2958 Millonis
3279 2902 3349 2957 de
3393 2902 3797 2973 Ayssingueio,

2106 2991 2251 3045 duos
2295 2991 2487 3046 hortos
2516 2998 2571 3044 et
2608 2990 2753 3045 duas
2783 2990 2992 3060 garbas
3032 2989 3266 3045 decimae
3318 2990 3385 3045 de
3435 2990 3803 3060 Assingneio,

301 3071 424 3168 ipsa
465 3077 630 3168 nocte
659 3069 982 3168 festivitatis
1019 3069 1297 3168 ejusdem,
1333 3083 1576 3168 aquam.
1599 3070 1666 3167 de
1695 3085 1781 3167 eq.
1812 3070 1995 3167 eideﬂl
2036 3113 2076 3168 ε
2112 3080 2187 3134 ita
2212 3079 2408 3146 libere,
2443 3085 2509 3134 ut
2546 3092 2643 3133 eas
2670 3085 2726 3133 et
2767 3091 2925 3133 nunc
2968 3077 3228 3132 homines
3271 3077 3420 3133 villae
3452 3078 3523 3133 ad
3553 3078 3799 3133 domum

299 3158 542 3215 abbatiae
569 3157 679 3224 do;
710 3155 969 3213 similiter
997 3164 1128 3211 ante
1161 3156 1368 3212 festum
1401 3156 1793 3212 translationis
1811 3158 1995 3212 sancti

300 3245 605 3313 Benedicti,
646 3258 861 3314 aquam
892 3244 961 3300 de
1001 3243 1208 3299 Criolio
1235 3244 1482 3299 concedo
1510 3244 1692 3299 eidem
1746 3244 1996 3301 ecclesia:

300 3342 552 3405 quatuor
580 3332 804 3400 diebus,
829 3338 885 3388 et
916 3332 1040 3400 ipsa
1069 3339 1233 3386 nocte
1262 3330 1409 3397 festi,
1443 3345 1659 3401 aquam
1689 3332 1758 3387 de
1782 3347 1866 3388 eo.

373 3443 396 3471 ι
433 3423 497 3477 In
547 3420 756 3486 Anglia
806 3420 878 3475 do
932 3417 1224 3484 Bonitone,
1285 3426 1340 3474 et
1400 3418 1688 3489 quidquid
1751 3420 1824 3475 ad
1868 3433 1996 3476 eam

298 3510 562 3581 pertinet,
593 3509 652 3564 in
686 3508 870 3574 terris,
906 3507 964 3561 in
996 3506 1338 3576 hospitibus,
1367 3514 1422 3562 et
1450 3508 1667 3563 caeteris
1696 3507 1884 3564 rebus.

374 3619 396 3647 ι
429 3598 561 3653 Haec
590 3595 784 3651 omnia
811 3594 959 3649 dono
988 3594 1168 3649 eidem
1201 3594 1445 3649 abbatize
1489 3593 1546 3649 in
1577 3596 1996 3665 eleemosynam

296 3684 561 3750 liberam,
628 3690 684 3738 et
749 3681 1026 3751 quietam,
1099 3689 1154 3737 et
1224 3696 1325 3751 per
1403 3682 1663 3738 chartam
1730 3683 1998 3740 testiﬁcor

297 3774 468 3840 dona,
502 3785 636 3842 qua:
678 3770 1029 3827 Guillermus
1070 3770 1222 3826 ﬁlius
1270 3783 1454 3837 meus,
1503 3786 1593 3826 me
1630 3780 1905 3840 praesente
1941 3779 1997 3828 et

298 3856 704 3925 consentiente,
738 3856 921 3912 eidem
950 3855 1203 3912 ecclesiae
1243 3857 1300 3912 in
1329 3857 1747 3928 eleemosynam
1792 3866 1994 3915 contu-

298 3948 381 4016 lit,
413 3945 675 4003 videlicet
701 3944 1001 4001 ecclesiam
1042 3944 1112 4001 de
1143 3945 1411 4015 Haymies
1440 3961 1573 4002 cum
1605 3954 1721 4003 tota
1752 3947 1991 4015 decima,

295 4044 352 4093 et
395 4044 607 4092 terram
666 4034 836 4090 trium
911 4034 1199 4103 hospitum
1249 4033 1322 4089 ad
1382 4034 1640 4091 eamdem
1698 4034 1993 4091 ecclesiam

298 4125 697 4195 pertinentem.

372 4233 394 4260 ι
422 4208 715 4265 Testiﬁcor
750 4207 924 4264 etiam
960 4208 1155 4263 omnia
1194 4208 1365 4276 dona,
1416 4223 1568 4279 quae,
1615 4224 1705 4265 me
1744 4222 1993 4278 praesen-

192 4334 198 4339 -
297 4304 369 4364 te,
401 4297 647 4362 volente,
676 4304 733 4351 et
779 4303 1036 4365 regante,
1079 4296 1339 4364 barones,
1385 4296 1609 4364 milites,
1652 4305 1707 4352 et
1736 4298 1995 4352 nationes

295 4392 463 4441 terra:
494 4396 656 4451 meae,
703 4383 887 4438 eidem
920 4382 1168 4439 ecclesiae
1215 4383 1273 4438 in
1303 4383 1718 4454 eleemosynam
1752 4384 1989 4440 liberam

292 4469 665 4527 contulerunt
692 4476 748 4525 et
793 4470 1062 4540 quietam,
1094 4470 1355 4527 videlicet
1393 4470 1631 4542 triginta
1668 4485 1832 4528 acras
1869 4478 1988 4527 ter-

291 4573 371 4615 rae
400 4557 552 4628 apud
605 4557 1078 4614 Ulteris-Portum
1110 4558 1180 4614 de
1210 4559 1358 4615 dono
1391 4559 1650 4630 Hugonis
1680 4559 1988 4616 vicecomi-

294 4647 383 4714 tis,
432 4646 614 4716 patris
658 4645 916 4702 Guiberti
965 4646 1035 4702 de
1085 4647 1339 4718 Dimeio;
1389 4648 1457 4703 de
1503 4648 1651 4703 dono
1704 4646 1988 4703 Willermi

289 4734 584 4803 Cancheis,
639 4735 785 4792 duas
829 4734 1157 4791 mansiones
1204 4735 1263 4790 in
1322 4736 1462 4791 villa
1513 4736 1984 4801 Ulteris-Portus,

288 4831 344 4881 et
407 4831 581 4880 totam
636 4831 849 4879 terram
918 4822 1448 4892 Montis-Goisberti,
1515 4832 1570 4880 et
1619 4825 1735 4880 duo
1775 4824 1987 4895 jugera

290 4912 439 4983 prati
470 4911 623 4981 apud
662 4911 1239 4982 Flamengnevillam,
1282 4919 1337 4967 et
1383 4912 1535 4981 apud
1577 4912 1848 4968 Criolium
1874 4911 1987 4967 alia

284 5000 401 5055 duo
432 4999 640 5070 jugera
669 4999 843 5069 prati,
876 5008 932 5055 et
976 5008 1187 5055 terram
1221 5013 1399 5070 quam
1443 5000 1672 5056 tenebat
1717 5000 1776 5055 in
1820 5002 1986 5071 Augo

286 5087 513 5157 oppido,
562 5094 619 5142 et
674 5086 1013 5143 viridarium
1058 5101 1267 5152 unum,
1305 5096 1360 5143 et
1402 5088 1689 5160 quidquid
1740 5087 1987 5145 habebat

289 5175 349 5231 in
389 5181 606 5245 septem
646 5172 848 5240 molis;
899 5174 969 5229 de
1012 5173 1161 5230 dono
1202 5174 1471 5231 Richardi
1521 5176 1745 5243 Boistel,
1786 5184 1842 5233 et
1873 5176 1985 5232 Hil-

288 5263 452 5319 duini
504 5263 575 5317 de
625 5260 914 5330 Blangeio,
955 5269 1012 5318 et
1061 5261 1287 5319 Gustini
1332 5264 1402 5319 de
1444 5263 1982 5331 Grimont-Maisnil,

286 5356 343 5406 et
378 5348 610 5406 Henrici
659 5348 937 5416 Jaillardi,
985 5350 1132 5406 duas
1167 5350 1380 5421 garbas
1426 5352 1660 5409 decimze
1705 5354 1763 5408 in
1812 5352 1988 5409 feodis

288 5438 411 5493 suis
455 5436 608 5505 apud
661 5436 1041 5507 Blangeium;
1088 5438 1158 5493 de
1205 5440 1354 5495 dono
1391 5438 1619 5496 Henrici
1670 5438 1987 5495 Mostellen—

288 5525 389 5591 eis,
417 5523 477 5579 in
508 5523 766 5580 fontibus
794 5524 1000 5596 viginti
1039 5526 1251 5596 jugera
1290 5533 1476 5592 terrae,
1507 5534 1561 5583 et
1601 5527 1748 5583 duas
1778 5526 1987 5597 garbas

288 5610 559 5684 decimae;
599 5612 670 5670 de
709 5613 860 5670 dono
894 5613 1196 5670 Anscherii
1233 5614 1302 5672 de
1340 5614 1452 5672 Βία
1491 5614 1664 5681 senis,
1701 5614 1985 5672 decimam

2109 3167 2521 3223 monachorum
2564 3166 2955 3231 adduxerunt,
3014 3165 3179 3221 sicuti
3243 3165 3314 3221 ad
3360 3179 3523 3221 suam
3573 3167 3802 3235 pridem

2109 3254 2291 3310 facere
2323 3268 2394 3308 ex
2445 3253 2633 3309 debito
2673 3253 2969 3319 solebant;
3016 3253 3085 3308 de
3131 3251 3282 3308 dono
3322 3252 3548 3308 Roberti
3588 3252 3661 3308 de
3706 3255 3806 3309 Pe-

2107 3348 2387 3411 treponto,
2425 3350 2481 3397 et
2523 3340 2807 3397 Godefridi
2859 3340 3051 3396 fratris
3096 3342 3222 3410 ejus
3259 3340 3537 3396 decimam
3574 3340 3646 3396 de
3692 3341 3803 3398 Cu-

2107 3430 2367 3497 vervilla,
2400 3443 2575 3500 quam
2613 3428 2881 3485 tenebant
2909 3429 2978 3485 de
3001 3429 3247 3499 Oylardo
3272 3428 3500 3485 domino
3540 3428 3802 3499 ejusdem

2105 3515 2278 3584 villae,
2318 3523 2374 3571 et
2420 3516 2527 3571 hoc
2588 3521 2737 3570 688
2798 3515 3055 3571 fecerunt
3097 3515 3165 3571 de
3213 3530 3493 3572 consensu
3538 3516 3802 3586 ejusdem

2107 3605 2358 3676 domini;
2386 3606 2455 3661 de
2502 3606 2651 3662 dono
2678 3605 3028 3675 Oystellandi
3068 3605 3261 3661 militis
3300 3605 3431 3671 mei,
3481 3609 3579 3676 qui
3612 3604 3801 3661 ﬁlium

2107 3707 2299 3749 meum
2366 3694 2728 3750 Willermum
2789 3692 3051 3760 nutrivit,
3105 3692 3302 3747 villam
3371 3706 3501 3761 qum
3556 3700 3801 3748 vocatur

2106 3781 2656 3851 Maisinloystellant,
2690 3789 2746 3837 et
2784 3781 2888 3837 hoc
2930 3780 3183 3836 concessi
3230 3780 3494 3849 precibus
3523 3779 3796 3835 Willelmi

2107 3869 2208 3924 ﬁlii
2237 3870 2368 3937 mei,
2401 3877 2466 3925 ut
2492 3870 2550 3924 in
2596 3877 2935 3939 perpetuum
2968 3876 3112 3924 esset
3150 3868 3345 3924 eadem
3390 3868 3526 3924 villa
3555 3867 3625 3923 ad
3658 3868 3798 3924 elee-

2105 3971 2405 4028 mosynam
2433 3971 2750 4027 pauperum
2786 3957 2962 4013 libera
2985 3966 3040 4011 et
3073 3956 3288 4026 quieta.

2178 4112 2199 4139 ι
2230 4092 2302 4146 Ει
2330 4089 2458 4145 volo
2490 4097 2552 4145 ut
2584 4104 2951 4159 quaecunque
2981 4088 3242 4145 monachi
3270 4087 3797 4145 Ulterioris-Portus

2102 4178 2152 4234 ei
2186 4178 2338 4234 dono
2366 4193 2512 4245 meo,
2562 4178 2681 4233 sive
2723 4191 3115 4234 successorum
3165 4190 3441 4241 meorum,
3483 4177 3791 4244 tenuerint,

2104 4266 2193 4322 vel
2252 4265 2622 4335 possederint,
2679 4265 2757 4321 ita
2805 4265 2979 4321 libere
3022 4272 3078 4320 et
3125 4265 3316 4334 quiete
3359 4272 3587 4321 teneant
3638 4266 3791 4335 quod

2030 4389 2074 4443 Β
2103 4353 2193 4409 vel
2243 4352 2316 4407 ab
2363 4353 2443 4407 eis
2484 4352 2574 4408 vel
2621 4352 2693 4408 ab
2744 4352 3074 4407 hominibus
3121 4365 3321 4407 eorum
3382 4350 3633 4407 haeredes
3679 4352 3790 4407 mei

2102 4440 2265 4496 nulla
2306 4440 2557 4505 servitia,
2608 4439 2771 4495 nulla
2800 4439 3041 4507 auxilia,
3090 4438 3283 4495 nullas
3311 4437 3499 4495 tallias
3527 4437 3645 4493 sive
3673 4437 3787 4494 col-

2098 4529 2291 4595 lectas,
2325 4528 2516 4584 nullas
2544 4529 2780 4584 omnino
2800 4528 3128 4584 exactiones
3158 4528 3393 4597 exigant
3426 4541 3439 4581 ;
3479 4534 3533 4582 et
3560 4540 3780 4582 succes-

2097 4614 2322 4671 soribus
2366 4614 2573 4671 nostris
2621 4614 2726 4671 hoc
2770 4613 3185 4680 annuentibus,
3234 4620 3289 4669 et
3334 4626 3434 4682 pro
3482 4626 3637 4682 posse
3682 4628 3785 4669 suo

2098 4714 2187 4756 res
2247 4702 2425 4771 hujus
2493 4701 2743 4757 ecclesiae
2844 4699 3215 4771 augentibus,
3290 4698 3780 4767 benedictionem;

2096 4788 2589 4844 calumniantibus
2642 4803 2800 4859 vero,
2854 4796 2908 4843 et
2953 4801 3045 4842 res
3094 4787 3270 4857 hujus
3313 4786 3558 4842 ecclssize
3605 4795 3780 4843 retra-

2096 4876 2385 4943 hentibus,
2452 4884 2726 4932 aeternam
2792 4874 3245 4931 maledictionem
3313 4873 3522 4942 indico,
3585 4883 3638 4930 et
3689 4890 3782 4930 eos

2096 4962 2363 5018 timendae
2407 4961 3022 5019 excommunicationis
3076 4959 3307 5016 vinculo
3368 4959 3499 5028 ligo.
3568 4960 3777 5017 Horum

2096 5049 2378 5105 donorum
2411 5058 2528 5105 tam
2569 5063 2827 5105 meorum
2859 5062 3036 5119 quam
3070 5048 3314 5103 aliorum
3364 5046 3776 5105 benefactorum

2095 5137 2274 5208 hujus
2296 5137 2567 5204 ecclesia,
2599 5152 2747 5208 quos
2775 5135 3036 5207 prmdixi,
3069 5143 3275 5191 testes:

2171 5291 2192 5318 ι
2240 5269 2360 5338 Ego
2407 5267 2692 5324 Robertus
2736 5282 2923 5324 comes
2987 5265 3158 5338 Augi.
3221 5266 3292 5321 Et
3355 5265 3688 5337 Badulphus
3728 5278 3777 5326 et

2094 5354 2437 5422 Willelmus,
2468 5364 2523 5411 et
2549 5355 2831 5411 Bobertus
2861 5356 2963 5411 ﬁlii
2992 5355 3124 5410 mei.
3157 5354 3228 5431 Et
3258 5353 3423 5424 Hugo
3452 5354 3774 5413 vicecomes.

2096 5444 2167 5499 Et
2207 5443 2522 5500 Gaufridus
2550 5444 2619 5500 de
2657 5443 2879 5499 Bailoil.
2923 5445 2989 5499 Et
3027 5442 3287 5499 Galterus
3317 5441 3389 5496 ad
3424 5441 3669 5502 Barbam
3714 5449 3775 5503 de

2095 5527 2494 5585 Davitusvilla.
2521 5547 2550 5581 ιι
2583 5529 2654 5585 Et
2684 5528 2780 5585 alii
2826 5529 2995 5586 multi
3042 5542 3189 5600 quos
3219 5526 3457 5597 longum
3501 5538 3588 5587 est
3612 5534 3778 5589 nomi-

2096 5628 2253 5671 nare.
