3930 6436
207 376 351 429 H37

1475 376 1690 431 DOMNI
1732 376 1791 430 L.
1836 374 2179 431 D'ACHERY
2219 376 2440 432 NOTAE.

3575 381 3712 434 H38

284 507 462 560 Hocce
503 505 826 561 donationis
879 507 1325 561 instrumentum
1381 507 1682 562 conﬁrmat
1725 507 1903 562 Joan-
1940 507 1988 560 Α
2090 527 2117 555 ‹‹
2151 521 2207 562 xi
2254 507 2539 564 Kalendas
2588 508 2818 577 Aprilis,
2875 508 3014 564 obiit
3062 507 3572 565 reverendissimus
3619 509 3713 566 vir

195 606 331 660 nes,
360 592 553 648 itidem
585 608 772 649 comes
801 593 1102 663 Augensis,
1132 593 1204 648 ad
1237 594 1392 650 hunc
1417 594 1649 650 modum
1680 608 1692 648 :

286 703 306 728 ι
338 683 506 737 Anno
555 681 973 738 lncarnatiouis
1023 683 1176 750 1149,
1231 684 1543 738 Romanam
1595 683 1906 738 Ecclesiam

195 780 439 840 regente
471 785 619 840 papa
666 770 960 841 Eugenio;
1017 771 1529 841 Rothomagensem
1575 772 1906 827 cathedram

191 859 468 927 episcopo
515 859 746 914 sedente
815 859 1053 929 Hugone
1098 859 1383 928 archiep.;
1440 861 1799 928 principante
1848 862 1904 916 in

190 947 584 1002 Northmania
633 947 1072 1018 Andegavorum
1129 948 1334 1003 comite
1399 947 1673 1003 Gaufrido
1723 963 1736 1002 :
1785 949 1906 1020 Ego

184 1036 448 1090 Joannes
526 1036 884 1106 Augensium
959 1050 1163 1101 comes,
1243 1035 1375 1091 huic
1450 1038 1502 1091 S.
1571 1037 1906 1107 archangeli

189 1123 494 1178 Michaelis
556 1123 1141 1179 Ulterioris-Portensi
1218 1124 1469 1180 ecclesia
1544 1125 1902 1180 concedendo

186 1211 329 1266 dedi
385 1219 439 1266 et
485 1213 844 1277 conﬁrmavi,
891 1219 945 1267 et
1002 1225 1173 1280 super
1219 1211 1398 1267 altare
1449 1213 1678 1280 propria
1725 1227 1902 1268 manu

185 1314 329 1354 mea
372 1301 537 1369 posui
581 1301 772 1356 omnia
804 1300 953 1354 dona
1012 1299 1129 1362 illa,
1175 1314 1304 1368 qua
1355 1307 1738 1355 antecessores
1769 1300 1898 1366 mei,

181 1402 386 1442 comes
432 1388 690 1444 videlicet
741 1388 1040 1453 Robertus,
1091 1395 1144 1442 et
1194 1387 1533 1443 Guillelmus
1567 1388 1718 1444 ﬁlius
1751 1389 1897 1458 ejus,

183 1475 482 1531 Henricus
511 1483 672 1545 pater
698 1491 879 1543 meus,
903 1476 1111 1546 suique
1159 1477 1418 1531 homines
1474 1485 1895 1544 concesserunt,

178 1564 497 1629 dederunt,
548 1572 602 1620 et
645 1564 1156 1629 conﬁrmaverunt,
1197 1573 1251 1618 et
1282 1563 1567 1633 quidquid
1613 1564 1704 1620 die
1759 1579 1895 1632 uno,

177 1667 547 1722 quocunque
579 1660 743 1721 pacto
789 1652 1026 1708 ecclesia
1059 1660 1320 1708 tenuerat
1372 1653 1702 1708 viventibus
1748 1666 1897 1721 pra-

176 1741 322 1795 fatis
352 1740 689 1808 comitibus;
715 1749 769 1796 et
799 1741 925 1796 volo
950 1749 1010 1796 ut
1035 1755 1102 1796 ea
1138 1741 1423 1810 pracipue
1465 1755 1596 1810 qua
1627 1740 1893 1796 monachi
1931 1775 1972 1830 Β

178 1831 403 1885 habere
430 1830 730 1893 debebant,
765 1830 1002 1884 ﬁrmiter
1025 1837 1078 1884 et
1125 1830 1379 1899 plenarie
1433 1829 1700 1896 habeant,
1744 1837 1797 1884 et
1835 1830 1893 1884 in

178 1926 532 1987 perpetuum
568 1917 911 1986 possideant,
952 1935 978 1964 ι)
1005 1924 1111 1971 etc.

265 2005 478 2060 Verum
511 2005 707 2073 paucis
756 2013 876 2073 post
930 2005 1096 2059 annis
1144 2005 1215 2059 ab
1262 2004 1459 2058 eodem
1513 2004 1735 2070 comite,
1777 2005 1896 2060 sive

175 2093 264 2148 ab
316 2093 441 2161 ejus
486 2093 779 2158 militibus,
835 2107 966 2147 cum
1001 2092 1250 2146 ecclesiae
1306 2091 1360 2147 S.
1429 2091 1717 2147 Michaelis
1771 2093 1892 2147 the-

175 2194 403 2235 saurus
442 2179 679 2234 immani
713 2178 1012 2249 sacrilegio
1058 2179 1257 2234 fuisset
1287 2179 1560 2247 direptus,
1613 2179 1893 2247 poeniten-

175 2269 271 2323 tia
297 2268 559 2337 princeps
604 2267 693 2321 ille
739 2268 966 2332 ductus,
1020 2266 1302 2336 quidquid
1351 2266 1607 2321 ablatum
1658 2275 1896 2323 eatenus

174 2369 562 2423 compensare
599 2355 842 2421 studuit,
874 2362 938 2409 ut
963 2354 1092 2419 alia,
1126 2369 1256 2423 qua
1285 2355 1341 2408 in
1374 2354 1636 2423 sequenti
1692 2355 1895 2411 charta

167 2442 573 2508 continentur,
610 2443 698 2511 pie
728 2442 1053 2497 contulerit.
1092 2442 1250 2496 Hanc
1279 2442 1600 2497 exscribere
1637 2443 1890 2515 juvabit,

175 2538 249 2585 ut
286 2530 418 2584 inde
466 2530 574 2584 avi
633 2529 810 2584 nostri
857 2530 1214 2585 exercituum
1265 2531 1439 2585 duces
1475 2529 1658 2598 (Heu!
1713 2545 1891 2601 quam

173 2618 438 2674 nefanda
483 2625 708 2687 patrata
754 2621 912 2686 sunt)
948 2619 1134 2674 nobile
1193 2619 1484 2689 religionis
1531 2619 1890 2688 Christiana,

170 2708 330 2778 quin
361 2715 415 2761 et
436 2707 673 2776 justitia
699 2707 1024 2775 exemplum
1049 2721 1276 2762 sumere
1299 2707 1534 2776 possint.

253 2818 284 2842 ‹‹
330 2795 539 2851 Notum
597 2794 668 2849 sit
719 2795 1003 2850 universis
1081 2795 1344 2850 Ecclesia
1402 2794 1498 2850 Dei
1553 2796 1684 2851 ﬁliis
1735 2797 1890 2866 quod

167 2885 305 2954 Ego
348 2884 596 2939 Joannes
642 2897 830 2938 comes
859 2882 1005 2951 Augi
1055 2897 1157 2950 pro
1198 2881 1477 2950 stipendio
1535 2883 1803 2951 militum,
1837 2892 1892 2940 et

166 2968 579 3035 servientium,
634 2983 780 3038 quos
838 2968 992 3023 tenui
1029 2982 1128 3036 per
1160 2983 1430 3036 guerram
1493 2969 1661 3039 regis,
1721 2969 1890 3025 inva-

2017 596 2264 652 domnus
2344 597 2523 652 abbas
2600 596 2888 665 Alfredus,

2018 686 2240 741 tertius.
2279 707 2306 736 »

2085 777 2162 830 De
2193 783 2400 845 quarto
2431 783 2485 830 et
2511 775 2714 845 quinto
2747 775 2911 830 nihil.

2090 885 2110 912 ι
2147 878 2206 919 x1
2234 863 2518 918 Kalendas
2549 863 2701 928 Maii,
2757 862 2894 919 obiit
2945 864 3194 920 domnus
3237 863 3416 919 abbas
3462 863 3711 920 Guiller-

2013 967 2161 1014 mus,
2195 952 2368 1022 hujus
2397 951 2659 1007 Ecclesia
2687 959 2879 1021 pastor
2905 960 3120 1009 sextus.

2089 1064 2109 1090 ι
2164 1040 2432 1096 Kalendis
2471 1039 2646 1105 Junii,
2699 1039 2836 1094 obiit
2880 1039 3128 1094 domnus
3168 1037 3449 1095 Ricardus
3509 1039 3707 1108 abbas,

2013 1128 2190 1200 hujus
2218 1128 2480 1183 Ecclesia
2511 1135 2704 1197 pastor
2731 1127 3026 1196 septimus.
3057 1148 3084 1175 »

2085 1218 2161 1272 De
2191 1224 2391 1271 octavo
2423 1215 2575 1270 haud
2608 1214 2728 1270 ulla
2756 1213 3236 1269 commemoratio.

2971 597 3133 654 istius
3201 597 3306 652 loci
3357 598 3712 668 gubernator

2084 1325 2111 1353 «
2152 1319 2209 1359 vr
2237 1303 2522 1359 Kalendas
2554 1302 2765 1368 Martii,
2811 1301 2950 1357 obiit
2980 1302 3086 1370 pia
3116 1302 3407 1357 memoria
3463 1302 3710 1360 domnus

2009 1393 2189 1449 abbas
2213 1392 2583 1457 Guillermus,
2619 1391 2798 1461 hujus
2831 1390 3096 1446 Ecclesia
3129 1397 3322 1459 pastor
3350 1405 3559 1446 nonus.

2085 1503 2106 1530 ι
2145 1480 2418 1536 Kalendis
2467 1479 2670 1546 Martii,
2719 1479 2857 1534 obiit
2889 1479 3137 1534 domnus
3182 1477 3361 1533 abbas
3415 1478 3706 1546 Arturius,

2010 1569 2187 1639 hujus
2219 1568 2484 1623 Ecclesia
2521 1574 2714 1636 pastor
2743 1566 3016 1622 decimus.

2079 1655 2158 1709 De
2188 1653 2490 1709 undecimo
2526 1653 2652 1707 silet
2682 1651 3102 1723 Necrologium.

2080 1760 2107 1794 α
2139 1756 2177 1798 v
2204 1743 2397 1798 Nonas
2426 1741 2632 1808 Martii,
2663 1740 2803 1796 obiit
2833 1740 3080 1796 domnus
3102 1739 3269 1811 Hugo
3297 1739 3496 1805 abbas,
3529 1739 3708 1810 hujus

2006 1831 2268 1887 Ecclesia
2295 1837 2479 1886 rector
2501 1829 2897 1884 duodecimus.

2076 1941 2105 1968 ‹‹
2137 1933 2196 1974 vr
2237 1917 2522 1974 Kalendas
2570 1917 2726 1984 Maii,
2785 1917 2923 1973 obiit
2976 1917 3083 1986 pia
3136 1930 3403 1972 memora
3460 1915 3708 1971 domnus

2003 2007 2180 2062 abbas
2226 2006 2505 2061 Henricus
2533 2013 2736 2070 rector,
2770 2012 2824 2060 et
2874 2003 3248 2059 readiﬁcator
3290 2001 3702 2070 nobilissimus,

2003 2103 2057 2150 et
2085 2093 2286 2150 tertius
2314 2093 2571 2148 decimus
2614 2091 2720 2147 loci
2762 2091 2950 2159 istius;
2981 2090 3039 2145 in
3091 2090 3263 2160 cujus
3309 2089 3705 2145 anniversario

2005 2183 2290 2239 habemus
2319 2186 2469 2235 eam
2502 2179 2894 2250 quadraginta
2931 2178 3159 2234 solidos.
3193 2198 3214 2225 ι

2073 2271 2151 2326 De
2208 2277 2460 2340 quatuor
2500 2267 2988 2337 subsequentibus
3017 2264 3183 2320 nihil.

2075 2371 2238 2432 «xiv
2295 2355 2582 2411 Kalendas
2636 2354 2868 2423 Aprilis,
2923 2352 3062 2408 obiit
3115 2352 3362 2407 domnus
3421 2351 3709 2408 Robertus

2002 2446 2180 2502 abbas
2209 2445 2388 2515 hujus
2418 2443 2682 2498 Ecclesia
2712 2441 3024 2512 vigesimus
3046 2441 3288 2509 primus.

2073 2556 2101 2582 ‹‹
2134 2551 2193 2588 ιιι
2226 2533 2362 2588 Idus
2388 2531 2525 2588 Julii
2558 2531 2697 2587 obiit
2715 2531 2963 2586 Joannes
2993 2529 3173 2584 abbas
3202 2528 3368 2584 istius
3409 2527 3699 2591 Ecclesia,

2004 2622 2378 2678 readiﬁcator
2440 2627 2495 2674 et
2560 2625 2858 2689 reparator
2919 2617 3328 2683 nobilissimus,
3401 2623 3457 2671 et
3512 2622 3706 2685 pastor

2001 2710 2317 2780 vigesimus
2342 2708 2652 2764 secundus.
2692 2729 2714 2755 ι

2074 2797 2347 2868 Vigesimi
2377 2796 2526 2852 tertii
2556 2794 2720 2850 nulla
2751 2794 2984 2850 mentio.

2078 2908 2098 2935 ι
2127 2901 2184 2941 v1
2237 2885 2431 2941 Nonas
2463 2883 2609 2949 Maii,
2643 2883 2781 2938 obiit
2811 2881 2920 2952 pia
2977 2880 3267 2937 memoria
3309 2879 3558 2936 domnus
3596 2880 3705 2935 ab-

2003 2977 2104 3032 bas
2137 2975 2418 3031 Rieardus
2459 2974 2528 3028 de
2577 2974 2939 3044 Longuemor
2982 2979 3187 3035 rector,
3231 2977 3288 3026 et
3332 2969 3707 3026 readiﬁcator

169 3057 341 3113 diavi
377 3057 692 3112 maximam
733 3063 950 3126 partem
996 3065 1050 3111 et
1093 3056 1366 3125 optimam
1402 3057 1654 3113 thesauri
1701 3059 1885 3114 eccle-
1924 3067 1966 3121 c
1999 3063 2405 3128 nobilissimus,
2440 3060 2756 3132 vigesimus
2783 3067 3048 3130 quartus.

168 3148 277 3202 sia
313 3146 500 3201 Sancti
558 3145 848 3200 Michaelis
891 3145 960 3200 de
992 3144 1478 3210 Ulteriori-Portu,
1533 3145 1676 3201 duos
1731 3147 1887 3202 vide-

166 3235 314 3292 liret
375 3242 567 3289 textus
631 3236 920 3302 pretiosos,
982 3241 1037 3288 et
1089 3233 1203 3288 duo
1265 3233 1563 3289 thuribula
1621 3235 1885 3303 pretiosa,

168 3337 369 3378 unum
431 3321 668 3376 calicem
735 3328 1092 3390 argenteum,
1143 3328 1198 3375 et
1249 3321 1458 3390 optime
1521 3322 1886 3389 deauratum,

166 3425 396 3481 cappas
433 3423 596 3465 caras
648 3407 852 3479 viginti
901 3415 1171 3478 quatuor,
1223 3409 1476 3464 casulam
1524 3419 1799 3478 peratam,
1833 3415 1890 3467 et

169 3503 414 3557 bonam.
457 3498 735 3553 Praterea
784 3504 868 3552 tot
896 3505 950 3552 et
981 3496 1157 3552 tantis
1183 3497 1643 3567 gravaminibus
1689 3499 1888 3568 prata-

171 3597 298 3645 tam
329 3586 626 3643 ecclesiam
661 3592 774 3640 tam
808 3599 956 3654 sape
1007 3585 1267 3655 gravavi,
1319 3599 1497 3655 quam
1548 3586 1701 3642 vices
1753 3601 1882 3657 gra-

171 3675 481 3731 vaminum
529 3686 840 3729 numerare
871 3687 986 3728 non
1031 3687 1275 3742 possem.
1307 3672 1496 3740 Quare
1542 3688 1646 3743 pro
1689 3675 1886 3731 multis

170 3776 388 3833 pauca,
423 3776 522 3831 pro
555 3761 781 3832 magnis
812 3774 993 3830 parva
1019 3761 1358 3830 rependens,
1417 3763 1663 3818 concedo
1712 3769 1768 3818 et
1824 3764 1882 3818 in

171 3859 523 3921 perpetuum
555 3849 625 3905 do
666 3849 950 3919 praedicta
1016 3849 1286 3916 ecclesia,
1344 3863 1591 3904 avenam
1641 3858 1696 3905 et
1754 3850 1882 3907 fru-

169 3947 437 3996 mentum
481 3939 549 3994 de
596 3937 839 4004 Verleio,
890 3952 1024 4008 qua
1068 3937 1311 4006 pertinet
1359 3938 1432 3993 ad
1485 3938 1878 4010 forestagium.

168 4029 490 4098 Diligenter
539 4033 730 4082 autem
779 4026 1030 4081 haredes
1073 4040 1249 4081 exoro
1296 4041 1367 4081 ne
1395 4027 1674 4082 Ecclesias
1715 4035 1881 4083 terra

170 4132 298 4172 sua
327 4121 590 4185 gravent,
631 4114 728 4169 sed
775 4115 1056 4170 honorent
1079 4123 1135 4170 et
1181 4123 1504 4185 protegant.
1538 4116 1602 4170 Et
1661 4116 1705 4170 si
1738 4117 1880 4186 quid

169 4203 255 4259 eis
307 4218 409 4272 pro
455 4202 640 4258 salute
694 4204 902 4258 anima
954 4217 1112 4269 mea,
1163 4210 1217 4258 et
1269 4212 1571 4272 parentum
1621 4218 1880 4260 meorum

167 4291 326 4356 dedi,
357 4291 442 4345 vel
499 4305 599 4359 pro
652 4290 857 4345 ablatis
906 4291 1147 4352 reddidi.
1198 4291 1254 4346 in
1285 4305 1422 4359 pace
1472 4292 1751 4347 stabiliter
1798 4301 1876 4348 te-

173 4393 314 4434 nere
363 4377 596 4444 faciant,
645 4379 1006 4433 recordantes
1045 4379 1199 4448 quod
1247 4379 1350 4448 ipsi
1396 4381 1662 4435 morituri
1721 4389 1876 4447 sunt,

172 4468 327 4523 sicut
350 4467 790 4536 pradecessores
819 4467 994 4522 nostri
1027 4467 1236 4522 mortui
1267 4475 1422 4522 sunt.
1469 4468 1656 4538 Hujus
1704 4468 1882 4523 dona-

172 4556 350 4611 tionis
410 4563 576 4610 testes
636 4564 772 4610 sunt
824 4554 883 4610 hi
945 4571 956 4609 :
1019 4555 1298 4611 Henricus
1353 4563 1407 4610 et
1454 4557 1734 4612 Robertus
1783 4556 1882 4611 ﬁlii

173 4644 420 4704 comitis,
469 4650 540 4698 et°
569 4643 638 4698 N.
693 4643 980 4699 comitissa
1028 4644 1177 4715 Augi
1211 4661 1223 4698 :
1261 4643 1328 4698 H.
1362 4644 1542 4700 abbas
1595 4645 1879 4711 Fiscanni,

173 4732 498 4801 Stephanus
552 4732 732 4787 abbas
795 4732 863 4787 de
951 4732 1430 4798 Fulcardimonte,
1511 4733 1759 4787 Thomas
1813 4732 1883 4787 de

175 4820 525 4887 Brienchon,
574 4820 858 4875 Alverdus
908 4820 978 4875 de
1028 4820 1233 4876 Sancto
1293 4820 1562 4887 Martino,
1614 4820 1883 4891 Magister

177 4908 484 4970 Bicardus,
520 4907 860 4963 Guillelmus
900 4906 1150 4974 Billuar;
1189 4930 1208 4955 ι
1239 4913 1295 4961 et
1321 4906 1430 4961 alii
1455 4914 1671 4978 plures.

245 4997 342 5052 His
397 4996 613 5052 accedit
659 4996 916 5066 ejusdem
977 4995 1301 5051 monasterii
1379 4995 1701 5051 antistitum
1771 5009 1880 5050 no-

177 5083 556 5137 menclatura.

178 5188 272 5241 Ea:
291 5187 632 5258 Necrologio
660 5187 901 5242 abbatia
920 5188 1148 5313 ῥςαφῖείί
1184 5189 1488 5243 Michaelis
1542 5188 1879 5244 Ullerioris—

973 5276 1038 5312 or
1063 5276 1148 5313 us.
1235 5303 1243 5309 .

973 5276 1148 5315 ortus.
1235 5303 1243 5309 .

249 5367 275 5393 ‹‹
309 5360 410 5401 xiv
442 5347 728 5404 Kalendas
753 5347 909 5411 Maii,
943 5348 1084 5404 obiit
1115 5347 1221 5418 pia
1270 5348 1678 5404 recordationis
1711 5349 1876 5404 dom-

179 5448 292 5489 nus
315 5435 492 5490 abbas
524 5436 824 5502 Rainerus,
868 5436 1044 5506 hujus
1097 5436 1346 5492 ecclesia
1394 5443 1585 5506 pastor
1634 5437 1875 5506 primus.

253 5545 272 5568 α
307 5539 364 5577 ιιι
412 5523 602 5578 Nonas
654 5524 839 5579 Martii
908 5525 1048 5579 obiit
1109 5527 1214 5593 pia
1285 5525 1572 5580 memoria
1633 5527 1880 5581 domnus

180 5610 357 5666 abbas
387 5613 592 5681 Drogo,
621 5612 797 5682 hujus
825 5613 1074 5668 ecclesia
1095 5613 1384 5669 secundus
1412 5621 1613 5669 rector.

2072 3174 2100 3200 «
2134 3168 2168 3205 v
2194 3150 2479 3206 Kalendas
2527 3147 2758 3218 Aprilis,
2803 3146 2943 3202 obiit
2979 3146 3086 3216 pia
3116 3145 3408 3201 memoria
3456 3145 3703 3200 domnus

2000 3241 2179 3297 abbas
2243 3239 2500 3293 Andreas
2584 3244 2788 3303 rector,
2845 3242 2900 3291 et
2956 3242 3253 3304 reparator
3310 3233 3704 3289 nobilissimus

1999 3327 2228 3397 capella
2263 3329 2442 3382 Beata
2473 3323 2690 3390 Maria,
2721 3323 3034 3394 vigesimus
3065 3323 3331 3392 quintus.

2068 3432 2124 3471 vt
2163 3415 2448 3471 Kalendas
2488 3412 2768 3476 Octobris,
2828 3411 2968 3467 obiit
3024 3410 3132 3480 pia
3183 3409 3471 3465 memoria
3531 3408 3699 3464 dom-

1995 3519 2109 3561 nus
2156 3504 2334 3560 abbas
2389 3501 2672 3558 Ricardus
2749 3500 2818 3556 de
2875 3502 3232 3570 Longuemor
3310 3496 3700 3552 nobilissimus

1993 3591 2385 3656 readiﬁcator,
2445 3604 2513 3645 ac
2569 3587 2883 3660 vigesimus
2930 3594 3131 3643 sextus
3190 3585 3368 3656 hujus
3427 3584 3697 3641 Ecclesia

1995 3688 2199 3736 Γθοιοτ.
2238 3700 2259 3727 Ὀ

2064 3769 2307 3825 Videtur
2336 3765 2430 3822 hic
2459 3778 2638 3832 error,
2671 3763 2761 3820 vel
2793 3763 2952 3819 fuere
2979 3761 3283 3833 synonymi
3313 3763 3382 3816 24
3407 3775 3475 3817 ac
3499 3762 3589 3814 26.

2067 3858 2142 3912 De
2171 3855 2445 3926 vigesimo
2473 3853 2713 3923 septimo
2747 3851 2890 3907 nihil
2919 3857 3126 3907 exstat.

2065 3965 2093 3994 «
2140 3959 2236 3999 xvr
2285 3941 2573 3998 Kalendas
2641 3939 3002 4009 Septembris,
3068 3938 3209 3994 obiit
3259 3952 3413 3994 anno
3468 3937 3696 3993 Domini

1997 4033 2121 4086 1521
2210 4029 2447 4086 illustris
2502 4028 2774 4084 dominus
2850 4027 3089 4084 Carolus
3145 4026 3214 4082 de
3265 4025 3462 4082 Cleves
3504 4039 3693 4080 comes

1989 4121 2163 4192 Augi,
2211 4120 2362 4174 ﬁlius
2419 4117 2838 4188 primogenitus
2878 4115 3096 4171 domini
3151 4113 3386 4169 Gilberti
3436 4113 3694 4183 ejusdem

1990 4207 2098 4263 loci
2141 4208 2385 4270 comitis,
2436 4205 2610 4261 frater
2661 4218 2972 4275 germanus
3020 4203 3238 4259 domini
3287 4200 3576 4257 Francisci
3627 4201 3695 4255 de

1993 4294 2188 4350 Cleves
2233 4294 2410 4364 hujus
2439 4291 2702 4348 Ecclesia
2734 4290 2991 4346 moderni
3045 4289 3270 4346 abbatis
3329 4287 3690 4343 commenda-

1993 4383 2121 4439 tarii
2154 4381 2429 4452 primiyet
2456 4382 2513 4435 in
2541 4380 2738 4435 ordine
2771 4378 3032 4449 vigesimi
3065 4378 3272 4434 octavi.

2067 4494 2088 4519 ε
2124 4486 2205 4526 xu
2247 4470 2532 4526 Kalendas
2576 4467 2753 4535 Junii,
2815 4467 2954 4523 obiit
2997 4467 3246 4522 domnus
3299 4465 3478 4522 abbas
3519 4463 3692 4520 Albe-

1990 4559 2165 4626 ricus,
2214 4556 2480 4614 Ecclesia
2533 4555 2588 4612 S.
2644 4555 2908 4611 Leuiredi
2953 4553 3440 4610 moderatissimus
3483 4562 3688 4617 rector,

1991 4647 2288 4717 nostrique
2314 4645 2420 4701 loci
2447 4645 2674 4714 primus
2705 4643 3037 4699 aediﬁcator.
3086 4664 3107 4691 ι

2062 4735 2222 4790 Hanc
2277 4734 2554 4790 abbatum
2584 4734 2788 4788 seriem
2837 4731 3100 4799 solidam,
3152 4737 3485 4799 certamque
3539 4741 3690 4784 neu-

1988 4822 2211 4892 tiquam
2283 4835 2572 4891 propono;
2636 4819 2965 4890 refragatur
3042 4817 3196 4874 enim
3271 4817 3555 4873 Robertus
3618 4815 3689 4870 de

1986 4911 2175 4966 Monte
2220 4909 2279 4965 in
2329 4917 2578 4965 tractatu
2635 4908 2714 4964 De
2771 4906 3170 4962 immutatione
3235 4906 3357 4962 ord.
3419 4903 3683 4959 monach.

1986 4997 2137 5053 infra
2200 4999 2347 5053 inter
2407 4997 2846 5052 Additamenta:
2893 5013 2922 5046 α
2995 4995 3278 5051 Robertus
3325 5007 3516 5049 comes
3571 4997 3684 5048 Au-

1985 5087 2189 5152 censis,
2225 5086 2435 5156 inquit,
2478 5083 2888 5140 monasterium
2920 5082 2969 5138 S.
3030 5082 3320 5139 Michaelis
3370 5080 3685 5137 Ulterioris-

1986 5176 2191 5230 Portus
2219 5174 2563 5229 adiﬁcavitf
2597 5173 2652 5227 in
2703 5187 2819 5242 quo
2871 5171 3094 5240 primus
3145 5170 3325 5224 abbas
3374 5167 3481 5224 fuit
3537 5168 3684 5222 lier-

1987 5263 2201 5328 bertus,
2231 5261 2550 5316 monachus
2579 5261 2633 5315 S.
2665 5259 2961 5315 Trinitatis
2993 5258 3062 5313 de
3087 5258 3274 5313 Monte
3318 5256 3683 5326 Hothomag.,

1985 5349 2274 5406 secundus
2327 5349 2664 5414 Alveredus,
2726 5347 2926 5402 tertius
2997 5345 3289 5401 Osbernus
3365 5343 3683 5399 monachus

1983 5439 2240 5509 ejusdem
2271 5437 2396 5505 loci,
2428 5444 2674 5507 quartus
2705 5434 3043 5490 Fulcherius
3083 5432 3399 5488 monachus
3448 5430 3681 5487 Clunia-

1985 5542 2335 5684 ωἱζῗδιξέιιι).
2397 5614 2461 5670 V.
2507 5643 2572 5655 —
2629 5609 2932 5669 Comitissa
2967 5607 3328 5666 Helisendis.
3381 5607 3518 5675 Qua
3566 5609 3676 5665 Ro-
