3930 6390
263 365 398 422 1139

1286 365 1380 420 ΑΒ
1420 364 1576 421 ΟΡΡ.
1620 363 1776 419 VEN.
1818 363 2144 419 GUIBERTI
2187 363 2278 417 DE
2315 361 2725 420 NOVIGENTO

3627 366 3776 421 1140

260 504 420 560 berto
446 503 690 560 Aucensi
717 503 908 561 comiti
936 511 1139 576 nupta,
1188 503 1539 562 Willelmum
1579 504 1669 575 (de
1715 519 1831 576 quo
1888 518 1954 561 eo
1989 505 2038 559 Α
2065 505 2364 576 sanctique
2407 505 2574 568 Petri,
2619 505 2690 562 ob
2736 505 2906 577 cujus
2955 519 3206 564 amorem
3264 521 3324 565 se
3372 508 3602 567 tradidit
3649 509 3779 581 ipse

259 591 388 664 loci)
421 599 564 648 natu
591 593 912 649 secundum
946 593 1166 664 genuit,
1198 591 1687 663 quemadmodum
1724 591 1784 648 in
1813 592 1959 648 sub-

259 681 672 751 scriptionibus
728 680 1079 737 fundationis
1103 681 1156 738 S.
1216 680 1509 736 Michaelis
1552 694 1732 750 supra
1771 681 1958 737 allatae

259 769 445 826 visere
487 776 588 824 est.
621 768 963 825 Guillelmus
999 770 1212 824 Gemet.
1278 769 1417 824 Hist.
1448 769 1549 824 lib.
1585 784 1622 824 v
1673 783 1800 840 cap.
1837 772 1868 826 3
1902 769 1959 826 in

260 856 546 913 Richardo
575 856 644 911 II.
679 874 709 908 α
739 857 864 924 Cui,
897 856 1202 922 Willelmo,
1229 869 1342 912 non
1397 857 1578 913 multo
1622 865 1744 926 post
1773 856 1960 912 Oeen-

259 959 380 1000 sem
432 944 764 1000 comitatum
799 943 1052 1010 tradidit,
1103 943 1270 1013 eique
1333 944 1646 1014 quamdam
1709 944 1959 1015 puellam

261 1032 644 1088 Leschelinam
679 1030 850 1087 dedit.
886 1031 974 1086 Ex
1025 1045 1092 1086 ea
1137 1031 1338 1102 genuit
1377 1040 1490 1088 tres
1534 1032 1696 1100 ﬁlios,
1739 1033 1959 1089 Rober-

261 1127 383 1176 tum
417 1118 645 1185 scilicet,
679 1126 802 1188 post
827 1119 955 1190 ejus
984 1127 1222 1174 mortem
1253 1121 1558 1176 comitatus
1590 1121 1892 1188 haeredem,
1933 1139 1954 1166 ι

259 1215 366 1264 etc.
429 1207 533 1263 Sed
582 1208 699 1262 vim
781 1207 1141 1265 solummodo
1195 1209 1536 1280 conjecturae
1587 1217 1782 1266 nostra
1839 1209 1962 1266 haec

259 1295 465 1352 habeat
493 1293 806 1350 adnotatio.

331 1381 424 1452 (⁸ο)
457 1383 592 1437 IBtn.
647 1412 716 1421 —
745 1383 891 1436 Cum
927 1381 1010 1436 ibi
1069 1381 1456 1438 litteratorum
1488 1383 1705 1452 ﬂoreat
1762 1385 1957 1440 multi-

259 1470 408 1526 tudo.
454 1472 610 1525 Inter
643 1468 913 1540 antiquos
968 1470 1311 1540 Radulphus
1351 1472 1728 1529 Flaviacensis
1783 1474 1960 1545 vulgo

258 1559 464 1626 dictus,
507 1558 664 1614 haud
714 1558 926 1614 infirme
959 1567 1105 1615 notae
1162 1560 1426 1629 scriptor,
1485 1564 1959 1619 commentarium

257 1648 317 1704 in
339 1647 654 1703 Leviticum
681 1646 990 1718 (multoties
1018 1649 1248 1716 cusum)
1279 1649 1470 1704 edidit.

329 1735 416 1807 (⁸⁸)
475 1737 615 1792 IBID.
677 1764 746 1777 —
787 1737 990 1790 Instar
1054 1735 1452 1809 religiosorum
1509 1737 1765 1803 illorum,
1821 1756 1962 1812 quos

263 1823 593 1879 Deonandos
671 1823 840 1894 vulgo
909 1825 1235 1896 appellant.
1310 1827 1646 1882 Deonandos
1697 1841 1793 1883 eos
1838 1843 1958 1884 esse

260 1920 418 1982 puto,
456 1912 710 1967 Donatos
741 1913 862 1968 sive
909 1912 1160 1981 Oblatas,
1194 1913 1421 1984 vulgari
1461 1914 1666 1985 lingua
1718 1915 1956 1984 Donnés,

259 1999 472 2067 Oblats,
508 2014 938 2070 nuncupamus.
991 2001 1055 2056 Hi
1103 2009 1294 2058 autem
1345 2003 1607 2058 habitum
1659 2003 1845 2060 laicali
1879 2005 1962 2060 in-

257 2088 520 2143 serviunt
579 2089 960 2156 monasteriis,
995 2089 1054 2143 in
1098 2089 1186 2145 his
1227 2090 1587 2160 potissimum
1635 2107 1767 2163 quae
1822 2091 1962 2150 foris

260 2176 456 2245 peragi
483 2190 516 2230 a
548 2176 842 2232 monachis
872 2177 1146 2247 (quorum
1180 2192 1393 2234 munus
1421 2187 1504 2235 est
1541 2180 1721 2236 sacris
1743 2181 1963 2238 incum-

260 2263 412 2333 bere)
473 2277 586 2318 non
645 2263 799 2319 facili
855 2266 1086 2334 negotio
1135 2274 1408 2334 queunt:
1483 2267 1638 2322 haud
1693 2269 1964 2325 omnibus

259 2351 658 2418 observantiis,
735 2351 1108 2422 rigidioribus
1177 2354 1448 2420 maxime,
1541 2364 1831 2412 tenentur.
1899 2359 1960 2412 Β.

266 2438 584 2494 Lanfranco
627 2440 896 2496 monachi
943 2440 1071 2496 laici
1112 2441 1407 2511 dicuntur,
1465 2443 1674 2500 decret.
1727 2459 1850 2515 cap.
1912 2449 1959 2513 l,

263 2535 396 2582 sect.
429 2527 483 2593 4,
516 2535 636 2596 post
670 2527 816 2593 init.,
849 2537 904 2584 et
949 2536 1082 2584 sect.
1116 2532 1168 2597 5,
1202 2530 1312 2586 sub
1359 2531 1529 2598 med.,
1566 2531 1768 2588 fratres
1813 2533 1962 2590 laici.

265 2616 492 2685 Legesis
525 2615 885 2682 Menardum,
928 2617 1214 2674 observat.
1251 2619 1320 2674 ad
1374 2627 1548 2690 caput
1601 2623 1668 2675 70
1713 2623 1966 2680 Concor-

263 2703 372 2759 dia
402 2703 586 2774 regul.
623 2717 752 2774 pag.
790 2704 942 2760 l028.

334 2789 618 2846 Caeterum
665 2791 1019 2859 Deonandos,
1068 2793 1188 2850 sive
1245 2794 1418 2850 laicos
1463 2794 1688 2864 fratres,
1737 2798 1968 2854 nomine

267 2878 680 2934 monachorum
710 2879 782 2933 ad
813 2881 1239 2937 succurendum
1281 2882 1585 2939 identidem
1623 2884 1678 2940 in
1732 2887 1969 2942 vetustis

265 2965 498 3032 chartis,
575 2973 630 3020 et
698 2967 1120 3038 martyrologiis
1187 2984 1288 3026 seu
1361 2971 1699 3043 necrologiis
1772 2975 1970 3031 venire

2067 593 2405 650 Lambertus
2457 594 2531 650 ad
2593 594 2984 662 serviendum,
3057 595 3170 652 nisi
3240 597 3548 654 satisfactio
3616 597 3778 654 facta

2067 682 2444 750 promeruerit
2471 681 2719 737 veniam.
2765 683 2957 738 Testes
3015 683 3152 739 huic
3181 684 3587 755 subscriptioni
3637 700 3776 742 om-

2065 782 2166 824 nes
2200 769 2547 825 habitatores
2582 769 2764 825 sancti
2803 770 2931 838 loci,
2992 771 3098 840 ipsi
3153 780 3332 827 sunt:
3381 772 3502 828 Ado
3545 787 3773 843 praepo-

2065 857 2226 920 situs,
2261 858 2629 923 Humbertus,
2665 859 2830 911 \Vi'ln
2870 859 3145 925 decanus,
3175 859 3471 924 Orbertus,
3503 861 3774 928 Necteus,

2067 945 2385 1000 Ramerius.
2443 947 2569 1001 Haec
2625 948 2776 1001 enim
2822 954 2946 1000 acta
3003 954 3139 1002 sunt
3193 955 3448 1018 tempore
3493 947 3775 1004 Willelmi

2064 1032 2308 1100 abbatis,
2341 1045 2410 1088 ac
2442 1033 2729 1103 praepositi
2763 1033 2889 1099 loci,
2913 1033 3199 1090 Benedicti
3235 1034 3482 1091 nomine.
3520 1056 3541 1083 ι

2133 1125 2284 1174 085
2339 1122 2404 1176 Et
2440 1120 2640 1176 charta
2694 1134 2726 1176 e
2779 1121 3110 1177 monasterii
3147 1120 3202 1177 S.
3261 1121 3532 1178 Maxentii
3579 1123 3758 1180 tabu-

2067 1206 2208 1263 lario
2235 1208 2556 1278 exscripta:

2138 1317 2166 1345 ‹‹
2231 1296 2295 1351 In
2340 1295 2571 1351 nomine
2619 1296 2863 1352 Domini.
2919 1297 3038 1368 Ego
3095 1296 3400 1353 Gauterius
3455 1297 3772 1368 presbyter,

2069 1383 2222 1440 illius
2264 1384 2572 1446 Adhemari
2600 1385 2668 1440 de
2701 1383 2952 1450 Guarda,
3001 1385 3130 1440 dedi
3191 1386 3444 1441 animam
3494 1400 3676 1442 meam
3713 1391 3779 1442 et

2066 1485 2273 1542 corpus
2303 1485 2495 1528 meum
2523 1471 2734 1527 domno
2763 1471 3026 1527 Goii‘redo
3053 1471 3246 1528 abbati
3296 1473 3512 1529 sedenti
3569 1476 3626 1528 in
3683 1487 3779 1528 ca-

2069 1559 2248 1628 pitulo
2306 1573 2440 1616 cum
2514 1559 2810 1615 monachis
2863 1560 3006 1626 suis,
3059 1561 3149 1615 die
3188 1559 3437 1630 quodam
3477 1560 3778 1616 Dominico

2066 1649 2366 1706 Adventus
2404 1647 2650 1715 Domini,
2687 1648 2743 1704 in
2783 1648 3106 1704 societatem
3138 1656 3192 1704 et
3231 1649 3566 1704 beneficium
3595 1649 3779 1704 totius

2069 1735 2430 1802 monasterii;
2459 1743 2514 1790 et
2543 1735 2778 1806 quando
2809 1735 3046 1791 voluero
3088 1736 3406 1792 monachus
3455 1749 3596 1801 esse,
3633 1749 3775 1792 cum

2069 1824 2243 1879 rebus
2272 1836 2420 1894 quas
2453 1823 2712 1878 habuero
2763 1823 3047 1892 accipiant
3088 1837 3178 1878 me
3225 1823 3345 1879 sive
3388 1837 3593 1879 sanum
3646 1823 3777 1878 sive

2069 1911 2386 1966 infirmum.
2433 1911 2575 1966 Dedi
2627 1909 2710 1966 eis
2777 1925 2949 1966 unam
3000 1911 3324 1966 borderiam
3368 1910 3438 1966 de
3493 1919 3665 1979 terra,
3716 1920 3778 1968 et

2069 2013 2254 2056 unum
2307 1998 2674 2069 quartarium
2723 1998 2792 2054 de
2847 2007 3031 2068 prato,
3074 2013 3176 2068 pro
3203 1998 3478 2054 beneficio
3502 2006 3558 2055 et
3583 1998 3779 2055 salute

2069 2087 2396 2143 animarum
2423 2094 2726 2156 parentum
2770 2100 3048 2154 meorum,
3091 2086 3150 2142 in
3175 2086 3613 2156 eleemosynam,
3647 2087 3780 2142 sine

2071 2175 2190 2231 ulla
2220 2175 2594 2245 requisitione
2629 2175 2919 2245 progeniei
2959 2188 3117 2230 meae.
3180 2174 3294 2244 Ipsi
3349 2183 3540 2230 autem
3576 2187 3664 2229 me
3718 2181 3779 2228 ct

2071 2263 2302 2318 fratrem
2335 2277 2528 2318 meum
2561 2263 2822 2329 Lucium,
2846 2263 2915 2318 de
2960 2263 3070 2318 hoc
3101 2261 3372 2318 beneficio
3401 2276 3531 2317 cum
3571 2261 3779 2331 regula

2071 2351 2454 2406 revestierunt
2499 2364 2624 2416 nos,
2658 2353 2716 2404 et
2751 2349 2990 2404 osculati
3021 2357 3177 2405 sunt.
3211 2350 3280 2404 Et
3320 2349 3524 2405 ibidem
3557 2363 3779 2404 conve-

2074 2440 2266 2496 nimus
2297 2439 2514 2494 donum
2539 2438 2644 2493 hoc
2673 2451 2706 2492 a
2735 2438 2983 2494 dominis
3027 2438 3234 2493 nostris
3267 2437 3598 2493 carnalibus
3653 2450 3778 2492 scr-

2073 2535 2330 2583 vaturos.
2367 2527 2483 2582 Hoc
2523 2525 2740 2581 donum
2796 2525 3034 2581 iecimus
3089 2541 3220 2581 cum
3276 2525 3380 2580 isto
3431 2538 3782 2595 pergameno

2073 2629 2246 2684 super
2294 2613 2495 2682 altare,
2555 2613 2886 2669 videntibus
2933 2614 3172 2670 testibus
3212 2613 3330 2670 istis
3380 2613 3586 2668 subtus
3633 2612 3783 2668 scri-

2077 2703 2213 2774 ptis.

2145 2813 2173 2840 «
2215 2791 2498 2848 Martinus
2535 2791 2842 2860 Espernus.
2879 2790 3045 2861 Hugo
3078 2789 3384 2857 Porcheus,
3406 2797 3508 2846 etc.

2147 2901 2176 2930 ‹‹
2216 2880 2286 2936 Ει
2315 2894 2420 2950 ego
2449 2877 2758 2936 Gauterius
2787 2893 2920 2934 cum
2949 2879 3114 2949 signo
3143 2880 3180 2946 ~1-
3200 2878 3449 2934 firmavi.

2153 2989 2174 3016 ι
2221 2969 2393 3023 Facta
2417 2975 2501 3023 est
2523 2974 2715 3022 autem
2739 2967 2863 3022 haec
2890 2966 3158 3022 chartula
3200 2980 3355 3022 anno
3390 2966 3462 3022 ab
3500 2965 3783 3022 Incarna-

265 3053 548 3108 existimo.
579 3053 681 3109 Cui
732 3054 1044 3111 tninisterio
1085 3071 1197 3112 non
1230 3057 1340 3114 viri
1372 3066 1618 3127 tantum,
1664 3061 1758 3116 sed
1794 3062 1964 3118 etiam
2007 3084 2047 3138 ρ
2079 3056 2229 3112 tione
2269 3056 2494 3112 Domini
2561 3056 2716 3121 mo.
2767 3063 3043 3126 regnante
3091 3054 3150 3110 ίη
3195 3054 3437 3111 FraDCia
3463 3053 3782 3124 ἰῙιῐΙίῙονίεο

265 3139 534 3196 mulieres
571 3155 712 3208 sese,
765 3157 882 3213 quo
914 3143 1138 3200 facilius
1189 3145 1420 3203 theoriaa
1449 3148 1654 3204 studiis
1711 3150 1966 3206 intende-

265 3236 394 3284 rent
444 3231 762 3300 coenobitae,
814 3231 1175 3300 addicebant,
1243 3235 1402 3291 velut
1448 3251 1628 3306 supra
1674 3247 1969 3295 ostensum

265 3325 370 3384 est,
405 3331 536 3388 pag.
599 3318 682 3382 l2,
732 3320 796 3374 D.
847 3328 902 3376 et
966 3335 1086 3391 seq.
1137 3321 1548 3380 Testimonium
1599 3324 1838 3396 hujusce
1888 3325 1968 3382 rei

266 3405 667 3463 subministrat
695 3407 1014 3464 Chronicon
1045 3409 1326 3466 Besuense
1356 3411 1462 3465 hoc
1491 3413 1660 3469 modo
1685 3428 1698 3467 :

338 3514 366 3542 «
398 3495 665 3550 Noverint
705 3495 894 3551 fideles
929 3509 1030 3566 per
1058 3497 1422 3553 succedentia
1479 3508 1756 3570 tempora,
1812 3501 1970 3574 quod

267 3581 506 3650 quidam
566 3582 735 3637 homo
776 3582 1114 3640 Lambertus
1167 3586 1418 3651 nomine,
1465 3601 1595 3643 cum
1629 3597 1774 3644 esset
1805 3591 1972 3662 inge-

267 3680 444 3733 nuus,
501 3674 556 3722 et
623 3675 880 3724 maneret
957 3670 1113 3739 apud
1173 3670 1352 3739 Setas,
1411 3687 1541 3728 cum
1619 3689 1801 3731 uxore
1865 3690 1973 3732 sua

268 3753 500 3809 nomine
533 3755 836 3826 Ereburgi,
861 3771 928 3811 ac
981 3757 1174 3814 liberis
1204 3759 1514 3816 Framvero
1543 3769 1599 3818 et
1653 3762 1970 3840 Dominico,

266 3843 523 3914 ejusdem
556 3845 914 3912 conditionis,
973 3847 1150 3918 gratis
1179 3862 1237 3904 se
1273 3849 1505 3905 tradidit
1554 3859 1751 3906 sancto
1807 3852 1972 3909 Petro

267 3931 338 3986 ad
367 3931 754 4000 serviendum,
794 3933 851 3988 in
886 3934 1008 3990 loco
1047 3935 1147 4006 qui
1196 3936 1409 3992 dicitur
1467 3938 1852 4008 Fons-Besua,
1904 3955 1974 3997 ac

268 4020 563 4076 monachis
603 4020 680 4076 ibi
719 4021 1060 4093 degentibus
1113 4023 1530 4082 famulantibus
1578 4027 1712 4093 Deo,
1763 4037 1973 4100 quate-

267 4123 379 4164 nus
435 4107 668 4164 libertas
711 4111 1038 4180 proveniret
1082 4112 1388 4169 animabus
1427 4128 1627 4170 eorum
1662 4130 1675 4169 :
1721 4117 1817 4172 sed
1867 4117 1974 4173 hoc

268 4196 398 4252 fecit
447 4210 514 4252 eo
565 4205 777 4266 tenore,
829 4213 896 4254 ea
955 4200 1276 4257 conditione
1305 4209 1360 4257 et
1407 4201 1602 4258 fenore
1657 4212 1720 4260 ut
1774 4205 1892 4276 ipse
1917 4213 1974 4262 et

267 4297 623 4340 successores
668 4284 796 4356 ejus
842 4285 1083 4344 ﬁdeliter
1132 4288 1487 4346 custodirent
1527 4290 1968 4362 eleemosynam,

2077 3159 2229 3215 rege,
2251 3152 2305 3200 et
2335 3143 2637 3200 Guillelmo
2666 3143 2868 3198 comite
2910 3143 2967 3199 in
3021 3143 3354 3214 Aquitania,
3415 3143 3580 3198 Petro
3635 3157 3784 3213 quo-

2078 3248 2192 3306 que
2217 3233 2479 3303 episcopo
2505 3231 2847 3287 Pictavensi.
2883 3251 2904 3279 ι

2148 3322 2353 3378 Virum
2387 3333 2746 3389 uxoremque
2811 3317 3068 3374 coenobio
3107 3318 3292 3375 Beataa
3343 3318 3534 3374 Maria;
3561 3317 3782 3375 Vallis-

2079 3412 2246 3466 Bonaa
2283 3423 2404 3465 sese
2454 3421 2820 3478 nuncupasse
2867 3406 3072 3462 delicat
3105 3406 3575 3473 instrumentum,
3620 3407 3780 3476 quod

2079 3513 2193 3554 non
2230 3497 2307 3552 ita
2345 3497 2564 3568 pridem
2611 3509 2683 3551 ex
2713 3495 2928 3550 chartis
2974 3494 3232 3565 ejusdem
3291 3495 3576 3565 prioratus
3619 3494 3779 3562 (olim

2079 3585 2344 3656 abbatim)
2400 3583 2657 3640 dimcesis
2708 3583 3052 3651 Grassensis,
3112 3582 3408 3653 descripsit
3471 3591 3647 3654 atque
3719 3582 3780 3638 in

2078 3674 2364 3744 epitomen
2418 3671 2638 3742 redegit
2664 3678 2856 3726 noster
2885 3670 3160 3728 Claudius
3189 3671 3526 3728 Chantelou.

2151 3780 2178 3806 «
2212 3760 2379 3816 Anno
2421 3757 2495 3814 ab
2547 3757 2948 3814 incarnatione
2984 3757 3208 3814 Domini
3248 3756 3548 3814 millesimo
3568 3757 3781 3814 ducen-

2081 3848 2277 3903 tesimo
2306 3845 2599 3917 trigesimo
2625 3845 2895 3912 secundo,
2944 3845 3250 3902 indictione
3307 3847 3530 3917 quinta,
3565 3847 3778 3902 mensis

2078 3932 2404 3990 Decembris
2429 3933 2520 3990 die
2558 3933 2779 3989 decimo
2824 3940 3044 3988 octavo.
3101 3933 3396 3989 Blacacius
3448 3933 3518 3990 de
3559 3932 3776 3990 Sartols

2077 4030 2133 4078 et
2185 4021 2438 4078 Jordana
2513 4035 2663 4077 uxor
2721 4035 2850 4089 sua,
2920 4020 3136 4076 donant
3198 4022 3540 4078 monasterio
3587 4021 3776 4078 Beata:

2079 4111 2273 4167 Mariae
2311 4108 2690 4165 Vallis-Bonae
2738 4116 2793 4164 et
2829 4109 3044 4165 domno
3071 4109 3128 4164 P.
3161 4109 3353 4166 abbati
3385 4110 3522 4165 dicti
3571 4123 3772 4166 mona-

2079 4197 2254 4266 sterii,
2309 4197 2546 4268 seipsos.
2577 4205 2631 4252 et
2677 4195 2870 4254 omnia
2945 4197 3098 4254 bona
3147 4211 3256 4253 sua
3307 4197 3664 4269 generaliter,
3719 4204 3776 4252 et

2080 4285 2400 4356 specialiter
2433 4284 2730 4340 Blacacius
2777 4285 2875 4340 dat
2902 4285 3096 4340 omnia
3123 4284 3276 4341 bona
3303 4299 3410 4341 sua
3455 4285 3688 4340 mobilia
3717 4292 3774 4340 et

267 4384 448 4442 quam
478 4384 668 4426 comes
699 4374 950 4443 regionis
981 4375 1316 4444 Bainaldus,
1362 4392 1477 4434 una
1506 4393 1640 4435 cum
1687 4394 1792 4436 sua
1830 4396 1963 4436 con-
2004 4375 2048 4429 D
2080 4373 2411 4441 immobilia,
2444 4381 2498 4430 et
2522 4372 2660 4444 jura
2692 4388 2824 4444 quae
2855 4373 3024 4430 habet
3055 4373 3113 4428 in
3160 4381 3346 4429 castro
3396 4374 3464 4429 de
3514 4373 3770 4437 Sartolis,

263 4458 425 4530 juge,
459 4458 658 4515 tribuit
693 4463 1022 4531 supradicto
1052 4473 1250 4522 sancto
1280 4466 1461 4522 Petro.
1497 4468 1642 4524 Nam
1683 4469 1971 4540 quidquid

269 4547 328 4600 in
354 4546 514 4602 lucro
544 4554 646 4602 aut
674 4549 900 4619 negotio
931 4551 1150 4622 aliquid
1175 4553 1386 4610 exinde
1416 4555 1706 4625 potuerint
1734 4555 1968 4625 lucrari,

266 4634 512 4692 reddant
549 4634 621 4690 ad
678 4637 946 4694 vestitum
998 4641 1246 4698 fratrum
1295 4643 1354 4698 in
1399 4657 1626 4700 camera
1655 4645 1971 4714 supradicti

266 4721 391 4778 loci.
424 4723 495 4780 Et
535 4730 601 4780 ut
649 4723 771 4781 haec
812 4725 1044 4797 scriptio
1090 4729 1256 4786 firma
1295 4740 1549 4788 maneret
1597 4733 1654 4787 in
1703 4733 1970 4803 praesenti

266 4811 545 4870 dederunt
578 4812 635 4868 in
667 4815 1058 4873 recordatione
1103 4817 1241 4875 huic
1296 4819 1626 4888 conventui,
1683 4821 1776 4876 vir
1823 4821 1970 4878 duos

266 4899 472 4964 asinos,
529 4909 586 4958 et
641 4903 900 4974 ejusdem
973 4905 1085 4960 viri
1141 4920 1288 4961 uxor
1345 4907 1538 4962 decem
1603 4907 1832 4975 solidos,
1895 4909 1966 4966 ad

267 4991 705 5047 restaurandam
749 4992 1096 5064 caldariam;
1128 4994 1409 5062 similiter,
1449 5003 1504 5052 et
1535 5011 1712 5053 unam
1771 4998 1964 5053 navim

266 5074 566 5132 dederunt.
616 5077 760 5134 Nam
816 5081 1082 5137 noverint
1114 5083 1379 5140 monachi
1442 5083 1623 5154 ipsius
1672 5083 1798 5148 loci,
1850 5098 1964 5140 non

265 5176 400 5218 eum
443 5163 655 5220 habere
709 5165 888 5221 alium
939 5168 1305 5237 advocatum,
1358 5171 1468 5227 nisi
1525 5171 1696 5242 ipsos,
1749 5179 1804 5228 et
1843 5171 1965 5228 ideo

267 5251 422 5304 omni
462 5257 716 5320 tempore
760 5266 892 5308 eum
931 5253 991 5310 in
1029 5257 1258 5326 vestitu,
1305 5259 1364 5314 in
1418 5259 1693 5328 calceatu,
1735 5273 1803 5316 ac
1838 5259 1966 5316 cibo

265 5349 487 5407 semper
559 5337 892 5409 gubernari.
979 5343 1049 5398 Et
1112 5353 1174 5400 ut
1249 5346 1560 5416 insuspecti
1643 5355 1962 5415 manerent,

265 5424 894 5484 anathematizaverunt
915 5431 1280 5487 senioresloci
1303 5435 1626 5505 quidquam
1655 5435 1712 5490 in
1744 5434 1960 5504 aliquo,

265 5518 367 5567 aut
417 5511 713 5582 quidpiam
769 5515 818 5572 ei
877 5516 1109 5573 moleste
1159 5519 1370 5586 fecerit,
1430 5530 1532 5578 aut
1585 5525 1712 5591 ejus
1768 5522 1964 5577 liberis

264 5606 539 5669 perpetua
627 5603 1200 5662 anathematizationc
1272 5622 1346 5664 ex
1431 5609 1768 5666 auctoritate
1862 5609 1962 5664 Dei

2077 4469 2133 4518 et
2154 4462 2213 4518 in
2246 4469 2360 4518 toto
2387 4462 2512 4532 ejus
2545 4460 2846 4530 territorio,
2875 4462 2996 4517 sive
3023 4461 3338 4517 consistant
3369 4461 3426 4516 in
3483 4461 3770 4526 domibus,

2082 4550 2432 4618 hominibus,
2495 4548 2762 4616 servitiis,
2837 4548 3127 4616 dominiis,
3193 4549 3390 4617 vineis,
3469 4547 3774 4604 arboribus

2078 4639 2275 4710 pratis,
2332 4636 2568 4708 campis,
2619 4635 2974 4704 nemoribus,
3029 4637 3218 4706 aquis,
3270 4637 3516 4706 pascuis,
3559 4645 3662 4692 etc.
3703 4638 3774 4692 Et

2075 4727 2327 4783 Jordana
2355 4725 2672 4795 specialiter
2697 4725 2794 4780 dat
2823 4725 3018 4781 omnia
3045 4725 3195 4782 bona
3225 4739 3334 4780 sua
3369 4732 3424 4781 et
3461 4725 3594 4795 jura
3641 4738 3774 4794 quae

2076 4815 2248 4870 habet
2277 4815 2336 4870 in
2365 4820 2554 4869 castro
2575 4813 2644 4869 de
2665 4813 2968 4880 Torrenco,
3001 4820 3055 4868 et
3078 4812 3134 4868 in
3163 4813 3288 4882 ejus
3317 4812 3614 4880 territorio,
3639 4820 3694 4868 et
3718 4813 3774 4868 in

2075 4910 2258 4960 castro
2292 4903 2361 4958 de
2386 4901 2701 4958 Grauleriis
2726 4900 3145 4970 superioribus,
3159 4908 3213 4956 et
3239 4900 3297 4956 in
3319 4901 3446 4972 ejus
3465 4901 3770 4967 territorio,

2073 4991 2192 5047 sive
2219 4991 2534 5046 consistant
2565 4989 2620 5043 in
2670 4987 2954 5053 domibus,
2999 4996 3106 5044 etc.
3157 4989 3294 5044 item
3325 4989 3421 5044 dat
3468 4987 3618 5043 dicta
3643 4989 3773 5043 Jor-

2072 5080 2224 5135 dana
2253 5078 2429 5135 libras
2455 5077 2696 5148 triginta
2743 5075 3026 5146 quinque,
3076 5077 3445 5132 denariorum
3496 5076 3771 5132 Baimun-

2071 5167 2356 5230 densium,
2376 5179 2560 5222 unum
2589 5164 2913 5230 denarium,
2939 5172 2995 5220 et
3023 5165 3232 5221 solidos
3249 5172 3478 5221 centum
3508 5163 3775 5220 Baimnn-

2069 5255 2332 5312 densium
2365 5253 2424 5309 in
2454 5253 2629 5309 rebus
2667 5259 2886 5308 retento
2921 5252 3062 5324 ipsis
3103 5253 3406 5326 jugalibus
3463 5251 3773 5309 usufructu

2071 5345 2129 5400 in
2157 5345 2276 5399 vita
2301 5356 2427 5398 sua.
2477 5343 2546 5397 Et
2575 5341 2918 5412 promittunt
2949 5342 3055 5412 ipsi
3083 5341 3312 5413 jugales
3367 5340 3637 5411 praedicto
3672 5341 3767 5397 ab-

2067 5433 2184 5488 bati
2211 5430 2365 5502 quod
2393 5430 2732 5500 quicunque
2771 5429 3022 5499 ipsorum
3048 5429 3336 5502 jugalium
3360 5429 3520 5500 prius
3561 5428 3772 5486 defece-

2068 5521 2140 5576 rit
2169 5535 2269 5576 seu
2299 5519 2618 5581 decesserit,
2670 5518 2826 5587 quod
2857 5517 3001 5574 alter
3055 5519 3154 5588 qui
3205 5515 3606 5588 superstiterit.
3653 5523 3774 5574 tan-

2067 5617 2188 5665 tum
2217 5613 2504 5678 quantum
2541 5605 2773 5672 vixerit,
2831 5606 3189 5676 permanebit
3219 5613 3372 5661 caste
3397 5611 3452 5660 et
3485 5604 3544 5658 in
3588 5605 3773 5662 conti-
