3930 6422
175 373 307 427 1141

1452 370 1672 427 DOMNI
1714 370 1774 424 L.
1815 369 2158 426 DlACHERY
2199 371 2424 427 ΝΟΤᾹΞ.

3532 371 3669 428 lli?

167 504 388 569 nentia,
422 511 478 559 et
506 502 878 558 incontinenti
912 502 1249 571 promittunt
1279 501 1659 558 obedientiam
1687 499 1869 556 eidem
1909 505 1953 555 Α
1982 501 2226 557 δὺὺειιὶω
2252 501 2440 558 Sancti
2487 501 2720 558 Melardi
2767 501 3188 558 Suessionensis
3234 501 3484 557 Historia
3531 517 3676 557 con-

165 592 404 646 domino
454 590 669 657 abbati,
730 591 960 644 nomine
1025 590 1160 644 dicti
1237 590 1588 652 monasterii,
1657 588 1873 660 junctis

166 680 460 734 manibus.
506 679 574 734 Et
620 678 824 733 ibidem
868 678 1048 733 abbas
1088 677 1281 748 recipit
1325 678 1504 732 dictos
1547 677 1872 732 Blacacium

165 777 226 824 et
273 768 582 823 Jordanam
631 767 847 837 junctis
882 767 1151 822 manibus
1193 767 1247 820 in
1292 766 1513 829 fratres,
1551 774 1605 819 et
1643 763 1873 834 partici-

166 869 271 924 pes
322 863 376 910 et
436 856 683 910 Donatos
728 854 861 909 dicti
914 853 1240 909 monasterii
1294 853 1682 919 Vallis-Bonae,
1737 869 1874 924 pro-

167 944 401 998 mittens
433 942 903 1012 quandocunque
940 941 1074 1011 ipsis
1104 942 1296 996 venire
1326 941 1620 1010 placuerit,
1671 944 1786 1012 ipse
1821 951 1873 999 et

167 1030 586 1085 monasterium
643 1045 736 1085 eos
801 1031 1046 1099 benigne
1103 1030 1379 1099 suscipiat
1443 1038 1498 1084 et
1570 1039 1874 1099 pertractet

167 1126 449 1188 tanquam
501 1119 642 1186 alios
689 1118 1006 1173 confratres
1049 1118 1183 1173 dicti
1230 1117 1579 1186 monasterii,
1631 1128 1686 1173 et
1742 1135 1872 1190 pro-

164 1205 363 1260 videat
393 1205 528 1274 ipsis
569 1205 625 1259 in
668 1206 827 1260 victu
871 1213 924 1259 et
975 1206 1204 1264 vestitu,
1250 1213 1304 1260 et
1352 1205 1735 1260 calceamento
1778 1222 1869 1262 se-

165 1294 428 1348 cundum
483 1293 812 1348 monasterii
854 1293 1304 1362 possibilitatem.
1351 1294 1644 1349 Scribebat
1691 1295 1752 1349 B.
1803 1294 1872 1351 de

164 1379 475 1434 Sclannola
538 1379 797 1435 notarius
879 1379 1092 1434 domini
1169 1380 1477 1436 Raimundi
1537 1381 1870 1452 Berengarii

163 1466 393 1521 comitis
424 1467 759 1522 Provinciae.
801 1488 821 1514 ι

240 1554 344 1608 Sed
416 1563 471 1610 et
535 1555 935 1625 Necrologium
1001 1555 1519 1623 Sandionysianum
1591 1556 1873 1626 expressis

163 1641 360 1697 verbis
392 1657 404 1696 :
445 1664 471 1690 ‹‹
506 1658 540 1696 v
577 1643 699 1698 Kal.
730 1643 1045 1705 Februarii,
1081 1643 1220 1698 obiit
1251 1643 1529 1699 Girardus
1554 1646 1872 1700 monachus

160 1729 238 1784 ad
271 1731 766 1799 succurrendum;
801 1738 856 1786 et
885 1745 940 1785 xi
969 1731 1200 1786 Kalend.
1241 1731 1517 1786 Novemb.
1552 1731 1690 1786 obiit
1721 1733 1869 1788 Vin-

159 1819 388 1873 centius
437 1819 754 1874 monachus
792 1819 863 1874 ad
912 1819 1390 1874 succurrendum.
1448 1841 1468 1867 ι
1525 1821 1871 1888 Martyrolo-

161 1906 327 1975 gium
360 1907 698 1963 Corbeiense
732 1923 744 1961 :
786 1930 806 1956 ι
847 1908 1185 1962 Pridieldus
1215 1907 1499 1973 Januarii,
1534 1908 1672 1963 obiit
1707 1909 1870 1964 Wal—

161 1999 324 2048 terus
370 1995 690 2050 monachus
738 2003 946 2050 nostra:
997 1994 1459 2063 congregationis
1507 1995 1578 2049 ad
1623 2009 1871 2051 succur-

160 2081 433 2136 rendum.
471 2103 498 2130 »
537 2083 676 2138 Item
711 2097 724 2135 :
767 2103 794 2130 ‹‹
825 2096 944 2137 xvn
987 2082 1226 2136 Kalend.
1277 2082 1439 2137 Febr.
1489 2081 1628 2137 obiit
1655 2082 1868 2138 Odoar-

159 2167 276 2222 dus
318 2170 636 2225 monachus
669 2177 875 2224 nostrae
907 2184 1177 2239 congreg,
1227 2170 1298 2224 ad
1329 2170 1808 2225 succurrendum.
1843 2191 1864 2218 ι

161 2257 611 2327 Mortuologium
689 2257 879 2312 Sancti
937 2258 1179 2312 Andreae
1227 2257 1400 2326 juxta
1449 2258 1804 2312 Avenionem
1853 2272 1866 2311 :

159 2363 189 2390 ‹‹
228 2357 286 2396 iv
319 2343 452 2398 ldus
486 2344 768 2409 Januarii,
811 2343 948 2398 obiit
978 2344 1224 2399 domnus
1267 2345 1564 2403 Isuardus.
1620 2345 1870 2400 domnus

156 2431 232 2485 de
269 2431 487 2497 Bareto,
525 2430 846 2485 monachus
888 2431 955 2485 ad
988 2431 1462 2486 succurrendum.
1503 2454 1529 2478 ››
1561 2431 1820 2500 Denique
1853 2445 1866 2485 :

157 2537 187 2563 ‹‹
221 2531 283 2570 in
312 2516 504 2571 Nonas
544 2516 821 2571 Novemb.
871 2517 1011 2571 obiit
1062 2517 1386 2587 Rostagnus
1426 2518 1493 2571 de
1535 2517 1702 2572 Podio
1743 2518 1869 2572 Alto

160 2604 354 2669 miles,
389 2604 709 2659 monachus
753 2613 946 2660 noster
995 2605 1066 2658 ad
1117 2606 1597 2660 succurrendum.
1634 2625 1660 2655 ι)
1697 2606 1787 2660 Sic
1814 2612 1869 2660 et

159 2691 326 2746 alibi.

234 2777 413 2832 Aliter
444 2791 579 2832 vero
628 2777 941 2832 monachos
982 2777 1054 2832 ad
1099 2777 1556 2832 succurrendum
1594 2775 1867 2846 usurpari

158 2878 252 2919 me
291 2863 604 2932 aliquando
665 2865 721 2918 in
769 2864 1026 2933 antiquis
1071 2865 1420 2919 membranis
1464 2863 1666 2933 legisse
1714 2865 1871 2920 venit

159 2951 218 3006 in
251 2959 520 3018 mentem,
555 2965 758 3020 nempe
793 2966 892 3021 pro
927 2952 1085 3006 laicis
1133 2953 1332 3008 morbo
1361 2952 1557 3022 aliquo
1593 2953 1866 3008 laboran—

158 3038 336 3104 tibus,
380 3039 480 3108 qui
515 3037 574 3092 in
625 3037 973 3093 monasteria
1019 3037 1104 3093 vel
1143 3038 1366 3108 ipsimet
1396 3047 1682 3108 rogantes,
1713 3039 1800 3093 vel
1832 3051 1866 3092 a
1904 3062 1944 3118 ρ

158 3126 464 3182 monachis
516 3126 587 3181 ob
643 3125 739 3181 Dei
808 3140 1059 3182 amorem
1128 3126 1636 3195 suscipiebantur;
1687 3135 1741 3181 et
1799 3126 1866 3182 iis

154 3215 581 3271 succurrebant
615 3214 878 3270 monachi
912 3215 1436 3284 inserviebantque,
1469 3223 1524 3271 et
1573 3229 1862 3284 quascun-

155 3318 275 3373 que
319 3310 578 3372 poterant
608 3317 698 3358 res
729 3303 800 3358 ad
846 3316 1044 3358 eorum
1091 3303 1366 3368 solamen,
1401 3301 1861 3370 commodabant,

153 3391 290 3446 inde
335 3389 601 3444 monachi
639 3389 717 3446 ad
759 3389 1206 3445 succurrendum
1232 3390 1415 3446 sortiti
1464 3403 1695 3445 nomen.
1733 3390 1859 3445 Duo

154 3479 314 3534 inter
365 3478 800 3548 quamplurima
846 3486 1161 3533 occurrunt
1226 3477 1508 3547 exempla.
1555 3478 1616 3532 In
1663 3477 1864 3532 charta

156 3569 453 3638 prioratus
483 3566 672 3621 Sancti
703 3566 912 3637 .IEgidii
945 3565 1014 3621 de
1065 3566 1336 3622 Medunta
1373 3581 1385 3620 :
1420 3586 1447 3616 «
1490 3566 1608 3622 Odo
1645 3565 1864 3622 Bufﬁni

157 3655 316 3710 ﬁlius
347 3655 600 3710 maxima
644 3653 990 3724 aegritudine
1027 3663 1275 3710 vexatus
1311 3655 1557 3723 suscepit
1600 3653 1860 3709 habitum

155 3743 584 3808 monachicum,
636 3750 767 3809 etc.,
820 3750 876 3798 et
927 3744 1244 3798 monachus
1287 3743 1359 3797 ad
1403 3741 1862 3798 succurrendum

153 3831 396 3887 eﬂectus
435 3838 537 3886 est.
589 3830 910 3887 Chronicon
962 3831 1291 3887 Besuense:
1341 3831 1511 3886 Wido
1565 3830 1728 3886 miles
1793 3831 1862 3887 de

156 3920 298 3975 villa
340 3934 471 3989 quae
516 3920 714 3974 Eretas
757 3927 1153 3989 nuncupatur,
1197 3919 1465 3976 decidens
1508 3919 1566 3974 in
1611 3919 1861 3974 intirmi-

156 4011 276 4061 tate
306 4005 540 4061 effectus
565 4013 649 4061 est
682 4008 1017 4073 monachus,
1057 4028 1076 4055 ι
1112 4015 1218 4061 etc.

225 4093 326 4164 (⁸³)
361 4095 493 4150 CAP.
529 4095 598 4150 V.
629 4125 694 4133 —
717 4093 889 4148 Birro
911 4094 1091 4149 talari
1109 4097 1166 4148 et
1179 4093 1343 4166 nigro
1357 4093 1550 4161 capite
1568 4100 1855 4166 cooperto.

157 4181 268 4236 Pro
301 4181 448 4251 pileo
477 4181 703 4237 birrum
751 4182 870 4238 sive
900 4181 1146 4238 biretum
1179 4183 1271 4238 hic
1311 4184 1461 4239 sumi
1491 4184 1860 4254 perspicuum

154 4269 300 4325 mibi
330 4269 576 4326 videtur.
611 4270 794 4326 Verba
829 4271 967 4326 huic
1010 4271 1090 4326 rei
1123 4270 1159 4325 l.
1205 4287 1218 4325 l
1251 4270 1440 4327 Codic.
1474 4272 1750 4327 Theodos.
1781 4271 1859 4326 De

155 4358 360 4413 habitu
405 4373 522 4428 quo
567 4359 647 4415 uti
692 4367 913 4429 oportet
955 4359 1105 4414 intra
1148 4359 1370 4425 urbem,
1413 4359 1558 4415 libro
1599 4374 1716 4422 xiv,
1761 4357 1846 4413 tit.
1887 4355 1928 4407 D

159 4447 223 4498 to
258 4461 271 4498 :
325 4468 346 4494 ι
392 4445 596 4501 Servos
637 4461 775 4502 sane
811 4447 1071 4502 omnium
1116 4447 1392 4516 (quorum
1432 4455 1616 4502 tamen
1670 4445 1850 4502 domi-

153 4547 260 4588 nos
289 4533 670 4590 sollicitudine
711 4534 924 4590 militiae
953 4542 1174 4591 constat
1207 4550 1320 4590 non
1367 4536 1570 4604 teneri)
1599 4541 1700 4590 aut
1731 4533 1854 4588 bir-

153 4619 234 4676 ris
283 4621 367 4676 uti
414 4622 820 4691 permittimus,
867 4630 968 4677 aut
1008 4623 1267 4678 cucullis.
1303 4644 1322 4670 ι
1357 4623 1582 4678 Statuta
1613 4621 1854 4679 Clunia—

154 4710 349 4766 censia
389 4723 544 4764 anno
571 4710 794 4766 circiter
852 4713 987 4764 1290
1032 4710 1203 4778 edita,
1251 4725 1376 4780 cap.
1409 4714 1474 4766 53
1512 4726 1524 4765 :
1562 4732 1589 4758 «
1621 4709 1858 4766 Permit-

153 4797 298 4854 titur
350 4803 502 4852 σξη
551 4798 784 4854 cuilibet
831 4798 1094 4870 religioso
1155 4799 1366 4855 habere
1412 4800 1557 4856 duas
1608 4800 1851 4875 tunicas,

151 4893 284 4953 etc.,
319 4886 433 4941 duo
463 4887 695 4954 caputia
740 4900 870 4941 cum
919 4887 1148 4942 duobus
1193 4887 1407 4953 biretis,
1441 4902 1555 4943 uno
1587 4889 1757 4959 nigro
1801 4903 1856 4951 et

152 4973 331 5030 altero
361 4973 512 5029 albo.
550 4996 578 5022 »
627 4976 708 5029 Me
751 4982 942 5030 tamen
993 4989 1108 5030 non
1140 4975 1275 5030 latet
1317 4975 1540 5031 birrum
1570 4977 1729 5037 aliud
1759 4998 1856 5040 so-

153 5076 295 5117 nare
321 5062 476 5132 apud
508 5062 880 5132 gravissimos
911 5070 1193 5130 auctores,
1237 5063 1450 5120 scilicet
1487 5064 1774 5127 lacernam
1801 5079 1858 5128 et

154 5150 470 5219 palliolum.
517 5150 764 5207 Consule
811 5151 1036 5207 Henric.
1074 5151 1339 5220 Spelman
1389 5151 1445 5206 in
1490 5153 1772 5214 Glossario
1801 5167 1859 5216 et

149 5238 457 5296 Girardum
491 5239 756 5295 Vossium
791 5241 868 5295 De
908 5239 1061 5295 vitiis
1105 5240 1402 5305 sermonis,
1443 5249 1549 5297 etc.
1601 5244 1856 5302 Canoni—

153 5341 258 5382 cus
295 5327 694 5382 Laudunensis
727 5327 783 5382 in
818 5327 1103 5383 Chronico
1135 5342 1239 5383 ms.
1293 5327 1372 5382 ita
1407 5327 1627 5387 birrum
1656 5335 1856 5403 expri-

154 5415 258 5470 mit
289 5431 300 5470 :
331 5437 359 5463 ‹‹
416 5415 483 5469 Et
511 5430 640 5470 ecce
687 5416 926 5485 quidam
983 5415 1039 5471 in
1089 5416 1274 5485 specie
1328 5419 1616 5488 peregrini
1676 5420 1852 5489 birro,

154 5503 210 5557 id
239 5512 323 5559 est
349 5510 503 5558 veste
538 5503 1014 5572 Hieroslymitana
1046 5504 1302 5566 indutus,
1340 5525 1367 5551 »
1393 5512 1500 5559 etc.

227 5590 318 5661 (⁸³)
369 5591 502 5647 Car.
567 5591 656 5648 Vl.
707 5619 779 5635 —
825 5591 1001 5662 Apud
1046 5594 1322 5648 Sanctum
1375 5593 1738 5650 Medardum.
1789 5597 1856 5652 In

1983 591 2285 645 scribenda
2315 604 2541 659 operam
2577 606 2643 646 ac
2685 591 2940 647 studium
2991 589 3228 645 collocat
3256 589 3506 646 domnus
3547 590 3685 645 Ilde-

1983 679 2180 734 tonsus
2212 678 2441 748 Vrayet,
2479 679 2632 734 haud
2667 680 2910 749 ignarus
2940 687 3151 734 nostra:
3184 686 3516 748 congregat.
3548 692 3681 747 pre-

1983 767 2176 834 sbyter
2201 783 2215 833 ;
2249 767 2316 822 de
2349 768 2453 822 hac
2478 781 2616 837 ergo
2641 767 2896 821 silemus.

2055 854 2144 925 (δα)
2194 856 2329 910 Imb.
2376 885 2443 894 —
2484 854 2724 908 Directi:
2769 855 2846 908 ad
2880 854 3143 909 abbatem
3193 857 3396 910 Sancti
3445 853 3683 912 Nicasii

1981 958 2052 995 ea
2076 947 2410 1014 tempestate
2435 945 2743 998 Joannem.
2774 944 2910 1007 Quis
2933 944 3033 998 iste
3058 944 3312 999 Joannes
3327 958 3398 999 ex
3423 943 3682 1013 subjecta

1983 1031 2244 1086 Historiae
2295 1032 2621 1086 monasterii
2670 1031 2858 1086 Sancti
2911 1030 3122 1086 Nicasii
3194 1031 3438 1100 epitome
3507 1039 3684 1100 atque

1982 1119 2256 1174 abbatum
2302 1120 2447 1174 serie
2498 1119 2684 1188 palam
2758 1119 2869 1173 ﬁet.
2923 1119 3248 1188 Utrumque
3308 1133 3379 1173 ex
3425 1132 3532 1174 sua
3574 1133 3680 1173 ms.

1981 1206 2283 1262 diirceseos
2309 1207 2604 1262 Remensis
2651 1206 2899 1262 Historia
2949 1207 3150 1276 (quam
3198 1205 3459 1274 improbo
3491 1205 3682 1262 studio

1979 1303 2033 1350 et
2064 1309 2204 1350 cura
2250 1295 2441 1364 plures
2472 1310 2572 1364 per
2619 1309 2802 1350 annos
2851 1293 3186 1362 elaboravit)
3229 1292 3448 1347 lubenti
3488 1293 3682 1348 animo

1980 1383 2327 1452 deprompsit
2378 1382 2518 1438 mihi
2580 1383 2746 1437 valde
2791 1382 3014 1436 amicus
3056 1381 3304 1435 domnus
3345 1379 3682 1436 Guillelmus

1981 1470 2204 1535 Marlot,
2237 1471 2421 1541 major
2449 1470 2702 1541 ejusdem
2745 1469 2985 1525 coenobii
3028 1468 3203 1537 prior,
3242 1467 3436 1523 doctor
3477 1467 3684 1522 theolo-

1982 1573 2111 1628 gus.
2147 1557 2236 1612 vir
2265 1572 2395 1614 cum
2446 1572 2671 1613 morum
2704 1557 3005 1628 gravitate,
3048 1564 3170 1612 tum
3201 1555 3523 1611 eruditione
3555 1555 3680 1611 sin-

1983 1645 2190 1717 gulari.

1912 1775 1952 1828 B
1983 1749 2326 1807 Monasterii
2363 1751 2565 1806 Sancti
2591 1748 2825 1804 Nicasii
2861 1748 3173 1817 Bernensis,
3213 1747 3434 1804 ordini:
3481 1748 3680 1806 Sancti

2337 1837 2648 1906 Benedicti,
2679 1838 2852 1893 initia
2875 1841 2927 1893 et
2951 1853 3317 1910 progressus.

2048 1944 2459 2002 Monasterium
2490 1944 2679 2000 Sancti
2714 1944 2946 2008 Nicasii,
2967 1944 3187 2000 ordinis
3209 1941 3583 2011 Benedictini,
3613 1943 3673 1998 in

1978 2034 2122 2090 urbe
2171 2034 2454 2100 Remensi,
2488 2033 2711 2088 clarum
2751 2033 2974 2102 origine
3021 2041 3076 2088 et
3121 2046 3426 2103 progressu
3455 2031 3677 2087 celebre

1979 2123 2246 2178 habetur.
2295 2122 2469 2178 Vetus
2496 2121 2628 2176 olim
2656 2121 2890 2176 basilica
2929 2121 3038 2176 fuit
3083 2120 3247 2176 titulo
3278 2119 3470 2175 Sancti
3499 2119 3676 2190 Agri-

1978 2210 2134 2275 colae,
2169 2209 2264 2264 cui
2311 2210 2496 2278 primo
2527 2216 2860 2264 consecrata
2902 2207 3027 2274 fuit,
3074 2215 3128 2263 et
3165 2208 3532 2263 Remensium
3582 2220 3675 2260 ar-

1978 2295 2407 2365 chiepiscopum
2463 2295 2759 2364 sepultura
2836 2295 3096 2365 insignis.
3170 2295 3221 2349 A
3272 2294 3497 2360 Jovino,
3559 2293 3675 2348 Ro-

1980 2397 2163 2438 manze
2211 2382 2427 2437 militiae
2467 2383 2750 2450 praefecto,
2785 2396 2936 2436 anno
2976 2383 3101 2446 330,
3132 2389 3187 2436 et
3233 2380 3497 2448 deinceps
3546 2380 3674 2434 illu-

1977 2469 2108 2524 stris
2131 2469 2327 2524 elTecta
2367 2469 2674 2525 beatissimi
2723 2469 2934 2525 Nicasii
2980 2469 3228 2535 nomine,
3272 2468 3380 2523 sub
3427 2468 3677 2522 Wanda-

1977 2557 2085 2612 liea
2145 2557 2535 2626 persecutione
2615 2557 2873 2626 martyrii
2941 2556 3137 2612 laurea
3213 2556 3428 2621 donati,
3505 2556 3674 2624 cujus

1975 2645 2363 2700 sacratissima
2406 2644 2646 2714 pignora
2710 2657 2777 2699 ac
2822 2645 3032 2700 sororis
3077 2644 3334 2713 ejusdem
3382 2643 3673 2711 Eutropia;

1975 2732 2212 2788 feliciter
2241 2733 2464 2802 excepit
2503 2747 2654 2788 anno
2693 2733 2816 2800 407,
2871 2741 2935 2789 ιιι
2980 2739 3064 2788 est
3102 2731 3258 2801 apud
3288 2730 3670 2786 Flodoardum

1975 2820 2076 2876 lib.
2110 2836 2145 2886 ι,
2177 2834 2302 2890 cap.
2338 2824 2391 2874 6.

2046 2909 2111 2963 In
2145 2909 2250 2963 hac
2279 2908 2475 2963 eadem
2509 2908 2744 2964 basilica
2775 2908 2924 2964 idem
2958 2906 3075 2964 Fla.
3121 2906 3362 2964 Jovinus
3401 2905 3674 2962 fundator

1974 2995 2282 3052 munificus
2327 2996 2589 3065 quiescit,
2648 3009 2721 3051 ex
2790 3003 3124 3052 testamento
3173 2995 3353 3051 sancti
3404 2993 3666 3064 Remigii,

1974 3097 2090 3153 quo
2135 3083 2350 3152 pariter
2397 3083 2805 3152 archiepiscopi
2854 3083 2910 3137 in
2957 3097 3026 3138 ea
3065 3082 3333 3138 tumulati
3379 3096 3673 3137 recensen-

1972 3177 2088 3237 tur,
2121 3171 2209 3225 his
2242 3170 2496 3238 verbis,:
2538 3191 2559 3219 ι
2612 3170 2876 3226 Ecclesiae
2917 3170 3238 3226 Jovinianae
3284 3169 3435 3226 tituli
3477 3169 3666 3225 Sancti

1969 3257 2244 3328 Agricola
2294 3257 2420 3327 (ubi
2478 3256 2594 3326 ipse
2634 3256 2723 3312 vir
2769 3256 3288 3312 Christianissimus
3323 3257 3566 3313 Jovinus
3611 3265 3668 3313 et

1971 3351 2206 3400 sanctus
2249 3353 2470 3415 martyr
2537 3344 2821 3413 Nicasius,
2877 3337 3030 3401 cum
3078 3344 3340 3414 plurimis
3385 3345 3668 3400 societatis

1973 3445 2092 3486 suae
2115 3431 2322 3487 Christi
2351 3433 2704 3502 martyribus
2733 3434 3124 3503 requiescunt,
3157 3433 3257 3488 ubi
3287 3432 3460 3488 etiam
3491 3434 3664 3503 quin-

1971 3532 2086 3587 que
2115 3517 2459 3575 confessores
2490 3521 2738 3590 proximi
2783 3529 3165 3578 antecessores
3204 3521 3400 3577 domni
3429 3521 3662 3588 Nicasii,

1969 3621 2102 3662 cum
2135 3607 2493 3664 sanctissima
2514 3610 2742 3680 virgine
2771 3617 2827 3666 et
2850 3618 3101 3680 martyre
3121 3610 3417 3679 Eutropia,
3449 3610 3666 3666 conditi

1969 3697 2128 3762 sunt)
2151 3695 2360 3751 solidos
2381 3705 2512 3752 tres.
2542 3717 2563 3747 ι
2592 3699 2770 3753 Hodie
2793 3697 3000 3754 visitur
3023 3698 3285 3754 tumulus
3306 3711 3664 3754 marmoreus

1966 3783 2153 3838 Jovini
2215 3791 2332 3839 tota
2375 3783 2558 3840 Gallia
2605 3785 3012 3840 celeberrimus
3078 3785 3137 3841 in
3185 3787 3320 3841 navi
3389 3786 3659 3852 ecclesiae,

1961 3869 2134 3940 juxta
2191 3872 2463 3941 parietem
2514 3873 2700 3929 tribus
2748 3873 3032 3929 columnis
3075 3881 3298 3930 erectus
3360 3883 3412 3930 et
3458 3875 3666 3944 promi-

1966 3973 2129 4026 nens,
2165 3960 2222 4014 in
2268 3962 2438 4031 cujus
2477 3962 2752 4018 anteriori
2798 3970 2956 4032 parte
3002 3963 3230 4033 egregie
3270 3963 3491 4031 sculpta
3531 3977 3660 4032 pro-

1965 4054 2076 4103 stat
2119 4048 2338 4119 effigies
2392 4049 2635 4120 insignis
2674 4049 2978 4120 cujusdam
3027 4049 3255 4120 equitis,
3301 4049 3522 4106 leonem
3551 4051 3661 4106 telo

1965 4135 2236 4201 ferientis,
2265 4143 2320 4191 et
2347 4135 2660 4192 multorum
2701 4137 3012 4192 satellitum
3055 4151 3157 4192 seu
3201 4151 3502 4192 servorum
3543 4138 3662 4192 cir-

1963 4221 2397 4288 cumstantium,
2425 4223 2593 4294 cujus
2622 4224 3065 4293 explicationem
3091 4223 3378 4280 curiosam
3403 4223 3578 4294 juxta
3605 4232 3661 4280 et

1963 4309 2250 4365 eruditam
2295 4310 2578 4367 dederunt
2617 4312 2886 4368 Nicolaus
2933 4311 3166 4382 Bergier
3205 4313 3418 4368 Remus
3460 4311 3520 4367 in
3567 4312 3662 4368 do-

1961 4398 2212 4454 ctissimo
2237 4412 2406 4468 opere
2431 4399 2672 4457 Viarum
2712 4400 2951 4470 imperii,
2995 4414 3062 4456 ac
3091 4401 3362 4458 dominus
3407 4401 3656 4457 Tristan-

2034 4485 2217 4551 Quam
2246 4501 2382 4542 vero
2421 4487 2669 4559 eleganti
2718 4495 3014 4545 structura
3067 4489 3214 4544 idem
3245 4490 3483 4546 Jovinus
3515 4503 3658 4558 prae-

1963 4575 2171 4629 dictam
2227 4575 2523 4632 basilicam
2568 4577 2958 4633 construxerit
3004 4577 3183 4633 codex
3233 4578 3660 4648 manuscriptns

1961 4663 2045 4716 sic
2074 4663 2286 4718 indicat
2319 4679 2330 4718 :
2367 4685 2394 4713 «
2429 4665 2523 4720 Est
2553 4665 2819 4735 quaedam
2867 4665 3106 4722 ecclesia
3147 4665 3206 4721 in
3235 4665 3518 4722 suburbio
3558 4667 3661 4722 Re-

1964 4751 2145 4806 mensi
2191 4751 2370 4821 (nunc
2440 4753 2720 4822 pomcerio
2763 4753 2926 4810 urbis
3001 4753 3236 4808 dilatato
3299 4766 3334 4808 a
3395 4753 3660 4808 trecentis

1963 4839 2150 4906 annis,
2179 4841 2466 4896 moenibus
2495 4841 2806 4908 clauditur)
2845 4841 3047 4911 posita,
3082 4840 3227 4895 miro
3255 4838 3658 4896 columnarum

1961 4935 2188 4995 ornatu,
2236 4930 2508 4993 arcubus,
2561 4944 2705 4986 auro
2761 4938 2816 4986 et
2870 4929 3015 4985 vitro
3068 4927 3276 4998 lapillis
3327 4928 3658 4999 interposito

1962 5015 2328 5084 micantibus,
2378 5031 2412 5072 a
2457 5018 2660 5074 Jovino
2707 5018 2870 5074 urbis
2923 5019 3114 5073 Romae
3161 5016 3423 5086 przefccto
3471 5031 3658 5087 quon-

1963 5103 2095 5159 dam
2147 5105 2392 5176 glorioso
2436 5106 2695 5174 fundata,
2744 5113 2875 5172 etc.,
2921 5119 3097 5177 quam
3142 5104 3232 5160 his
3259 5103 3452 5161 verbis
3482 5118 3657 5161 aureo

1966 5193 2338 5262 pratitulavit
2371 5194 2589 5250 decore.
2628 5216 2649 5243 ι
2688 5197 2777 5252 Ex
2805 5193 3121 5250 Flodoardo
3156 5208 3169 5246 :

2033 5307 2198 5363 Felix
2226 5308 2447 5364 militia
2473 5309 2724 5381 sumpsit
2751 5309 2952 5365 devota
2971 5307 3215 5363 Jovinus

2034 5395 2306 5467 Cingula,
2336 5396 2610 5452 virtutum
2639 5397 2874 5454 culmen
2898 5402 3193 5468 provectus
3221 5395 3282 5449 in
3307 5395 3513 5462 altum,
3547 5404 3654 5452 etc.

2037 5511 2114 5565 De
2174 5511 2278 5566 hoc
2313 5512 2514 5566 Jovino
2566 5512 2835 5581 praeclare
2878 5510 3219 5567 Ammianus
3269 5510 3654 5577 Marcellinus,

1967 5597 2064 5654 lib.
2120 5613 2232 5665 xv;
2281 5600 2652 5658 Cassiodorus
2705 5601 2762 5656 in
2803 5599 3104 5668 Chronico,
3154 5606 3212 5654 et
3255 5597 3656 5667 Necrologium
