3930 6426
276 372 414 428 1143

1300 379 1396 433 AD
1436 379 1589 434 OPP.
1630 379 1790 435 VEN.
1831 378 2158 436 GUIBERTI
2199 381 2290 438 DE
2326 382 2726 441 NOVIGENTO

3637 388 3787 446 1144

271 507 642 566 Nicasianum
693 509 936 581 septimo
983 511 1347 582 Septembris,
1392 512 1495 582 qui
1538 511 1972 568 anniversarius
2007 514 2052 568 Δ
2151 535 2172 562 ι
2207 513 2447 586 Signum
2478 513 2720 586 Philippi
2751 515 2902 587 regis
2939 516 3308 573 Francorum.
3353 517 3596 590 Signum
3626 519 3784 576 Ger—

273 597 394 653 dies
423 598 550 668 ejus
578 598 769 656 obitus
797 600 1126 656 solemniter
1155 600 1494 655 celebratur.

343 686 570 754 Quanta
615 702 748 744 vero
787 687 1165 758 pracelluerit
1209 687 1486 757 dignitate
1527 695 1691 744 vetus
1735 688 1970 744 basilica

271 775 595 843 Joviniana,
627 791 698 832 ex
726 791 842 846 quo
881 784 1210 832 sanctorum
1257 783 1579 846 martyrum
1632 777 1970 846 pignoribus

274 862 620 934 locupletata
681 872 810 932 est,
877 865 1016 920 satis
1071 878 1362 934 superque
1409 865 1622 920 indicat
1665 866 1966 932 Flodoard,

273 965 399 1020 cap.
453 955 537 1018 17,
571 951 668 1007 lib.
711 967 748 1020 ι,
800 952 912 1008 imo
981 955 1304 1022 promiscue
1354 953 1520 1008 titulo
1599 953 1874 1024 Agricola
1915 961 1970 1010 et

272 1038 480 1095 Nicasii
534 1039 834 1096 colebatur
882 1053 917 1095 a
985 1039 1268 1106 ﬁdelibus,
1338 1048 1394 1096 et
1442 1041 1688 1097 abbatia
1737 1042 1970 1097 nomine

273 1126 561 1197 gaudebat
591 1127 793 1197 primis
824 1127 913 1183 his
944 1127 1188 1191 saculis,
1224 1129 1492 1198 quamvis
1519 1129 1574 1184 in
1601 1143 1669 1184 ea
1697 1144 1810 1185 non
1840 1145 1966 1186 mo-

274 1213 466 1280 nachi,
498 1215 594 1270 sed
629 1213 832 1270 fratres
860 1215 1048 1271 clerici
1083 1215 1281 1272 divina
1330 1215 1518 1272 ofﬁcia
1565 1217 1966 1286 persolverent,

274 1309 339 1358 ut
383 1317 453 1357 ex
491 1302 736 1372 Philippi
775 1303 946 1372 primi
990 1304 1343 1360 Francorum
1380 1305 1533 1374 regis
1560 1305 1884 1374 diplomate,
1914 1315 1969 1363 et

271 1405 344 1445 ex
370 1404 491 1460 cap.
527 1392 560 1444 8
605 1391 906 1446 Flodoardi
943 1391 1176 1447 abunde
1215 1391 1559 1462 colligimus.
1603 1393 1709 1448 Sed
1755 1409 1967 1464 quam-

272 1477 360 1532 vis
405 1478 639 1544 sensim,
695 1486 758 1534 ut
810 1492 934 1534 sors
983 1487 1067 1535 est
1115 1493 1307 1535 rerum
1367 1480 1778 1546 humanarum,
1827 1481 1968 1538 forte

271 1564 609 1621 clericorum
677 1565 922 1628 incuria,
1013 1566 1348 1632 decreverit,
1418 1582 1520 1638 per
1581 1569 1969 1640 septingentos

271 1661 464 1710 tamen
494 1667 676 1710 annos
713 1668 900 1724 usque
941 1654 1013 1710 ad
1056 1655 1354 1710 Flodoardi
1386 1664 1643 1726 tempora
1683 1664 1968 1726 superstes

270 1743 498 1798 mansit.
549 1745 623 1798 At
651 1741 761 1798 sub
793 1741 1038 1798 Henrico
1069 1743 1253 1813 primo
1280 1757 1412 1799 cum
1453 1745 1966 1802 reverendissimus

272 1832 506 1887 antistes
547 1831 874 1894 Gervasius.
925 1844 999 1886 ex
1043 1831 1371 1902 episcopatu
1437 1832 1849 1889 Cenomanensi
1891 1833 1964 1888 ad
2003 1805 2044 1858 Β

272 1919 463 1974 sedem
516 1919 852 1975 Remensem
903 1919 1134 1988 speciali
1181 1919 1542 1989 providentia
1581 1921 1680 1976 Dei
1735 1927 1968 1977 evectus

270 2013 370 2076 est,
419 2006 561 2062 adeo
612 2015 736 2062 erat
781 2014 1064 2062 vetustate
1105 2007 1299 2063 attrita
1345 2015 1401 2063 et
1447 2008 1726 2064 imbribus
1773 2009 1969 2065 defor—

271 2103 448 2160 mata,
483 2102 548 2150 ut
589 2102 733 2150 tecta
777 2107 846 2150 ac
887 2095 1130 2164 parietes
1168 2095 1428 2165 undique
1467 2105 1821 2162 corruerent,
1863 2111 1963 2154 ve-

274 2182 377 2238 teri
407 2183 701 2251 majestate
733 2195 967 2252 prorsus
993 2182 1295 2250 exstincta,
1329 2197 1445 2252 quo
1476 2182 1537 2238 ﬁt
1569 2190 1631 2238 ut
1663 2183 1970 2253 pradictus

271 2270 616 2326 venerabilis
643 2271 953 2327 Gervasius
997 2271 1120 2326 visa
1161 2279 1277 2326 tam
1312 2271 1601 2342 magniﬁci
1652 2273 1840 2342 operis
1884 2271 1966 2328 fa-

271 2355 448 2422 brica,
483 2357 670 2412 ruinis
697 2357 956 2428 undique
988 2358 1304 2426 fatiscente,
1336 2359 1393 2413 in
1435 2358 1696 2414 animum
1733 2359 1967 2415 induxe-

271 2445 344 2500 rit
369 2458 496 2500 eam
548 2459 583 2500 a
621 2445 1015 2502 fundamentis
1058 2445 1404 2512 instaurare,
1443 2447 1594 2515 quod
1645 2455 1700 2502 et
1742 2447 1970 2517 egregie

273 2531 535 2602 prastitit
575 2546 817 2588 assensu
864 2533 1245 2602 potentissimi
1295 2535 1444 2604 regis
1493 2533 1722 2589 Henrici
1779 2535 1970 2604 primi,

272 2633 340 2675 ac
365 2627 636 2675 conatum
688 2621 816 2690 ejus
862 2621 1039 2691 regali
1102 2621 1533 2692 magniﬁcentia
1601 2631 1971 2691 promovente

275 2707 538 2776 Philippo
577 2707 783 2776 primo,
825 2709 1177 2764 Francorum
1224 2722 1376 2778 rege,
1425 2709 1602 2780 hujus
1650 2709 1976 2779 diplomatis

280 2794 570 2866 pracipua
601 2795 780 2850 verba
808 2795 898 2852 hic
925 2796 1274 2866 praligenda
1301 2805 1457 2852 sunt.

341 2887 491 2938 απ
523 2904 552 2933 ι(
599 2884 661 2938 In
709 2884 939 2940 nomine
980 2884 1076 2940 Dei
1108 2884 1321 2940 summi
1349 2892 1405 2940 et
1433 2883 1744 2941 Salvatoris
1771 2885 1974 2941 mundi

272 2974 406 3028 Jesu
436 2971 666 3038 Christi,
701 2971 1000 3043 Philippus
1030 2972 1228 3028 divina
1270 2971 1634 3042 dispensante
1670 2973 1973 3030 clementia

279 3061 636 3116 Francorum
668 3073 790 3116 rex.

349 3169 372 3198 ι
402 3147 682 3215 Quoniam
723 3147 980 3204 fovendis
1043 3147 1311 3204 Ecclesiis
1354 3148 1450 3204 Dei
1519 3148 1846 3205 exaltandis
1917 3156 1973 3206 et

275 3235 637 3306 protegendis
683 3249 915 3304 operam
981 3236 1139 3304 dare,
1210 3235 1418 3306 regalis
1469 3244 1552 3292 est
1597 3236 1968 3304 excellentiae,

275 3337 496 3394 nosque
525 3323 597 3378 ad
643 3323 792 3380 hanc
820 3323 1157 3394 dignitatem
1205 3324 1404 3380 divina
1441 3324 1744 3380 clementia
1785 3325 1974 3380 subli-

274 3425 433 3466 mare
479 3410 718 3482 dignata
761 3419 867 3476 est,
916 3411 961 3465 si
1009 3412 1110 3480 qui
1156 3425 1260 3481 pro
1326 3425 1528 3467 earum
1581 3411 1972 3468 incolumitate

276 3499 553 3569 patimur,
587 3497 641 3553 id
671 3498 776 3563 eis,
829 3505 1000 3567 prout
1039 3505 1262 3567 tempus
1306 3499 1506 3569 exigit,
1554 3499 1731 3569 regali
1778 3507 1975 3554 nostra

275 3585 614 3643 liberalitate
646 3585 906 3641 debetur.
956 3585 1189 3641 Noverit
1231 3586 1410 3658 igitur
1456 3586 1711 3642 ﬁdelium
1762 3595 1976 3642 nostro-

276 3687 410 3730 rum
439 3679 558 3728 tam
592 3685 839 3742 prasens
868 3684 1045 3741 quam
1066 3669 1268 3728 futura
1294 3673 1615 3742 posteritas,
1637 3673 1972 3729 Gervasium

277 3760 666 3817 venerabilem
717 3761 1048 3816 Remensem
1095 3760 1609 3830 archiepiscopum,
1659 3761 1974 3832 quamdam

278 3849 572 3906 abbatiam
621 3847 679 3902 in
729 3847 1225 3918 archiepiscopatu
1274 3863 1381 3904 suo
1443 3849 1851 3915 construxisse,
1919 3857 1975 3906 et

279 3952 410 4009 qua
442 3951 548 3992 suo
588 3936 780 3992 labore
803 3943 858 3991 et
889 3935 1173 3992 industria
1197 3936 1481 4006 acquisita
1509 3945 1665 4004 sunt,
1699 3945 1763 3992 ut
1789 3937 1973 3993 eidem

279 4034 492 4082 nostra
533 4023 984 4080 conﬁrmationis
1043 4025 1256 4094 scripto
1349 4025 1802 4092 corroboremus,
1872 4039 1974 4080 no-

277 4124 457 4172 stram
527 4115 744 4186 regiam
807 4115 1169 4171 serenitatem
1240 4115 1438 4172 sedulo
1497 4115 1802 4186 postulare.
1877 4117 1976 4173 Est

278 4205 434 4262 enim
474 4204 713 4260 ecclesia
778 4204 837 4258 in
905 4203 1187 4260 suburbio
1252 4203 1518 4259 Remeusi
1571 4204 1770 4272 posita,
1832 4205 1976 4260 miro

279 4306 450 4362 opere
498 4290 789 4360 quondam
839 4304 874 4346 a
929 4291 1131 4347 Jovmo
1182 4289 1446 4361 prafecto
1495 4291 1794 4360 adiﬁcata,
1845 4285 1978 4362 qua

2075 601 2219 655 vasii
2261 601 2692 673 archiepiscopi.
2758 603 2812 659 8.
2880 603 3148 660 Adelardi
3211 603 3584 662 Suessionum
3648 607 3782 676 epi-

2075 688 2248 758 scopi.
2303 689 2339 744 S
2402 690 2674 746 Ermendi
2737 691 3152 748 Laudunensis.
3212 692 3267 748 8.
3318 693 3521 764 Rogeri
3593 693 3782 750 Cata-

2075 776 2235 832 laun.
2281 777 2336 833 S.
2371 778 2636 834 Balduini
2684 779 3018 835 Noviomen.
3052 780 3106 836 S.
3155 781 3412 836 Widonis
3461 782 3778 838 Belvacen.

2075 866 2128 922 S.
2160 866 2404 922 Leiberti
2434 868 2721 923 Camerac.
2757 869 2791 922 S
2846 869 3072 925 Walteri
3102 870 3340 925 Melden.

2149 976 2176 1002 «
2207 955 2412 1010 Actum
2447 955 2803 1011 Remisanno
2826 957 3244 1012 l.u-arnationis
3267 958 3566 1014 millesimo
3599 970 3780 1014 sexa-

2076 1045 2288 1116 gesimo
2317 1052 2498 1110 sexto,
2551 1045 2798 1116 Philippi
2852 1045 3004 1115 regis
3049 1046 3307 1116 septimo,
3356 1047 3614 1102 Gervasii
3663 1060 3780 1100 ar-

2073 1133 2416 1204 chiepiscopi
2465 1147 2638 1201 nono,
2708 1134 2766 1189 in
2808 1133 3045 1189 ecclesia
3107 1141 3438 1190 sanctorum
3485 1133 3780 1206 Agricola

2073 1229 2128 1277 et
2155 1221 2364 1277 Nicasii
2395 1229 2737 1292 martyrum,
2771 1237 2828 1276 1v
2857 1221 2984 1277 Kal.
3015 1221 3292 1278 Octobris.

2146 1331 2174 1356 «
2204 1309 2524 1365 Balduinus
2549 1309 2929 1366 cancellarius
2957 1309 3026 1365 ad
3059 1309 3242 1366 vicem
3277 1309 3532 1367 Gervasii
3571 1309 3780 1366 archi-

2073 1397 2321 1468 episcopi
2351 1397 2708 1466 subscripsit.
2745 1419 2774 1446 »

2145 1486 2234 1540 Ex
2262 1485 2439 1541 veteri
2485 1484 2657 1540 etiam
2692 1483 3087 1554 manuscripto
3129 1484 3408 1540 discimus
3453 1485 3777 1542 illustrissi-

2073 1587 2234 1630 mum
2291 1572 2628 1628 Gervasium
2685 1571 3198 1642 archiepiscopum,
3261 1581 3542 1630 recentem
3619 1587 3655 1628 a
3719 1588 3783 1630 se

2073 1660 2411 1717 adiﬁcatam
2464 1658 2783 1723 ecclesiam,
2848 1673 3024 1729 quam
3089 1673 3275 1729 nuper
3307 1659 3568 1732 reliquiis
3620 1659 3780 1716 beati

2074 1747 2285 1805 Nicasii
2331 1747 2404 1803 ab
2459 1747 2602 1803 urbe
2649 1747 2991 1803 Tornacensi
3042 1747 3386 1817 postliminio
3449 1749 3773 1819 reportatis,

2075 1837 2377 1902 ditaverat,
2429 1848 2792 1891 consecrasse
2839 1835 3044 1906 quinto
3091 1835 3217 1891 Kal.
3264 1836 3540 1904 Octobris,
3590 1851 3660 1892 ac
3713 1837 3774 1892 in

2073 1939 2141 1981 ea
2186 1937 2397 1980 novam
2448 1922 2740 1979 abbatiam
2809 1923 3220 1980 monachorum
3266 1925 3774 1980 Benedictinorum

2075 2012 2408 2078 instituisse,
2448 2026 2626 2082 quam
2666 2011 2872 2081 amplis
2917 2011 3384 2081 possessionibus,
3415 2019 3469 2066 et
3502 2012 3770 2066 innume-

2075 2101 2354 2157 rabilibus
2399 2100 2632 2167 divitiis,
2683 2099 2945 2171 quandiu
2978 2099 3140 2168 vixit,
3179 2099 3400 2155 studuit
3463 2113 3771 2165 exornare,

2076 2189 2172 2244 sed
2219 2189 2362 2244 ﬁlios
2409 2189 2668 2258 proprios
2712 2201 2827 2243 non
2869 2186 3176 2242 habentem
3223 2186 3514 2242 extraneis
3559 2199 3775 2254 procu-

2076 2277 2368 2333 ratoribus
2415 2276 2718 2346 utriusque
2780 2275 3126 2331 conditionis
3171 2274 3466 2330 monachis
3515 2272 3778 2342 compul-

2077 2379 2206 2420 sum
2258 2364 2432 2420 fuisse
2483 2362 2856 2429 committere,
2917 2369 3026 2417 etc.
3076 2360 3300 2425 Quibus
3345 2359 3534 2415 verbis
3587 2358 3777 2429 liquet

2076 2451 2438 2520 Gervasium,
2471 2450 2698 2506 nullum
2743 2449 3006 2504 abbatem
3040 2462 3259 2504 creasse
3289 2447 3584 2518 (quamvis
3612 2447 3776 2518 regio

2078 2539 2384 2608 diplomate
2431 2539 2571 2609 quid
2621 2537 2881 2593 facturus
2926 2543 3092 2602 esset,
3141 2535 3186 2590 si
3233 2536 3335 2591 diu
3368 2534 3666 2591 mansisset
3715 2536 3777 2590 in

2077 2626 2245 2692 vivis,
2299 2625 2604 2695 referatur)
2652 2624 2747 2679 sed
2799 2637 3003 2678 nomen
3067 2622 3292 2678 abbatis
3333 2621 3439 2678 sibi
3491 2631 3776 2692 tanquam

2079 2713 2373 2770 fundatori
2423 2726 2736 2769 reservasse
2777 2712 3064 2782 (externos
3112 2718 3509 2780 procuratores
3555 2711 3667 2766 sub
3717 2725 3777 2766 se

2079 2801 2494 2865 constituendo,
2538 2808 2602 2856 ut
2646 2799 2834 2856 tenelli
2881 2799 3036 2855 illius
3083 2799 3294 2870 gregis,
3354 2812 3421 2854 ac
3485 2799 3584 2854 vix
3637 2799 3778 2852 adu-

2080 2889 2222 2956 nati,
2293 2897 2586 2958 paternam
2662 2901 2861 2942 curam
2923 2887 3184 2958 gereret),
3245 2887 3340 2942 sed
3403 2901 3468 2942 eo
3524 2886 3778 2942 obeunte

2079 2992 2247 3045 onus,
2301 2975 2620 3046 legitimum
2666 2975 2961 3032 ductorem
3009 2989 3123 3030 non
3169 2975 3462 3042 habentes,
3510 2975 3582 3029 ad
3633 2989 3779 3044 pro—

2011 3091 2054 3148 C
2084 3066 2209 3134 pria
2256 3063 2376 3119 loca
2423 3063 2686 3128 redeunt,
2737 3061 3118 3148 possessiones
3165 3075 3199 3116 a
3243 3060 3514 3117 Gervasio
3559 3060 3779 3116 relicta

2081 3165 2116 3206 a
2165 3149 2445 3220 perversis
2483 3147 2815 3204 hominibus
2860 3147 3286 3214 distrahuntur,
3335 3154 3390 3202 et
3437 3161 3630 3202 recens
3665 3148 3776 3201 ab-

2080 3239 2238 3296 batia
2280 3237 2336 3293 in
2375 3245 2491 3294 tam
2531 3236 2810 3292 infelicem
2847 3243 3061 3292 statum
3108 3236 3338 3292 redacta
3383 3241 3486 3301 est,
3543 3242 3606 3290 ut
3649 3235 3780 3304 ipsa

2081 3329 2388 3383 missarum
2429 3325 2726 3389 solemnia,
2793 3325 3021 3380 nemine
3082 3323 3144 3380 in
3196 3323 3434 3380 ecclesia
3492 3323 3782 3378 existente

2081 3415 2184 3486 qui
2229 3415 2334 3470 hoc
2375 3415 2560 3483 ipsum
2607 3413 2883 3482 expleret,
2935 3426 2970 3468 a
3016 3412 3336 3468 forensibus
3378 3411 3781 3466 sacerdotibus

2080 3503 2530 3569 celebrarentur,
2598 3501 2753 3556 hora
2817 3500 2987 3556 etiam
3052 3499 3346 3571 regulares
3419 3513 3452 3554 a
3516 3499 3779 3568 quodam

2077 3591 2292 3662 juvene
2335 3589 2566 3646 nomine
2627 3590 2902 3655 Joranno,
2970 3587 3031 3643 in
3096 3587 3294 3643 eodem
3357 3587 3482 3643 loco
3528 3587 3777 3654 nutrito,

2081 3679 2478 3734 recitabantur
2505 3676 2694 3747 potius
2718 3690 2896 3746 quam
2929 3675 3354 3746 cantabantur;
3387 3675 3542 3730 hunc
3583 3675 3781 3730 statim

2082 3765 2355 3824 abbatiali
2403 3765 2700 3836 dignitate,
2763 3772 2820 3821 et
2867 3765 3124 3822 Romana
3189 3777 3448 3834 purpura
3505 3769 3782 3818 ornatum

2080 3854 2426 3913 videbimus.

2155 3942 2259 3998 Sed
2299 3939 2577 3997 Rainaldo
2622 3939 2806 4010 primo
2855 3937 3333 4008 archiepiscopale
3375 3938 3602 3994 culmen
3650 3938 3784 3994 ade-

2083 4038 2178 4100 pto
2207 4037 2330 4100 post
2360 4029 2698 4094 Manassem,
2731 4025 2835 4097 qui
2882 4040 3046 4082 sacra
3079 4026 3432 4097 profanaque
3472 4027 3783 4082 conculca-

2086 4125 2266 4186 verat,
2316 4130 2470 4173 nova
2518 4115 2622 4172 lux
2672 4114 2890 4187 regioni
2921 4113 3286 4171 Remensium
3338 4115 3461 4170 visa
3506 4122 3590 4170 est
3639 4129 3781 4170 exo-

2082 4207 2204 4263 riri.
2253 4206 2398 4262 Nam
2439 4205 2532 4261 hic
2575 4205 2828 4274 dispersa
2871 4210 2926 4258 et
2973 4202 3354 4258 exterminata
3398 4216 3779 4273 congregans,

2085 4299 2140 4348 et
2190 4290 2462 4360 dissipata
2501 4296 2850 4353 restaurans,
2903 4286 3248 4344 venerabilis
3284 4286 3538 4342 Gervasii
3576 4300 3784 4342 exem-

280 4379 339 4434 in
383 4376 692 4448 primordio
753 4377 1274 4448 archiepiscopatus
1321 4379 1432 4445 sui,
1500 4379 1573 4434 ab
1619 4393 1687 4435 eo
1742 4379 1976 4437 inventa
2013 4381 2057 4434 D
2086 4378 2249 4450 plum
2287 4385 2538 4442 secutus,
2589 4375 2740 4430 inter
2783 4373 2898 4429 alia
2941 4373 3236 4442 prafatam
3279 4373 3571 4428 ecclesiam
3618 4373 3782 4428 Jovi-

279 4475 364 4523 εει
392 4473 673 4522 vetustate
701 4472 758 4522 et
787 4465 1030 4532 incuria,
1060 4479 1275 4537 magna
1301 4480 1373 4522 ex
1420 4474 1580 4536 parte
1610 4475 1970 4538 consumpta.

287 4557 354 4610 Et
399 4553 541 4625 quia
582 4553 651 4608 de
701 4554 932 4609 nomine
994 4555 1173 4610 sancti
1235 4563 1505 4624 martyris
1550 4555 1974 4626 appellabatur,

280 4655 621 4715 quanquam
667 4641 770 4712 qui
819 4641 1002 4712 primo
1057 4641 1420 4709 fundaverat,
1469 4643 1578 4699 sub
1636 4643 1798 4700 titulo
1849 4658 1974 4700 eam

283 4731 472 4789 Sancti
540 4729 822 4802 Agricola
891 4730 1255 4797 condidisset,
1323 4730 1396 4786 ob
1441 4744 1694 4788 amorem
1759 4733 1856 4788 Dei
1923 4739 1982 4790 et

281 4819 462 4876 sancti
495 4819 926 4890 pradecessoris
965 4819 1077 4884 sui,
1117 4819 1342 4876 studuit
1383 4822 1602 4890 quain
1635 4835 1704 4876 eo
1743 4821 1978 4882 omnino

283 4913 623 4962 corruerant
671 4919 706 4960 a
758 4905 1152 4962 fundamentis
1217 4912 1561 4974 restaurare,
1629 4921 1760 4977 qua
1809 4907 1978 4963 semi-

283 5001 454 5063 rupta
484 4993 805 5063 pendebant
848 4993 1091 5049 artiﬁcio
1137 4993 1392 5064 quodam
1437 4993 1810 5063 reintegrare,
1851 5007 1978 5049 eam

280 5081 527 5150 speciem
573 5081 708 5136 novi
753 5081 938 5150 operis
983 5081 1278 5136 ruinosam
1344 5081 1641 5136 ecclesiam
1709 5081 1982 5138 decentis-

285 5170 424 5223 sime
478 5167 802 5222 reformare.
835 5169 916 5222 Ad
968 5169 1090 5224 hac
1135 5169 1520 5234 refectorium,
1555 5168 1977 5231 dormitorium,

283 5265 340 5312 et
388 5263 596 5311 catera
642 5255 973 5312 habitacula
1021 5271 1320 5312 servorum
1374 5258 1472 5313 Dei
1532 5257 1736 5313 usibus
1795 5272 1982 5313 neces-

284 5343 455 5410 saria,
491 5356 624 5412 qua
661 5351 830 5398 antea
849 5343 928 5400 ibi
952 5359 1261 5415 nunquam
1290 5345 1538 5412 fuerant,
1566 5345 1777 5416 insigni
1808 5359 1980 5415 opere

285 5429 701 5501 superaddidit,
735 5430 1051 5502 fratresque
1080 5433 1188 5488 sub
1221 5434 1429 5489 abbate
1471 5441 1526 5489 et
1557 5433 1759 5502 regula
1789 5432 1980 5489 Sancti

288 5517 591 5584 Benedicti,
645 5519 881 5576 Domino
930 5520 1240 5576 militantes
1311 5521 1520 5578 ibidem
1584 5521 1978 5592 congregavit,

285 5612 341 5662 et
389 5605 606 5662 reditus
636 5606 789 5664 unde
818 5607 1077 5663 viverent
1123 5605 1476 5663 sufﬁcienter
1521 5605 1826 5676 delegavit,
1869 5613 1978 5663 etc.

2082 4467 2316 4524 nianam
2347 4465 2418 4520 ad
2450 4463 2758 4535 pristinum
2806 4468 3021 4518 statum
3063 4474 3332 4518 revocare
3373 4468 3611 4518 conatus
3655 4463 3780 4518 est;

2083 4563 2139 4612 et
2183 4554 2474 4626 profectus
2504 4551 2575 4608 ad
2617 4550 2803 4608 solum
2841 4555 3168 4606 Arvenense
3203 4549 3265 4605 in
3308 4549 3584 4605 comitatu
3627 4549 3786 4622 regis

2084 4641 2496 4700 monasterium
2558 4637 2848 4694 Casa-Dei
2910 4637 3071 4704 adiit,
3125 4651 3314 4707 nuper
3370 4637 3699 4693 institutum
3745 4651 3786 4692 a

2086 4738 2282 4787 sancto
2327 4728 2590 4795 Boberto,
2644 4741 2710 4782 ac
2761 4725 3004 4796 insignis
3047 4733 3187 4781 tunc
3251 4725 3625 4781 observantia
3670 4727 3786 4782 sub

2087 4815 2404 4874 venerabili
2451 4815 2720 4886 Seguino,
2772 4814 2923 4870 beati
2964 4813 3194 4869 Roberti
3239 4811 3565 4868 fundatoris
3602 4811 3785 4867 disci-

2088 4905 2245 4977 pulo,
2293 4912 2349 4960 et
2395 4910 2564 4960 nacta
2610 4903 2926 4970 occasione,
2979 4901 3315 4971 pradictum
3364 4900 3623 4956 abbatem
3685 4900 3782 4956 Se-

2089 4993 2335 5066 guinum
2360 4991 2602 5048 summis
2631 4991 2896 5060 precibus
2923 4989 3263 5060 efﬁagitavit
3295 4996 3360 5044 ut
3385 4989 3626 5044 delectos
3672 4988 3782 5044 sibi

2088 5081 2398 5137 monachos
2445 5079 2797 5145 concederet,
2844 5092 2977 5132 curn
3017 5084 3254 5147 experto
3301 5083 3534 5142 rectore,
3580 5076 3654 5130 ad
3684 5089 3782 5131 re-

2087 5171 2348 5240 gularem
2378 5168 2740 5238 disciplinam
2773 5168 2830 5222 in
2878 5165 3220 5222 monasterio
3269 5165 3572 5220 Nicasiano
3603 5166 3778 5220 resti—

2089 5258 2380 5314 tuendam.
2431 5255 2592 5324 Quod
2633 5263 2690 5312 et
2733 5255 3001 5321 obtinuit,
3054 5261 3118 5310 ut
3164 5267 3237 5308 ex
3280 5253 3480 5309 charta
3521 5252 3779 5324 ejusdem

2089 5345 2353 5402 Rainaldi
2403 5343 2671 5413 colligere
2711 5341 2858 5398 licet.
2917 5365 2940 5387 ιι
2987 5340 3182 5397 Visum
3224 5347 3309 5396 est
3376 5340 3562 5407 nobis,
3611 5349 3668 5396 et
3717 5350 3782 5398 ut

2089 5434 2396 5500 credimus,
2459 5431 2739 5486 divinitus
2795 5429 3162 5498 inspiratum,
3226 5429 3618 5485 venerandum
3681 5429 3779 5485 Se—

2090 5521 2337 5593 guinum
2367 5519 2632 5575 abbatem
2663 5517 3014 5583 monasterii,
3047 5517 3202 5588 quod
3253 5517 3464 5573 dicitur
3490 5517 3780 5584 Casa-Dei,

2089 5606 2454 5677 compellare,
2497 5611 2562 5662 ut
2590 5618 2696 5674 pro
2739 5604 2852 5660 Deo
2895 5602 3149 5659 laborem
3199 5602 3566 5659 restituenda
3605 5603 3785 5674 ipsius
