3930 6404
141 392 291 446 1145

1426 393 1646 449 DOMNI
1684 395 1746 449 L.
1790 391 2138 451 D'ACHERY
2177 397 2404 454 ΝΟΤΛΕ.

3516 405 3650 459 1146

132 527 393 584 abbatiaa
423 527 722 583 nobiscum
772 527 1106 596 susciperet,
1159 535 1214 584 et
1243 543 1316 585 ex
1363 543 1471 585 sua
1525 541 1841 600 congrega-
1878 532 2228 598 Aratorum,
2284 533 2430 588 nulli
2478 534 2915 603 permanserint,
2961 534 3066 605 qui
3130 549 3328 606 regere
3383 536 3473 593 vel
3529 538 3650 609 regi

131 615 298 671 tione
325 616 557 672 fratrem
595 616 665 669 ad
699 615 1127 685 praeﬁciendum
1162 616 1450 685 idoneum,
1494 617 1750 687 aliosque
1789 617 1846 672 in

133 702 256 758 hoc
308 704 487 773 ipsius
543 711 938 772 cooperatores
993 702 1286 773 dirigeret,
1349 718 1608 771 exorare,
1662 726 1682 752 ι
1736 712 1842 760 etc.

133 791 267 846 Hoc
311 792 581 860 przeclare
639 799 887 860 emptum
942 791 1198 845 Rainaldi
1257 793 1676 848 conlirmarunt
1735 793 1846 848 Pa-

131 879 408 933 schasius
471 880 776 946 secundus,
827 887 882 933 et
933 878 1194 934 Calixtus
1263 881 1474 934 summi
1531 880 1843 950 pontifices,

130 980 412 1022 concessa
458 967 629 1021 etiam
690 966 986 1022 monachis
1046 967 1316 1022 facultate
1375 967 1621 1038 eligendi
1670 969 1843 1024 abba-

127 1059 257 1108 tem
319 1054 374 1108 in
428 1053 701 1123 capitulo,
761 1069 795 1110 a
858 1055 1120 1110 Remensi
1173 1054 1596 1125 archiepiscopo
1643 1070 1846 1111 conse-

126 1142 449 1197 crandum.

215 1229 305 1284 Sic
340 1229 518 1299 igitur
560 1236 835 1285 renovata
893 1229 1144 1299 regulari
1193 1229 1559 1286 observantia
1605 1245 1841 1287 venera-

122 1317 271 1371 bilis
304 1317 421 1386 ipse
469 1317 758 1386 Seguinus
805 1317 1060 1386 regimen
1115 1319 1364 1387 suscepit
1407 1319 1756 1382 animarum,
1789 1329 1844 1376 et

122 1406 264 1458 suis
326 1405 611 1474 quasdam
684 1404 977 1473 discipulis
1049 1405 1322 1474 imposuit
1395 1407 1840 1476 observationes,

121 1505 166 1546 a
204 1491 487 1547 Casa-Dei
543 1499 856 1558 mutuatas,
921 1504 984 1547 ut
1027 1493 1097 1548 ab
1137 1493 1264 1548 aliis
1307 1495 1654 1550 monasticen
1703 1511 1843 1565 pro-

121 1580 435 1636 ﬁtentibus
465 1588 744 1649 tanquam
777 1589 987 1636 tessera
1015 1582 1378 1650 discerneret,
1433 1597 1580 1653 quas
1632 1585 1844 1640 multos

121 1683 322 1723 annos
351 1673 500 1722 838
535 1669 924 1736 retinuerunt,
971 1669 1152 1724 donec
1210 1669 1614 1739 languescente
1666 1673 1842 1727 disci-

118 1755 298 1824 plina
357 1755 864 1817 constitutionibus
922 1756 1178 1828 Gregorii
1233 1757 1330 1824 lX,
1379 1758 1597 1814 Nicolai
1645 1759 1732 1826 IV,
1786 1766 1840 1814 et

121 1844 425 1899 Benedicti
458 1844 581 1910 XII,
619 1844 826 1914 partim
861 1859 894 1899 a
924 1845 1284 1900 Cluniacensi
1328 1845 1528 1902 ordine
1570 1847 1839 1916 deprom-

124 1931 270 2000 ptis,
305 1938 358 1986 et
384 1933 591 2000 partim
623 1932 691 1987 de
721 1946 868 1986 novo
920 1932 1184 1999 conditis,
1221 1933 1465 1988 abbatiae
1523 1934 1834 2001 Remensis,

119 2026 185 2073 et
238 2019 585 2074 Senonensis
635 2019 1067 2088 provinciarum
1129 2020 1452 2077 reformatae
1517 2029 1672 2077 sunt.
1719 2023 1839 2078 Ha-

119 2105 292 2162 bitus
321 2106 491 2162 etiam
520 2107 978 2173 Nicasianorum,
1015 2109 1284 2178 quamvis
1318 2109 1372 2163 in
1405 2110 1671 2178 pluribus
1703 2125 1834 2165 cum

120 2194 263 2250 aliis
291 2195 641 2260 conveniret,
703 2195 808 2249 hoc
841 2194 1125 2264 peculiare
1167 2195 1384 2261 habuit,
1421 2198 1574 2266 quod
1607 2197 1836 2254 dalmu-

120 2282 228 2338 tiis
279 2282 348 2337 de
397 2282 642 2351 pellibus
680 2283 878 2353 nigris,
931 2283 1294 2352 caputiornm
1347 2284 1486 2351 loco,
1538 2293 1838 2342 uterentur

120 2369 229 2440 (de
261 2369 476 2438 quibus
514 2369 645 2424 vide
684 2368 1120 2439 Clementinam)
1157 2380 1211 2426 et
1254 2371 1400 2427 botis
1447 2371 1737 2440 foderatis,
1772 2383 1836 2430 ut

118 2457 323 2522 aiunt,
369 2456 438 2511 de
489 2465 651 2513 nocte
697 2471 830 2512 cum
873 2458 944 2512 ad
985 2459 1300 2514 matutinas
1337 2470 1662 2531 surgerent,
1701 2476 1834 2518 cum

117 2545 353 2615 quibus
381 2545 553 2599 etiam
584 2553 707 2614 post
730 2552 968 2600 mortem
1002 2545 1442 2614 sepeliebantur.

200 2634 381 2688 Porro
437 2633 665 2702 vigente
709 2633 1076 2688 observantia
1134 2633 1408 2704 regulari,
1449 2641 1504 2691 et
1559 2635 1832 2691 virtutem

118 2721 433 2776 monachis
523 2720 932 2789 excolentibus,
1009 2722 1221 2776 sensim
1306 2722 1576 2778 ditescere
1664 2725 1835 2794 cmpit

121 2807 472 2862 asceterium
526 2808 917 2875 Nicasianum,
991 2809 1324 2880 factumque
1379 2817 1504 2866 octo
1557 2810 1832 2866 cellarum

122 2908 363 2965 parens,
418 2903 473 2950 et
525 2896 938 2952 monachorum
991 2911 1298 2953 numerum
1357 2899 1494 2954 satis
1541 2900 1830 2969 copiosum

118 2982 495 3051 aluit,quem
553 2983 730 3039 abbas
760 2985 1031 3040 canonice
1081 2985 1293 3041 electus
1349 2986 1559 3042 additis
1608 2987 1718 3044 sub
1776 3003 1835 3043 se

1955 627 2200 688 possent.
2233 620 2341 690 (Ex
2371 621 2669 676 Chronico.
2706 636 2809 676 ms.
2846 636 2880 676 a
2909 631 3195 678 coaataneo
3225 631 3458 680 auctore
3505 640 3651 680 con-

1953 709 2208 777 scripto.)
2249 709 2354 765 Sed
2397 717 2451 765 et
2495 711 2905 766 monasterium
2954 712 3160 780 amplis
3203 712 3652 780 possessionibus

1953 812 1987 852 a
2019 797 2318 854 fundatore
2349 798 2593 854 ditatum
2623 799 2800 853 instar
2847 799 3091 855 cornicis
3147 800 3365 855 Horatii
3405 808 3647 856 exutum

1953 893 2008 941 et
2037 886 2341 955 spoliatum
2375 895 2477 951 est,
2527 887 2821 953 Manassis,
2869 895 2929 942 ut
2961 887 3148 952 credo,
3182 887 3240 942 in
3302 888 3490 943 sedem
3540 890 3648 944 Re-

1953 989 2202 1030 mensem
2252 983 2373 1045 post
2411 975 2745 1031 Gervasium
2781 976 3007 1041 intrusi,
3066 976 3256 1032 omnia
3309 975 3419 1032 late
3471 978 3648 1045 depo-

1952 1064 2202 1133 pulantis
2231 1065 2554 1133 tyrannide,
2587 1065 2696 1120 sub
2753 1079 2869 1133 quo
2901 1064 3118 1133 pariter
3163 1065 3486 1120 emnobium
3543 1066 3650 1120 Re-

1950 1151 2271 1221 migianum
2331 1151 2526 1206 eadem
2576 1150 2966 1220 persecutione
3013 1164 3295 1219 pressum,
3328 1150 3644 1220 legitimum

1950 1239 2210 1295 abbatem
2272 1238 2527 1294 nancisci
2584 1253 2696 1293 non
2755 1237 3026 1308 potuisse,
3085 1252 3158 1292 ex
3217 1237 3466 1306 epistolis
3504 1237 3648 1294 Gre-

1951 1325 2092 1395 gorii
2146 1325 2244 1380 νη
2323 1325 2615 1392 discimus,
2677 1324 2856 1381 multo
2899 1325 3090 1379 minus
3146 1324 3273 1379 aliis
3332 1323 3645 1393 providere.

1946 1413 2107 1468 Adde
2159 1414 2312 1484 quod
2368 1413 2680 1469 Guibertus
2721 1413 2791 1468 de
2839 1413 3178 1483 Novigento,
3228 1413 3297 1467 de
3345 1411 3648 1480 posteriore

1951 1503 2194 1558 Henrico
2226 1503 2399 1558 verba
2445 1502 2677 1566 faciens,
2723 1502 2897 1556 trium
2939 1501 3330 1556 abbatiarum~
3363 1506 3646 1568 pastorem

1947 1591 2228 1654 nominat,
2278 1589 2466 1644 Sancti
2515 1589 2779 1659 Remigii,
2811 1588 3023 1644 scilicet
3081 1586 3538 1652 Humiliarensis,
3593 1592 3648 1640 et

1947 1677 2272 1748 Novigenti,
2327 1685 2384 1733 at
2444 1691 2734 1746 nusquam
2799 1675 2989 1731 Sancti
3044 1674 3272 1740 Nicasii,
3320 1673 3472 1743 quod
3530 1685 3647 1727 non

1951 1766 2238 1820 tacuisset.
2330 1765 2458 1820 Dies
2517 1765 2707 1820 obitus
2781 1763 3034 1819 Gervasii
3101 1760 3543 1831 archiprzesulis,
3591 1775 3646 1815 iv

1949 1854 2083 1908 Julii
2115 1853 2170 1908 in
2201 1854 2501 1910 Nicasiano
2529 1853 2863 1922 Necrologio
2896 1851 3123 1922 legitur,
3165 1865 3281 1920 quo
3340 1849 3429 1903 die
3471 1847 3643 1903 anni-

1947 1941 2269 1996 versarium
2309 1942 2560 1996 solemne
2589 1954 2622 1995 a
2653 1939 2950 1995 monachis
2977 1938 3302 1993 celebratur
3335 1938 3489 1991 l068.

2021 2031 2089 2084 II.
2148 2031 2205 2085 Β.
2260 2029 2545 2099 Seguinus
2587 2043 2660 2084 ex
2713 2028 2919 2084 abbate
2949 2027 3262 2092 Cassa-Dei,
3315 2025 3374 2080 iit
3424 2023 3644 2093 primus

1948 2118 2127 2173 abbas
2176 2118 2460 2188 regularis
2516 2117 2706 2173 Sancti
2741 2115 2975 2182 Nicasii,
3021 2128 3173 2169 anno
3220 2114 3375 2167 1086.
3437 2112 3566 2167 Fuit
3599 2111 3646 2166 is

1947 2206 2263 2276 discipulus
2336 2207 2517 2260 sancti
2573 2205 2824 2271 Roberti,
2878 2217 3051 2273 quem
3099 2201 3417 2258 Rainaldus
3471 2201 3492 2254 Ι
3544 2199 3646 2254 Re-

1946 2294 2159 2349 mensis
2199 2294 2660 2363 archiepiscopus
2685 2292 2965 2357 evocavit,
3019 2304 3150 2345 cum
3203 2287 3504 2344 duodecim
3561 2301 3645 2342 re-

1945 2381 2178 2453 ligiosis,
2245 2390 2306 2437 ut
2356 2381 2786 2437 Benedictinum
2839 2379 3098 2434 ordinem
3176 2376 3518 2440 restitueret,
3568 2387 3642 2428 ex

1943 2471 2145 2525 charta
2173 2471 2427 2541 ejusdem
2477 2468 2759 2524 Rainaldi.
2801 2469 3148 2524 Memoratur
3193 2465 3252 2519 in
3293 2462 3643 2518 chartulario

1949 2559 2140 2615 Sancti
2175 2558 2529 2625 Theodorici,
2565 2571 2718 2612 anno
2775 2559 2932 2622 1093,
2965 2555 3119 2626 quod
3176 2553 3473 2619 abdicans,
3533 2550 3639 2606 Ca-

1943 2648 2189 2702 sam-Dei
2249 2661 2514 2702 reversus
2544 2653 2627 2701 est
2664 2652 2786 2715 post
2815 2653 3028 2714 septem
3085 2655 3268 2698 annos
3320 2639 3636 2710 regiminis,

1939 2735 2109 2805 eique
2135 2734 2426 2791 suffectus.

2013 2823 2118 2878 Ill.
2165 2822 2433 2877 Nicolaus
2485 2823 2526 2886 ι,
2555 2820 2726 2876 etiam
2761 2834 2831 2874 ex
2858 2816 3198 2873 monasterio
3256 2812 3558 2874 Casze-Dei,
3586 2819 3641 2868 et

1941 2908 2090 2963 beati
2126 2908 2351 2963 Roberti
2401 2907 2734 2976 discipulus,
2795 2905 3003 2975 legitur
3034 2903 3247 2974 pariter
3284 2902 3342 2956 in
3401 2901 3642 2954 chartu—

1941 2997 2082 3051 lario
2130 2995 2388 3050 asceterii
2444 2995 2592 3050 beati
2636 2993 2966 3048 Theodorici
3035 3005 3208 3062 prope
3274 2990 3475 3044 Remos
3540 3000 3635 3040 an.

119 3077 390 3140 quatuor
419 3069 668 3135 decanis,
727 3085 829 3127 seu
869 3072 1158 3140 prioribus
1211 3073 1638 3142 claustralibus,
1699 3075 1828 3131 lau-
1870 3102 1910 3156 ρ
1947 3084 2098 3137 1093.

118 3157 398 3214 dabiliter
429 3159 573 3213 rexit
603 3173 788 3229 usque
819 3160 890 3214 ad
923 3161 1195 3215 moderna
1224 3169 1498 3230 tempora,
1532 3176 1664 3218 cum
1701 3163 1834 3218 sub-

117 3246 264 3302 latis
307 3244 680 3302 electionibus
720 3249 858 3303 ordo
905 3249 1278 3304 monachicus
1328 3263 1428 3318 per
1473 3257 1649 3305 totam
1696 3250 1833 3306 Gal—

118 3334 269 3389 liam
304 3348 530 3402 pessum
564 3333 726 3401 abiit,
761 3349 828 3390 ac
856 3335 1139 3406 regularis
1163 3337 1549 3405 observantia,
1584 3338 1834 3394 maxime

115 3421 185 3480 in
219 3420 639 3490 campestribus
695 3423 850 3489 locis,
911 3423 1167 3494 neglecta
1195 3431 1294 3479 est.
1339 3423 1520 3488 Quam
1579 3433 1771 3480 tamen
1799 3439 1833 3480 a

117 3507 419 3564 sexdecim
473 3509 641 3566 annis
685 3511 936 3566 seniores
983 3512 1268 3580 monachi,
1312 3526 1414 3580 pro
1469 3525 1536 3567 ea
1582 3527 1833 3582 propen-

119 3597 289 3652 sione
334 3597 510 3651 animi
555 3612 731 3667 quam
783 3599 997 3654 habent
1043 3611 1184 3669 erga
1241 3607 1498 3655 sanctam
1547 3601 1828 3671 regulam,

121 3698 359 3740 summo
391 3685 579 3740 studio
627 3699 905 3741 renovare
959 3687 1143 3741 conati
1175 3693 1333 3754 sunt,
1385 3687 1635 3742 evocatis
1676 3701 1833 3742 reve-

121 3772 328 3830 rendis
357 3772 626 3828 Patribus
677 3774 1138 3844 congregationis
1183 3774 1374 3830 Sancti
1429 3775 1638 3838 Mauri,
1693 3776 1830 3845 qui—

122 3859 262 3926 bus,
290 3874 404 3914 non
445 3860 499 3915 vi
543 3862 740 3928 coacti,
786 3863 882 3916 sed
938 3863 1193 3932 ingenua
1229 3869 1284 3918 et
1342 3862 1583 3932 simplici
1635 3863 1822 3918 chari-

119 3955 262 4013 tate,
295 3949 590 4004 ecclesiam
633 3950 809 4006 sacris
866 3949 1316 4020 supellectilibus
1374 3951 1662 4018 refertam,
1706 3967 1826 4007 om-

120 4051 228 4090 nes
262 4036 478 4091 reditus
525 4037 876 4102 claustrales,
905 4047 960 4094 et
983 4039 1140 4108 jura.
1189 4053 1320 4108 quae
1377 4039 1656 4095 hactenus
1685 4040 1829 4096 illaa-

121 4138 190 4178 sa
212 4133 641 4192 conservarant,
698 4127 896 4196 paucis
944 4127 1176 4182 omnino
1205 4127 1454 4182 contenti
1513 4136 1825 4194 cesserunt,

122 4219 193 4267 ut
233 4219 389 4266 sarta
422 4217 566 4268 tecta
614 4214 669 4269 in
720 4222 1062 4284 perpetuum
1095 4223 1397 4282 tueantur;
1432 4216 1566 4270 hinc
1613 4217 1827 4272 factum

121 4307 210 4355 est
242 4308 307 4354 ut
336 4301 564 4357 abbatia
596 4302 922 4364 Nicasiana.
953 4317 1086 4373 quae
1118 4303 1396 4359 hactenus
1442 4304 1830 4373 independens

2015 3168 2107 3224 IV.
2140 3166 2388 3222 Joannes
2432 3167 2475 3232 Ι,
2507 3180 2579 3221 ex
2609 3165 2804 3220 eodem
2850 3163 3101 3218 claustro
3147 3159 3390 3215 selectus
3433 3172 3641 3214 memo-

1942 3263 2108 3312 ratur
2140 3254 2292 3324 apud
2325 3253 2664 3308 Guibertum
2695 3251 2764 3306 de
2791 3251 3129 3320 Novigento.
3173 3249 3270 3302 Hic
3297 3246 3397 3301 vix
3435 3246 3640 3314 adepto

1941 3341 2221 3412 regimine
2275 3341 2330 3395 in
2414 3347 2621 3394 terram
2689 3347 2945 3393 sanctam
3002 3335 3288 3407 profectus
3343 3328 3445 3400 est,
3505 3346 3639 3388 cum

1940 3431 2067 3486 aliis
2097 3429 2422 3494 abbatibus,
2461 3427 2733 3492 eremitis,
2769 3434 2823 3481 et
2872 3425 3130 3490 reclusis,
3189 3423 3290 3492 qui
3336 3421 3639 3478 domiciliis

1940 3518 2060 3572 suis
2097 3532 2210 3572 non
2258 3517 2394 3572 satis
2441 3517 2726 3586 sapienter
2775 3516 3006 3582 relictis,
3063 3515 3141 3568 ire
3171 3512 3325 3567 viam
3381 3523 3641 3580 perrexe-

1939 3613 2097 3668 runt,
2131 3605 2210 3662 ait
2236 3604 2544 3661 Ordericus
2587 3604 2791 3661 Vitalis
2841 3605 2920 3658 De
2982 3603 3182 3658 itinere
3236 3595 3637 3666 Hierosolymi-

1942 3701 2092 3749 tano.

2011 3782 2079 3837 V.
2130 3781 2310 3836 Guido
2359 3781 2403 3845 Ι,
2455 3781 2777 3850 pacificavit
2827 3794 2960 3835 cum
3031 3777 3261 3834 Nicolao
3308 3773 3537 3830 domino
3571 3772 3640 3828 de

1938 3867 2232 3937 Rumigni,
2264 3882 2367 3937 pro
2396 3869 2628 3924 decimis
2655 3868 2908 3937 ejusdem
2960 3866 3061 3921 loci
3095 3878 3247 3918 anno
3293 3864 3456 3917 1100.
3494 3859 3640 3916 Huic

1939 3956 2223 4010 Manasses
2316 3956 2382 4023 Il,
2476 3956 2937 4025 archiepiscopus
3026 3949 3319 4008 Remensis
3391 3949 3640 4003 decimas

1935 4044 2136 4099 Montis
2197 4043 2405 4099 Valesii
2474 4043 2750 4099 concessit
2815 4042 3198 4096 instrumento
3245 4036 3519 4102 confecto,
3578 4049 3637 4090 vr

1937 4133 2320 4202 pontiﬁcatus,
2363 4132 2516 4202 quod
2546 4133 2626 4186 sic
2686 4129 2882 4200 incipit
2915 4144 2927 4183 :
2963 4150 2983 4177 ι
3013 4127 3225 4184 Curam
3283 4138 3386 4180 nos
3441 4136 3638 4193 gerere

1938 4231 2281 4286 pauperum,
2353 4227 2406 4272 et
2482 4215 2815 4285 episcopalis
2877 4212 3134 4282 exposcit
3213 4208 3501 4270 sanctitas.
3583 4215 3638 4263 et

1939 4302 2146 4356 animae
2171 4302 2344 4356 simul
2389 4302 2592 4356 invitat
2641 4299 2876 4362 utilitas,
2910 4303 3200 4367 quatenus
3247 4294 3421 4364 juxta
3479 4291 3638 4361 Apo-

124 4386 201 4441 ab
235 4386 458 4455 urigine
486 4389 799 4454 exstiterat,
832 4389 1094 4458 exemplo
1127 4389 1406 4459 regalium
1465 4390 1828 4446 abbatiarum
1870 4393 1912 4446 D
1945 4389 2126 4444 stolici
2213 4403 2430 4456 vocem,
2491 4389 2571 4445 sic
2655 4388 2883 4444 illorum
2939 4384 3188 4454 inopiam
3249 4387 3444 4436 nostra
3499 4391 3636 4446 sup-

123 4473 295 4542 regni
331 4472 586 4528 Francia
627 4474 684 4527 in
731 4475 1002 4530 omnibus
1056 4475 1350 4542 innovata,
1415 4476 1550 4532 huic
1602 4491 1833 4548 congre-

125 4559 370 4630 gationi,
431 4561 770 4618 auctoritate
823 4563 1036 4619 summi
1065 4563 1348 4633 pontiﬁcis
1398 4572 1616 4632 erectae,
1673 4566 1834 4621 unita

124 4647 220 4711 sit,
264 4648 358 4702 cui
414 4663 752 4719 prosperum
781 4658 834 4706 et
891 4651 1108 4707 felicem
1139 4665 1465 4708 successum
1508 4666 1829 4723 precamur,

124 4734 432 4792 Caeterum.

507 4823 755 4880 Abbates
783 4824 1138 4894 przﬁterunt
1164 4827 1274 4882 hac
1305 4827 1472 4882 serie.

198 4910 242 4962 Ι.
274 4908 600 4978 Gervasius,
666 4912 939 4968 fundator
988 4914 1224 4970 illustris
1251 4922 1305 4970 et
1361 4915 1582 4985 primus
1631 4917 1830 4983 abbas,

127 4997 279 5052 rexit
311 4995 721 5054 monasterium
752 5015 852 5070 per
876 5009 1142 5058 externos
1194 5012 1594 5072 procuratores
1637 5019 1831 5074 quan-

127 5085 232 5140 diu
261 5085 427 5152 vixit,
455 5095 516 5142 ut
546 5096 669 5143 erat
723 5091 1080 5145 consuetudo
1139 5092 1314 5162 hujus
1365 5093 1578 5147 saeculi.
1637 5097 1706 5147 At
1739 5094 1830 5146 in-

127 5179 284 5227 certa
357 5175 622 5243 quaedam
699 5177 975 5233 abbatum
1043 5180 1214 5233 series
1280 5179 1443 5234 nobis
1505 5180 1826 5249 Remigium

127 5262 462 5330 quemdam,
493 5271 548 5317 et
593 5272 716 5332 post
746 5265 900 5320 hunc
943 5266 1293 5333 Albericum,
1327 5274 1382 5322 et
1415 5267 1722 5322 Henricum
1757 5282 1830 5323 ex

128 5347 379 5406 claustro
424 5351 758 5421 Remigiano
794 5354 1180 5410 emendicatos
1209 5355 1517 5411 obtrudere
1565 5364 1828 5423 conatur,

128 5435 223 5488 sed
274 5435 405 5491 ﬁcta
459 5443 514 5491 et
569 5435 830 5494 fabulosa
887 5448 993 5504 est,
1051 5457 1184 5498 cum
1241 5443 1489 5498 obeunte
1537 5441 1825 5502 Gervasio,

130 5535 248 5577 non
301 5531 414 5578 tam
504 5528 830 5582 monasterii
904 5529 1076 5584 facies
1155 5530 1455 5586 immutata
1513 5529 1601 5591 sit,
1651 5542 1828 5598 quam

129 5610 408 5682 dissipata
436 5615 824 5685 congregatio,
861 5623 917 5672 et
967 5617 1193 5673 incuria
1221 5617 1309 5673 vel
1341 5631 1566 5673 recessu
1619 5630 1830 5687 procu-

1943 4477 2093 4546 pleat
2121 4477 2497 4543 abundantia,
2549 4483 2615 4532 ut
2664 4490 2734 4531 ex
2766 4475 2996 4529 illorum
3029 4468 3386 4528 abundantia
3444 4472 3640 4520 nostra

1942 4565 2001 4619 in
2034 4565 2231 4620 futuro
2263 4565 2600 4634 suppleatur
2623 4562 2816 4632 inopia
2847 4563 2940 4628 (ΙΙ
2959 4562 3082 4616 Cor.
3114 4573 3232 4627 vui,
3280 4556 3384 4626 14).
3421 4576 3448 4603 ››
3479 4555 3637 4608 Prte-

1937 4650 2050 4708 fuit
2078 4659 2331 4721 quatuor
2357 4651 2546 4707 annis.

2012 4742 2097 4794 Vl.
2130 4741 2422 4796 Jorannus
2447 4740 2505 4794 in
2529 4740 2870 4795 monasterio
2909 4737 3098 4793 Sancti
3140 4733 3347 4791 Nicasii
3378 4745 3412 4786 a
3445 4727 3638 4800 pueris

1940 4826 2240 4892 educatus,
2271 4833 2326 4881 et
2375 4827 2647 4882 tenaciter
2700 4822 3081 4882 observantia
3133 4819 3385 4892 regulari
3443 4817 3634 4873 adhae-

1941 4928 2090 4979 rens,
2119 4913 2292 4969 etiam
2337 4922 2461 4983 post
2489 4914 2707 4970 obitum
2763 4912 3039 4977 Gervasii,
3101 4910 3311 4965 meruit
3359 4909 3431 4964 ob
3486 4921 3635 4976 prae-

1940 4999 2126 5054 claras
2152 4999 2367 5070 ingenii
2400 5000 2574 5067 dotes,
2608 5008 2663 5056 et
2713 4999 3032 5070 singularia
3092 4997 3311 5062 merita,
3373 4995 3442 5050 ad
3483 5009 3633 5064 prae-

1940 5088 2211 5156 posituraa
2242 5088 2578 5158 dignitatem
2610 5088 2812 5157 primo,
2857 5095 2974 5142 tum
3010 5086 3080 5140 ad
3113 5084 3454 5140 abbatialem
3503 5097 3631 5152 pro-

1943 5175 2178 5240 moveri,
2232 5190 2407 5245 quam
2450 5177 2532 5230 sic
2579 5176 2946 5230 laudabiliter
2995 5179 3184 5244 gessit,
3223 5181 3285 5227 ut
3337 5172 3461 5227 aliis
3486 5179 3630 5225 esset

1941 5271 2106 5317 rectae
2155 5263 2285 5317 vitae
2329 5264 2647 5331 speculum,
2695 5272 2750 5319 et
2810 5262 3120 5318 salutifera:
3182 5259 3634 5316 conversationis

1937 5351 2288 5420 exemplum.
2327 5353 2492 5408 Hunc
2519 5353 2832 5408 Rainaldus
2871 5351 3202 5420 archiepisc.
3261 5355 3413 5403 039
3471 5356 3635 5404 vocat

1945 5461 1964 5487 ι
2001 5441 2192 5495 virum
2226 5441 2544 5496 sanctitatis
2598 5442 2798 5496 merito
2843 5441 3113 5497 omnibus
3167 5441 3330 5497 bonis
3382 5439 3630 5494 imitabi-

1940 5525 2066 5582 lem.
2105 5547 2132 5577 ιι
2166 5528 2245 5582 Eo
2308 5537 2556 5598 regente,
2589 5543 2660 5584 ex
2709 5529 2984 5584 asceterio
3035 5527 3334 5582 Nicasiano
3378 5525 3632 5596 insignes

1939 5616 2048 5672 viri
2109 5617 2463 5686 prodierunt,
2525 5619 2598 5674 ad
2672 5619 2994 5691 regularem
3051 5617 3408 5686 disciplinam
3465 5615 3631 5683 longe
