3930 6382
342 378 480 431 1147

1370 371 1465 425 AD
1505 370 1661 426 OPP.
1696 368 1852 424 VEN.
1886 367 2223 425 GUIBERTI
2266 367 2355 423 DE
2395 366 2796 423 NOVIGENTO

3719 364 3871 419 1148

334 514 565 584 lateque
631 510 1098 581 propagandam;
1158 508 1307 564 inter
1381 520 1527 577 quos
1586 511 2022 560 memorantur:
2063 506 2362 559 Actorum
2422 518 2489 559 ac
2556 502 3001 573 pracedentium
3067 502 3346 559 abbatum
3399 504 3457 559 in
3510 502 3867 573 Necrologio

336 601 524 671 Drogo
556 598 713 668 prior
767 596 1110 660 claustralis,
1154 595 1257 665 qui
1310 593 1568 663 expulsis
1632 592 2038 647 monialibuse

335 685 682 743 monasterio
750 684 941 739 Sancti
1010 682 1246 737 Joannis
1294 680 1710 745 Laudunensis,
1783 684 2038 749 tempore

338 773 743 829 Bartbolomai
820 770 1091 841 episcopi,
1168 769 1446 825 coloniam
1495 769 1910 825 monachorum
1978 768 2038 823 in

336 876 538 919 earum
594 861 786 916 locum
820 859 1054 925 invexit,
1109 871 1356 928 quorum
1392 858 1510 926 ipse
1560 858 1764 912 ductor
1820 856 1927 912 fuit
1982 864 2038 912 et

337 950 558 1020 primus
642 948 839 1013 abbas,
911 953 1032 1000 tum
1110 944 1421 1000 cardinalis
1487 944 1781 1006 Ostiensis,
1867 944 2039 1015 cujus

336 1044 523 1094 exstat
559 1035 794 1105 epistola
849 1034 926 1089 De
979 1040 1337 1088 sacramento
1378 1032 1684 1087 Dominica
1737 1033 2033 1101 passionis,

338 1132 472 1180 tom.
506 1125 549 1178 Il
607 1121 969 1177 Bibliotheca
1027 1120 1292 1188 Patrum;
1338 1120 1533 1175 Simon
1598 1128 1891 1189 reparator
1948 1121 2036 1175 Ia-

338 1226 454 1282 psa
505 1209 895 1281 regularitatis
941 1208 1001 1263 in
1048 1207 1398 1263 monasterio
1462 1207 1651 1263 Sancti
1704 1208 1916 1263 Nicolai
1965 1208 2036 1263 de

336 1300 529 1364 Bosco,
597 1297 768 1367 cujus
829 1295 1089 1350 meminit
1166 1295 1231 1348 D.
1288 1294 1616 1349 Bernardus
1686 1295 1849 1363 epist.
1930 1297 2031 1366 83;

334 1387 534 1442 beatus
590 1384 926 1453 Arnulplus,
1005 1391 1198 1453 postea
1266 1382 1586 1437 monachus
1648 1382 2036 1439 Cisterciensis

333 1475 487 1544 apud
548 1472 909 1543 Signiacum;
958 1470 1298 1527 Godefridus
1345 1470 1473 1525 item
1507 1470 1662 1539 prior
1690 1469 1744 1525 S.
1798 1471 2029 1540 Nicasii,

332 1561 639 1632 agentibus
710 1559 937 1615 Calixto
1000 1558 1049 1612 II
1104 1565 1160 1613 et
1212 1557 1496 1613 Ludovico
1538 1558 1630 1625 VI,
1678 1558 2029 1614 Francorum

332 1664 486 1720 rege,
540 1647 854 1704 translatus
910 1647 981 1701 ad
1026 1645 1080 1701 S.
1144 1645 1480 1701 Medardum
1544 1645 2027 1712 Suessionensem,

332 1749 435 1807 pro
472 1743 627 1792 statu
672 1735 887 1806 regula
917 1733 1258 1804 reparando.
1307 1735 1386 1789 De
1431 1748 1553 1805 quo
1596 1733 1770 1790 etiam
1820 1733 1875 1790 S.
1905 1735 2033 1789 Ber-

332 1822 552 1877 nardus
579 1821 743 1890 epist.
778 1824 865 1888 66,
907 1829 962 1877 et
1017 1820 1114 1875 alii
1144 1819 1358 1890 plures.
1414 1820 1606 1876 Multis
1635 1821 1805 1877 etiam
1865 1822 2032 1876 auxit

331 1908 495 1965 bonis
581 1908 991 1964 monasterium
1068 1908 1379 1975 Jorannus,
1470 1908 1668 1963 multis
1725 1908 2029 1977 altaribus,

331 1996 501 2062 cellis,
538 2009 637 2051 seu
693 1995 1062 2064 prioratibus,
1111 2002 1229 2050 tam
1274 1994 1333 2049 in
1383 1995 1490 2050 hoc
1543 2009 1723 2065 regno
1766 2009 1943 2065 quam
1974 1996 2031 2050 in

334 2084 634 2147 Flandria;
671 2084 764 2139 sed
797 2083 1027 2139 tandem
1084 2083 1287 2153 majori
1327 2083 1627 2139 devotione
1686 2083 2033 2139 intrinsecus

333 2178 487 2227 tactu
567 2171 877 2239 abdicavit,
941 2179 995 2227 et
1054 2171 1314 2227 ordinem
1376 2171 1892 2227 Carthusianorum
1949 2171 2035 2225 in-

330 2272 559 2328 gressus
609 2266 693 2314 est
722 2272 818 2313 an.
875 2260 1032 2325 1138,
1107 2265 1170 2314 ut
1235 2258 1450 2314 habent
1494 2273 1597 2313 ms.
1652 2260 1860 2315 Montis
1907 2260 2028 2327 Dei,

333 2345 432 2401 ubi
460 2360 520 2401 se
550 2353 665 2400 tam
703 2344 975 2415 praclare
1005 2345 1197 2416 gessit,
1248 2354 1313 2401 ut
1347 2348 1404 2400 in
1458 2360 1766 2403 numerum
1811 2360 2033 2417 purpu-

328 2440 588 2488 ratorum
613 2440 913 2503 coaptatus
941 2432 1114 2488 fuerit
1144 2432 1217 2488 ab
1247 2434 1577 2490 Innocentio
1606 2436 1875 2490 secundo.

296 2514 305 2523 â€™
401 2520 524 2577 VII.
549 2520 820 2576 Nicotaus
852 2520 922 2585 II,
954 2519 1166 2591 legitur
1193 2520 1253 2575 in
1282 2521 1637 2578 chartulario
1687 2535 1839 2578 anno
1871 2525 2029 2578 1139.

330 2607 436 2663 Hic
464 2607 690 2664 favente
715 2608 881 2664 beato
914 2608 1203 2664 Bernardo
1230 2608 1478 2664 obtinuit
1507 2609 1824 2679 prioratum
1854 2610 2032 2667 beata

329 2694 524 2751 Maria
544 2694 727 2751 Castri
773 2695 1060 2763 Porciani,
1094 2709 1245 2752 anno
1278 2698 1434 2763 1143,
1462 2696 1599 2752 obiit
1625 2698 1692 2750 28
1747 2695 2025 2765 Septemb.

335 2783 489 2849 1t44,
536 2790 657 2852 post
709 2782 1039 2853 quindecim
1096 2797 1277 2839 annos
1342 2783 1706 2853 pralationis.
1764 2785 1918 2840 Jacet
1969 2783 2030 2839 in

328 2865 591 2935 prioratu
622 2867 691 2922 de
729 2867 893 2922 Finia
922 2881 1096 2937 prope
1128 2867 1367 2924 insulas.

400 2955 539 3009 VIII.
583 2954 923 3011 Guillelmus
952 2956 1211 3012 interfuit
1244 2956 1604 3013 translationi
1647 2956 2025 3027 reliquiarum

2145 593 2426 649 conscribi
2499 593 2746 658 curavit,
2807 599 2871 646 ut
2935 591 3202 646 monachi
3252 590 3388 660 ipsis
3428 589 3868 646 satisfaciendis

2145 683 2293 737 serio
2322 682 2754 747 incumberent;
2795 680 2889 735 sed
2923 694 3054 735 cum
3104 679 3341 749 justitia
3370 678 3620 735 consulit
3678 679 3862 747 proli-

2144 771 2336 826 xiores
2370 777 2577 825 cantus
2610 768 2949 833 inducendo,
2984 781 3052 821 ac
3105 781 3347 837 pensum
3404 767 3673 822 divinum
3741 780 3865 821 au-

2146 859 2350 930 gendo,
2384 871 2581 914 ansam
2620 856 2865 925 prabuit
2899 856 3223 911 remittendi
3252 856 3487 926 Lregula
3540 856 3865 911 observan-

2145 947 2304 1003 tiam.
2338 946 2441 1001 Hic
2487 945 2786 1001 renovavit
2820 945 3142 999 societatem
3174 958 3307 999 cum
3367 944 3745 1015 Remigianis,
3809 953 3863 999 et

2144 1034 2282 1090 obiit
2315 1036 2378 1087 18
2410 1032 2685 1089 Novemb.
2723 1034 2887 1101 1221;
2916 1031 3066 1101 jacet
3094 1032 3149 1086 in
3182 1030 3453 1099 capitulo.

2215 1122 2365 1178 XVI.
2412 1120 2605 1176 Simon
2645 1119 2715 1173 de
2787 1118 2961 1173 Lion:
3014 1118 3361 1175 instauravit
3426 1118 3730 1173 ecclesiam
3796 1134 3864 1173 eo

2140 1210 2447 1275 schemate,
2481 1222 2596 1279 quo
2626 1222 2784 1263 nunc
2836 1222 2953 1263 non
2985 1207 3108 1262 sine
3151 1206 3526 1262 admiratione
3555 1207 3862 1275 conspici-

2142 1303 2257 1359 tur,
2282 1297 2340 1349 in
2371 1295 2552 1350 forma
2599 1293 2809 1359 crucis,
2843 1293 3074 1363 longam
3130 1292 3298 1361 pedes
3327 1295 3449 1358 305,
3508 1292 3683 1347 latam
3722 1294 3859 1361 130,

2140 1384 2315 1439 altam
2348 1381 2742 1451 apavimento
2794 1380 2865 1436 ad
2925 1380 3202 1435 fornicem
3260 1382 3346 1445 95,
3396 1380 3684 1435 columnis
3750 1396 3863 1438 seu

2141 1470 2274 1541 pilis
2303 1468 2603 1527 suffultam
2629 1468 2728 1538 28;
2761 1468 2961 1525 vitreis
2992 1467 3254 1523 fenestris
3301 1467 3864 1538 incomparabilibus

2140 1572 2212 1613 ex
2236 1558 2387 1613 dono
2408 1570 2608 1625 regum
2644 1564 2698 1611 et
2726 1569 3029 1626 procerum
3082 1555 3427 1621 decoratam,
3479 1556 3655 1611 choro
3687 1558 3861 1612 vario

2141 1657 2424 1698 marmore
2456 1648 2655 1704 strato,
2691 1642 2746 1696 in
2778 1656 2893 1711 quo
2916 1645 3054 1697 sunt
3082 1641 3281 1696 sedilia
3308 1654 3380 1697 ex
3414 1648 3663 1711 utraque
3694 1652 3861 1712 parte

2140 1733 2227 1785 76.
2261 1730 2452 1786 Simon
2475 1729 2703 1800 prafuit
2728 1736 2852 1785 octo
2881 1729 3068 1785 annis.
3099 1730 3256 1784 Jacet
3289 1728 3346 1783 in
3391 1728 3642 1785 claustro
3675 1728 3860 1799 juxta

2141 1818 2480 1888 capitulum.

2210 1907 2370 1963 XVII.
2406 1905 2600 1962 Simon
2625 1907 2692 1970 Il,
2745 1904 2816 1959 de
2859 1903 3220 1976 Dampierre,
3253 1903 3620 1960 nobilissimis
3644 1919 3858 1974 paren-

2142 1994 2315 2060 tibus,
2349 1994 2499 2050 rexit
2545 1993 2845 2049 duodecim
2879 1993 3066 2049 annis.
3108 1993 3211 2048 Hic
3261 1992 3507 2048 obtinuit
3551 1992 3853 2049 licentiam

2141 2082 2393 2153 augendi
2419 2094 2726 2138 numerum
2752 2080 3164 2136 monachorum
3197 2094 3383 2149 usque
3421 2080 3493 2134 ad
3542 2081 3855 2150 sexaginta

2141 2172 2215 2227 ab
2244 2168 2572 2226 Innocentio
2626 2167 2738 2236 IV;
2767 2167 2917 2238 jacet
2949 2168 3005 2222 in
3067 2166 3286 2236 capella
3327 2166 3581 2222 claustri.
3626 2167 3850 2224 Verum

2140 2258 2435 2314 deï¬ciente
2503 2258 2685 2326 primo
2767 2254 3060 2325 religionis
3132 2254 3357 2321 ardore,
3419 2255 3619 2325 regula
3679 2255 3851 2310 novis

2138 2345 2642 2402 constitutionibus
2698 2341 2910 2398 vallata
2954 2350 3039 2399 est
3078 2356 3111 2398 a
3181 2341 3455 2412 Gregorio
3520 2343 3621 2408 IX,
3691 2357 3848 2398 anno

2142 2436 2295 2501 1233,
2331 2441 2386 2489 et
2408 2432 2644 2503 posthac
2667 2431 2904 2488 Nicolao
2938 2432 3025 2498 IV,
3060 2438 3115 2487 et
3158 2430 3458 2486 Benedicto
3518 2431 3645 2487 XII.
3700 2430 3842 2498 Qni-

2140 2522 2249 2578 bus
2271 2521 2489 2591 priores
2518 2520 2797 2586 adaucta,
2842 2519 3016 2575 aliam
3068 2518 3301 2573 vivendi
3356 2532 3616 2575 normam
3667 2534 3843 2589 pepe-

2138 2616 2360 2666 rerunt.
2394 2609 2513 2663 Imo
2543 2616 2596 2663 et
2628 2607 2892 2663 habitum
2950 2606 3265 2673 diversum,
3299 2613 3366 2661 ut
3420 2606 3649 2676 opinor;
3707 2620 3843 2661 nam

2137 2705 2341 2767 prater
2428 2710 2601 2751 usum
2658 2694 2825 2751 bireti
2891 2694 3066 2751 etiam
3120 2693 3375 2750 almutiis
3438 2692 3619 2765 nigris
3667 2700 3848 2762 caput

2138 2791 2440 2851 texerunt;
2510 2782 2667 2854 quod
2725 2782 2984 2839 Clemens
3037 2782 3079 2834 V
3127 2780 3428 2837 conï¬rmat
3474 2781 3561 2837 his
3597 2778 3842 2838 verbis:

2140 2894 2169 2924 Â«
2197 2872 2467 2929 Almutiis
2493 2871 2856 2940 caputiorum
2889 2870 3009 2926 loco
3040 2870 3289 2926 contenti
3319 2869 3431 2925 sint
3474 2870 3772 2925 monachi.
3812 2891 3841 2919 Â»

2208 2960 2409 3016 XVIII.
2446 2959 2639 3015 Simon
2671 2959 2764 3025 III,
2794 2957 2866 3012 de
2904 2956 3337 3024 Marmouatier,
3387 2957 3746 3013 benedicitur
3771 2958 3847 3013 ab

329 3042 513 3098 sancti
539 3041 819 3108 Gibriani,
855 3042 1008 3112 apud
1040 3042 1314 3098 Sanctum
1341 3044 1691 3112 Remigium,
1720 3044 1829 3100 sub
1860 3044 2025 3101 Sam-
2068 3063 2110 3119 Î¿
2140 3049 2403 3119 episcopo
2495 3046 2906 3113 Suessionensi,
2984 3045 3115 3101 sede
3206 3045 3677 3121 archiepiscopali
3747 3060 3848 3101 va-

327 3142 466 3185 sone
521 3129 965 3200 archiepiscopo,
1034 3144 1226 3187 mense
1292 3131 1475 3200 Aprili
1531 3132 1681 3186 1145.
1742 3132 1910 3188 Rexit
1972 3134 2030 3188 in

327 3218 483 3273 omni
516 3218 780 3274 doctrina
807 3226 863 3275 et
897 3219 1151 3275 bonitate
1193 3219 1377 3276 tribus
1408 3220 1595 3289 annis,
1634 3229 1697 3277 ut
1725 3220 1937 3292 legitur
1968 3222 2030 3277 in

326 3305 678 3376 Necrologio,
703 3308 764 3359 21
801 3305 960 3362 Julii.

395 3393 497 3449 IX.
547 3394 791 3450 Joannes
842 3395 889 3448 II
943 3393 1155 3464 recepit
1225 3393 1440 3450 bullam
1494 3395 1737 3466 Eugenii
1784 3396 1879 3461 III,
1927 3410 2030 3466 pro

327 3482 540 3538 unione
584 3482 876 3552 prioratus
943 3481 1124 3539 Castri
1202 3482 1480 3538 Porciani.
1531 3483 1683 3540 Obiit
1732 3487 1750 3537 1
1827 3484 2024 3553 Octob,

328 3572 483 3624 1158.
510 3570 663 3626 Jacet
693 3584 871 3640 prepe
924 3570 1105 3627 altare
1161 3572 1420 3642 pulchra
1474 3572 1705 3643 capella
1765 3573 1928 3630 dicta
1967 3575 2029 3629 la

336 3657 542 3725 Verde,
576 3657 686 3713 sub
717 3658 942 3715 tumulo
971 3658 1211 3730 lapideo.

397 3744 470 3800 X.
501 3744 683 3800 Guido
716 3746 782 3800 lI.
836 3746 926 3801 Ex
984 3747 1270 3802 monacho
1317 3746 1672 3818 Remigiano.
1731 3748 1875 3805 Vide
1918 3749 2029 3806 Sirâ€”

326 3832 604 3888 mondum
635 3832 693 3887 in
717 3832 878 3889 Notis
907 3834 979 3890 ad
1006 3833 1105 3890 lib.
1134 3847 1172 3889 v
1198 3834 1348 3890 Petri
1394 3834 1681 3890 Cellensis.
1743 3835 1848 3892 Hic
1897 3849 2026 3891 con-

325 3920 503 3975 traxit
533 3919 857 3977 societatem
890 3936 1021 3977 cum
1069 3921 1421 3991 Remigianis
1448 3930 1503 3978 et
1536 3922 1692 3979 viam
1739 3924 2027 3979 universa

325 4007 517 4063 carnis
544 4006 837 4078 ingressus
864 4018 949 4065 est
980 4013 1010 4064 5
1035 4010 1231 4066 Octob.
1269 4011 1427 4064 1179.

396 4093 500 4149 XI.
534 4094 771 4151 Pontius
800 4104 1153 4152 memoratur
1183 4096 1485 4154 undecimo
1530 4098 1690 4155 Junii
1718 4099 1777 4155 in
1821 4112 2028 4154 necro-

326 4180 506 4251 logio;
536 4188 593 4237 et
626 4182 854 4251 prafuit
874 4184 1103 4239 duobus
1135 4184 1321 4239 annis.
1343 4186 1530 4256 Hujus
1556 4186 1814 4243 nondum
1843 4186 2024 4257 {dum-

327 4274 485 4323 taxat
515 4281 723 4323 nomen
755 4269 1003 4325 invenio.

2134 3145 2300 3194 cante
2330 3149 2483 3191 anno
2533 3134 2688 3189 1242.
2743 3134 2843 3189 Hic
2904 3133 3397 3190 conï¬rmationem
3456 3133 3845 3190 immunitatis

2137 3225 2360 3295 agestis
2388 3231 2443 3279 et
2474 3220 2975 3292 procurationibus
3002 3222 3255 3278 obtinuit
3304 3235 3340 3276 a
3367 3222 3844 3278 reverendissimo

2136 3310 2357 3366 Thoma
2385 3312 2455 3366 de
2484 3311 2786 3366 Beaumets
2813 3310 3150 3380 archiepisc.
3183 3323 3336 3366 anno
3405 3312 3559 3377 1249,
3602 3317 3660 3366 et
3716 3319 3844 3381 post

2140 3400 2205 3453 14
2236 3412 2419 3455 annos
2473 3396 2769 3469 regiminis
2828 3397 2943 3453 fato
2984 3396 3218 3454 functus
3267 3401 3410 3453 est5
3453 3398 3643 3454 Nonas
3701 3398 3841 3456 Julii

2141 3487 2303 3541 1254.

2206 3575 2357 3631 XIX.
2389 3573 2681 3631 Gerardus
2723 3573 2794 3627 de
2823 3571 3083 3644 (Î£ÎµÎ½Ï„á½·Î±Î½,
3144 3572 3232 3629 vel
3277 3573 3476 3645 ÏƒÎµÎ¹-Î·Î½.
3528 3573 3591 3629 Ei
3627 3574 3837 3630 conï¬r-

2135 3663 2315 3719 mavit
2387 3661 2689 3732 privilegia
2758 3660 3086 3717 Alexander
3152 3661 3246 3727 IV,
3313 3670 3369 3717 et
3432 3662 3708 3729 concedit,
3775 3670 3838 3719 ut

2136 3752 2341 3808 festum
2385 3749 2536 3806 beati
2592 3748 2803 3806 Nicasii
2851 3749 3181 3805 solemniter
3240 3750 3578 3817 celebretur,
3629 3758 3745 3806 tam
3804 3766 3837 3806 a

2133 3838 2285 3896 clero
2325 3851 2500 3908 quam
2533 3850 2568 3892 a
2614 3837 2828 3907 populo
2883 3836 2942 3892 in
3000 3837 3293 3908 provincia
3343 3838 3625 3905 Remensi,
3667 3839 3833 3895 Inno-

2134 3927 2357 3983 centius
2404 3925 2711 3996 permittit,
2761 3930 2915 3981 640
2961 3932 3025 3981 ut
3071 3925 3322 3996 religiosi
3371 3934 3595 3995 possent
3644 3938 3834 3980 succe-

2133 4015 2267 4071 dere
2328 4013 2491 4070 bonis
2566 4012 2841 4083 paternis,
2896 4028 3003 4069 nec
3054 4021 3279 4083 possent
3322 4013 3827 4074 excommunicari.

2134 4111 2237 4159 aut
2270 4102 2558 4172 prohiberi
2590 4101 2879 4157 celebrare
2904 4102 3102 4157 divina
3151 4101 3340 4158 ofï¬cia
3368 4109 3621 4171 tempore
3668 4102 3831 4157 inter-

2134 4191 2269 4247 dicti
2297 4190 2494 4261 januis
2529 4189 2758 4245 clausis.
2819 4189 3057 4246 Gerardi
3101 4198 3354 4260 tempore
3404 4189 3472 4245 lis
3519 4197 3671 4245 mota
3721 4198 3822 4257 est,

2136 4293 2238 4349 pro
2290 4278 2723 4335 conservatione
2798 4278 3049 4334 clavium
3121 4285 3297 4348 porta
3367 4277 3631 4344 civitatis,
3696 4292 3823 4347 qua

397 4351 523 4406 XII.
584 4353 936 4424 Reginaldus
986 4355 1198 4413 electus
1227 4358 1332 4415 rite
1359 4367 1415 4415 et
1465 4360 1793 4417 solemniter
1823 4374 1857 4416 a
1887 4376 2022 4418 con-
2063 4358 2107 4412 D
2138 4366 2329 4423 Sancti
2356 4365 2566 4422 Nicasii
2597 4365 2912 4421 dicebatur.
2946 4364 3097 4422 Obiit
3127 4368 3192 4421 17
3219 4364 3346 4421 Maii
3380 4367 3535 4420 1263.

324 4438 603 4497 fratribus
632 4442 931 4513 religiosis,
962 4457 1117 4500 anno
1150 4449 1304 4501 1181.
1336 4448 1401 4503 Ei
1433 4448 1738 4505 conï¬rmat
1788 4450 2027 4520 privile-

325 4527 421 4597 gia
450 4526 711 4584 Clemens
740 4530 838 4597 III,
868 4538 924 4587 et
954 4531 1206 4590 obtinuit
1254 4534 1523 4591 unionem
1556 4538 1845 4606 prioratus
1892 4538 2024 4594 Ber-

322 4614 602 4671 bacensis.
636 4616 872 4674 Abdicat
900 4633 1055 4677 anno
1086 4622 1249 4691 1193;
1275 4624 1427 4695 jacet
1456 4624 1514 4681 in
1541 4626 1811 4695 capitulo.

393 4706 542 4762 XIII.
632 4708 915 4777 Galterus,
982 4718 1106 4779 post
1175 4710 1594 4769 abdicationem
1659 4715 2028 4784 praecedentis

320 4792 550 4858 electus.
580 4796 686 4853 fuit
706 4796 839 4853 vita
866 4805 922 4854 et
951 4798 1228 4855 doctrina
1262 4801 1625 4871 venerabilis,
1668 4802 1837 4873 cujus
1876 4804 2028 4860 fama

324 4894 424 4950 per
462 4891 638 4940 totam
689 4886 1013 4954 percrebuit
1066 4886 1450 4957 Provinciam,
1482 4904 1655 4959 quem
1708 4891 1863 4960 apud
1923 4907 2027 4949 nos

322 4982 429 5025 sua
496 4971 821 5041 loquuntur
887 4987 1082 5044 opera,
1149 4989 1219 5030 ex
1275 4976 1514 5045 epistola
1553 4977 1800 5035 fratrum
1835 4979 2025 5037 Sancti

321 5057 560 5113 Amandi
592 5058 651 5114 in
688 5060 922 5128 Pabulo,
958 5062 1059 5131 qui
1098 5069 1153 5118 et
1182 5060 1346 5118 illum
1402 5066 1594 5121 statim
1649 5066 1708 5121 in
1763 5066 2023 5124 abbatem

322 5144 714 5212 postularunt;
749 5148 903 5203 unde
933 5150 1133 5218 paucis
1151 5151 1322 5206 annis
1356 5152 1601 5221 praefuit.

393 5231 537 5286 XIV.
582 5233 925 5290 Hardericus
955 5236 1289 5293 nominatur
1308 5239 1367 5294 in
1405 5241 1671 5297 societate
1708 5242 1850 5297 inita
1890 5257 2023 5299 cum

322 5318 649 5373 reverendis
677 5319 953 5377 fratribus
983 5322 1171 5379 Sancti
1201 5326 1466 5393 Amandi,
1510 5331 1662 5383 1193.
1706 5330 1810 5385 Hic
1853 5331 2022 5386 etiam

322 5414 523 5475 sponte
555 5409 867 5475 abdicavit,
902 5420 1028 5481 post
1059 5420 1171 5469 tres
1202 5428 1385 5471 annos
1415 5418 1788 5486 prafectura.

388 5495 505 5550 XV.
543 5497 753 5567 Drogo,
806 5499 904 5553 Dei
957 5514 1151 5557 amore
1209 5503 1695 5575 ï¬‚agrantissimus
1725 5522 1792 5563 ac
1821 5507 2023 5564 litteris

321 5580 659 5642 liberalibus
686 5588 944 5658 apprime
993 5589 1276 5659 eruditus,
1332 5592 1732 5651 anniversaria
1787 5596 2023 5652 benefa-

2207 4454 2324 4510 XX.
2353 4454 2479 4509 Milo
2519 4453 2811 4509 Croissart
2858 4453 3094 4524 eligitur
3121 4467 3156 4508 a
3200 4454 3417 4509 Joanne
3470 4453 3539 4509 de
3603 4453 3823 4510 Courta-

2138 4544 2269 4598 naio
2294 4542 2718 4612 archiepiscopo
2751 4542 3035 4609 Remensi,
3068 4542 3191 4598 sine
3234 4542 3567 4612 prajudicio
3608 4541 3820 4611 jurium

2137 4638 2190 4687 et
2237 4630 2518 4687 libertatis
2569 4629 2920 4697 monasterii,
2974 4638 3039 4686 ut
3088 4631 3205 4700 ipse
3255 4630 3506 4686 declarat
3539 4629 3596 4684 in
3631 4630 3823 4686 charta

2138 4718 2368 4789 proprio
2423 4718 2609 4789 sigillo
2666 4719 2912 4774 munita.
2953 4718 3189 4775 Prafuit
3238 4719 3499 4788 quinque
3537 4718 3717 4785 annis,
3771 4727 3824 4775 et

2135 4807 2275 4863 obiit
2293 4809 2361 4862 26
2387 4806 2647 4863 Octobris
2672 4806 2835 4861 1269.

2206 4896 2335 4950 XXI.
2367 4896 2613 4951 Joannes
2641 4894 2719 4950 III
2767 4894 2955 4950 dictus
2993 4894 3063 4950 de
3100 4893 3305 4950 Sancto
3366 4892 3621 4949 Ferreolo
3673 4908 3815 4963 pra-

2137 4980 2246 5037 fuit
2298 4981 2469 5036 unico
2508 4993 2681 5036 anno.
2741 4979 2987 5035 Notatur
3050 4979 3108 5035 in
3153 4978 3486 5049 Necrologio
3557 4980 3615 5032 21
3692 4980 3810 5036 Au-

2136 5068 2309 5139 gusti.

2204 5156 2386 5213 XXII.
2420 5155 2732 5211 Guibertus
2779 5154 3332 5210 administrationem
3362 5153 3605 5224 sumpsit
3657 5158 3813 5224 1279;

2135 5245 2231 5301 hic
2257 5243 2483 5314 excepit
2537 5242 2866 5313 Philippum
2920 5250 2975 5299 et
3018 5243 3256 5298 ll.ariam
3314 5243 3572 5313 reginam
3611 5247 3669 5299 in
3719 5258 3814 5300 suo

2133 5332 2498 5399 monasterio,
2546 5331 2764 5402 quibus
2823 5331 2990 5387 valde
3040 5330 3255 5387 charus
3300 5340 3442 5386 erat.
3484 5331 3815 5403 Recognovit

2133 5422 2423 5479 abbatiam
2443 5421 2647 5477 essein
2698 5420 2962 5491 guardia,
3011 5433 3115 5475 seu
3170 5419 3516 5489 proiectione
3558 5422 3814 5492 archiepi'

2132 5510 2288 5580 scopi
2323 5510 2485 5577 1284;
2516 5509 2657 5563 obiit
2703 5516 2823 5578 post
2883 5508 2948 5564 18
2998 5520 3183 5563 annos
3233 5507 3547 5577 regiminis,
3585 5507 3731 5579 jacet
3764 5510 3811 5562 in

2134 5596 2354 5667 capella
2379 5596 2634 5653 claustri.
