3930 6396
27 373 224 442 λ1149

1334 391 1556 448 ΠΟΜΝῙ
1585 393 1644 447 L.
1688 391 2042 449 D’ACHERY
2081 394 2299 449 NOTE.

3463 404 3598 458 1150

12 513 41 564 “ait
146 513 366 574 XXIII.
396 518 515 574 Odo
544 519 599 573 le
635 517 788 586 Plat,
821 519 1034 575 Remus
1062 519 1332 575 canonice
1369 527 1423 576 et
1455 520 1784 577 solemniter
1823 524 1865 576 Α
1964 523 2204 578 XXXII.
2261 523 2454 580 Simon
2516 525 2773 580 Maubert
2819 527 3114 586 Trecensis
3136 545 3152 599 ;
3215 531 3596 589 obedientiam

61 603 318 671 electus,
356 605 710 661 benedicitur
739 620 773 660 a
815 606 980 661 Petro
1019 607 1468 678 archiepiscopo,
1515 609 1616 678 qui
1657 609 1784 678 ejus

14 692 346 748 tt-electioni
396 702 777 749 consenserat.
822 693 1184 748 Theobaldus
1223 695 1344 750 dux
1400 695 1785 766 Lotharingiae

29 780 124 834 ;ei
183 781 508 838 hominium
571 782 702 836 facit
761 783 819 836 in
893 783 1131 837 ecclesia
1195 783 1382 838 Sancti
1441 783 1670 853 Sulpitii
1717 785 1785 839 de

12 881 36 920 iv.
70 869 453 937 Ruminiaco,
489 884 587 938 pro
623 870 801 924 feodis
840 884 873 923 a
923 871 1263 925 monasterio
1308 872 1783 941 dependentibus.

12 972 26 1010 1
65 959 266 1026 Cmpit
295 971 447 1012 anno
481 960 654 1024 1289;
696 959 861 1013 desiit
909 971 1045 1013 vero
1081 961 1234 1013 1297.
1279 960 1437 1015 Iacet
1477 961 1534 1014 in
1565 960 1785 1030 capella

70 1044 286 1099 Sancti
319 1045 598 1111 Quintini.

155 1134 357 1188 XXIV.
390 1134 656 1203 Egidius
686 1134 729 1198 Ι,
759 1133 829 1186 de
853 1133 1105 1199 Landre,
1138 1134 1286 1189 rexit
1313 1135 1544 1190 duobus
1575 1136 1790 1190 mensi—

12 1237 29 1276 κ
71 1220 202 1274 bus
233 1235 365 1276 cum
391 1221 646 1276 dimidio.
680 1219 949 1290 Sepultus
973 1222 1028 1276 in
1061 1221 1277 1291 capella
1306 1221 1458 1277 dicta
1489 1223 1550 1276 la
1583 1223 1788 1290 Verde,

13 1316 28 1362 Ε

12 1491 22 1540 1

12 1591 22 1628 ῑ

12 1765 19 1804 I

76 1310 254 1361 1298.

155 1395 331 1450 XXV.
366 1396 644 1464 Rogerius
674 1396 730 1451 in
764 1396 915 1451 vivis
944 1396 1150 1466 agebat
1180 1410 1333 1452 anno
1367 1399 1540 1462 1299;
1581 1397 1794 1468 legitur

72 1481 140 1536 in
199 1495 472 1551 processu
506 1482 966 1551 Nicasianorum,
1014 1497 1116 1552 pro
1154 1484 1286 1553 jure
1322 1484 1520 1539 tuendi
1551 1485 1794 1540 chorum

75 1570 142 1624 in
211 1569 626 1639 supplicatione
673 1571 745 1626 ad
799 1579 1060 1626 sanctum
1123 1572 1480 1627 Mauritium.
1532 1573 1686 1628 Iacet
1736 1574 1794 1628 in

75 1658 315 1726 capella
366 1658 586 1714 Sanctae
633 1659 828 1716 Mariae
879 1660 1031 1714 dicta
1060 1660 1129 1714 de
1171 1662 1379 1729 Coucy.
1434 1662 1513 1716 Eo
1540 1669 1732 1716 autem
1763 1675 1795 1716 e

78 1745 242 1800 vivis
269 1746 515 1801 sublato.

158 1843 374 1898 XXVI.
423 1843 688 1912 Egidius
733 1843 778 1896 Il
829 1842 900 1898 de
948 1843 1144 1897 Monte
1186 1844 1443 1910 Cornuto,
1507 1857 1580 1899 ex
1627 1851 1794 1914 gente

11 1943 19 1980 ε
79 1931 434 1997 Castilonea,
467 1931 701 2000 eligitur
750 1944 902 1985 anno
935 1933 1089 1986 1303.
1133 1931 1464 1988 Societatem
1509 1932 1796 1987 contraxit

12 2033 14 2068 :
79 2031 229 2072 cum
273 2017 612 2072 monasterio
651 2015 704 2071 S.
745 2015 890 2071 Petri
927 2015 1360 2072 Catalaunensis
1399 2019 1552 2071 1310.
1602 2017 1797 2072 Domi-

80 2119 208 2160 nus
249 2104 622 2169 Castiloneus,
661 2118 850 2158 comes
891 2104 1071 2160 Castri
1113 2105 1408 2159 Porcensis
1437 2112 1493 2160 et
1537 2111 1795 2160 conesta-

84 2191 360 2247 bularius
405 2190 676 2258 Francize,
733 2191 782 2245 ei
830 2191 1149 2246 hominium
1199 2191 1329 2246 facit
1377 2206 1478 2261 pro
1523 2192 1680 2247 feodo
1728 2193 1796 2247 de

84 2280 396 2349 Rumigni,
432 2287 660 2348 propter
691 2279 929 2334 Mariam
960 2293 1224 2348 sponsam
1257 2293 1422 2335 suam
1453 2294 1604 2336 anno
1638 2283 1792 2334 1313.

84 2368 288 2437 Ipsius
330 2375 582 2436 tempore
629 2367 910 2422 Robertus
963 2368 1032 2422 de
1089 2368 1424 2424 Courtenais
1468 2369 1797 2438 recognovit

87 2455 376 2525 reliquias
405 2455 586 2510 sancti
616 2455 827 2510 Nicasii
874 2469 975 2523 per
1023 2463 1351 2524 aperturam
1402 2471 1607 2526 capsae,
1653 2471 1796 2524 prae-

86 2551 257 2598 sente
292 2543 532 2612 Rogerio
565 2541 754 2597 Sancti
783 2542 1022 2612 Remigii
1065 2543 1290 2598 abbate.
1313 2544 1468 2598 Iacet
1497 2545 1552 2598 in
1579 2545 1798 2613 capella

93 2632 297 2688 Sancti
377 2632 656 2698 Quintini,
740 2631 1008 2686 decorata
1079 2631 1403 2701 insignibus
1463 2633 1798 2688 Castiloneae

89 2721 353 2785 familiae,
386 2728 438 2774 et
470 2719 784 2785 Barrensis,
817 2720 875 2774 in
907 2719 1114 2775 vitreis.

167 2809 380 2865 XXVII.
422 2809 720 2877 Philippus
757 2808 818 2861 la
863 2809 1054 2878 Coque
1085 2807 1318 2879 eligitur
1350 2822 1445 2863 an.
1488 2809 1645 2863 1316.
1698 2810 1800 2866 Vir

92 2898 356 2967 ingentis
386 2896 585 2963 animi,
627 2904 681 2952 et
720 2910 960 2952 summie
1005 2897 1358 2965 prudentiae;
1389 2896 1437 2952 ei
1481 2897 1798 2953 hominium

92 2985 238 3041 facit
270 2984 535 3039 Ferricus
567 2985 687 3039 dux
721 2984 1124 3054 Lotharingiaa,
1160 2999 1262 3053 pro
1302 2984 1476 3040 feodis
1507 2985 1572 3040 de
1606 2984 1801 3041 Rumi-

1892 611 2319 680 archiepiscopo
2365 613 2522 668 vovit
2571 629 2762 670 mense
2799 616 3121 673 Iannuario
3171 621 3306 673 1392
3375 635 3494 690 quo
3542 629 3598 677 et

1895 699 2302 754 benedictionis
2326 715 2540 756 munus
2579 703 2652 757 ab
2683 703 2879 757 eodem
2931 715 3277 762 consecutus
3316 717 3417 762 est.
3453 709 3597 764 Huic

1895 787 2180 842 Florentia
2217 787 2286 842 de
2329 787 2649 853 Ribemont,
2693 789 2926 846 domina
2959 792 3028 846 de
3060 793 3243 859 Chini,
3287 804 3340 850 et
3368 796 3435 850 de
3467 796 3599 852 Ger-

1896 877 2094 946 migni,
2149 876 2466 932 hominium
2540 878 2668 934 fecit
2728 894 2827 948 pro
2897 881 3074 936 feodis
3112 896 3184 937 ex
3253 885 3598 940 monasterio

1894 963 2368 1032 dependentibus,
2451 966 2507 1020 in
2575 969 2876 1036 praesentia
2955 969 3240 1025 Guillelmi
3327 972 3597 1027 Fillastrii

1897 1052 2092 1107 vicarii
2143 1054 2424 1124 generalis
2471 1057 2605 1110 1398
2661 1056 2813 1111 Obiit
2847 1059 2910 1110 19
2948 1058 3206 1113 Iannarii
3254 1062 3407 1113 1405.
3439 1061 3597 1114 Iacet

1899 1141 1956 1195 in
1982 1141 2198 1210 capella
2228 1143 2410 1198 Beata;
2450 1143 2663 1210 Mariae,
2696 1143 2845 1199 dicta
2884 1144 2945 1198 la
2996 1145 3190 1211 Verde,
3225 1155 3376 1201 retro
3407 1148 3597 1217 majus

1898 1229 2099 1286 altare.

1969 1318 2223 1373 XXXIII.
2271 1319 2534 1388 [Egidius
2570 1320 2668 1385 III,
2697 1321 2970 1387 Jennarl,
3019 1322 3401 1377 obedientiam
3458 1337 3598 1392 pra}-

1899 1407 2040 1462 stitit
2064 1406 2327 1462 Ecclesiae
2360 1408 2640 1474 Remensi,
2676 1411 2743 1462 24
2773 1409 2960 1464 Martii
2996 1412 3150 1475 1406,
3177 1421 3331 1465 more
3359 1409 3593 1466 Gallico.

1899 1495 2049 1550 Obiit
2080 1495 2307 1550 Parisiis
2341 1499 2403 1549 18
2435 1496 2624 1551 Martii
2659 1498 2812 1552 1408.

1970 1583 2234 1639 XXXIV.
2283 1583 2551 1638 Nicolaus
2622 1585 2849 1639 Duchet
2902 1599 2974 1640 ex
3030 1585 3333 1655 przeposito
3401 1585 3594 1640 Sancti

1902 1670 2163 1740 Remigii,
2205 1679 2259 1726 et
2306 1671 2508 1726 abbate
2543 1671 2734 1726 Sancti
2788 1672 2995 1740 Basoli,
3046 1672 3295 1727 obtinuit
3325 1671 3597 1727 unionem

1902 1758 2192 1828 prioratus
2226 1758 2294 1813 de
2339 1758 2520 1824 Finia,
2566 1760 2623 1814 in
2666 1759 2916 1814 favorem
2960 1774 3172 1815 mensae
3215 1759 3518 1815 abbatialis
3545 1767 3601 1816 et

1903 1850 2238 1902 conventus.
2290 1847 2427 1902 Fato
2476 1847 2710 1903 functus
2755 1849 2828 1903 22
2874 1849 3199 1903 Decembris
3241 1849 3396 1902 1430.
3446 1849 3602 1904 Iacet

1905 1948 2074 2003 prope
2095 1935 2412 1990 sacrarium
2441 1935 2499 1990 in
2529 1936 2665 1990 navi
2697 1936 2943 1991 ecclesize
2973 1951 3045 1991 ex
3076 1935 3427 2006 Necrologio.

1975 2022 2208 2078 XXXV.
2264 2023 2511 2078 Iacobus
2550 2024 2592 2090 Ι,
2636 2024 2938 2091 Gueulart,
2968 2024 3244 2078 canonice
3285 2023 3499 2079 electus
3543 2023 3602 2078 in

1902 2110 2172 2178 capitulo,
2213 2110 2608 2180 juramentum
2659 2112 2886 2168 solitum
2944 2112 3012 2167 de
3075 2111 3398 2167 obedientia
3450 2125 3603 2181 prae-

1903 2199 2105 2253 standa
2133 2199 2394 2254 Ecclesiae
2425 2200 2686 2255 Remensi
2719 2200 2896 2255 edidit
2931 2203 3004 2254 28
3031 2199 3188 2254 Iunii
3225 2199 3380 2252 1430.
3414 2199 3602 2255 Iudex

1904 2285 2199 2355 delegatus
2229 2299 2262 2340 a
2289 2301 2514 2341 summo
2556 2287 2841 2356 pontifice,
2895 2300 2997 2356 pro
3030 2286 3227 2342 litibus
3265 2287 3604 2342 dirimendis

1909 2372 2054 2428 inter
2087 2380 2317 2428 curatos
2357 2374 2517 2428 urbis
2566 2375 2878 2441 Remensis,
2928 2383 2982 2430 et
3035 2375 3328 2444 religiosos
3373 2373 3604 2428 mendi-

1906 2468 2119 2514 cantes.
2181 2461 2350 2516 Rexit
2401 2463 2460 2514 21
2507 2463 2695 2528 annis,
2745 2461 3009 2530 sepultus
3061 2464 3124 2515 19
3175 2461 3390 2530 Aprilis
3444 2463 3600 2516 1451.

1907 2540 2040 2602 Post
2066 2548 2356 2602 decessum
2398 2548 2580 2618 ipsius
2609 2549 2908 2604 conflictus
2938 2549 3168 2604 emersit
3216 2549 3363 2603 inter
3385 2548 3604 2603 officia-

1906 2635 2021 2690 rios
2073 2635 2274 2705 regios,
2317 2644 2371 2690 et
2429 2637 2728 2692 baillivum
2793 2637 3240 2706 archiepiscopi,
3295 2642 3436 2691 64!
3501 2650 3603 2705 pro

1906 2723 2160 2779 Guardia
2188 2738 2288 2779 seu
2338 2725 2682 2794 protectione
2716 2724 2996 2780 bonorum
3033 2723 3434 2793 temporalium
3479 2737 3605 2779 mo-

1908 2810 2166 2865 nasterii.

1980 2898 2242 2954 XXXVI.
2294 2899 2543 2954 Iacobus
2614 2899 2680 2964 II,
2735 2897 3071 2968 Champion,
3139 2899 3287 2954 rexit
3336 2896 3604 2953 undecim

1907 2985 2077 3038 annis
2125 2999 2255 3039 cum
2307 2993 2561 3054 quatuor
2609 2986 2918 3050 mensibus,
2975 2988 3034 3038 15
3076 2985 3421 3053 Septembris
3469 2985 3605 3038 1462

92 3074 220 3144 gni,
279 3072 338 3127 in
387 3072 512 3160 vico
566 3072 866 3160 Remensi,
929 3071 1105 3160 dicto
1153 3071 1208 3160 le
1236 3159 1241 3160 γ
1271 3072 1585 3126 Βανὸωίνε
1642 3075 1794 3139 1318,
1837 3103 1877 3160 c
1911 3080 2193 3160 mortuus.
2242 3075 2371 3127 Post
2396 3073 2774 3160 obitumiejus
2802 3073 3141 3160 Guillelmus
3184 3072 3399 3160 Bouille
3427 3085 3605 3127 cano-

95 3168 414 3230 postquam
461 3158 800 3214 declarasset
850 3158 1108 3228 praestari
1157 3159 1363 3214 debere
1398 3160 1456 3214 in
1508 3159 1691 3229 burgo
1734 3161 1804 3216 de

95 3247 402 3317 Rumigni.
446 3247 746 3316 Philippus
784 3247 1070 3302 contraxit
1103 3247 1424 3304 societatem
1471 3262 1604 3304 cum
1650 3249 1802 3318 capi-

92 3338 220 3392 tulo
255 3336 541 3401 Remensi,
578 3336 636 3392 in
667 3350 785 3405 qua
813 3335 1019 3391 modus
1051 3336 1347 3391 incedendi
1386 3337 1442 3391 in
1492 3337 1795 3406 processio-

93 3425 278 3480 nibus
312 3424 557 3493 publicis
605 3423 1016 3493 praescribitur.
1069 3423 1417 3479 Memoratur
1447 3424 1505 3479 in
1555 3425 1804 3482 Historia

96 3511 297 3576 Leod.,
349 3509 442 3564 fol.
501 3511 622 3564 384.
674 3510 869 3565 Univit
917 3509 1205 3578 prioratus
1255 3511 1326 3566 de
1394 3512 1558 3579 Ham,
1627 3521 1680 3568 et
1734 3513 1804 3568 de

96 3597 445 3652 Betencourt
471 3610 682 3651 mensae
710 3595 1023 3662 abbatiali;
1055 3610 1208 3652 anno
1253 3599 1387 3652 1346
1418 3599 1576 3654 senio
1620 3599 1804 3654 confe-

95 3693 230 3740 ctus
259 3684 570 3740 abdicavit.
603 3685 670 3739 In
699 3684 904 3740 sacello
935 3684 1154 3740 Sanctae
1181 3686 1472 3756 Eutropia:
1518 3687 1798 3756 sepultus,

97 3787 258 3828 anno
291 3774 445 3826 1348.

173 3863 418 3917 XXVIII.
468 3861 653 3918 Guido
703 3862 907 3916 Morel.
953 3863 1356 3918 Iuramentum
1410 3864 1668 3933 praestitit
1719 3878 1805 3919 ec-

14 3979 22 4016 ε
102 3950 293 4005 clesiae
343 3952 603 4005 Remensi
645 3959 769 4020 post
804 3964 969 4006 suam
1015 3950 1364 4018 electionem,
1397 3954 1429 4005 8
1477 3952 1803 4008 Decembris

107 4041 266 4105 1349,
321 4047 376 4094 et
420 4039 557 4109 jura
620 4040 950 4094 monasterii
1009 4053 1284 4110 generose
1333 4041 1518 4096 tuitus
1583 4049 1686 4107 est,
1736 4055 1803 4095 ac

103 4128 516 4196 possessionem
583 4127 962 4198 reliquiarum
1021 4129 1201 4184 sancti
1267 4127 1476 4183 Nicasii
1524 4131 1803 4184 adversus

104 4213 430 4282 capitulum
479 4214 769 4269 Remense.
822 4213 972 4270 Obiit
1024 4217 1054 4268 5
1105 4215 1367 4270 Ianuarii
1420 4218 1572 4281 I363,
1638 4223 1692 4270 et
1744 4216 1800 4270 in

103 4301 329 4370 capella
371 4301 440 4356 de
487 4301 786 4369 Couciaco,
833 4315 934 4357 seu
984 4302 1162 4358 beata:
1211 4302 1405 4358 Mariae
1455 4303 1525 4358 de
1581 4303 1801 4358 Laetitia

104 4389 404 4458 sepelitur.

177 4477 391 4532 XXIX.
440 4477 644 4532 Petrus
691 4477 994 4547 Cocquelet
1061 4476 1347 4533 abbatiam
1413 4477 1654 4548 adeptus
1707 4493 1807 4548 per

104 4566 552 4636 resignationem
611 4565 871 4633 prastitit
925 4566 1303 4622 obedientiam
1353 4566 1800 4636 archiepiscopo,

104 4656 135 4706 6
173 4653 308 4708 Maii
351 4655 506 4707 1364.
548 4652 614 4707 Ei
667 4653 939 4708 Urbanus
983 4653 1051 4710 V.
1099 4654 1464 4710 confirmavit
1504 4655 1806 4726 privilegia

105 4741 458 4796 monasterii.
527 4742 680 4796 Iacet
741 4741 801 4796 in
847 4741 1066 4810 capella
1116 4742 1184 4797 de
1236 4741 1512 4798 Couciaco
1565 4755 1689 4813 pOSt
1743 4747 1802 4797 17

104 4841 244 4883 ann.
279 4827 594 4899 regiminis.
629 4829 710 4883 Eo
736 4842 872 4883 vero
903 4829 1191 4885 hominem
1216 4839 1484 4886 exuente.

177 4917 334 4972 XXX.
373 4916 712 4972 Guillelmus
741 4916 812 4970 de
840 4915 1064 4970 Illiniis
1103 4932 1171 4973 ex
1219 4918 1425 4975 abbate
1465 4919 1653 4975 Sancti
1698 4921 1803 4976 Ba-

104 5003 208 5058 soli
250 5019 348 5074 per
391 5005 635 5075 gratiam
663 5005 1106 5074 exspectativam
1140 5015 1510 5075 promovetur
1567 5010 1694 5063 1381
1753 5020 1810 5067 et

106 5100 232 5160 post
263 5102 387 5148 octo
416 5108 599 5148 annos
626 5094 975 5162 praefecturae
1008 5093 1068 5148 fit
1095 5096 1400 5164 episcopus
1431 5095 1805 5168 Vivariensis,

108 5181 355 5237 omissus
400 5196 433 5237 a
479 5181 721 5238 Claudio
770 5183 1038 5238 Roberto.
1074 5182 1420 5240 Nominatur
1468 5185 1526 5238 in
1575 5187 1811 5242 consilio

110 5269 262 5338 regis
292 5284 444 5325 anno
481 5273 630 5325 1398.
677 5272 741 5326 In
794 5271 1044 5326 Historia
1085 5271 1602 5329 Montmorenciaca
1653 5275 1810 5345 apud

115 5356 419 5414 Andraeam
449 5359 766 5414 Duchesne.

185 5445 376 5502 XXXI.
411 5447 788 5503 Iosserandus
825 5447 897 5501 de
942 5447 1178 5516 Illiniis,
1223 5462 1324 5517 per
1367 5449 1809 5520 resignationem

117 5533 486 5598 praecedentis
533 5535 760 5602 praefuit
800 5535 983 5590 tribus
1031 5515 1239 5601 annirsi
1290 5515 1552 5592 mortuus
1601 5541 1666 5592 28
1700 5540 1809 5594 De-

116 5621 358 5677 cembris
390 5624 545 5676 1392.

1911 3159 2076 3215 nicus
2140 3160 2530 3215 Noviomensis
2585 3159 2834 3215 obtinuit
2879 3159 3168 3214 abbatiam
3222 3159 3280 3213 in
3325 3173 3608 3214 commen-

1910 3245 2062 3312 dam,
2100 3259 2198 3314 per
2248 3244 2462 3300 litteras
2509 3245 2872 3316 apostolicas,
2920 3245 3137 3314 quibus
3181 3243 3398 3299 scabini
3445 3244 3608 3299 urbis

1910 3347 2042 3388 cum
2094 3333 2390 3388 monachis
2437 3333 2897 3399 intercesserunt,
2948 3342 3010 3389 ut
3054 3347 3126 3388 ex
3175 3333 3332 3387 Actis
3372 3332 3614 3401 capituli

1909 3421 2160 3477 ecclesiae
2187 3421 2530 3476 cathedralis
2575 3429 2796 3477 constat
2843 3423 2907 3476 14
2957 3421 3252 3476 Februarii
3291 3423 3444 3475 1465.
3479 3421 3608 3475 Post

1913 3510 2067 3565 hunc
2099 3509 2420 3565 Ricbardus
2448 3510 2516 3566 de
2553 3510 2823 3580 Longueil
2873 3509 3180 3565 cardinalis
3213 3507 3608 3564 Constantien-

1910 3598 1988 3652 sis
2039 3598 2448 3667 possessionem
2500 3598 2667 3666 coepit
2716 3599 2929 3653 virtute
2975 3598 3297 3654 litterarum
3336 3611 3436 3666 per
3467 3608 3606 3666 gra-

1911 3687 2048 3741 tiam
2079 3686 2524 3755 exspectativam
2569 3686 2957 3752 obtentarum,
3002 3688 3100 3742 sed
3149 3686 3401 3756 resignat
3434 3685 3492 3738 in
3523 3683 3606 3738 fa-

1910 3789 2105 3830 vorem
2133 3775 2446 3843 sequentis.

1979 3863 2264 3918 XXXVII.
2295 3864 2542 3917 Ioannes
2577 3861 2671 3929 IV,
2703 3861 3004 3934 Jacquier,
3038 3877 3138 3932 per
3164 3862 3608 3933 resignationem

1909 3966 2010 4007 seu
2084 3959 2454 4020 spontaneam
2521 3950 2924 4006 demissionem
3022 3950 3353 4017 cardinalis,
3435 3961 3608 4018 quem

1912 4043 2118 4096 iterum
2166 4041 2432 4097 Nicolaus
2480 4041 2697 4096 Bnuille
2757 4040 3183 4110 protonotarius
3252 4048 3307 4094 et
3358 4039 3612 4093 decanus

1910 4129 2323 4196 Noviomensis,
2380 4130 2570 4185 turbat
2631 4130 2688 4184 in
2769 4128 3006 4198 pacifica
3069 4127 3440 4197 possessione,
3511 4124 3610 4180 sed

1912 4215 2030 4285 ipse
2071 4217 2450 4272 confirmatur
2501 4231 2534 4270 a
2585 4217 2762 4272 Paulo
2813 4218 2880 4282 II,
2933 4218 3086 4271 1467.
3133 4218 3236 4272 Hic
3285 4215 3611 4271 societatem

1912 4304 2079 4360 inivit
2106 4319 2237 4360 cum
2294 4306 2591 4360 monachis
2620 4305 2810 4360 Sancti
2860 4304 3103 4360 Cornelii
3145 4303 3612 4374 Compendiensis

1843 4393 2072 4448 D1471.
2122 4393 2272 4450 Obiit
2325 4395 2389 4448 14
2430 4395 2566 4450 Julii
2622 4395 2775 4459 1483,
2826 4394 2935 4450 sub
2993 4393 3216 4450 tumulo
3290 4391 3498 4463 IEgidii
3543 4391 3612 4446 de

1913 4480 2259 4536 Montcornet
2288 4481 2564 4550 sepultus.

1985 4570 2300 4626 XXXVIII.
2334 4571 2581 4626 Ioannes
2601 4569 2670 4636 V,
2701 4566 3049 4638 Fransquin,
3104 4567 3524 4633 thesaurarius,
3555 4573 3612 4622 et

1914 4658 2109 4713 doctor
2140 4659 2193 4712 in
2239 4659 2498 4724 decretis,
2541 4658 2814 4713 canonice
2859 4657 3095 4727 eligitur
3126 4669 3317 4711 mense
3366 4653 3613 4725 Augusti

1918 4748 2091 4816 1483;
2125 4747 2222 4802 sed
2253 4746 2506 4802 turbavit
2532 4760 2665 4802 eum
2699 4760 2798 4815 per
2845 4759 3064 4800 annum
3109 4745 3392 4800 Robertus
3420 4745 3615 4800 Lescot

1914 4835 2311 4891 vicedominus
2359 4835 2609 4892 ecclesia
2658 4834 2972 4891 Remensis.
3014 4832 3163 4889 Obiit
3193 4835 3225 4885 2
3269 4831 3402 4886 Iulii
3454 4833 3610 4896 1500,

1916 4931 2039 4992 post
2090 4926 2155 4976 17
2202 4937 2382 4978 annos
2438 4923 2753 4993 regiminis.
2823 4923 2976 4978 Iacet
3043 4921 3098 4975 in
3169 4919 3372 4974 sacello
3435 4920 3614 4974 beatae

1917 5011 2132 5078 Mariae,
2165 5011 2314 5066 dicto
2344 5011 2405 5065 la
2457 5010 2666 5078 Ver-de,
2721 5025 2881 5066 nunc
2912 5009 3042 5064 Boni
3101 5006 3320 5064 Nuntii.
3374 5006 3615 5063 Vacavit

1915 5099 2150 5155 abbatia
2175 5107 2289 5154 tres
2319 5113 2556 5154 menses.

1990 5188 2256 5243 XXXIX.
2289 5189 2534 5243 Ioannes
2566 5187 2662 5254 VI,
2697 5185 3007 5246 Willemel,
3043 5184 3380 5250 Retellinus,
3428 5183 3612 5238 virtu-

1920 5277 1990 5330 tis
2033 5283 2088 5331 et
2151 5275 2423 5331 doctrinae
2485 5274 2978 5329 commendatione
3045 5273 3255 5337 clarus,
3317 5271 3616 5327 ecclesiam

1919 5363 2116 5419 multis
2177 5363 2532 5419 ornamentis
2599 5361 2909 5430 decoravit,
2966 5360 3253 5430 pulpitum
3307 5360 3508 5425 erexit,
3561 5366 3617 5414 et

1918 5452 2177 5508 redditus
2220 5452 2572 5506 sufficienter
2628 5451 2859 5519 reliquit
2912 5463 3010 5518 pro
3072 5447 3468 5503 anniversario
3525 5447 3616 5502 die

1919 5540 2110 5595 obitus
2157 5541 2512 5605 celebrando,
2568 5541 2788 5594 decimo
2836 5538 3095 5593 Octobris
3146 5539 3298 5590 1521.
3345 5535 3613 5604 Sepultus

1921 5628 1979 5683 in
2013 5630 2200 5684 medio
2229 5627 2384 5685 chori
2411 5628 2575 5700 juxta
2605 5628 2861 5699 aquilam
2885 5640 3123 5682 teneam.
