  <div class='ocr_page' id='page_1' title='image "/cluster/home/n/w/nwhite01/storage/ocr_20150623/156-157/uc1.31175010662024/581.png"; bbox 0 0 3930 6428; ppageno 0'>
   <div class='ocr_carea' id='block_1_1' title="bbox 355 372 483 425">
    <p class='ocr_par' dir='ltr' id='par_1_1' title="bbox 355 372 483 425">
     <span class='ocr_line' id='line_1_1' title="bbox 355 372 483 425; baseline 0.008 -1"><span class='ocrx_word' id='word_1_1' title='bbox 355 372 483 425; x_wconf 86' lang='grc'><strong>1151</strong></span> 
     </span>
    </p>
   </div>
   <div class='ocr_carea' id='block_1_2' title="bbox 1376 366 2811 425">
    <p class='ocr_par' dir='ltr' id='par_1_2' title="bbox 1376 366 2811 425">
     <span class='ocr_line' id='line_1_2' title="bbox 1376 366 2811 425; baseline 0.001 -2"><span class='ocrx_word' id='word_1_2' title='bbox 1376 369 1469 424; x_wconf 81' lang='lat' dir='ltr'><strong>AD</strong></span> <span class='ocrx_word' id='word_1_3' title='bbox 1508 368 1662 423; x_wconf 89' lang='lat' dir='ltr'><strong>OPP.</strong></span> <span class='ocrx_word' id='word_1_4' title='bbox 1703 368 1861 424; x_wconf 84' lang='lat' dir='ltr'><strong>VEN.</strong></span> <span class='ocrx_word' id='word_1_5' title='bbox 1904 366 2238 423; x_wconf 76' lang='lat' dir='ltr'><strong>GUIBEBTI</strong></span> <span class='ocrx_word' id='word_1_6' title='bbox 2279 368 2368 422; x_wconf 84' lang='lat' dir='ltr'><strong>DE</strong></span> <span class='ocrx_word' id='word_1_7' title='bbox 2405 366 2811 425; x_wconf 84' lang='lat' dir='ltr'><strong>NOVIGENTO</strong></span> 
     </span>
    </p>
   </div>
   <div class='ocr_carea' id='block_1_3' title="bbox 3729 371 3870 423">
    <p class='ocr_par' dir='ltr' id='par_1_3' title="bbox 3729 371 3870 423">
     <span class='ocr_line' id='line_1_3' title="bbox 3729 371 3870 423; baseline -0.014 0"><span class='ocrx_word' id='word_1_8' title='bbox 3729 371 3870 423; x_wconf 74' lang='lat'><strong>“5‘2</strong></span> 
     </span>
    </p>
   </div>
   <div class='ocr_carea' id='block_1_4' title="bbox 419 492 3867 566">
    <p class='ocr_par' dir='ltr' id='par_1_4' title="bbox 419 492 3867 566">
     <span class='ocr_line' id='line_1_4' title="bbox 419 492 3867 566; baseline 0 -14"><span class='ocrx_word' id='word_1_9' title='bbox 419 496 538 553; x_wconf 84' lang='lat' dir='ltr'><strong>XL.</strong></span> <span class='ocrx_word' id='word_1_10' title='bbox 584 496 833 552; x_wconf 89' lang='lat' dir='ltr'><strong>Jacobus</strong></span> <span class='ocrx_word' id='word_1_11' title='bbox 865 495 959 565; x_wconf 87' lang='grc'><strong>111,</strong></span> <span class='ocrx_word' id='word_1_12' title='bbox 984 494 1223 566; x_wconf 65' lang='lat' dir='ltr'><strong>Joﬁ&#39;rin,</strong></span> <span class='ocrx_word' id='word_1_13' title='bbox 1262 494 1501 551; x_wconf 91' lang='lat' dir='ltr'><strong>ultimus</strong></span> <span class='ocrx_word' id='word_1_14' title='bbox 1551 492 1830 549; x_wconf 82' lang='lat' dir='ltr'><strong>abbatum</strong></span> <span class='ocrx_word' id='word_1_15' title='bbox 1863 506 2042 564; x_wconf 87' lang='lat' dir='ltr'><strong>regu-</strong></span> <span class='ocrx_word' id='word_1_16' title='bbox 2077 500 2124 552; x_wconf 76' lang='grc' dir='ltr'><strong>Α</strong></span> <span class='ocrx_word' id='word_1_17' title='bbox 2150 492 2202 549; x_wconf 91' lang='lat' dir='ltr'><strong>S.</strong></span> <span class='ocrx_word' id='word_1_18' title='bbox 2236 494 2472 550; x_wconf 81' lang='lat' dir='ltr'><strong>Joannis</strong></span> <span class='ocrx_word' id='word_1_19' title='bbox 2503 493 2560 549; x_wconf 92' lang='lat' dir='ltr'><strong>in</strong></span> <span class='ocrx_word' id='word_1_20' title='bbox 2587 496 2798 565; x_wconf 89' lang='lat' dir='ltr'><strong>Burgo,</strong></span> <span class='ocrx_word' id='word_1_21' title='bbox 2831 496 3124 566; x_wconf 90' lang='lat' dir='ltr'><strong>quondam</strong></span> <span class='ocrx_word' id='word_1_22' title='bbox 3156 496 3443 554; x_wconf 89' lang='lat' dir='ltr'><strong>abbatiam</strong></span> <span class='ocrx_word' id='word_1_23' title='bbox 3487 496 3867 562; x_wconf 86' lang='lat' dir='ltr'><strong>monialium,</strong></span> 
     </span>
    </p>
   </div>
   <div class='ocr_carea' id='block_1_5' title="bbox 349 581 2051 652">
    <p class='ocr_par' dir='ltr' id='par_1_5' title="bbox 349 581 2051 652">
     <span class='ocr_line' id='line_1_5' title="bbox 349 581 2051 652; baseline -0.004 -10"><span class='ocrx_word' id='word_1_24' title='bbox 349 584 582 649; x_wconf 86' lang='lat' dir='ltr'><strong>larium,</strong></span> <span class='ocrx_word' id='word_1_25' title='bbox 626 587 673 652; x_wconf 71' lang='lat' dir='ltr'><strong>5a</strong></span> <span class='ocrx_word' id='word_1_26' title='bbox 726 584 956 645; x_wconf 77' lang='lat' dir='ltr'><strong>multis,</strong></span> <span class='ocrx_word' id='word_1_27' title='bbox 995 585 1267 640; x_wconf 87' lang='lat' dir='ltr'><strong>turbatur</strong></span> <span class='ocrx_word' id='word_1_28' title='bbox 1325 583 1385 637; x_wconf 89' lang='lat' dir='ltr'><strong>in</strong></span> <span class='ocrx_word' id='word_1_29' title='bbox 1451 582 1699 650; x_wconf 75' lang='lat' dir='ltr'><strong>pacifica</strong></span> <span class='ocrx_word' id='word_1_30' title='bbox 1749 581 2051 651; x_wconf 84' lang='lat' dir='ltr'><strong>adeptione</strong></span> 
     </span>
    </p>
   </div>
   <div class='ocr_carea' id='block_1_6' title="bbox 352 668 2052 743">
    <p class='ocr_par' dir='ltr' id='par_1_6' title="bbox 352 668 2052 743">
     <span class='ocr_line' id='line_1_6' title="bbox 352 668 2052 743; baseline -0.002 -15"><span class='ocrx_word' id='word_1_31' title='bbox 352 672 649 743; x_wconf 84' lang='lat' dir='ltr'><strong>dignitatis</strong></span> <span class='ocrx_word' id='word_1_32' title='bbox 706 668 1029 739; x_wconf 90' lang='lat' dir='ltr'><strong>abbatialis,</strong></span> <span class='ocrx_word' id='word_1_33' title='bbox 1076 684 1258 741; x_wconf 86' lang='lat' dir='ltr'><strong>quam</strong></span> <span class='ocrx_word' id='word_1_34' title='bbox 1321 668 1557 725; x_wconf 87' lang='lat' dir='ltr'><strong>retinuit</strong></span> <span class='ocrx_word' id='word_1_35' title='bbox 1618 670 1905 725; x_wconf 83' lang='lat' dir='ltr'><strong>duntaxat</strong></span> <span class='ocrx_word' id='word_1_36' title='bbox 1952 681 2052 738; x_wconf 90' lang='lat' dir='ltr'><strong>per</strong></span> 
     </span>
    </p>
   </div>
   <div class='ocr_carea' id='block_1_7' title="bbox 351 756 2052 830">
    <p class='ocr_par' dir='ltr' id='par_1_7' title="bbox 351 756 2052 830">
     <span class='ocr_line' id='line_1_7' title="bbox 351 756 2052 830; baseline -0.002 -14"><span class='ocrx_word' id='word_1_37' title='bbox 351 760 543 816; x_wconf 83' lang='lat' dir='ltr'><strong>decem</strong></span> <span class='ocrx_word' id='word_1_38' title='bbox 576 774 779 828; x_wconf 90' lang='lat' dir='ltr'><strong>annos,</strong></span> <span class='ocrx_word' id='word_1_39' title='bbox 824 773 1127 830; x_wconf 85' lang='lat' dir='ltr'><strong>nunquam</strong></span> <span class='ocrx_word' id='word_1_40' title='bbox 1169 757 1308 814; x_wconf 89' lang='lat' dir='ltr'><strong>satis</strong></span> <span class='ocrx_word' id='word_1_41' title='bbox 1337 757 1666 813; x_wconf 90' lang='lat' dir='ltr'><strong>laudandus</strong></span> <span class='ocrx_word' id='word_1_42' title='bbox 1697 771 1798 827; x_wconf 93' lang='lat' dir='ltr'><strong>pro</strong></span> <span class='ocrx_word' id='word_1_43' title='bbox 1825 756 1892 812; x_wconf 94' lang='lat' dir='ltr'><strong>iis</strong></span> <span class='ocrx_word' id='word_1_44' title='bbox 1920 770 2052 826; x_wconf 83' lang='lat' dir='ltr'><strong>qua</strong></span> 
     </span>
    </p>
   </div>
   <div class='ocr_carea' id='block_1_8' title="bbox 354 845 2056 919">
    <p class='ocr_par' dir='ltr' id='par_1_8' title="bbox 354 845 2056 919">
     <span class='ocr_line' id='line_1_8' title="bbox 354 845 2056 919; baseline -0.002 -16"><span class='ocrx_word' id='word_1_45' title='bbox 354 848 625 918; x_wconf 90' lang='lat' dir='ltr'><strong>praclare</strong></span> <span class='ocrx_word' id='word_1_46' title='bbox 667 848 839 919; x_wconf 83' lang='lat' dir='ltr'><strong>gessit</strong></span> <span class='ocrx_word' id='word_1_47' title='bbox 871 848 928 903; x_wconf 92' lang='lat' dir='ltr'><strong>in</strong></span> <span class='ocrx_word' id='word_1_48' title='bbox 961 854 1338 918; x_wconf 82' lang='lat' dir='ltr'><strong>augmentum</strong></span> <span class='ocrx_word' id='word_1_49' title='bbox 1381 845 1733 900; x_wconf 91' lang='lat' dir='ltr'><strong>monasterii.</strong></span> <span class='ocrx_word' id='word_1_50' title='bbox 1778 845 1905 900; x_wconf 85' lang='lat' dir='ltr'><strong>Dies</strong></span> <span class='ocrx_word' id='word_1_51' title='bbox 1936 845 2056 901; x_wconf 89' lang='lat' dir='ltr'><strong>obi-</strong></span> 
     </span>
    </p>
   </div>
   <div class='ocr_carea' id='block_1_9' title="bbox 352 932 2050 1005">
    <p class='ocr_par' dir='ltr' id='par_1_9' title="bbox 352 932 2050 1005">
     <span class='ocr_line' id='line_1_9' title="bbox 352 932 2050 1005; baseline -0.003 -12"><span class='ocrx_word' id='word_1_52' title='bbox 352 943 447 993; x_wconf 91' lang='lat' dir='ltr'><strong>tus</strong></span> <span class='ocrx_word' id='word_1_53' title='bbox 514 938 573 990; x_wconf 85' lang='grc'><strong>13</strong></span> <span class='ocrx_word' id='word_1_54' title='bbox 621 936 883 993; x_wconf 84' lang='lat' dir='ltr'><strong>Januarii</strong></span> <span class='ocrx_word' id='word_1_55' title='bbox 946 935 1179 1005; x_wconf 89' lang='lat' dir='ltr'><strong>perenni</strong></span> <span class='ocrx_word' id='word_1_56' title='bbox 1247 932 1649 989; x_wconf 89' lang='lat' dir='ltr'><strong>anniversario</strong></span> <span class='ocrx_word' id='word_1_57' title='bbox 1723 933 2050 988; x_wconf 87' lang='lat' dir='ltr'><strong>celebratur</strong></span> 
     </span>
    </p>
   </div>
   <div class='ocr_carea' id='block_1_10' title="bbox 359 1025 515 1079">
    <p class='ocr_par' dir='ltr' id='par_1_10' title="bbox 359 1025 515 1079">
     <span class='ocr_line' id='line_1_10' title="bbox 359 1025 515 1079; baseline -0.026 0"><span class='ocrx_word' id='word_1_58' title='bbox 359 1025 515 1079; x_wconf 81' lang='grc'><strong>1530.</strong></span> 
     </span>
    </p>
   </div>
   <div class='ocr_carea' id='block_1_11' title="bbox 811 1107 1593 1165">
    <p class='ocr_par' dir='ltr' id='par_1_11' title="bbox 811 1107 1593 1165">
     <span class='ocr_line' id='line_1_11' title="bbox 811 1107 1593 1165; baseline -0.004 0"><span class='ocrx_word' id='word_1_59' title='bbox 811 1110 1066 1165; x_wconf 74' lang='lat' dir='ltr'><strong>Abbate:</strong></span> <span class='ocrx_word' id='word_1_60' title='bbox 1093 1107 1593 1165; x_wconf 69' lang='lat' dir='ltr'><strong>commendatur-ii.</strong></span> 
     </span>
    </p>
   </div>
   <div class='ocr_carea' id='block_1_12' title="bbox 424 1194 2053 1266">
    <p class='ocr_par' dir='ltr' id='par_1_12' title="bbox 424 1194 2053 1266">
     <span class='ocr_line' id='line_1_12' title="bbox 424 1194 2053 1266; baseline -0.002 -13"><span class='ocrx_word' id='word_1_61' title='bbox 424 1200 556 1254; x_wconf 86' lang='lat' dir='ltr'><strong>XLI.</strong></span> <span class='ocrx_word' id='word_1_62' title='bbox 589 1199 827 1255; x_wconf 89' lang='lat' dir='ltr'><strong>Carolus</strong></span> <span class='ocrx_word' id='word_1_63' title='bbox 862 1199 963 1252; x_wconf 76' lang='lat' dir='ltr'><strong>des</strong></span> <span class='ocrx_word' id='word_1_64' title='bbox 1017 1199 1240 1262; x_wconf 72' lang='lat' dir='ltr'><strong>Unius,</strong></span> <span class='ocrx_word' id='word_1_65' title='bbox 1278 1196 1725 1266; x_wconf 88' lang='lat' dir='ltr'><strong>protonotarius,</strong></span> <span class='ocrx_word' id='word_1_66' title='bbox 1762 1203 1817 1251; x_wconf 92' lang='lat' dir='ltr'><strong>et</strong></span> <span class='ocrx_word' id='word_1_67' title='bbox 1856 1194 2053 1251; x_wconf 91' lang='lat' dir='ltr'><strong>archi-</strong></span> 
     </span>
    </p>
   </div>
   <div class='ocr_carea' id='block_1_13' title="bbox 354 1283 2050 1357">
    <p class='ocr_par' dir='ltr' id='par_1_13' title="bbox 354 1283 2050 1357">
     <span class='ocr_line' id='line_1_13' title="bbox 354 1283 2050 1357; baseline -0.001 -17"><span class='ocrx_word' id='word_1_68' title='bbox 354 1286 628 1342; x_wconf 83' lang='lat' dir='ltr'><strong>diaconus</strong></span> <span class='ocrx_word' id='word_1_69' title='bbox 667 1286 1014 1357; x_wconf 90' lang='lat' dir='ltr'><strong>Campania,</strong></span> <span class='ocrx_word' id='word_1_70' title='bbox 1064 1285 1125 1341; x_wconf 87' lang='lat' dir='ltr'><strong>in</strong></span> <span class='ocrx_word' id='word_1_71' title='bbox 1168 1284 1405 1341; x_wconf 91' lang='lat' dir='ltr'><strong>ecclesia</strong></span> <span class='ocrx_word' id='word_1_72' title='bbox 1457 1283 1741 1350; x_wconf 82' lang='lat' dir='ltr'><strong>Remensi,</strong></span> <span class='ocrx_word' id='word_1_73' title='bbox 1788 1284 2050 1339; x_wconf 91' lang='lat' dir='ltr'><strong>nomina-</strong></span> 
     </span>
    </p>
   </div>
   <div class='ocr_carea' id='block_1_14' title="bbox 355 1372 2054 1445">
    <p class='ocr_par' dir='ltr' id='par_1_14' title="bbox 355 1372 2054 1445">
     <span class='ocr_line' id='line_1_14' title="bbox 355 1372 2054 1445; baseline 0 -17"><span class='ocrx_word' id='word_1_74' title='bbox 355 1381 452 1429; x_wconf 88' lang='lat' dir='ltr'><strong>tur</strong></span> <span class='ocrx_word' id='word_1_75' title='bbox 480 1387 515 1428; x_wconf 93' lang='lat' dir='ltr'><strong>a</strong></span> <span class='ocrx_word' id='word_1_76' title='bbox 542 1389 673 1445; x_wconf 87' lang='lat' dir='ltr'><strong>rege</strong></span> <span class='ocrx_word' id='word_1_77' title='bbox 718 1375 1038 1431; x_wconf 89' lang='lat' dir='ltr'><strong>secundum</strong></span> <span class='ocrx_word' id='word_1_78' title='bbox 1067 1374 1466 1442; x_wconf 89' lang='lat' dir='ltr'><strong>Concordata;</strong></span> <span class='ocrx_word' id='word_1_79' title='bbox 1514 1372 1665 1428; x_wconf 82' lang='lat' dir='ltr'><strong>rexit</strong></span> <span class='ocrx_word' id='word_1_80' title='bbox 1715 1385 1816 1441; x_wconf 91' lang='lat' dir='ltr'><strong>per</strong></span> <span class='ocrx_word' id='word_1_81' title='bbox 1855 1374 1944 1439; x_wconf 90' lang='lat'><strong>38,</strong></span> <span class='ocrx_word' id='word_1_82' title='bbox 1998 1379 2054 1428; x_wconf 91' lang='lat' dir='ltr'><strong>et</strong></span> 
     </span>
    </p>
   </div>
   <div class='ocr_carea' id='block_1_15' title="bbox 354 1459 2050 1532">
    <p class='ocr_par' dir='ltr' id='par_1_15' title="bbox 354 1459 2050 1532">
     <span class='ocr_line' id='line_1_15' title="bbox 354 1459 2050 1532; baseline 0.001 -16"><span class='ocrx_word' id='word_1_83' title='bbox 354 1462 580 1517; x_wconf 89' lang='lat' dir='ltr'><strong>tandem</strong></span> <span class='ocrx_word' id='word_1_84' title='bbox 630 1463 877 1530; x_wconf 87' lang='lat' dir='ltr'><strong>abdicat,</strong></span> <span class='ocrx_word' id='word_1_85' title='bbox 929 1461 1349 1532; x_wconf 88' lang='lat' dir='ltr'><strong>permutatione</strong></span> <span class='ocrx_word' id='word_1_86' title='bbox 1394 1460 1540 1515; x_wconf 83' lang='lat' dir='ltr'><strong>facta</strong></span> <span class='ocrx_word' id='word_1_87' title='bbox 1596 1459 1860 1526; x_wconf 85' lang='lat' dir='ltr'><strong>abbatia,</strong></span> <span class='ocrx_word' id='word_1_88' title='bbox 1916 1474 2050 1517; x_wconf 89' lang='lat' dir='ltr'><strong>cum</strong></span> 
     </span>
    </p>
   </div>
   <div class='ocr_carea' id='block_1_16' title="bbox 353 1546 2052 1617">
    <p class='ocr_par' dir='ltr' id='par_1_16' title="bbox 353 1546 2052 1617">
     <span class='ocr_line' id='line_1_16' title="bbox 353 1546 2052 1617; baseline -0.001 -14"><span class='ocrx_word' id='word_1_89' title='bbox 353 1548 702 1617; x_wconf 91' lang='lat' dir='ltr'><strong>prioratibus</strong></span> <span class='ocrx_word' id='word_1_90' title='bbox 762 1548 951 1605; x_wconf 88' lang='lat' dir='ltr'><strong>Sancti</strong></span> <span class='ocrx_word' id='word_1_91' title='bbox 1012 1550 1161 1604; x_wconf 89' lang='lat' dir='ltr'><strong>Petri</strong></span> <span class='ocrx_word' id='word_1_92' title='bbox 1221 1548 1289 1604; x_wconf 93' lang='lat' dir='ltr'><strong>de</strong></span> <span class='ocrx_word' id='word_1_93' title='bbox 1368 1547 1665 1615; x_wconf 89' lang='lat' dir='ltr'><strong>Couciaco,</strong></span> <span class='ocrx_word' id='word_1_94' title='bbox 1740 1554 1796 1603; x_wconf 90' lang='lat' dir='ltr'><strong>et</strong></span> <span class='ocrx_word' id='word_1_95' title='bbox 1858 1546 2052 1603; x_wconf 89' lang='lat' dir='ltr'><strong>Sancti</strong></span> 
     </span>
    </p>
   </div>
   <div class='ocr_carea' id='block_1_17' title="bbox 353 1633 685 1693">
    <p class='ocr_par' dir='ltr' id='par_1_17' title="bbox 353 1633 685 1693">
     <span class='ocr_line' id='line_1_17' title="bbox 353 1633 685 1693; baseline 0.006 -4"><span class='ocrx_word' id='word_1_96' title='bbox 353 1633 685 1693; x_wconf 90' lang='lat' dir='ltr'><strong>Theobaldi.</strong></span> 
     </span>
    </p>
   </div>
   <div class='ocr_carea' id='block_1_18' title="bbox 422 1722 2051 1793">
    <p class='ocr_par' dir='ltr' id='par_1_18' title="bbox 422 1722 2051 1793">
     <span class='ocr_line' id='line_1_18' title="bbox 422 1722 2051 1793; baseline -0.002 -12"><span class='ocrx_word' id='word_1_97' title='bbox 422 1727 580 1782; x_wconf 85' lang='lat' dir='ltr'><strong>XLII.</strong></span> <span class='ocrx_word' id='word_1_98' title='bbox 615 1725 891 1782; x_wconf 90' lang='lat' dir='ltr'><strong>Claudius</strong></span> <span class='ocrx_word' id='word_1_99' title='bbox 919 1724 991 1779; x_wconf 86' lang='lat' dir='ltr'><strong>de</strong></span> <span class='ocrx_word' id='word_1_100' title='bbox 1029 1724 1205 1779; x_wconf 69' lang='lat' dir='ltr'><strong>Gaiae</strong></span> <span class='ocrx_word' id='word_1_101' title='bbox 1235 1723 1555 1779; x_wconf 87' lang='lat' dir='ltr'><strong>monachus</strong></span> <span class='ocrx_word' id='word_1_102' title='bbox 1600 1722 1792 1779; x_wconf 90' lang='lat' dir='ltr'><strong>Sancti</strong></span> <span class='ocrx_word' id='word_1_103' title='bbox 1832 1723 2051 1793; x_wconf 88' lang='lat' dir='ltr'><strong>Diony-</strong></span> 
     </span>
    </p>
   </div>
   <div class='ocr_carea' id='block_1_19' title="bbox 352 1810 2049 1882">
    <p class='ocr_par' dir='ltr' id='par_1_19' title="bbox 352 1810 2049 1882">
     <span class='ocr_line' id='line_1_19' title="bbox 352 1810 2049 1882; baseline -0.003 -11"><span class='ocrx_word' id='word_1_104' title='bbox 352 1815 422 1871; x_wconf 91' lang='lat' dir='ltr'><strong>sii</strong></span> <span class='ocrx_word' id='word_1_105' title='bbox 452 1815 510 1869; x_wconf 92' lang='lat' dir='ltr'><strong>in</strong></span> <span class='ocrx_word' id='word_1_106' title='bbox 559 1815 821 1871; x_wconf 90' lang='lat' dir='ltr'><strong>Francia.</strong></span> <span class='ocrx_word' id='word_1_107' title='bbox 870 1814 1271 1869; x_wconf 90' lang='lat' dir='ltr'><strong>Juramentum</strong></span> <span class='ocrx_word' id='word_1_108' title='bbox 1319 1810 1581 1882; x_wconf 88' lang='lat' dir='ltr'><strong>prastitit</strong></span> <span class='ocrx_word' id='word_1_109' title='bbox 1628 1810 1896 1867; x_wconf 88' lang='lat' dir='ltr'><strong>Ecclesia</strong></span> <span class='ocrx_word' id='word_1_110' title='bbox 1943 1811 2049 1867; x_wconf 85' lang='lat' dir='ltr'><strong>Re-</strong></span> 
     </span>
    </p>
   </div>
   <div class='ocr_carea' id='block_1_20' title="bbox 352 1898 2049 1957">
    <p class='ocr_par' dir='ltr' id='par_1_20' title="bbox 352 1898 2049 1957">
     <span class='ocr_line' id='line_1_20' title="bbox 352 1898 2049 1957; baseline -0.002 0"><span class='ocrx_word' id='word_1_111' title='bbox 352 1903 533 1957; x_wconf 90' lang='lat' dir='ltr'><strong>mensi</strong></span> <span class='ocrx_word' id='word_1_112' title='bbox 566 1917 757 1957; x_wconf 88' lang='lat' dir='ltr'><strong>mense</strong></span> <span class='ocrx_word' id='word_1_113' title='bbox 805 1900 1102 1957; x_wconf 90' lang='lat' dir='ltr'><strong>Decembri</strong></span> <span class='ocrx_word' id='word_1_114' title='bbox 1158 1902 1307 1955; x_wconf 82' lang='lat'><strong>1568.</strong></span> <span class='ocrx_word' id='word_1_115' title='bbox 1345 1900 1448 1955; x_wconf 92' lang='lat' dir='ltr'><strong>Hic</strong></span> <span class='ocrx_word' id='word_1_116' title='bbox 1476 1899 1654 1955; x_wconf 87' lang='lat' dir='ltr'><strong>adem</strong></span> <span class='ocrx_word' id='word_1_117' title='bbox 1703 1898 2049 1955; x_wconf 87' lang='lat' dir='ltr'><strong>abbatialem</strong></span> 
     </span>
    </p>
   </div>
   <div class='ocr_carea' id='block_1_21' title="bbox 351 1986 2047 2061">
    <p class='ocr_par' dir='ltr' id='par_1_21' title="bbox 351 1986 2047 2061">
     <span class='ocr_line' id='line_1_21' title="bbox 351 1986 2047 2061; baseline -0.002 -15"><span class='ocrx_word' id='word_1_118' title='bbox 351 1990 685 2061; x_wconf 85' lang='lat' dir='ltr'><strong>ampliavit;</strong></span> <span class='ocrx_word' id='word_1_119' title='bbox 753 1989 1074 2046; x_wconf 90' lang='lat' dir='ltr'><strong>sacristiam</strong></span> <span class='ocrx_word' id='word_1_120' title='bbox 1131 1987 1329 2043; x_wconf 91' lang='lat' dir='ltr'><strong>multis</strong></span> <span class='ocrx_word' id='word_1_121' title='bbox 1389 1987 1592 2043; x_wconf 88' lang='lat' dir='ltr'><strong>ditavit</strong></span> <span class='ocrx_word' id='word_1_122' title='bbox 1655 1986 2047 2053; x_wconf 87' lang='lat' dir='ltr'><strong>ornamentis;</strong></span> 
     </span>
    </p>
   </div>
   <div class='ocr_carea' id='block_1_22' title="bbox 351 2075 2046 2149">
    <p class='ocr_par' dir='ltr' id='par_1_22' title="bbox 351 2075 2046 2149">
     <span class='ocr_line' id='line_1_22' title="bbox 351 2075 2046 2149; baseline -0.003 -16"><span class='ocrx_word' id='word_1_123' title='bbox 351 2077 537 2134; x_wconf 79' lang='lat' dir='ltr'><strong>factus</strong></span> <span class='ocrx_word' id='word_1_124' title='bbox 580 2086 770 2149; x_wconf 90' lang='lat' dir='ltr'><strong>postea</strong></span> <span class='ocrx_word' id='word_1_125' title='bbox 809 2078 988 2135; x_wconf 88' lang='lat' dir='ltr'><strong>abbas</strong></span> <span class='ocrx_word' id='word_1_126' title='bbox 1029 2076 1314 2148; x_wconf 84' lang='lat' dir='ltr'><strong>generalis</strong></span> <span class='ocrx_word' id='word_1_127' title='bbox 1351 2075 1744 2132; x_wconf 82' lang='lat' dir='ltr'><strong>Cluniacensis</strong></span> <span class='ocrx_word' id='word_1_128' title='bbox 1790 2075 1932 2131; x_wconf 90' lang='lat' dir='ltr'><strong>obiit</strong></span> <span class='ocrx_word' id='word_1_129' title='bbox 1980 2075 2046 2128; x_wconf 84' lang='lat'><strong>23</strong></span> 
     </span>
    </p>
   </div>
   <div class='ocr_carea' id='block_1_23' title="bbox 349 2167 2042 2321">
    <p class='ocr_par' dir='ltr' id='par_1_23' title="bbox 349 2167 2042 2321">
     <span class='ocr_line' id='line_1_23' title="bbox 349 2167 2042 2321; baseline -0.003 -12"><span class='ocrx_word' id='word_1_130' title='bbox 349 2167 1092 2309; x_wconf 37' lang='lat' dir='ltr'><strong>Mgalliimgi&#39;anciscusde</strong></span> <span class='ocrx_word' id='word_1_131' title='bbox 1137 2249 1314 2306; x_wconf 73' lang='lat' dir='ltr'><strong>Pari:</strong></span> <span class='ocrx_word' id='word_1_132' title='bbox 1361 2265 1395 2305; x_wconf 90' lang='lat' dir='ltr'><strong>a</strong></span> <span class='ocrx_word' id='word_1_133' title='bbox 1444 2249 1835 2321; x_wconf 87' lang='lat' dir='ltr'><strong>Lotharingia,</strong></span> <span class='ocrx_word' id='word_1_134' title='bbox 1895 2263 2042 2319; x_wconf 81' lang='lat' dir='ltr'><strong>pra-</strong></span> 
     </span>
    </p>
   </div>
   <div class='ocr_carea' id='block_1_24' title="bbox 347 2338 2047 2413">
    <p class='ocr_par' dir='ltr' id='par_1_24' title="bbox 347 2338 2047 2413">
     <span class='ocr_line' id='line_1_24' title="bbox 347 2338 2047 2413; baseline -0.004 -15"><span class='ocrx_word' id='word_1_135' title='bbox 347 2342 529 2398; x_wconf 80' lang='lat' dir='ltr'><strong>fectus</strong></span> <span class='ocrx_word' id='word_1_136' title='bbox 557 2342 753 2413; x_wconf 87' lang='lat' dir='ltr'><strong>regius</strong></span> <span class='ocrx_word' id='word_1_137' title='bbox 797 2341 1131 2397; x_wconf 90' lang='lat' dir='ltr'><strong>nominatur</strong></span> <span class='ocrx_word' id='word_1_138' title='bbox 1158 2353 1192 2394; x_wconf 92' lang='lat' dir='ltr'><strong>a</strong></span> <span class='ocrx_word' id='word_1_139' title='bbox 1220 2353 1353 2409; x_wconf 87' lang='lat' dir='ltr'><strong>rege</strong></span> <span class='ocrx_word' id='word_1_140' title='bbox 1412 2340 1570 2404; x_wconf 86' lang='grc'><strong>1612,</strong></span> <span class='ocrx_word' id='word_1_141' title='bbox 1616 2338 1712 2393; x_wconf 91' lang='lat' dir='ltr'><strong>sed</strong></span> <span class='ocrx_word' id='word_1_142' title='bbox 1753 2351 2047 2407; x_wconf 88' lang='lat' dir='ltr'><strong>nusquam</strong></span> 
     </span>
    </p>
   </div>
   <div class='ocr_carea' id='block_1_25' title="bbox 345 2428 2048 2500">
    <p class='ocr_par' dir='ltr' id='par_1_25' title="bbox 345 2428 2048 2500">
     <span class='ocr_line' id='line_1_25' title="bbox 345 2428 2048 2500; baseline -0.003 -14"><span class='ocrx_word' id='word_1_143' title='bbox 345 2431 749 2500; x_wconf 89' lang='lat' dir='ltr'><strong>possessionem</strong></span> <span class='ocrx_word' id='word_1_144' title='bbox 831 2428 1165 2484; x_wconf 89' lang='lat' dir='ltr'><strong>canonicam</strong></span> <span class='ocrx_word' id='word_1_145' title='bbox 1235 2428 1476 2496; x_wconf 92' lang='lat' dir='ltr'><strong>adeptus</strong></span> <span class='ocrx_word' id='word_1_146' title='bbox 1533 2433 1640 2494; x_wconf 92' lang='lat' dir='ltr'><strong>est,</strong></span> <span class='ocrx_word' id='word_1_147' title='bbox 1695 2433 2048 2495; x_wconf 86' lang='lat' dir='ltr'><strong>pramatura</strong></span> 
     </span>
    </p>
   </div>
   <div class='ocr_carea' id='block_1_26' title="bbox 346 2515 1255 2574">
    <p class='ocr_par' dir='ltr' id='par_1_26' title="bbox 346 2515 1255 2574">
     <span class='ocr_line' id='line_1_26' title="bbox 346 2515 1255 2574; baseline -0.007 -1"><span class='ocrx_word' id='word_1_148' title='bbox 346 2525 529 2574; x_wconf 92' lang='lat' dir='ltr'><strong>morte</strong></span> <span class='ocrx_word' id='word_1_149' title='bbox 559 2517 825 2572; x_wconf 90' lang='lat' dir='ltr'><strong>sublatus</strong></span> <span class='ocrx_word' id='word_1_150' title='bbox 857 2519 878 2570; x_wconf 97' lang='grc'><strong>1</strong></span> <span class='ocrx_word' id='word_1_151' title='bbox 912 2515 1070 2571; x_wconf 85' lang='lat' dir='ltr'><strong>Junii</strong></span> <span class='ocrx_word' id='word_1_152' title='bbox 1103 2516 1255 2569; x_wconf 77' lang='grc'><strong>1614.</strong></span> 
     </span>
    </p>
   </div>
   <div class='ocr_carea' id='block_1_27' title="bbox 418 2601 2045 2669">
    <p class='ocr_par' dir='ltr' id='par_1_27' title="bbox 418 2601 2045 2669">
     <span class='ocr_line' id='line_1_27' title="bbox 418 2601 2045 2669; baseline -0.004 -8"><span class='ocrx_word' id='word_1_153' title='bbox 418 2605 617 2661; x_wconf 85' lang='lat' dir='ltr'><strong>XLIV.</strong></span> <span class='ocrx_word' id='word_1_154' title='bbox 662 2604 856 2659; x_wconf 90' lang='lat' dir='ltr'><strong>Daniel</strong></span> <span class='ocrx_word' id='word_1_155' title='bbox 898 2604 968 2657; x_wconf 83' lang='lat' dir='ltr'><strong>de</strong></span> <span class='ocrx_word' id='word_1_156' title='bbox 994 2603 1362 2668; x_wconf 82' lang='lat' dir='ltr'><strong>Hotlemant,</strong></span> <span class='ocrx_word' id='word_1_157' title='bbox 1414 2601 1545 2656; x_wconf 89' lang='lat' dir='ltr'><strong>vita</strong></span> <span class='ocrx_word' id='word_1_158' title='bbox 1586 2601 1786 2656; x_wconf 90' lang='lat' dir='ltr'><strong>merito</strong></span> <span class='ocrx_word' id='word_1_159' title='bbox 1813 2608 1869 2656; x_wconf 91' lang='lat' dir='ltr'><strong>et</strong></span> <span class='ocrx_word' id='word_1_160' title='bbox 1900 2614 2045 2669; x_wconf 92' lang='lat' dir='ltr'><strong>pru-</strong></span> 
     </span>
    </p>
   </div>
   <div class='ocr_carea' id='block_1_28' title="bbox 342 2686 2040 2760">
    <p class='ocr_par' dir='ltr' id='par_1_28' title="bbox 342 2686 2040 2760">
     <span class='ocr_line' id='line_1_28' title="bbox 342 2686 2040 2760; baseline -0.004 -11"><span class='ocrx_word' id='word_1_161' title='bbox 342 2693 536 2749; x_wconf 91' lang='lat' dir='ltr'><strong>dentia</strong></span> <span class='ocrx_word' id='word_1_162' title='bbox 580 2691 941 2758; x_wconf 85' lang='lat' dir='ltr'><strong>venerabilis,</strong></span> <span class='ocrx_word' id='word_1_163' title='bbox 995 2690 1405 2760; x_wconf 86' lang='lat' dir='ltr'><strong>possessionem</strong></span> <span class='ocrx_word' id='word_1_164' title='bbox 1453 2688 1579 2744; x_wconf 91' lang='lat' dir='ltr'><strong>iniit</strong></span> <span class='ocrx_word' id='word_1_165' title='bbox 1611 2686 1825 2744; x_wconf 84' lang='lat' dir='ltr'><strong>mense</strong></span> <span class='ocrx_word' id='word_1_166' title='bbox 1855 2688 2040 2757; x_wconf 83' lang='lat' dir='ltr'><strong>Aprili</strong></span> 
     </span>
    </p>
   </div>
   <div class='ocr_carea' id='block_1_29' title="bbox 351 2777 2046 2852">
    <p class='ocr_par' dir='ltr' id='par_1_29' title="bbox 351 2777 2046 2852">
     <span class='ocr_line' id='line_1_29' title="bbox 351 2777 2046 2852; baseline -0.003 -16"><span class='ocrx_word' id='word_1_167' title='bbox 351 2784 503 2849; x_wconf 88' lang='grc'><strong>1616,</strong></span> <span class='ocrx_word' id='word_1_168' title='bbox 563 2781 819 2852; x_wconf 85' lang='lat' dir='ltr'><strong>resignat</strong></span> <span class='ocrx_word' id='word_1_169' title='bbox 872 2781 929 2835; x_wconf 92' lang='lat' dir='ltr'><strong>in</strong></span> <span class='ocrx_word' id='word_1_170' title='bbox 981 2779 1233 2835; x_wconf 80' lang='lat' dir='ltr'><strong>favorem</strong></span> <span class='ocrx_word' id='word_1_171' title='bbox 1295 2778 1521 2833; x_wconf 90' lang='lat' dir='ltr'><strong>Henrici</strong></span> <span class='ocrx_word' id='word_1_172' title='bbox 1585 2790 1619 2831; x_wconf 95' lang='lat' dir='ltr'><strong>a</strong></span> <span class='ocrx_word' id='word_1_173' title='bbox 1673 2777 2046 2847; x_wconf 86' lang='lat' dir='ltr'><strong>Lotharingia</strong></span> 
     </span>
    </p>
   </div>
   <div class='ocr_carea' id='block_1_30' title="bbox 348 2865 2044 2935">
    <p class='ocr_par' dir='ltr' id='par_1_30' title="bbox 348 2865 2044 2935">
     <span class='ocr_line' id='line_1_30' title="bbox 348 2865 2044 2935; baseline -0.002 -12"><span class='ocrx_word' id='word_1_174' title='bbox 348 2872 505 2933; x_wconf 87' lang='grc'><strong>1626,</strong></span> <span class='ocrx_word' id='word_1_175' title='bbox 546 2883 615 2925; x_wconf 89' lang='lat' dir='ltr'><strong>ac</strong></span> <span class='ocrx_word' id='word_1_176' title='bbox 650 2869 886 2924; x_wconf 88' lang='lat' dir='ltr'><strong>Patrum</strong></span> <span class='ocrx_word' id='word_1_177' title='bbox 932 2866 1180 2924; x_wconf 91' lang='lat' dir='ltr'><strong>Oratorii</strong></span> <span class='ocrx_word' id='word_1_178' title='bbox 1208 2865 1471 2922; x_wconf 91' lang='lat' dir='ltr'><strong>sodalitio</strong></span> <span class='ocrx_word' id='word_1_179' title='bbox 1524 2865 1846 2935; x_wconf 88' lang='lat' dir='ltr'><strong>pacatioris,</strong></span> <span class='ocrx_word' id='word_1_180' title='bbox 1878 2872 2044 2920; x_wconf 90' lang='lat' dir='ltr'><strong>tran-</strong></span> 
     </span>
    </p>
   </div>
   <div class='ocr_carea' id='block_1_31' title="bbox 343 2952 2040 3027">
    <p class='ocr_par' dir='ltr' id='par_1_31' title="bbox 343 2952 2040 3027">
     <span class='ocr_line' id='line_1_31' title="bbox 343 2952 2040 3027; baseline -0.003 -15"><span class='ocrx_word' id='word_1_181' title='bbox 343 2957 746 3027; x_wconf 90' lang='lat' dir='ltr'><strong>quilliorisque</strong></span> <span class='ocrx_word' id='word_1_182' title='bbox 787 2957 917 3011; x_wconf 89' lang='lat' dir='ltr'><strong>vita</strong></span> <span class='ocrx_word' id='word_1_183' title='bbox 944 2968 1166 3021; x_wconf 87' lang='lat' dir='ltr'><strong>amans,</strong></span> <span class='ocrx_word' id='word_1_184' title='bbox 1219 2968 1341 3010; x_wconf 91' lang='lat' dir='ltr'><strong>sese</strong></span> <span class='ocrx_word' id='word_1_185' title='bbox 1382 2952 1624 3019; x_wconf 79' lang='lat' dir='ltr'><strong>addixit,</strong></span> <span class='ocrx_word' id='word_1_186' title='bbox 1670 2952 1769 3009; x_wconf 92' lang='lat' dir='ltr'><strong>ubi</strong></span> <span class='ocrx_word' id='word_1_187' title='bbox 1797 2959 1853 3008; x_wconf 89' lang='lat' dir='ltr'><strong>et</strong></span> <span class='ocrx_word' id='word_1_188' title='bbox 1884 2966 2040 3008; x_wconf 92' lang='lat' dir='ltr'><strong>mor-</strong></span> 
     </span>
    </p>
   </div>
   <div class='ocr_carea' id='block_1_32' title="bbox 346 3044 966 3100">
    <p class='ocr_par' dir='ltr' id='par_1_32' title="bbox 346 3044 966 3100">
     <span class='ocr_line' id='line_1_32' title="bbox 346 3044 966 3100; baseline -0.006 0"><span class='ocrx_word' id='word_1_189' title='bbox 346 3051 484 3100; x_wconf 90' lang='lat' dir='ltr'><strong>tuus</strong></span> <span class='ocrx_word' id='word_1_190' title='bbox 510 3052 593 3099; x_wconf 86' lang='lat' dir='ltr'><strong>est</strong></span> <span class='ocrx_word' id='word_1_191' title='bbox 624 3056 778 3099; x_wconf 91' lang='lat' dir='ltr'><strong>anno</strong></span> <span class='ocrx_word' id='word_1_192' title='bbox 812 3044 966 3098; x_wconf 79' lang='grc'><strong>1634.</strong></span> 
     </span>
    </p>
   </div>
   <div class='ocr_carea' id='block_1_33' title="bbox 408 3127 2040 3207">
    <p class='ocr_par' dir='ltr' id='par_1_33' title="bbox 408 3127 2040 3207">
     <span class='ocr_line' id='line_1_33' title="bbox 408 3127 2040 3207; baseline -0.004 -19"><span class='ocrx_word' id='word_1_193' title='bbox 408 3132 579 3189; x_wconf 85' lang='lat' dir='ltr'><strong>XLV.</strong></span> <span class='ocrx_word' id='word_1_194' title='bbox 614 3132 898 3188; x_wconf 83' lang='lat' dir='ltr'><strong>Henricus</strong></span> <span class='ocrx_word' id='word_1_195' title='bbox 926 3146 960 3186; x_wconf 92' lang='lat' dir='ltr'><strong>a</strong></span> <span class='ocrx_word' id='word_1_196' title='bbox 1001 3127 1380 3201; x_wconf 76' lang='lat' dir='ltr'><strong>Lotharingia</strong></span> <span class='ocrx_word' id='word_1_197' title='bbox 1426 3128 1838 3207; x_wconf 89' lang='lat' dir='ltr'><strong>possessionem</strong></span> <span class='ocrx_word' id='word_1_198' title='bbox 1890 3127 2040 3197; x_wconf 91' lang='lat' dir='ltr'><strong>cepit</strong></span> 
     </span>
    </p>
   </div>
   <div class='ocr_carea' id='block_1_34' title="bbox 343 3217 2041 3291">
    <p class='ocr_par' dir='ltr' id='par_1_34' title="bbox 343 3217 2041 3291">
     <span class='ocr_line' id='line_1_34' title="bbox 343 3217 2041 3291; baseline -0.004 -14"><span class='ocrx_word' id='word_1_199' title='bbox 343 3220 720 3291; x_wconf 89' lang='lat' dir='ltr'><strong>personaliter</strong></span> <span class='ocrx_word' id='word_1_200' title='bbox 768 3220 827 3275; x_wconf 92' lang='lat' dir='ltr'><strong>in</strong></span> <span class='ocrx_word' id='word_1_201' title='bbox 874 3219 1126 3289; x_wconf 92' lang='lat' dir='ltr'><strong>capitulo</strong></span> <span class='ocrx_word' id='word_1_202' title='bbox 1169 3232 1363 3274; x_wconf 87' lang='lat' dir='ltr'><strong>mense</strong></span> <span class='ocrx_word' id='word_1_203' title='bbox 1410 3218 1557 3274; x_wconf 83' lang='lat' dir='ltr'><strong>Maio</strong></span> <span class='ocrx_word' id='word_1_204' title='bbox 1598 3218 1753 3271; x_wconf 83' lang='lat' dir='ltr'><strong>l626.</strong></span> <span class='ocrx_word' id='word_1_205' title='bbox 1801 3217 1881 3272; x_wconf 89' lang='lat' dir='ltr'><strong>Eo</strong></span> <span class='ocrx_word' id='word_1_206' title='bbox 1912 3229 2041 3286; x_wconf 92' lang='lat' dir='ltr'><strong>pro-</strong></span> 
     </span>
    </p>
   </div>
   <div class='ocr_carea' id='block_1_35' title="bbox 337 3304 2040 3377">
    <p class='ocr_par' dir='ltr' id='par_1_35' title="bbox 337 3304 2040 3377">
     <span class='ocr_line' id='line_1_35' title="bbox 337 3304 2040 3377; baseline -0.006 -10"><span class='ocrx_word' id='word_1_207' title='bbox 337 3309 530 3377; x_wconf 87' lang='lat' dir='ltr'><strong>bante,</strong></span> <span class='ocrx_word' id='word_1_208' title='bbox 580 3308 829 3365; x_wconf 86' lang='lat' dir='ltr'><strong>seniores</strong></span> <span class='ocrx_word' id='word_1_209' title='bbox 874 3308 1141 3364; x_wconf 88' lang='lat' dir='ltr'><strong>monachi</strong></span> <span class='ocrx_word' id='word_1_210' title='bbox 1190 3306 1399 3363; x_wconf 87' lang='lat' dir='ltr'><strong>veteris</strong></span> <span class='ocrx_word' id='word_1_211' title='bbox 1458 3305 1774 3375; x_wconf 88' lang='lat' dir='ltr'><strong>disciplina</strong></span> <span class='ocrx_word' id='word_1_212' title='bbox 1806 3304 2040 3374; x_wconf 89' lang='lat' dir='ltr'><strong>aliqua-</strong></span> 
     </span>
    </p>
   </div>
   <div class='ocr_carea' id='block_1_36' title="bbox 340 3392 2043 3467">
    <p class='ocr_par' dir='ltr' id='par_1_36' title="bbox 340 3392 2043 3467">
     <span class='ocr_line' id='line_1_36' title="bbox 340 3392 2043 3467; baseline -0.003 -14"><span class='ocrx_word' id='word_1_213' title='bbox 340 3404 508 3454; x_wconf 89' lang='lat' dir='ltr'><strong>tenus</strong></span> <span class='ocrx_word' id='word_1_214' title='bbox 564 3396 737 3467; x_wconf 91' lang='lat' dir='ltr'><strong>lapsa</strong></span> <span class='ocrx_word' id='word_1_215' title='bbox 819 3395 1165 3452; x_wconf 87' lang='lat' dir='ltr'><strong>renovanda</strong></span> <span class='ocrx_word' id='word_1_216' title='bbox 1233 3395 1421 3466; x_wconf 87' lang='lat' dir='ltr'><strong>gratia</strong></span> <span class='ocrx_word' id='word_1_217' title='bbox 1484 3393 1785 3449; x_wconf 92' lang='lat' dir='ltr'><strong>duodecim</strong></span> <span class='ocrx_word' id='word_1_218' title='bbox 1848 3392 2043 3449; x_wconf 88' lang='lat' dir='ltr'><strong>Patres</strong></span> 
     </span>
    </p>
   </div>
   <div class='ocr_carea' id='block_1_37' title="bbox 338 3480 2040 3555">
    <p class='ocr_par' dir='ltr' id='par_1_37' title="bbox 338 3480 2040 3555">
     <span class='ocr_line' id='line_1_37' title="bbox 338 3480 2040 3555; baseline -0.002 -16"><span class='ocrx_word' id='word_1_219' title='bbox 338 3484 800 3555; x_wconf 87' lang='lat' dir='ltr'><strong>congregationis</strong></span> <span class='ocrx_word' id='word_1_220' title='bbox 863 3482 1057 3539; x_wconf 88' lang='lat' dir='ltr'><strong>Sancti</strong></span> <span class='ocrx_word' id='word_1_221' title='bbox 1105 3482 1312 3547; x_wconf 82' lang='lat' dir='ltr'><strong>Mauri,</strong></span> <span class='ocrx_word' id='word_1_222' title='bbox 1367 3495 1441 3536; x_wconf 77' lang='lat' dir='ltr'><strong>ex</strong></span> <span class='ocrx_word' id='word_1_223' title='bbox 1493 3480 1786 3552; x_wconf 88' lang='lat' dir='ltr'><strong>regalibus</strong></span> <span class='ocrx_word' id='word_1_224' title='bbox 1834 3494 2040 3536; x_wconf 85' lang='lat' dir='ltr'><strong>mona-</strong></span> 
     </span>
    </p>
   </div>
   <div class='ocr_carea' id='block_1_38' title="bbox 339 3560 2044 3636">
    <p class='ocr_par' dir='ltr' id='par_1_38' title="bbox 339 3560 2044 3636">
     <span class='ocr_line' id='line_1_38' title="bbox 339 3560 2044 3636; baseline -0.004 -8"><span class='ocrx_word' id='word_1_225' title='bbox 339 3572 525 3628; x_wconf 90' lang='lat' dir='ltr'><strong>steriis</strong></span> <span class='ocrx_word' id='word_1_226' title='bbox 574 3571 765 3628; x_wconf 88' lang='lat' dir='ltr'><strong>Sancti</strong></span> <span class='ocrx_word' id='word_1_227' title='bbox 824 3569 1095 3627; x_wconf 89' lang='lat' dir='ltr'><strong>Germani</strong></span> <span class='ocrx_word' id='word_1_228' title='bbox 1143 3583 1179 3625; x_wconf 91' lang='lat' dir='ltr'><strong>a</strong></span> <span class='ocrx_word' id='word_1_229' title='bbox 1246 3569 1449 3636; x_wconf 89' lang='lat' dir='ltr'><strong>Pratis,</strong></span> <span class='ocrx_word' id='word_1_230' title='bbox 1527 3576 1583 3624; x_wconf 91' lang='lat' dir='ltr'><strong>et</strong></span> <span class='ocrx_word' id='word_1_231' title='bbox 1636 3560 2044 3624; x_wconf 84' lang='lat' dir='ltr'><strong>Vindocinensi</strong></span> 
     </span>
    </p>
   </div>
   <div class='ocr_carea' id='block_1_39' title="bbox 339 3654 2042 3727">
    <p class='ocr_par' dir='ltr' id='par_1_39' title="bbox 339 3654 2042 3727">
     <span class='ocr_line' id='line_1_39' title="bbox 339 3654 2042 3727; baseline -0.004 -11"><span class='ocrx_word' id='word_1_232' title='bbox 339 3660 413 3717; x_wconf 90' lang='lat' dir='ltr'><strong>ab</strong></span> <span class='ocrx_word' id='word_1_233' title='bbox 466 3659 777 3715; x_wconf 90' lang='lat' dir='ltr'><strong>admodum</strong></span> <span class='ocrx_word' id='word_1_234' title='bbox 827 3658 1140 3714; x_wconf 89' lang='lat' dir='ltr'><strong>reverendo</strong></span> <span class='ocrx_word' id='word_1_235' title='bbox 1200 3658 1365 3713; x_wconf 91' lang='lat' dir='ltr'><strong>Patre</strong></span> <span class='ocrx_word' id='word_1_236' title='bbox 1429 3654 1727 3726; x_wconf 89' lang='lat' dir='ltr'><strong>superiore</strong></span> <span class='ocrx_word' id='word_1_237' title='bbox 1790 3654 2042 3727; x_wconf 91' lang='lat' dir='ltr'><strong>generali</strong></span> 
     </span>
    </p>
   </div>
   <div class='ocr_carea' id='block_1_40' title="bbox 339 3742 2039 3818">
    <p class='ocr_par' dir='ltr' id='par_1_40' title="bbox 339 3742 2039 3818">
     <span class='ocr_line' id='line_1_40' title="bbox 339 3742 2039 3818; baseline -0.002 -15"><span class='ocrx_word' id='word_1_238' title='bbox 339 3748 549 3803; x_wconf 92' lang='lat' dir='ltr'><strong>domno</strong></span> <span class='ocrx_word' id='word_1_239' title='bbox 603 3746 879 3818; x_wconf 89' lang='lat' dir='ltr'><strong>Gregorio</strong></span> <span class='ocrx_word' id='word_1_240' title='bbox 926 3745 1199 3813; x_wconf 87' lang='lat' dir='ltr'><strong>Tarrisse,</strong></span> <span class='ocrx_word' id='word_1_241' title='bbox 1253 3758 1352 3814; x_wconf 87' lang='lat' dir='ltr'><strong>per</strong></span> <span class='ocrx_word' id='word_1_242' title='bbox 1399 3745 1675 3799; x_wconf 85' lang='lat' dir='ltr'><strong>domuum</strong></span> <span class='ocrx_word' id='word_1_243' title='bbox 1730 3742 2039 3801; x_wconf 86' lang='lat' dir='ltr'><strong>Columba-</strong></span> 
     </span>
    </p>
   </div>
   <div class='ocr_carea' id='block_1_41' title="bbox 338 3832 2041 3905">
    <p class='ocr_par' dir='ltr' id='par_1_41' title="bbox 338 3832 2041 3905">
     <span class='ocr_line' id='line_1_41' title="bbox 338 3832 2041 3905; baseline -0.002 -14"><span class='ocrx_word' id='word_1_244' title='bbox 338 3849 481 3891; x_wconf 88' lang='lat' dir='ltr'><strong>num</strong></span> <span class='ocrx_word' id='word_1_245' title='bbox 534 3833 778 3905; x_wconf 82' lang='lat' dir='ltr'><strong>Regnier</strong></span> <span class='ocrx_word' id='word_1_246' title='bbox 827 3832 1180 3890; x_wconf 89' lang='lat' dir='ltr'><strong>visitatorem</strong></span> <span class='ocrx_word' id='word_1_247' title='bbox 1238 3832 1555 3889; x_wconf 83' lang='lat' dir='ltr'><strong>Provincia</strong></span> <span class='ocrx_word' id='word_1_248' title='bbox 1598 3832 1853 3888; x_wconf 87' lang='lat' dir='ltr'><strong>Francia</strong></span> <span class='ocrx_word' id='word_1_249' title='bbox 1906 3833 2041 3887; x_wconf 91' lang='lat' dir='ltr'><strong>mis-</strong></span> 
     </span>
    </p>
   </div>
   <div class='ocr_carea' id='block_1_42' title="bbox 339 3918 2043 3993">
    <p class='ocr_par' dir='ltr' id='par_1_42' title="bbox 339 3918 2043 3993">
     <span class='ocr_line' id='line_1_42' title="bbox 339 3918 2043 3993; baseline -0.004 -14"><span class='ocrx_word' id='word_1_250' title='bbox 339 3938 451 3989; x_wconf 91' lang='lat' dir='ltr'><strong>sos,</strong></span> <span class='ocrx_word' id='word_1_251' title='bbox 492 3921 645 3977; x_wconf 89' lang='lat' dir='ltr'><strong>intra</strong></span> <span class='ocrx_word' id='word_1_252' title='bbox 690 3930 853 3993; x_wconf 90' lang='lat' dir='ltr'><strong>septa</strong></span> <span class='ocrx_word' id='word_1_253' title='bbox 898 3920 1230 3978; x_wconf 89' lang='lat' dir='ltr'><strong>monasterii</strong></span> <span class='ocrx_word' id='word_1_254' title='bbox 1274 3920 1688 3976; x_wconf 89' lang='lat' dir='ltr'><strong>humanissime</strong></span> <span class='ocrx_word' id='word_1_255' title='bbox 1721 3932 1790 3974; x_wconf 89' lang='lat' dir='ltr'><strong>ac</strong></span> <span class='ocrx_word' id='word_1_256' title='bbox 1827 3918 2043 3974; x_wconf 90' lang='lat' dir='ltr'><strong>libera-</strong></span> 
     </span>
    </p>
   </div>
   <div class='ocr_carea' id='block_1_43' title="bbox 338 4006 2042 4080">
    <p class='ocr_par' dir='ltr' id='par_1_43' title="bbox 338 4006 2042 4080">
     <span class='ocr_line' id='line_1_43' title="bbox 338 4006 2042 4080; baseline -0.003 -13"><span class='ocrx_word' id='word_1_257' title='bbox 338 4009 468 4067; x_wconf 93' lang='lat' dir='ltr'><strong>liter</strong></span> <span class='ocrx_word' id='word_1_258' title='bbox 514 4018 885 4080; x_wconf 86' lang='lat' dir='ltr'><strong>exceperunt.</strong></span> <span class='ocrx_word' id='word_1_259' title='bbox 936 4010 1042 4067; x_wconf 87' lang='lat' dir='ltr'><strong>Cui</strong></span> <span class='ocrx_word' id='word_1_260' title='bbox 1086 4012 1169 4065; x_wconf 86' lang='lat' dir='ltr'><strong>rei</strong></span> <span class='ocrx_word' id='word_1_261' title='bbox 1216 4008 1364 4065; x_wconf 90' lang='lat' dir='ltr'><strong>serio</strong></span> <span class='ocrx_word' id='word_1_262' title='bbox 1419 4021 1520 4079; x_wconf 91' lang='lat' dir='ltr'><strong>per</strong></span> <span class='ocrx_word' id='word_1_263' title='bbox 1564 4014 1739 4064; x_wconf 89' lang='lat' dir='ltr'><strong>totam</strong></span> <span class='ocrx_word' id='word_1_264' title='bbox 1794 4006 2042 4064; x_wconf 91' lang='lat' dir='ltr'><strong>Galliam</strong></span> 
     </span>
    </p>
   </div>
   <div class='ocr_carea' id='block_1_44' title="bbox 338 4095 2041 4166">
    <p class='ocr_par' dir='ltr' id='par_1_44' title="bbox 338 4095 2041 4166">
     <span class='ocr_line' id='line_1_44' title="bbox 338 4095 2041 4166; baseline -0.002 -11"><span class='ocrx_word' id='word_1_265' title='bbox 338 4099 704 4166; x_wconf 90' lang='lat' dir='ltr'><strong>incumbunt,</strong></span> <span class='ocrx_word' id='word_1_266' title='bbox 740 4113 808 4156; x_wconf 88' lang='lat' dir='ltr'><strong>ac</strong></span> <span class='ocrx_word' id='word_1_267' title='bbox 834 4098 1209 4156; x_wconf 83' lang='lat' dir='ltr'><strong>adiﬁciorum</strong></span> <span class='ocrx_word' id='word_1_268' title='bbox 1254 4095 1681 4160; x_wconf 89' lang='lat' dir='ltr'><strong>restaurationi,</strong></span> <span class='ocrx_word' id='word_1_269' title='bbox 1734 4110 1865 4166; x_wconf 90' lang='lat' dir='ltr'><strong>qua</strong></span> <span class='ocrx_word' id='word_1_270' title='bbox 1906 4109 2041 4165; x_wconf 90' lang='lat' dir='ltr'><strong>pas—</strong></span> 
     </span>
    </p>
   </div>
   <div class='ocr_carea' id='block_1_45' title="bbox 336 4189 2037 4262">
    <p class='ocr_par' dir='ltr' id='par_1_45' title="bbox 336 4189 2037 4262">
     <span class='ocr_line' id='line_1_45' title="bbox 336 4189 2037 4262; baseline -0.003 -15"><span class='ocrx_word' id='word_1_271' title='bbox 336 4191 444 4247; x_wconf 92' lang='lat' dir='ltr'><strong>sim</strong></span> <span class='ocrx_word' id='word_1_272' title='bbox 476 4191 760 4246; x_wconf 89' lang='lat' dir='ltr'><strong>imbribus</strong></span> <span class='ocrx_word' id='word_1_273' title='bbox 806 4204 875 4246; x_wconf 89' lang='lat' dir='ltr'><strong>ac</strong></span> <span class='ocrx_word' id='word_1_274' title='bbox 909 4190 1062 4262; x_wconf 91' lang='lat' dir='ltr'><strong>gelu,</strong></span> <span class='ocrx_word' id='word_1_275' title='bbox 1093 4204 1195 4245; x_wconf 93' lang='lat' dir='ltr'><strong>seu</strong></span> <span class='ocrx_word' id='word_1_276' title='bbox 1226 4189 1399 4245; x_wconf 90' lang='lat' dir='ltr'><strong>etiam</strong></span> <span class='ocrx_word' id='word_1_277' title='bbox 1448 4194 1733 4243; x_wconf 89' lang='lat' dir='ltr'><strong>vetustate</strong></span> <span class='ocrx_word' id='word_1_278' title='bbox 1774 4194 1830 4242; x_wconf 92' lang='lat' dir='ltr'><strong>et</strong></span> <span class='ocrx_word' id='word_1_279' title='bbox 1876 4200 2037 4242; x_wconf 84' lang='lat' dir='ltr'><strong>com-</strong></span> 
     </span>
    </p>
   </div>
   <div class='ocr_carea' id='block_1_46' title="bbox 338 4275 1741 4347">
    <p class='ocr_par' dir='ltr' id='par_1_46' title="bbox 338 4275 1741 4347">
     <span class='ocr_line' id='line_1_46' title="bbox 338 4275 1741 4347; baseline -0.004 -11"><span class='ocrx_word' id='word_1_280' title='bbox 338 4279 829 4336; x_wconf 84' lang='lat' dir='ltr'><strong>mendatariorum</strong></span> <span class='ocrx_word' id='word_1_281' title='bbox 860 4278 1085 4334; x_wconf 90' lang='lat' dir='ltr'><strong>incuria</strong></span> <span class='ocrx_word' id='word_1_282' title='bbox 1115 4278 1432 4334; x_wconf 80' lang='lat' dir='ltr'><strong>deformata</strong></span> <span class='ocrx_word' id='word_1_283' title='bbox 1454 4275 1741 4347; x_wconf 91' lang='lat' dir='ltr'><strong>jacebant.</strong></span> 
     </span>
    </p>
   </div>
   <div class='ocr_carea' id='block_1_47' title="bbox 2156 581 3864 651">
    <p class='ocr_par' dir='ltr' id='par_1_47' title="bbox 2156 581 3864 651">
     <span class='ocr_line' id='line_1_47' title="bbox 2156 581 3864 651; baseline 0.001 -14"><span class='ocrx_word' id='word_1_284' title='bbox 2156 581 2229 637; x_wconf 94' lang='lat' dir='ltr'><strong>ad</strong></span> <span class='ocrx_word' id='word_1_285' title='bbox 2278 583 2455 639; x_wconf 91' lang='lat' dir='ltr'><strong>unius</strong></span> <span class='ocrx_word' id='word_1_286' title='bbox 2517 583 2828 639; x_wconf 87' lang='lat' dir='ltr'><strong>sacerdotis</strong></span> <span class='ocrx_word' id='word_1_287' title='bbox 2898 584 3452 642; x_wconf 88' lang='lat' dir='ltr'><strong>administrationem</strong></span> <span class='ocrx_word' id='word_1_288' title='bbox 3531 585 3864 651; x_wconf 89' lang='lat' dir='ltr'><strong>reductam,</strong></span> 
     </span>
    </p>
   </div>
   <div class='ocr_carea' id='block_1_48' title="bbox 2158 670 3862 742">
    <p class='ocr_par' dir='ltr' id='par_1_48' title="bbox 2158 670 3862 742">
     <span class='ocr_line' id='line_1_48' title="bbox 2158 670 3862 742; baseline -0.001 -17"><span class='ocrx_word' id='word_1_289' title='bbox 2158 670 2481 741; x_wconf 86' lang='lat' dir='ltr'><strong>prabendis</strong></span> <span class='ocrx_word' id='word_1_290' title='bbox 2508 671 2809 727; x_wconf 90' lang='lat' dir='ltr'><strong>duodecim</strong></span> <span class='ocrx_word' id='word_1_291' title='bbox 2842 672 3158 742; x_wconf 87' lang='lat' dir='ltr'><strong>insignivit.</strong></span> <span class='ocrx_word' id='word_1_292' title='bbox 3184 693 3205 720; x_wconf 80' lang='grc'><strong>›</strong></span> <span class='ocrx_word' id='word_1_293' title='bbox 3243 673 3455 729; x_wconf 89' lang='lat' dir='ltr'><strong>Deinde</strong></span> <span class='ocrx_word' id='word_1_294' title='bbox 3487 672 3667 742; x_wconf 90' lang='lat' dir='ltr'><strong>paulo</strong></span> <span class='ocrx_word' id='word_1_295' title='bbox 3704 681 3862 742; x_wconf 86' lang='lat' dir='ltr'><strong>post:</strong></span> 
     </span>
    </p>
   </div>
   <div class='ocr_carea' id='block_1_49' title="bbox 2162 758 3864 830">
    <p class='ocr_par' dir='ltr' id='par_1_49' title="bbox 2162 758 3864 830">
     <span class='ocr_line' id='line_1_49' title="bbox 2162 758 3864 830; baseline 0.001 -18"><span class='ocrx_word' id='word_1_296' title='bbox 2162 780 2183 806; x_wconf 77' lang='grc' dir='ltr'>ι</span> <span class='ocrx_word' id='word_1_297' title='bbox 2219 758 2507 815; x_wconf 89' lang='lat' dir='ltr'><strong>Elinanda</strong></span> <span class='ocrx_word' id='word_1_298' title='bbox 2523 760 2793 815; x_wconf 85' lang='lat' dir='ltr'><strong>successit</strong></span> <span class='ocrx_word' id='word_1_299' title='bbox 2821 760 3282 829; x_wconf 88' lang='lat' dir='ltr'><strong>Ingelrannusin</strong></span> <span class='ocrx_word' id='word_1_300' title='bbox 3309 761 3670 830; x_wconf 87' lang='lat' dir='ltr'><strong>episcopatu.</strong></span> <span class='ocrx_word' id='word_1_301' title='bbox 3724 782 3749 807; x_wconf 75' lang='grc' dir='ltr'><strong><em>ι</em></strong></span> <span class='ocrx_word' id='word_1_302' title='bbox 3779 759 3864 814; x_wconf 86' lang='lat' dir='ltr'><strong>Se-</strong></span> 
     </span>
    </p>
   </div>
   <div class='ocr_carea' id='block_1_50' title="bbox 2159 847 3575 919">
    <p class='ocr_par' dir='ltr' id='par_1_50' title="bbox 2159 847 3575 919">
     <span class='ocr_line' id='line_1_50' title="bbox 2159 847 3575 919; baseline 0.001 -17"><span class='ocrx_word' id='word_1_303' title='bbox 2159 847 2357 916; x_wconf 91' lang='lat' dir='ltr'><strong>pultus</strong></span> <span class='ocrx_word' id='word_1_304' title='bbox 2372 848 2524 919; x_wconf 90' lang='lat' dir='ltr'><strong>jacet</strong></span> <span class='ocrx_word' id='word_1_305' title='bbox 2550 848 2608 902; x_wconf 89' lang='lat' dir='ltr'><strong>in</strong></span> <span class='ocrx_word' id='word_1_306' title='bbox 2633 848 2873 903; x_wconf 86' lang='lat' dir='ltr'><strong>ecclesia</strong></span> <span class='ocrx_word' id='word_1_307' title='bbox 2897 848 2952 903; x_wconf 92' lang='lat' dir='ltr'><strong>S.</strong></span> <span class='ocrx_word' id='word_1_308' title='bbox 2991 848 3278 904; x_wconf 86' lang='lat' dir='ltr'><strong>Vincentii</strong></span> <span class='ocrx_word' id='word_1_309' title='bbox 3309 848 3575 905; x_wconf 87' lang='lat' dir='ltr'><strong>Laudun.</strong></span> 
     </span>
    </p>
   </div>
   <div class='ocr_carea' id='block_1_51' title="bbox 2230 933 3863 1007">
    <p class='ocr_par' dir='ltr' id='par_1_51' title="bbox 2230 933 3863 1007">
     <span class='ocr_line' id='line_1_51' title="bbox 2230 933 3863 1007; baseline -0.002 -15"><span class='ocrx_word' id='word_1_310' title='bbox 2230 933 2317 1005; x_wconf 78' lang='grc'><strong>(⁸⁵)</strong></span> <span class='ocrx_word' id='word_1_311' title='bbox 2366 934 2497 991; x_wconf 81' lang='lat' dir='ltr'><strong>CAP.</strong></span> <span class='ocrx_word' id='word_1_312' title='bbox 2552 935 2646 989; x_wconf 90' lang='lat' dir='ltr'><strong>III.</strong></span> <span class='ocrx_word' id='word_1_313' title='bbox 2693 965 2761 974; x_wconf 93' lang='lat'>—</span> <span class='ocrx_word' id='word_1_314' title='bbox 2809 935 3197 1007; x_wconf 69' lang='lat' dir='ltr'><strong>Ingelrannu:</strong></span> <span class='ocrx_word' id='word_1_315' title='bbox 3239 935 3465 991; x_wconf 71' lang='lat' dir='ltr'><strong>scilicet</strong></span> <span class='ocrx_word' id='word_1_316' title='bbox 3522 935 3863 991; x_wconf 67' lang='lat' dir='ltr'><strong>Botuensis.</strong></span> 
     </span>
    </p>
   </div>
   <div class='ocr_carea' id='block_1_52' title="bbox 2158 1021 3864 1081">
    <p class='ocr_par' dir='ltr' id='par_1_52' title="bbox 2158 1021 3864 1081">
     <span class='ocr_line' id='line_1_52' title="bbox 2158 1021 3864 1081; baseline -0.001 -5"><span class='ocrx_word' id='word_1_317' title='bbox 2158 1021 2558 1078; x_wconf 88' lang='lat' dir='ltr'><strong>Consulendus</strong></span> <span class='ocrx_word' id='word_1_318' title='bbox 2592 1022 2852 1078; x_wconf 82' lang='lat' dir='ltr'><strong>Andreas</strong></span> <span class='ocrx_word' id='word_1_319' title='bbox 2897 1023 3201 1079; x_wconf 89' lang='lat' dir='ltr'><strong>Duchesne</strong></span> <span class='ocrx_word' id='word_1_320' title='bbox 3244 1024 3384 1079; x_wconf 90' lang='lat' dir='ltr'><strong>Hist.</strong></span> <span class='ocrx_word' id='word_1_321' title='bbox 3432 1023 3726 1081; x_wconf 88' lang='lat' dir='ltr'><strong>Codiciac.</strong></span> <span class='ocrx_word' id='word_1_322' title='bbox 3768 1023 3864 1078; x_wconf 91' lang='lat' dir='ltr'><strong>lib.</strong></span> 
     </span>
    </p>
   </div>
   <div class='ocr_carea' id='block_1_53' title="bbox 2160 1102 3867 1181">
    <p class='ocr_par' dir='ltr' id='par_1_53' title="bbox 2160 1102 3867 1181">
     <span class='ocr_line' id='line_1_53' title="bbox 2160 1102 3867 1181; baseline 0.001 -17"><span class='ocrx_word' id='word_1_323' title='bbox 2160 1124 2239 1178; x_wconf 72' lang='lat' dir='ltr'><strong>vr,</strong></span> <span class='ocrx_word' id='word_1_324' title='bbox 2273 1124 2397 1180; x_wconf 91' lang='lat' dir='ltr'><strong>cap.</strong></span> <span class='ocrx_word' id='word_1_325' title='bbox 2431 1113 2465 1164; x_wconf 84' lang='lat'><strong>2</strong></span> <span class='ocrx_word' id='word_1_326' title='bbox 2492 1125 2508 1181; x_wconf 93' lang='lat'><strong>;</strong></span> <span class='ocrx_word' id='word_1_327' title='bbox 2538 1116 2689 1165; x_wconf 61' lang='grc' dir='ltr'><strong>σιτ</strong></span> <span class='ocrx_word' id='word_1_328' title='bbox 2729 1102 2784 1166; x_wconf 75' lang='lat' dir='ltr'><strong>et</strong></span> <span class='ocrx_word' id='word_1_329' title='bbox 2815 1110 3036 1181; x_wconf 89' lang='lat' dir='ltr'><strong>probat.</strong></span> <span class='ocrx_word' id='word_1_330' title='bbox 3063 1124 3192 1181; x_wconf 90' lang='lat' dir='ltr'><strong>pag.</strong></span> <span class='ocrx_word' id='word_1_331' title='bbox 3219 1114 3317 1166; x_wconf 82' lang='grc'><strong>317</strong></span> <span class='ocrx_word' id='word_1_332' title='bbox 3350 1119 3407 1167; x_wconf 92' lang='lat' dir='ltr'><strong>et</strong></span> <span class='ocrx_word' id='word_1_333' title='bbox 3426 1111 3675 1181; x_wconf 87' lang='lat' dir='ltr'><strong>seq.qui</strong></span> <span class='ocrx_word' id='word_1_334' title='bbox 3707 1125 3867 1167; x_wconf 86' lang='lat' dir='ltr'><strong>com-</strong></span> 
     </span>
    </p>
   </div>
   <div class='ocr_carea' id='block_1_54' title="bbox 2159 1198 3300 1268">
    <p class='ocr_par' dir='ltr' id='par_1_54' title="bbox 2159 1198 3300 1268">
     <span class='ocr_line' id='line_1_54' title="bbox 2159 1198 3300 1268; baseline -0.002 -15"><span class='ocrx_word' id='word_1_335' title='bbox 2159 1198 2328 1268; x_wconf 91' lang='lat' dir='ltr'><strong>plura</strong></span> <span class='ocrx_word' id='word_1_336' title='bbox 2363 1213 2436 1254; x_wconf 84' lang='lat' dir='ltr'><strong>ex</strong></span> <span class='ocrx_word' id='word_1_337' title='bbox 2466 1199 2737 1255; x_wconf 90' lang='lat' dir='ltr'><strong>Guiberto</strong></span> <span class='ocrx_word' id='word_1_338' title='bbox 2768 1209 2960 1254; x_wconf 79' lang='lat' dir='ltr'><strong>nostro</strong></span> <span class='ocrx_word' id='word_1_339' title='bbox 2991 1200 3300 1255; x_wconf 89' lang='lat' dir='ltr'><strong>mutuavit.</strong></span> 
     </span>
    </p>
   </div>
   <div class='ocr_carea' id='block_1_55' title="bbox 2231 1284 3864 1358">
    <p class='ocr_par' dir='ltr' id='par_1_55' title="bbox 2231 1284 3864 1358">
     <span class='ocr_line' id='line_1_55' title="bbox 2231 1284 3864 1358; baseline -0.001 -16"><span class='ocrx_word' id='word_1_340' title='bbox 2231 1284 2323 1356; x_wconf 79' lang='grc'><strong>(⁸⁷)</strong></span> <span class='ocrx_word' id='word_1_341' title='bbox 2353 1287 2497 1341; x_wconf 81' lang='lat' dir='ltr'><strong>Iam.</strong></span> <span class='ocrx_word' id='word_1_342' title='bbox 2532 1285 2764 1358; x_wconf 69' lang='grc' dir='ltr'><strong>Βορεήί</strong></span> <span class='ocrx_word' id='word_1_343' title='bbox 2788 1286 3012 1341; x_wconf 74' lang='lat' dir='ltr'><strong>comitis</strong></span> <span class='ocrx_word' id='word_1_344' title='bbox 3041 1286 3366 1341; x_wconf 67' lang='lat' dir='ltr'><strong>Porcensia.</strong></span> <span class='ocrx_word' id='word_1_345' title='bbox 3401 1287 3479 1341; x_wconf 92' lang='lat' dir='ltr'><strong>De</strong></span> <span class='ocrx_word' id='word_1_346' title='bbox 3509 1301 3628 1356; x_wconf 92' lang='lat' dir='ltr'><strong>quo</strong></span> <span class='ocrx_word' id='word_1_347' title='bbox 3673 1287 3864 1342; x_wconf 77' lang='lat' dir='ltr'><strong>Histo~</strong></span> 
     </span>
    </p>
   </div>
   <div class='ocr_carea' id='block_1_56' title="bbox 2158 1374 3866 1445">
    <p class='ocr_par' dir='ltr' id='par_1_56' title="bbox 2158 1374 3866 1445">
     <span class='ocr_line' id='line_1_56' title="bbox 2158 1374 3866 1445; baseline -0.002 -15"><span class='ocrx_word' id='word_1_348' title='bbox 2158 1374 2246 1430; x_wconf 88' lang='lat' dir='ltr'><strong>ria</strong></span> <span class='ocrx_word' id='word_1_349' title='bbox 2278 1375 2702 1445; x_wconf 82' lang='lat' dir='ltr'><strong>Luxembourg.</strong></span> <span class='ocrx_word' id='word_1_350' title='bbox 2750 1381 2983 1430; x_wconf 91' lang='lat' dir='ltr'><strong>auctore</strong></span> <span class='ocrx_word' id='word_1_351' title='bbox 3009 1376 3131 1443; x_wconf 84' lang='lat' dir='ltr'><strong>jam</strong></span> <span class='ocrx_word' id='word_1_352' title='bbox 3186 1375 3462 1444; x_wconf 89' lang='lat' dir='ltr'><strong>producto</strong></span> <span class='ocrx_word' id='word_1_353' title='bbox 3506 1374 3866 1437; x_wconf 88' lang='lat' dir='ltr'><strong>Duchesnio,</strong></span> 
     </span>
    </p>
   </div>
   <div class='ocr_carea' id='block_1_57' title="bbox 2159 1463 3291 1533">
    <p class='ocr_par' dir='ltr' id='par_1_57' title="bbox 2159 1463 3291 1533">
     <span class='ocr_line' id='line_1_57' title="bbox 2159 1463 3291 1533; baseline -0.001 -15"><span class='ocrx_word' id='word_1_354' title='bbox 2159 1476 2290 1533; x_wconf 89' lang='lat' dir='ltr'><strong>pag.</strong></span> <span class='ocrx_word' id='word_1_355' title='bbox 2321 1464 2425 1532; x_wconf 63' lang='lat'><strong>34;</strong></span> <span class='ocrx_word' id='word_1_356' title='bbox 2454 1471 2509 1519; x_wconf 90' lang='lat' dir='ltr'><strong>et</strong></span> <span class='ocrx_word' id='word_1_357' title='bbox 2535 1463 2757 1533; x_wconf 90' lang='lat' dir='ltr'><strong>probat.</strong></span> <span class='ocrx_word' id='word_1_358' title='bbox 2789 1476 2921 1533; x_wconf 91' lang='lat' dir='ltr'><strong>pag.</strong></span> <span class='ocrx_word' id='word_1_359' title='bbox 2947 1464 3037 1530; x_wconf 89' lang='lat'><strong>36,</strong></span> <span class='ocrx_word' id='word_1_360' title='bbox 3070 1464 3159 1517; x_wconf 87' lang='lat'><strong>38.</strong></span> <span class='ocrx_word' id='word_1_361' title='bbox 3274 1526 3291 1533; x_wconf 19' lang='grc' dir='ltr'><em>κ</em></span> 
     </span>
    </p>
   </div>
   <div class='ocr_carea' id='block_1_58' title="bbox 2230 1547 3869 1621">
    <p class='ocr_par' dir='ltr' id='par_1_58' title="bbox 2230 1547 3869 1621">
     <span class='ocr_line' id='line_1_58' title="bbox 2230 1547 3869 1621; baseline -0.004 -14"><span class='ocrx_word' id='word_1_362' title='bbox 2230 1550 2320 1621; x_wconf 83' lang='grc'><strong>(⁸⁸)</strong></span> <span class='ocrx_word' id='word_1_363' title='bbox 2366 1552 2499 1606; x_wconf 81' lang='lat' dir='ltr'><strong>Iam.</strong></span> <span class='ocrx_word' id='word_1_364' title='bbox 2542 1549 2865 1617; x_wconf 81' lang='lat' dir='ltr'><strong>Godefredo</strong></span> <span class='ocrx_word' id='word_1_365' title='bbox 2902 1547 3118 1605; x_wconf 81' lang='lat' dir='ltr'><strong>comiti.</strong></span> <span class='ocrx_word' id='word_1_366' title='bbox 3169 1549 3320 1605; x_wconf 92' lang='lat' dir='ltr'><strong>Idem</strong></span> <span class='ocrx_word' id='word_1_367' title='bbox 3366 1548 3672 1605; x_wconf 92' lang='lat' dir='ltr'><strong>Duchesne</strong></span> <span class='ocrx_word' id='word_1_368' title='bbox 3724 1547 3869 1603; x_wconf 87' lang='lat' dir='ltr'><strong>locis</strong></span> 
     </span>
    </p>
   </div>
   <div class='ocr_carea' id='block_1_59' title="bbox 2158 1640 2366 1695">
    <p class='ocr_par' dir='ltr' id='par_1_59' title="bbox 2158 1640 2366 1695">
     <span class='ocr_line' id='line_1_59' title="bbox 2158 1640 2366 1695; baseline -0.01 0"><span class='ocrx_word' id='word_1_369' title='bbox 2158 1640 2366 1695; x_wconf 86' lang='lat' dir='ltr'><strong>citatis.</strong></span> 
     </span>
    </p>
   </div>
   <div class='ocr_carea' id='block_1_60' title="bbox 2230 1721 3865 1798">
    <p class='ocr_par' dir='ltr' id='par_1_60' title="bbox 2230 1721 3865 1798">
     <span class='ocr_line' id='line_1_60' title="bbox 2230 1721 3865 1798; baseline -0.006 -13"><span class='ocrx_word' id='word_1_370' title='bbox 2230 1725 2316 1798; x_wconf 65' lang='lat'><strong>(’9&#39;)</strong></span> <span class='ocrx_word' id='word_1_371' title='bbox 2383 1729 2513 1784; x_wconf 77' lang='lat' dir='ltr'><strong>CAP.</strong></span> <span class='ocrx_word' id='word_1_372' title='bbox 2573 1727 2671 1785; x_wconf 90' lang='lat' dir='ltr'><strong>IV.</strong></span> <span class='ocrx_word' id='word_1_373' title='bbox 2722 1757 2791 1766; x_wconf 93' lang='lat'><strong>—</strong></span> <span class='ocrx_word' id='word_1_374' title='bbox 2822 1723 3230 1783; x_wconf 78' lang='lat' dir='ltr'><strong>Gauldericum</strong></span> <span class='ocrx_word' id='word_1_375' title='bbox 3267 1722 3486 1796; x_wconf 74' lang='lat' dir='ltr'><strong>eligunt</strong></span> <span class='ocrx_word' id='word_1_376' title='bbox 3542 1721 3865 1794; x_wconf 84' lang='lat' dir='ltr'><strong>quemdam</strong></span> 
     </span>
    </p>
   </div>
   <div class='ocr_carea' id='block_1_61' title="bbox 2088 1792 3862 1886">
    <p class='ocr_par' dir='ltr' id='par_1_61' title="bbox 2088 1792 3862 1886">
     <span class='ocr_line' id='line_1_61' title="bbox 2088 1792 3862 1886; baseline -0.002 -18"><span class='ocrx_word' id='word_1_377' title='bbox 2088 1792 2129 1845; x_wconf 76' lang='grc' dir='ltr'><strong>Β</strong></span> <span class='ocrx_word' id='word_1_378' title='bbox 2155 1792 2308 1886; x_wconf 67' lang='grc' dir='ltr'><strong>ν’ερἱέ</strong></span> <span class='ocrx_word' id='word_1_379' title='bbox 2347 1814 2668 1885; x_wconf 78' lang='lat' dir='ltr'><strong>Anglorum</strong></span> <span class='ocrx_word' id='word_1_380' title='bbox 2707 1810 3179 1881; x_wconf 82' lang='lat' dir='ltr'><strong>referendarium.</strong></span> <span class='ocrx_word' id='word_1_381' title='bbox 3229 1811 3312 1865; x_wconf 92' lang='lat' dir='ltr'><strong>lta</strong></span> <span class='ocrx_word' id='word_1_382' title='bbox 3345 1792 3676 1866; x_wconf 75' lang='lat' dir='ltr'><strong>canonicus</strong></span> <span class='ocrx_word' id='word_1_383' title='bbox 3711 1811 3862 1865; x_wconf 85' lang='lat' dir='ltr'><strong>Lau-</strong></span> 
     </span>
    </p>
   </div>
   <div class='ocr_carea' id='block_1_62' title="bbox 2157 1897 3859 1971">
    <p class='ocr_par' dir='ltr' id='par_1_62' title="bbox 2157 1897 3859 1971">
     <span class='ocr_line' id='line_1_62' title="bbox 2157 1897 3859 1971; baseline -0.005 -12"><span class='ocrx_word' id='word_1_384' title='bbox 2157 1902 2432 1959; x_wconf 92' lang='lat' dir='ltr'><strong>dunensis</strong></span> <span class='ocrx_word' id='word_1_385' title='bbox 2460 1901 2558 1957; x_wconf 87' lang='lat' dir='ltr'><strong>ubi</strong></span> <span class='ocrx_word' id='word_1_386' title='bbox 2595 1915 2791 1971; x_wconf 86' lang='lat' dir='ltr'><strong>supra,</strong></span> <span class='ocrx_word' id='word_1_387' title='bbox 2823 1914 2917 1955; x_wconf 93' lang='lat' dir='ltr'><strong>an.</strong></span> <span class='ocrx_word' id='word_1_388' title='bbox 2955 1901 3110 1954; x_wconf 92' lang='grc'><strong>1112.</strong></span> <span class='ocrx_word' id='word_1_389' title='bbox 3152 1919 3174 1948; x_wconf 78' lang='grc' dir='ltr'>ι</span> <span class='ocrx_word' id='word_1_390' title='bbox 3211 1897 3585 1964; x_wconf 88' lang='lat' dir='ltr'><strong>Waldericus,</strong></span> <span class='ocrx_word' id='word_1_391' title='bbox 3641 1897 3859 1967; x_wconf 86' lang='lat' dir='ltr'><strong>inquit,</strong></span> 
     </span>
    </p>
   </div>
   <div class='ocr_carea' id='block_1_63' title="bbox 2155 1986 3863 2059">
    <p class='ocr_par' dir='ltr' id='par_1_63' title="bbox 2155 1986 3863 2059">
     <span class='ocr_line' id='line_1_63' title="bbox 2155 1986 3863 2059; baseline -0.004 -12"><span class='ocrx_word' id='word_1_392' title='bbox 2155 1991 2343 2047; x_wconf 83' lang='lat' dir='ltr'><strong>fuerat</strong></span> <span class='ocrx_word' id='word_1_393' title='bbox 2410 1988 2640 2045; x_wconf 90' lang='lat' dir='ltr'><strong>Henrici</strong></span> <span class='ocrx_word' id='word_1_394' title='bbox 2695 1987 2846 2058; x_wconf 87' lang='lat' dir='ltr'><strong>regis</strong></span> <span class='ocrx_word' id='word_1_395' title='bbox 2912 1986 3230 2059; x_wconf 84' lang='lat' dir='ltr'><strong>Anglorum</strong></span> <span class='ocrx_word' id='word_1_396' title='bbox 3298 1986 3701 2053; x_wconf 74' lang='lat' dir='ltr'><strong>cancellarius,</strong></span> <span class='ocrx_word' id='word_1_397' title='bbox 3774 1986 3863 2041; x_wconf 91' lang='lat' dir='ltr'><strong>vir</strong></span> 
     </span>
    </p>
   </div>
   <div class='ocr_carea' id='block_1_64' title="bbox 2156 2073 3863 2143">
    <p class='ocr_par' dir='ltr' id='par_1_64' title="bbox 2156 2073 3863 2143">
     <span class='ocr_line' id='line_1_64' title="bbox 2156 2073 3863 2143; baseline -0.004 -11"><span class='ocrx_word' id='word_1_398' title='bbox 2156 2076 2428 2143; x_wconf 88' lang='lat' dir='ltr'><strong>insolens,</strong></span> <span class='ocrx_word' id='word_1_399' title='bbox 2477 2076 2533 2130; x_wconf 90' lang='lat' dir='ltr'><strong>in</strong></span> <span class='ocrx_word' id='word_1_400' title='bbox 2577 2075 2900 2130; x_wconf 88' lang='lat' dir='ltr'><strong>litteratura</strong></span> <span class='ocrx_word' id='word_1_401' title='bbox 2928 2074 3010 2129; x_wconf 92' lang='lat' dir='ltr'><strong>nil</strong></span> <span class='ocrx_word' id='word_1_402' title='bbox 3055 2073 3254 2129; x_wconf 89' lang='lat' dir='ltr'><strong>valens</strong></span> <span class='ocrx_word' id='word_1_403' title='bbox 3280 2073 3534 2140; x_wconf 90' lang='lat' dir='ltr'><strong>omnino,</strong></span> <span class='ocrx_word' id='word_1_404' title='bbox 3578 2074 3863 2129; x_wconf 86' lang='lat' dir='ltr'><strong>litteratos</strong></span> 
     </span>
    </p>
   </div>
   <div class='ocr_carea' id='block_1_65' title="bbox 2155 2161 3856 2235">
    <p class='ocr_par' dir='ltr' id='par_1_65' title="bbox 2155 2161 3856 2235">
     <span class='ocr_line' id='line_1_65' title="bbox 2155 2161 3856 2235; baseline -0.001 -16"><span class='ocrx_word' id='word_1_405' title='bbox 2155 2163 2448 2235; x_wconf 86' lang='lat' dir='ltr'><strong>despectui</strong></span> <span class='ocrx_word' id='word_1_406' title='bbox 2495 2162 2731 2223; x_wconf 87' lang='lat' dir='ltr'><strong>habens.</strong></span> <span class='ocrx_word' id='word_1_407' title='bbox 2778 2161 2984 2217; x_wconf 90' lang='lat' dir='ltr'><strong>milites</strong></span> <span class='ocrx_word' id='word_1_408' title='bbox 3046 2174 3221 2231; x_wconf 89' lang='lat' dir='ltr'><strong>super</strong></span> <span class='ocrx_word' id='word_1_409' title='bbox 3281 2175 3481 2217; x_wconf 90' lang='lat' dir='ltr'><strong>omnes</strong></span> <span class='ocrx_word' id='word_1_410' title='bbox 3527 2161 3856 2232; x_wconf 85' lang='lat' dir='ltr'><strong>diligebat;</strong></span> 
     </span>
    </p>
   </div>
   <div class='ocr_carea' id='block_1_66' title="bbox 2155 2249 3511 2324">
    <p class='ocr_par' dir='ltr' id='par_1_66' title="bbox 2155 2249 3511 2324">
     <span class='ocr_line' id='line_1_66' title="bbox 2155 2249 3511 2324; baseline -0.005 -14"><span class='ocrx_word' id='word_1_411' title='bbox 2155 2261 2459 2324; x_wconf 87' lang='lat' dir='ltr'><strong>protervus</strong></span> <span class='ocrx_word' id='word_1_412' title='bbox 2483 2251 2588 2307; x_wconf 84' lang='lat' dir='ltr'><strong>fuit</strong></span> <span class='ocrx_word' id='word_1_413' title='bbox 2622 2249 2833 2320; x_wconf 89' lang='lat' dir='ltr'><strong>pariter</strong></span> <span class='ocrx_word' id='word_1_414' title='bbox 2863 2257 2919 2305; x_wconf 89' lang='lat' dir='ltr'><strong>et</strong></span> <span class='ocrx_word' id='word_1_415' title='bbox 2958 2256 3455 2319; x_wconf 87' lang='lat' dir='ltr'><strong>prasomptuosus.</strong></span> <span class='ocrx_word' id='word_1_416' title='bbox 3491 2270 3511 2297; x_wconf 77' lang='grc' dir='ltr'><strong>ι</strong></span> 
     </span>
    </p>
   </div>
   <div class='ocr_carea' id='block_1_67' title="bbox 2227 2335 3851 2413">
    <p class='ocr_par' dir='ltr' id='par_1_67' title="bbox 2227 2335 3851 2413">
     <span class='ocr_line' id='line_1_67' title="bbox 2227 2335 3851 2413; baseline -0.002 -19"><span class='ocrx_word' id='word_1_417' title='bbox 2227 2340 2318 2413; x_wconf 77' lang='lat'><strong>(9°)</strong></span> <span class='ocrx_word' id='word_1_418' title='bbox 2350 2341 2483 2396; x_wconf 81' lang='lat' dir='ltr'><strong>lam.</strong></span> <span class='ocrx_word' id='word_1_419' title='bbox 2520 2342 2599 2394; x_wconf 88' lang='lat' dir='ltr'><strong>De</strong></span> <span class='ocrx_word' id='word_1_420' title='bbox 2638 2339 2805 2393; x_wconf 78' lang='lat' dir='ltr'><strong>curia</strong></span> <span class='ocrx_word' id='word_1_421' title='bbox 2829 2340 3033 2392; x_wconf 79' lang='lat' dir='ltr'><strong>contra</strong></span> <span class='ocrx_word' id='word_1_422' title='bbox 3085 2352 3331 2391; x_wconf 70' lang='lat' dir='ltr'><strong>canones</strong></span> <span class='ocrx_word' id='word_1_423' title='bbox 3371 2335 3678 2409; x_wconf 72' lang='lat' dir='ltr'><strong>expetitur.</strong></span> <span class='ocrx_word' id='word_1_424' title='bbox 3709 2336 3851 2392; x_wconf 87' lang='lat' dir='ltr'><strong>Can.</strong></span> 
     </span>
    </p>
   </div>
   <div class='ocr_carea' id='block_1_68' title="bbox 2157 2422 3849 2495">
    <p class='ocr_par' dir='ltr' id='par_1_68' title="bbox 2157 2422 3849 2495">
     <span class='ocr_line' id='line_1_68' title="bbox 2157 2422 3849 2495; baseline -0.002 -13"><span class='ocrx_word' id='word_1_425' title='bbox 2157 2431 2178 2482; x_wconf 92' lang='grc'><strong>1</strong></span> <span class='ocrx_word' id='word_1_426' title='bbox 2214 2436 2271 2483; x_wconf 88' lang='lat' dir='ltr'><strong>et</strong></span> <span class='ocrx_word' id='word_1_427' title='bbox 2299 2431 2350 2495; x_wconf 88' lang='lat'><strong>2,</strong></span> <span class='ocrx_word' id='word_1_428' title='bbox 2384 2427 2517 2483; x_wconf 92' lang='lat' dir='ltr'><strong>dist.</strong></span> <span class='ocrx_word' id='word_1_429' title='bbox 2549 2429 2637 2493; x_wconf 85' lang='grc'><strong>51,</strong></span> <span class='ocrx_word' id='word_1_430' title='bbox 2670 2423 2958 2495; x_wconf 89' lang='lat' dir='ltr'><strong>pracipue</strong></span> <span class='ocrx_word' id='word_1_431' title='bbox 2986 2438 3115 2479; x_wconf 90' lang='lat' dir='ltr'><strong>can.</strong></span> <span class='ocrx_word' id='word_1_432' title='bbox 3168 2428 3219 2492; x_wconf 90' lang='lat'><strong>3,</strong></span> <span class='ocrx_word' id='word_1_433' title='bbox 3261 2423 3359 2479; x_wconf 92' lang='lat' dir='ltr'><strong>sed</strong></span> <span class='ocrx_word' id='word_1_434' title='bbox 3399 2422 3618 2494; x_wconf 85' lang='lat' dir='ltr'><strong>juverit</strong></span> <span class='ocrx_word' id='word_1_435' title='bbox 3651 2424 3849 2479; x_wconf 86' lang='lat' dir='ltr'><strong>audire</strong></span> 
     </span>
    </p>
   </div>
   <div class='ocr_carea' id='block_1_69' title="bbox 2153 2511 3844 2577">
    <p class='ocr_par' dir='ltr' id='par_1_69' title="bbox 2153 2511 3844 2577">
     <span class='ocr_line' id='line_1_69' title="bbox 2153 2511 3844 2577; baseline -0.003 -6"><span class='ocrx_word' id='word_1_436' title='bbox 2153 2514 2511 2571; x_wconf 85' lang='lat' dir='ltr'><strong>Hadrianum</strong></span> <span class='ocrx_word' id='word_1_437' title='bbox 2538 2513 2642 2568; x_wconf 91' lang='lat' dir='ltr'><strong>PP.</strong></span> <span class='ocrx_word' id='word_1_438' title='bbox 2672 2513 2693 2566; x_wconf 93' lang='grc' dir='ltr'>Ι</span> <span class='ocrx_word' id='word_1_439' title='bbox 2724 2512 2796 2567; x_wconf 90' lang='lat' dir='ltr'><strong>ad</strong></span> <span class='ocrx_word' id='word_1_440' title='bbox 2826 2512 3119 2568; x_wconf 89' lang='lat' dir='ltr'><strong>Constant.</strong></span> <span class='ocrx_word' id='word_1_441' title='bbox 3154 2520 3209 2567; x_wconf 91' lang='lat' dir='ltr'><strong>et</strong></span> <span class='ocrx_word' id='word_1_442' title='bbox 3239 2512 3459 2566; x_wconf 90' lang='lat' dir='ltr'><strong>Irenem</strong></span> <span class='ocrx_word' id='word_1_443' title='bbox 3481 2511 3844 2577; x_wconf 86' lang='lat' dir='ltr'><strong>scribentem,</strong></span> 
     </span>
    </p>
   </div>
   <div class='ocr_carea' id='block_1_70' title="bbox 2152 2596 3853 2671">
    <p class='ocr_par' dir='ltr' id='par_1_70' title="bbox 2152 2596 3853 2671">
     <span class='ocr_line' id='line_1_70' title="bbox 2152 2596 3853 2671; baseline -0.003 -14"><span class='ocrx_word' id='word_1_444' title='bbox 2152 2602 2334 2657; x_wconf 88' lang='lat' dir='ltr'><strong>multo</strong></span> <span class='ocrx_word' id='word_1_445' title='bbox 2381 2608 2506 2671; x_wconf 92' lang='lat' dir='ltr'><strong>post</strong></span> <span class='ocrx_word' id='word_1_446' title='bbox 2553 2599 2698 2655; x_wconf 90' lang='lat' dir='ltr'><strong>med.</strong></span> <span class='ocrx_word' id='word_1_447' title='bbox 2736 2619 2760 2649; x_wconf 80' lang='grc' dir='ltr'>ι</span> <span class='ocrx_word' id='word_1_448' title='bbox 2813 2598 2994 2654; x_wconf 83' lang='lat' dir='ltr'><strong>Nimis</strong></span> <span class='ocrx_word' id='word_1_449' title='bbox 3040 2597 3248 2654; x_wconf 89' lang='lat' dir='ltr'><strong>iterum</strong></span> <span class='ocrx_word' id='word_1_450' title='bbox 3294 2596 3529 2663; x_wconf 91' lang='lat' dir='ltr'><strong>turbati,</strong></span> <span class='ocrx_word' id='word_1_451' title='bbox 3589 2610 3662 2653; x_wconf 92' lang='lat' dir='ltr'><strong>ac</strong></span> <span class='ocrx_word' id='word_1_452' title='bbox 3710 2611 3853 2653; x_wconf 87' lang='lat' dir='ltr'><strong>con-</strong></span> 
     </span>
    </p>
   </div>
   <div class='ocr_carea' id='block_1_71' title="bbox 2153 2684 3855 2757">
    <p class='ocr_par' dir='ltr' id='par_1_71' title="bbox 2153 2684 3855 2757">
     <span class='ocr_line' id='line_1_71' title="bbox 2153 2684 3855 2757; baseline -0.004 -13"><span class='ocrx_word' id='word_1_453' title='bbox 2153 2689 2369 2745; x_wconf 87' lang='lat' dir='ltr'><strong>turbati</strong></span> <span class='ocrx_word' id='word_1_454' title='bbox 2416 2702 2639 2754; x_wconf 89' lang='lat' dir='ltr'><strong>sumus,</strong></span> <span class='ocrx_word' id='word_1_455' title='bbox 2684 2687 2825 2757; x_wconf 90' lang='lat' dir='ltr'><strong>quia</strong></span> <span class='ocrx_word' id='word_1_456' title='bbox 2867 2701 2940 2742; x_wconf 80' lang='lat' dir='ltr'><strong>ex</strong></span> <span class='ocrx_word' id='word_1_457' title='bbox 2988 2686 3266 2742; x_wconf 89' lang='lat' dir='ltr'><strong>laicorum</strong></span> <span class='ocrx_word' id='word_1_458' title='bbox 3309 2684 3529 2752; x_wconf 88' lang='lat' dir='ltr'><strong>ordine,</strong></span> <span class='ocrx_word' id='word_1_459' title='bbox 3580 2692 3638 2740; x_wconf 86' lang='lat' dir='ltr'><strong>et</strong></span> <span class='ocrx_word' id='word_1_460' title='bbox 3669 2685 3855 2753; x_wconf 84' lang='lat' dir='ltr'><strong>impe—</strong></span> 
     </span>
    </p>
   </div>
   <div class='ocr_carea' id='block_1_72' title="bbox 2152 2772 3856 2847">
    <p class='ocr_par' dir='ltr' id='par_1_72' title="bbox 2152 2772 3856 2847">
     <span class='ocr_line' id='line_1_72' title="bbox 2152 2772 3856 2847; baseline -0.004 -15"><span class='ocrx_word' id='word_1_461' title='bbox 2152 2778 2396 2834; x_wconf 91' lang='lat' dir='ltr'><strong>rialibus</strong></span> <span class='ocrx_word' id='word_1_462' title='bbox 2421 2776 2714 2847; x_wconf 86' lang='lat' dir='ltr'><strong>obsequiis</strong></span> <span class='ocrx_word' id='word_1_463' title='bbox 2741 2776 3071 2845; x_wconf 90' lang='lat' dir='ltr'><strong>deputatus,</strong></span> <span class='ocrx_word' id='word_1_464' title='bbox 3116 2780 3345 2843; x_wconf 91' lang='lat' dir='ltr'><strong>repente</strong></span> <span class='ocrx_word' id='word_1_465' title='bbox 3381 2772 3454 2827; x_wconf 90' lang='lat' dir='ltr'><strong>ad</strong></span> <span class='ocrx_word' id='word_1_466' title='bbox 3494 2772 3856 2843; x_wconf 88' lang='lat' dir='ltr'><strong>patriarcha-</strong></span> 
     </span>
    </p>
   </div>
   <div class='ocr_carea' id='block_1_73' title="bbox 2151 2860 3857 2932">
    <p class='ocr_par' dir='ltr' id='par_1_73' title="bbox 2151 2860 3857 2932">
     <span class='ocr_line' id='line_1_73' title="bbox 2151 2860 3857 2932; baseline -0.008 -8"><span class='ocrx_word' id='word_1_467' title='bbox 2151 2875 2246 2924; x_wconf 91' lang='lat' dir='ltr'><strong>tus</strong></span> <span class='ocrx_word' id='word_1_468' title='bbox 2291 2866 2519 2923; x_wconf 91' lang='lat' dir='ltr'><strong>culmen</strong></span> <span class='ocrx_word' id='word_1_469' title='bbox 2568 2865 2782 2920; x_wconf 91' lang='lat' dir='ltr'><strong>electus</strong></span> <span class='ocrx_word' id='word_1_470' title='bbox 2829 2873 2933 2931; x_wconf 92' lang='lat' dir='ltr'><strong>est,</strong></span> <span class='ocrx_word' id='word_1_471' title='bbox 2982 2871 3037 2918; x_wconf 86' lang='lat' dir='ltr'><strong>et</strong></span> <span class='ocrx_word' id='word_1_472' title='bbox 3079 2860 3436 2932; x_wconf 84' lang='lat' dir='ltr'><strong>apocalligus</strong></span> <span class='ocrx_word' id='word_1_473' title='bbox 3476 2866 3681 2915; x_wconf 91' lang='lat' dir='ltr'><strong>contra</strong></span> <span class='ocrx_word' id='word_1_474' title='bbox 3722 2871 3857 2912; x_wconf 86' lang='lat' dir='ltr'><strong>san-</strong></span> 
     </span>
    </p>
   </div>
   <div class='ocr_carea' id='block_1_74' title="bbox 2150 2946 3851 3017">
    <p class='ocr_par' dir='ltr' id='par_1_74' title="bbox 2150 2946 3851 3017">
     <span class='ocr_line' id='line_1_74' title="bbox 2150 2946 3851 3017; baseline -0.006 -6"><span class='ocrx_word' id='word_1_475' title='bbox 2150 2963 2375 3011; x_wconf 87' lang='lat' dir='ltr'><strong>ctorum</strong></span> <span class='ocrx_word' id='word_1_476' title='bbox 2422 2967 2711 3009; x_wconf 91' lang='lat' dir='ltr'><strong>canonum</strong></span> <span class='ocrx_word' id='word_1_477' title='bbox 2765 2964 3068 3007; x_wconf 90' lang='lat' dir='ltr'><strong>censuram</strong></span> <span class='ocrx_word' id='word_1_478' title='bbox 3135 2950 3319 3005; x_wconf 78' lang='lat' dir='ltr'><strong>iactus</strong></span> <span class='ocrx_word' id='word_1_479' title='bbox 3364 2955 3449 3004; x_wconf 87' lang='lat' dir='ltr'><strong>est</strong></span> <span class='ocrx_word' id='word_1_480' title='bbox 3493 2946 3851 3017; x_wconf 86' lang='lat' dir='ltr'><strong>patriarcha,</strong></span> 
     </span>
    </p>
   </div>
   <div class='ocr_carea' id='block_1_75' title="bbox 2078 3034 3851 3125">
    <p class='ocr_par' dir='ltr' id='par_1_75' title="bbox 2078 3034 3851 3125">
     <span class='ocr_line' id='line_1_75' title="bbox 2078 3034 3851 3125; baseline -0.007 -24"><span class='ocrx_word' id='word_1_481' title='bbox 2078 3070 2121 3125; x_wconf 71' lang='grc' dir='ltr'><strong>ρ</strong></span> <span class='ocrx_word' id='word_1_482' title='bbox 2148 3050 2222 3111; x_wconf 88' lang='lat' dir='ltr'><strong>et,</strong></span> <span class='ocrx_word' id='word_1_483' title='bbox 2261 3043 2417 3114; x_wconf 90' lang='lat' dir='ltr'><strong>quod</strong></span> <span class='ocrx_word' id='word_1_484' title='bbox 2449 3042 2637 3097; x_wconf 91' lang='lat' dir='ltr'><strong>dicere</strong></span> <span class='ocrx_word' id='word_1_485' title='bbox 2682 3041 2878 3111; x_wconf 89' lang='lat' dir='ltr'><strong>pudet,</strong></span> <span class='ocrx_word' id='word_1_486' title='bbox 2910 3048 2966 3096; x_wconf 92' lang='lat' dir='ltr'><strong>et</strong></span> <span class='ocrx_word' id='word_1_487' title='bbox 3002 3052 3182 3111; x_wconf 89' lang='lat' dir='ltr'><strong>grave</strong></span> <span class='ocrx_word' id='word_1_488' title='bbox 3226 3045 3411 3093; x_wconf 87' lang='lat' dir='ltr'><strong>tacere</strong></span> <span class='ocrx_word' id='word_1_489' title='bbox 3457 3043 3562 3103; x_wconf 89' lang='lat' dir='ltr'><strong>est,</strong></span> <span class='ocrx_word' id='word_1_490' title='bbox 3611 3034 3719 3105; x_wconf 89' lang='lat' dir='ltr'><strong>qui</strong></span> <span class='ocrx_word' id='word_1_491' title='bbox 3768 3048 3851 3089; x_wconf 91' lang='lat' dir='ltr'><strong>re-</strong></span> 
     </span>
    </p>
   </div>
   <div class='ocr_carea' id='block_1_76' title="bbox 2149 3122 3852 3205">
    <p class='ocr_par' dir='ltr' id='par_1_76' title="bbox 2149 3122 3852 3205">
     <span class='ocr_line' id='line_1_76' title="bbox 2149 3122 3852 3205; baseline -0.006 -17"><span class='ocrx_word' id='word_1_492' title='bbox 2149 3132 2320 3205; x_wconf 89' lang='lat' dir='ltr'><strong>gendi</strong></span> <span class='ocrx_word' id='word_1_493' title='bbox 2368 3130 2561 3186; x_wconf 90' lang='lat' dir='ltr'><strong>adhuc</strong></span> <span class='ocrx_word' id='word_1_494' title='bbox 2606 3137 2662 3185; x_wconf 88' lang='lat' dir='ltr'><strong>et</strong></span> <span class='ocrx_word' id='word_1_495' title='bbox 2691 3128 2929 3185; x_wconf 87' lang='lat' dir='ltr'><strong>docendi</strong></span> <span class='ocrx_word' id='word_1_496' title='bbox 2968 3134 3125 3194; x_wconf 90' lang='lat' dir='ltr'><strong>sunt,</strong></span> <span class='ocrx_word' id='word_1_497' title='bbox 3176 3127 3435 3182; x_wconf 90' lang='lat' dir='ltr'><strong>doctores</strong></span> <span class='ocrx_word' id='word_1_498' title='bbox 3481 3137 3585 3179; x_wconf 90' lang='lat' dir='ltr'><strong>nec</strong></span> <span class='ocrx_word' id='word_1_499' title='bbox 3633 3122 3852 3178; x_wconf 89' lang='lat' dir='ltr'><strong>erube-</strong></span> 
     </span>
    </p>
   </div>
   <div class='ocr_carea' id='block_1_77' title="bbox 2150 3211 3849 3283">
    <p class='ocr_par' dir='ltr' id='par_1_77' title="bbox 2150 3211 3849 3283">
     <span class='ocr_line' id='line_1_77' title="bbox 2150 3211 3849 3283; baseline -0.007 -7"><span class='ocrx_word' id='word_1_500' title='bbox 2150 3227 2320 3276; x_wconf 90' lang='lat' dir='ltr'><strong>scunt</strong></span> <span class='ocrx_word' id='word_1_501' title='bbox 2388 3217 2609 3283; x_wconf 89' lang='lat' dir='ltr'><strong>videri;</strong></span> <span class='ocrx_word' id='word_1_502' title='bbox 2676 3230 2781 3272; x_wconf 91' lang='lat' dir='ltr'><strong>nec</strong></span> <span class='ocrx_word' id='word_1_503' title='bbox 2840 3221 3111 3271; x_wconf 88' lang='lat' dir='ltr'><strong>metuunt</strong></span> <span class='ocrx_word' id='word_1_504' title='bbox 3176 3214 3450 3269; x_wconf 89' lang='lat' dir='ltr'><strong>ducatum</strong></span> <span class='ocrx_word' id='word_1_505' title='bbox 3514 3211 3849 3266; x_wconf 90' lang='lat' dir='ltr'><strong>animarum</strong></span> 
     </span>
    </p>
   </div>
   <div class='ocr_carea' id='block_1_78' title="bbox 2150 3299 3850 3378">
    <p class='ocr_par' dir='ltr' id='par_1_78' title="bbox 2150 3299 3850 3378">
     <span class='ocr_line' id='line_1_78' title="bbox 2150 3299 3850 3378; baseline -0.008 -13"><span class='ocrx_word' id='word_1_506' title='bbox 2150 3308 2514 3378; x_wconf 89' lang='lat' dir='ltr'><strong>impudenter</strong></span> <span class='ocrx_word' id='word_1_507' title='bbox 2543 3318 2854 3371; x_wconf 87' lang='lat' dir='ltr'><strong>assumere,</strong></span> <span class='ocrx_word' id='word_1_508' title='bbox 2887 3303 3103 3374; x_wconf 89' lang='lat' dir='ltr'><strong>quibus</strong></span> <span class='ocrx_word' id='word_1_509' title='bbox 3134 3302 3228 3358; x_wconf 93' lang='lat' dir='ltr'><strong>via</strong></span> <span class='ocrx_word' id='word_1_510' title='bbox 3261 3303 3319 3357; x_wconf 91' lang='lat' dir='ltr'><strong>in</strong></span> <span class='ocrx_word' id='word_1_511' title='bbox 3351 3299 3621 3357; x_wconf 91' lang='lat' dir='ltr'><strong>omnibus</strong></span> <span class='ocrx_word' id='word_1_512' title='bbox 3651 3300 3850 3369; x_wconf 88' lang='lat' dir='ltr'><strong>ignota</strong></span> 
     </span>
    </p>
   </div>
   <div class='ocr_carea' id='block_1_79' title="bbox 2150 3387 3851 3463">
    <p class='ocr_par' dir='ltr' id='par_1_79' title="bbox 2150 3387 3851 3463">
     <span class='ocr_line' id='line_1_79' title="bbox 2150 3387 3851 3463; baseline -0.007 -9"><span class='ocrx_word' id='word_1_513' title='bbox 2150 3395 2396 3454; x_wconf 92' lang='lat' dir='ltr'><strong>doctoris</strong></span> <span class='ocrx_word' id='word_1_514' title='bbox 2422 3402 2526 3450; x_wconf 91' lang='lat' dir='ltr'><strong>est.</strong></span> <span class='ocrx_word' id='word_1_515' title='bbox 2557 3393 2718 3460; x_wconf 89' lang='lat' dir='ltr'><strong>Quod</strong></span> <span class='ocrx_word' id='word_1_516' title='bbox 2753 3406 2929 3463; x_wconf 90' lang='lat' dir='ltr'><strong>quam</strong></span> <span class='ocrx_word' id='word_1_517' title='bbox 2972 3403 3239 3460; x_wconf 91' lang='lat' dir='ltr'><strong>pravum,</strong></span> <span class='ocrx_word' id='word_1_518' title='bbox 3289 3402 3541 3458; x_wconf 89' lang='lat' dir='ltr'><strong>quamve</strong></span> <span class='ocrx_word' id='word_1_519' title='bbox 3570 3387 3644 3443; x_wconf 93' lang='lat' dir='ltr'><strong>sit</strong></span> <span class='ocrx_word' id='word_1_520' title='bbox 3677 3396 3851 3442; x_wconf 85' lang='lat' dir='ltr'><strong>teme-</strong></span> 
     </span>
    </p>
   </div>
   <div class='ocr_carea' id='block_1_80' title="bbox 2150 3474 3850 3551">
    <p class='ocr_par' dir='ltr' id='par_1_80' title="bbox 2150 3474 3850 3551">
     <span class='ocr_line' id='line_1_80' title="bbox 2150 3474 3850 3551; baseline -0.008 -10"><span class='ocrx_word' id='word_1_521' title='bbox 2150 3486 2392 3551; x_wconf 87' lang='lat' dir='ltr'><strong>rarium,</strong></span> <span class='ocrx_word' id='word_1_522' title='bbox 2443 3482 2707 3539; x_wconf 89' lang='lat' dir='ltr'><strong>saculari</strong></span> <span class='ocrx_word' id='word_1_523' title='bbox 2775 3480 2977 3536; x_wconf 90' lang='lat' dir='ltr'><strong>ordine</strong></span> <span class='ocrx_word' id='word_1_524' title='bbox 3016 3486 3073 3534; x_wconf 91' lang='lat' dir='ltr'><strong>et</strong></span> <span class='ocrx_word' id='word_1_525' title='bbox 3121 3474 3426 3547; x_wconf 90' lang='lat' dir='ltr'><strong>disciplina</strong></span> <span class='ocrx_word' id='word_1_526' title='bbox 3474 3483 3850 3531; x_wconf 90' lang='lat' dir='ltr'><strong>monstratur.</strong></span> 
     </span>
    </p>
   </div>
   <div class='ocr_carea' id='block_1_81' title="bbox 2148 3563 3851 3631">
    <p class='ocr_par' dir='ltr' id='par_1_81' title="bbox 2148 3563 3851 3631">
     <span class='ocr_line' id='line_1_81' title="bbox 2148 3563 3851 3631; baseline -0.009 -1"><span class='ocrx_word' id='word_1_527' title='bbox 2148 3574 2295 3631; x_wconf 89' lang='lat' dir='ltr'><strong>Nam</strong></span> <span class='ocrx_word' id='word_1_528' title='bbox 2342 3573 2464 3627; x_wconf 83' lang='lat' dir='ltr'><strong>dux</strong></span> <span class='ocrx_word' id='word_1_529' title='bbox 2511 3569 2799 3626; x_wconf 84' lang='lat' dir='ltr'><strong>exercitus</strong></span> <span class='ocrx_word' id='word_1_530' title='bbox 2841 3566 3072 3623; x_wconf 90' lang='lat' dir='ltr'><strong>nonnisi</strong></span> <span class='ocrx_word' id='word_1_531' title='bbox 3122 3565 3315 3621; x_wconf 89' lang='lat' dir='ltr'><strong>labore</strong></span> <span class='ocrx_word' id='word_1_532' title='bbox 3362 3571 3417 3620; x_wconf 91' lang='lat' dir='ltr'><strong>et</strong></span> <span class='ocrx_word' id='word_1_533' title='bbox 3464 3563 3851 3619; x_wconf 89' lang='lat' dir='ltr'><strong>sollicitudine</strong></span> 
     </span>
    </p>
   </div>
   <div class='ocr_carea' id='block_1_82' title="bbox 2149 3654 3848 3736">
    <p class='ocr_par' dir='ltr' id='par_1_82' title="bbox 2149 3654 3848 3736">
     <span class='ocr_line' id='line_1_82' title="bbox 2149 3654 3848 3736; baseline -0.006 -16"><span class='ocrx_word' id='word_1_534' title='bbox 2149 3664 2403 3736; x_wconf 91' lang='lat' dir='ltr'><strong>eligitur,</strong></span> <span class='ocrx_word' id='word_1_535' title='bbox 2450 3661 2651 3733; x_wconf 90' lang='lat' dir='ltr'><strong>quales</strong></span> <span class='ocrx_word' id='word_1_536' title='bbox 2716 3661 3047 3717; x_wconf 90' lang='lat' dir='ltr'><strong>animarum</strong></span> <span class='ocrx_word' id='word_1_537' title='bbox 3095 3660 3272 3715; x_wconf 91' lang='lat' dir='ltr'><strong>duces</strong></span> <span class='ocrx_word' id='word_1_538' title='bbox 3296 3672 3417 3714; x_wconf 90' lang='lat' dir='ltr'><strong>esse</strong></span> <span class='ocrx_word' id='word_1_539' title='bbox 3464 3655 3702 3727; x_wconf 90' lang='lat' dir='ltr'><strong>possint,</strong></span> <span class='ocrx_word' id='word_1_540' title='bbox 3748 3654 3848 3724; x_wconf 85' lang='lat' dir='ltr'><strong>qui</strong></span> 
     </span>
    </p>
   </div>
   <div class='ocr_carea' id='block_1_83' title="bbox 2151 3744 3848 3822">
    <p class='ocr_par' dir='ltr' id='par_1_83' title="bbox 2151 3744 3848 3822">
     <span class='ocr_line' id='line_1_83' title="bbox 2151 3744 3848 3822; baseline -0.006 -13"><span class='ocrx_word' id='word_1_541' title='bbox 2151 3753 2211 3809; x_wconf 92' lang='lat' dir='ltr'><strong>in</strong></span> <span class='ocrx_word' id='word_1_542' title='bbox 2239 3754 2598 3822; x_wconf 90' lang='lat' dir='ltr'><strong>episcopatus</strong></span> <span class='ocrx_word' id='word_1_543' title='bbox 2627 3749 2858 3805; x_wconf 91' lang='lat' dir='ltr'><strong>culmen</strong></span> <span class='ocrx_word' id='word_1_544' title='bbox 2881 3748 3196 3804; x_wconf 90' lang='lat' dir='ltr'><strong>immatura</strong></span> <span class='ocrx_word' id='word_1_545' title='bbox 3214 3746 3458 3816; x_wconf 91' lang='lat' dir='ltr'><strong>cupiunt</strong></span> <span class='ocrx_word' id='word_1_546' title='bbox 3488 3744 3848 3801; x_wconf 78' lang='lat' dir='ltr'><strong>festinatione</strong></span> 
     </span>
    </p>
   </div>
   <div class='ocr_carea' id='block_1_84' title="bbox 2150 3838 2781 3896">
    <p class='ocr_par' dir='ltr' id='par_1_84' title="bbox 2150 3838 2781 3896">
     <span class='ocr_line' id='line_1_84' title="bbox 2150 3838 2781 3896; baseline -0.011 0"><span class='ocrx_word' id='word_1_547' title='bbox 2150 3838 2531 3896; x_wconf 88' lang='lat' dir='ltr'><strong>conscendere</strong></span> <span class='ocrx_word' id='word_1_548' title='bbox 2554 3838 2582 3891; x_wconf 75' lang='lat' dir='ltr'><strong>‘I</strong></span> <span class='ocrx_word' id='word_1_549' title='bbox 2614 3856 2640 3889; x_wconf 75' lang='grc' dir='ltr'><strong><em>ι</em></strong></span> <span class='ocrx_word' id='word_1_550' title='bbox 2674 3844 2781 3893; x_wconf 89' lang='lat' dir='ltr'><strong>etc.</strong></span> 
     </span>
    </p>
   </div>
   <div class='ocr_carea' id='block_1_85' title="bbox 2222 3918 3847 3999">
    <p class='ocr_par' dir='ltr' id='par_1_85' title="bbox 2222 3918 3847 3999">
     <span class='ocr_line' id='line_1_85' title="bbox 2222 3918 3847 3999; baseline -0.004 -20"><span class='ocrx_word' id='word_1_551' title='bbox 2222 3927 2309 3999; x_wconf 73' lang='lat'><strong>(91)</strong></span> <span class='ocrx_word' id='word_1_552' title='bbox 2357 3927 2492 3981; x_wconf 80' lang='lat' dir='ltr'><strong>Iam.</strong></span> <span class='ocrx_word' id='word_1_553' title='bbox 2544 3924 2711 3981; x_wconf 71' lang='lat' dir='ltr'><strong>Solus</strong></span> <span class='ocrx_word' id='word_1_554' title='bbox 2774 3922 3053 3996; x_wconf 63' lang='lat' dir='ltr'><strong>magister</strong></span> <span class='ocrx_word' id='word_1_555' title='bbox 3100 3920 3431 3987; x_wconf 73' lang='lat' dir='ltr'><strong>Amelmus,</strong></span> <span class='ocrx_word' id='word_1_556' title='bbox 3478 3927 3586 3975; x_wconf 89' lang='lat' dir='ltr'><strong>etc.</strong></span> <span class='ocrx_word' id='word_1_557' title='bbox 3656 3918 3847 3975; x_wconf 86' lang='lat' dir='ltr'><strong>Laude</strong></span> 
     </span>
    </p>
   </div>
   <div class='ocr_carea' id='block_1_86' title="bbox 2152 4006 3845 4086">
    <p class='ocr_par' dir='ltr' id='par_1_86' title="bbox 2152 4006 3845 4086">
     <span class='ocr_line' id='line_1_86' title="bbox 2152 4006 3845 4086; baseline -0.006 -15"><span class='ocrx_word' id='word_1_558' title='bbox 2152 4014 2523 4086; x_wconf 87' lang='lat' dir='ltr'><strong>prosequitur</strong></span> <span class='ocrx_word' id='word_1_559' title='bbox 2570 4012 2928 4079; x_wconf 83' lang='lat' dir='ltr'><strong>Anselmum,</strong></span> <span class='ocrx_word' id='word_1_560' title='bbox 2979 4011 3296 4068; x_wconf 90' lang='lat' dir='ltr'><strong>canonicus</strong></span> <span class='ocrx_word' id='word_1_561' title='bbox 3369 4009 3461 4065; x_wconf 90' lang='lat' dir='ltr'><strong>ille</strong></span> <span class='ocrx_word' id='word_1_562' title='bbox 3529 4006 3740 4077; x_wconf 86' lang='lat' dir='ltr'><strong>sapius</strong></span> <span class='ocrx_word' id='word_1_563' title='bbox 3792 4008 3845 4061; x_wconf 90' lang='lat' dir='ltr'><strong>in</strong></span> 
     </span>
    </p>
   </div>
   <div class='ocr_carea' id='block_1_87' title="bbox 2150 4096 3841 4172">
    <p class='ocr_par' dir='ltr' id='par_1_87' title="bbox 2150 4096 3841 4172">
     <span class='ocr_line' id='line_1_87' title="bbox 2150 4096 3841 4172; baseline -0.007 -13"><span class='ocrx_word' id='word_1_564' title='bbox 2150 4102 2405 4159; x_wconf 88' lang='lat' dir='ltr'><strong>medium</strong></span> <span class='ocrx_word' id='word_1_565' title='bbox 2451 4101 2745 4172; x_wconf 91' lang='lat' dir='ltr'><strong>prolatus,</strong></span> <span class='ocrx_word' id='word_1_566' title='bbox 2812 4100 2939 4171; x_wconf 90' lang='lat' dir='ltr'><strong>ejus</strong></span> <span class='ocrx_word' id='word_1_567' title='bbox 3002 4098 3310 4169; x_wconf 88' lang='lat' dir='ltr'><strong>designans</strong></span> <span class='ocrx_word' id='word_1_568' title='bbox 3370 4096 3560 4152; x_wconf 90' lang='lat' dir='ltr'><strong>obitus</strong></span> <span class='ocrx_word' id='word_1_569' title='bbox 3627 4107 3841 4149; x_wconf 89' lang='lat' dir='ltr'><strong>annum</strong></span> 
     </span>
    </p>
   </div>
   <div class='ocr_carea' id='block_1_88' title="bbox 2154 4181 3843 4259">
    <p class='ocr_par' dir='ltr' id='par_1_88' title="bbox 2154 4181 3843 4259">
     <span class='ocr_line' id='line_1_88' title="bbox 2154 4181 3843 4259; baseline -0.005 -15"><span class='ocrx_word' id='word_1_570' title='bbox 2154 4191 2308 4244; x_wconf 87' lang='grc'><strong>1117.</strong></span> <span class='ocrx_word' id='word_1_571' title='bbox 2346 4207 2372 4242; x_wconf 76' lang='grc' dir='ltr'>ι</span> <span class='ocrx_word' id='word_1_572' title='bbox 2418 4189 2685 4259; x_wconf 85' lang='lat' dir='ltr'><strong>Magister</strong></span> <span class='ocrx_word' id='word_1_573' title='bbox 2715 4186 3023 4242; x_wconf 81' lang='lat' dir='ltr'><strong>Anselmus</strong></span> <span class='ocrx_word' id='word_1_574' title='bbox 3072 4183 3566 4240; x_wconf 89' lang='lat' dir='ltr'><strong>nominatissimus</strong></span> <span class='ocrx_word' id='word_1_575' title='bbox 3617 4181 3843 4236; x_wconf 86' lang='lat' dir='ltr'><strong>Landu-</strong></span> 
     </span>
    </p>
   </div>
   <div class='ocr_carea' id='block_1_89' title="bbox 2152 4268 3835 4343">
    <p class='ocr_par' dir='ltr' id='par_1_89' title="bbox 2152 4268 3835 4343">
     <span class='ocr_line' id='line_1_89' title="bbox 2152 4268 3835 4343; baseline -0.008 -9"><span class='ocrx_word' id='word_1_576' title='bbox 2152 4278 2364 4334; x_wconf 90' lang='lat' dir='ltr'><strong>mensis</strong></span> <span class='ocrx_word' id='word_1_577' title='bbox 2390 4278 2662 4343; x_wconf 84' lang='lat' dir='ltr'><strong>dccanus,</strong></span> <span class='ocrx_word' id='word_1_578' title='bbox 2698 4276 2757 4330; x_wconf 92' lang='lat' dir='ltr'><strong>in</strong></span> <span class='ocrx_word' id='word_1_579' title='bbox 2801 4275 3128 4330; x_wconf 91' lang='lat' dir='ltr'><strong>litteratura</strong></span> <span class='ocrx_word' id='word_1_580' title='bbox 3171 4274 3292 4329; x_wconf 91' lang='lat' dir='ltr'><strong>suis</strong></span> <span class='ocrx_word' id='word_1_581' title='bbox 3322 4270 3672 4341; x_wconf 90' lang='lat' dir='ltr'><strong>temporibus</strong></span> <span class='ocrx_word' id='word_1_582' title='bbox 3700 4268 3835 4323; x_wconf 90' lang='lat' dir='ltr'><strong>nulli</strong></span> 
     </span>
    </p>
   </div>
   <div class='ocr_carea' id='block_1_90' title="bbox 412 4360 3834 4434">
    <p class='ocr_par' dir='ltr' id='par_1_90' title="bbox 412 4360 3834 4434">
     <span class='ocr_line' id='line_1_90' title="bbox 412 4360 3834 4434; baseline -0.004 -12"><span class='ocrx_word' id='word_1_583' title='bbox 412 4368 544 4423; x_wconf 91' lang='lat' dir='ltr'><strong>Post</strong></span> <span class='ocrx_word' id='word_1_584' title='bbox 588 4367 1010 4423; x_wconf 88' lang='lat' dir='ltr'><strong>abdicationem</strong></span> <span class='ocrx_word' id='word_1_585' title='bbox 1070 4365 1295 4421; x_wconf 90' lang='lat' dir='ltr'><strong>Henrici</strong></span> <span class='ocrx_word' id='word_1_586' title='bbox 1360 4378 1395 4419; x_wconf 91' lang='lat' dir='ltr'><strong>a</strong></span> <span class='ocrx_word' id='word_1_587' title='bbox 1468 4363 1841 4434; x_wconf 89' lang='lat' dir='ltr'><strong>Lotharingia</strong></span> <span class='ocrx_word' id='word_1_588' title='bbox 1885 4375 2039 4417; x_wconf 90' lang='lat' dir='ltr'><strong>anno</strong></span> <span class='ocrx_word' id='word_1_589' title='bbox 2077 4360 2121 4414; x_wconf 92' lang='lat' dir='ltr'><strong>D</strong></span> <span class='ocrx_word' id='word_1_590' title='bbox 2151 4367 2459 4433; x_wconf 76' lang='lat' dir='ltr'><strong>secundus,</strong></span> <span class='ocrx_word' id='word_1_591' title='bbox 2511 4378 2737 4420; x_wconf 78' lang='lat' dir='ltr'><strong>morum</strong></span> <span class='ocrx_word' id='word_1_592' title='bbox 2786 4364 3097 4430; x_wconf 74' lang='lat' dir='ltr'><strong>honestate,</strong></span> <span class='ocrx_word' id='word_1_593' title='bbox 3147 4370 3201 4418; x_wconf 83' lang='lat' dir='ltr'><strong>et</strong></span> <span class='ocrx_word' id='word_1_594' title='bbox 3247 4360 3465 4416; x_wconf 81' lang='lat' dir='ltr'><strong>consilii</strong></span> <span class='ocrx_word' id='word_1_595' title='bbox 3520 4360 3834 4413; x_wconf 84' lang='lat' dir='ltr'><strong>maturitate</strong></span> 
     </span>
    </p>
   </div>
   <div class='ocr_carea' id='block_1_91' title="bbox 340 4451 2039 4523">
    <p class='ocr_par' dir='ltr' id='par_1_91' title="bbox 340 4451 2039 4523">
     <span class='ocr_line' id='line_1_91' title="bbox 340 4451 2039 4523; baseline -0.003 -13"><span class='ocrx_word' id='word_1_596' title='bbox 340 4456 496 4523; x_wconf 73' lang='grc'><strong>1643,</strong></span> <span class='ocrx_word' id='word_1_597' title='bbox 566 4455 891 4511; x_wconf 86' lang='lat' dir='ltr'><strong>Ludovicus</strong></span> <span class='ocrx_word' id='word_1_598' title='bbox 957 4454 1077 4508; x_wconf 84' lang='lat' dir='ltr'><strong>XIII</strong></span> <span class='ocrx_word' id='word_1_599' title='bbox 1153 4455 1507 4509; x_wconf 88' lang='lat' dir='ltr'><strong>Francorum</strong></span> <span class='ocrx_word' id='word_1_600' title='bbox 1574 4466 1676 4508; x_wconf 80' lang='lat' dir='ltr'><strong>rex</strong></span> <span class='ocrx_word' id='word_1_601' title='bbox 1747 4451 2039 4507; x_wconf 86' lang='lat' dir='ltr'><strong>abhatiam</strong></span> 
     </span>
    </p>
   </div>
   <div class='ocr_carea' id='block_1_92' title="bbox 342 4539 2041 4612">
    <p class='ocr_par' dir='ltr' id='par_1_92' title="bbox 342 4539 2041 4612">
     <span class='ocr_line' id='line_1_92' title="bbox 342 4539 2041 4612; baseline -0.004 -13"><span class='ocrx_word' id='word_1_602' title='bbox 342 4542 532 4600; x_wconf 89' lang='lat' dir='ltr'><strong>Sancti</strong></span> <span class='ocrx_word' id='word_1_603' title='bbox 578 4542 787 4599; x_wconf 90' lang='lat' dir='ltr'><strong>Nicasii</strong></span> <span class='ocrx_word' id='word_1_604' title='bbox 844 4542 1033 4598; x_wconf 89' lang='lat' dir='ltr'><strong>univit</strong></span> <span class='ocrx_word' id='word_1_605' title='bbox 1074 4541 1329 4612; x_wconf 87' lang='lat' dir='ltr'><strong>capitulo</strong></span> <span class='ocrx_word' id='word_1_606' title='bbox 1366 4554 1544 4598; x_wconf 84' lang='lat' dir='ltr'><strong>sacra</strong></span> <span class='ocrx_word' id='word_1_607' title='bbox 1586 4554 1653 4595; x_wconf 92' lang='lat' dir='ltr'><strong>ac</strong></span> <span class='ocrx_word' id='word_1_608' title='bbox 1699 4539 1909 4610; x_wconf 90' lang='lat' dir='ltr'><strong>regalis</strong></span> <span class='ocrx_word' id='word_1_609' title='bbox 1945 4552 2041 4594; x_wconf 86' lang='lat' dir='ltr'><strong>ca-</strong></span> 
     </span>
    </p>
   </div>
   <div class='ocr_carea' id='block_1_93' title="bbox 340 4627 2041 4703">
    <p class='ocr_par' dir='ltr' id='par_1_93' title="bbox 340 4627 2041 4703">
     <span class='ocr_line' id='line_1_93' title="bbox 340 4627 2041 4703; baseline -0.004 -15"><span class='ocrx_word' id='word_1_610' title='bbox 340 4632 503 4703; x_wconf 89' lang='lat' dir='ltr'><strong>pella</strong></span> <span class='ocrx_word' id='word_1_611' title='bbox 534 4632 696 4689; x_wconf 90' lang='lat' dir='ltr'><strong>urbis</strong></span> <span class='ocrx_word' id='word_1_612' title='bbox 725 4630 1081 4697; x_wconf 89' lang='lat' dir='ltr'><strong>Parisiensis,</strong></span> <span class='ocrx_word' id='word_1_613' title='bbox 1112 4630 1169 4685; x_wconf 90' lang='lat' dir='ltr'><strong>in</strong></span> <span class='ocrx_word' id='word_1_614' title='bbox 1198 4629 1386 4685; x_wconf 92' lang='lat' dir='ltr'><strong>locum</strong></span> <span class='ocrx_word' id='word_1_615' title='bbox 1420 4627 1722 4699; x_wconf 88' lang='lat' dir='ltr'><strong>regalium,</strong></span> <span class='ocrx_word' id='word_1_616' title='bbox 1755 4641 1887 4697; x_wconf 89' lang='lat' dir='ltr'><strong>qua</strong></span> <span class='ocrx_word' id='word_1_617' title='bbox 1913 4639 2041 4696; x_wconf 89' lang='lat' dir='ltr'><strong>per-</strong></span> 
     </span>
    </p>
   </div>
   <div class='ocr_carea' id='block_1_94' title="bbox 340 4714 2046 4792">
    <p class='ocr_par' dir='ltr' id='par_1_94' title="bbox 340 4714 2046 4792">
     <span class='ocr_line' id='line_1_94' title="bbox 340 4714 2046 4792; baseline -0.006 -13"><span class='ocrx_word' id='word_1_618' title='bbox 340 4721 528 4792; x_wconf 87' lang='lat' dir='ltr'><strong>cipere</strong></span> <span class='ocrx_word' id='word_1_619' title='bbox 561 4722 817 4778; x_wconf 86' lang='lat' dir='ltr'><strong>solebant</strong></span> <span class='ocrx_word' id='word_1_620' title='bbox 864 4728 989 4791; x_wconf 91' lang='lat' dir='ltr'><strong>post</strong></span> <span class='ocrx_word' id='word_1_621' title='bbox 1020 4719 1242 4775; x_wconf 91' lang='lat' dir='ltr'><strong>obitum</strong></span> <span class='ocrx_word' id='word_1_622' title='bbox 1288 4718 1687 4788; x_wconf 89' lang='lat' dir='ltr'><strong>episcoporum</strong></span> <span class='ocrx_word' id='word_1_623' title='bbox 1737 4714 1939 4786; x_wconf 90' lang='lat' dir='ltr'><strong>regni;</strong></span> <span class='ocrx_word' id='word_1_624' title='bbox 1987 4720 2046 4769; x_wconf 88' lang='lat' dir='ltr'><strong>et</strong></span> 
     </span>
    </p>
   </div>
   <div class='ocr_carea' id='block_1_95' title="bbox 340 4802 2041 4875">
    <p class='ocr_par' dir='ltr' id='par_1_95' title="bbox 340 4802 2041 4875">
     <span class='ocr_line' id='line_1_95' title="bbox 340 4802 2041 4875; baseline -0.005 -10"><span class='ocrx_word' id='word_1_625' title='bbox 340 4808 434 4865; x_wconf 90' lang='lat' dir='ltr'><strong>hic</strong></span> <span class='ocrx_word' id='word_1_626' title='bbox 476 4808 754 4865; x_wconf 89' lang='lat' dir='ltr'><strong>hactenus</strong></span> <span class='ocrx_word' id='word_1_627' title='bbox 792 4808 1068 4864; x_wconf 89' lang='lat' dir='ltr'><strong>abbatum</strong></span> <span class='ocrx_word' id='word_1_628' title='bbox 1110 4804 1356 4875; x_wconf 90' lang='lat' dir='ltr'><strong>catalogi</strong></span> <span class='ocrx_word' id='word_1_629' title='bbox 1402 4803 1533 4859; x_wconf 80' lang='lat' dir='ltr'><strong>linis</strong></span> <span class='ocrx_word' id='word_1_630' title='bbox 1568 4803 1695 4859; x_wconf 92' lang='lat' dir='ltr'><strong>erit.</strong></span> <span class='ocrx_word' id='word_1_631' title='bbox 1747 4803 1851 4858; x_wconf 88' lang='lat' dir='ltr'><strong>Sed</strong></span> <span class='ocrx_word' id='word_1_632' title='bbox 1898 4802 2041 4873; x_wconf 89' lang='lat' dir='ltr'><strong>quid</strong></span> 
     </span>
    </p>
   </div>
   <div class='ocr_carea' id='block_1_96' title="bbox 335 4891 2043 4967">
    <p class='ocr_par' dir='ltr' id='par_1_96' title="bbox 335 4891 2043 4967">
     <span class='ocr_line' id='line_1_96' title="bbox 335 4891 2043 4967; baseline -0.004 -14"><span class='ocrx_word' id='word_1_633' title='bbox 335 4896 505 4967; x_wconf 88' lang='lat' dir='ltr'><strong>juvat</strong></span> <span class='ocrx_word' id='word_1_634' title='bbox 553 4905 630 4954; x_wconf 91' lang='lat' dir='ltr'><strong>tot</strong></span> <span class='ocrx_word' id='word_1_635' title='bbox 683 4897 997 4954; x_wconf 90' lang='lat' dir='ltr'><strong>illustrium</strong></span> <span class='ocrx_word' id='word_1_636' title='bbox 1044 4896 1304 4949; x_wconf 92' lang='lat' dir='ltr'><strong>virorum</strong></span> <span class='ocrx_word' id='word_1_637' title='bbox 1375 4892 1709 4948; x_wconf 90' lang='lat' dir='ltr'><strong>nominibus</strong></span> <span class='ocrx_word' id='word_1_638' title='bbox 1754 4891 2043 4961; x_wconf 88' lang='lat' dir='ltr'><strong>catalogos</strong></span> 
     </span>
    </p>
   </div>
   <div class='ocr_carea' id='block_1_97' title="bbox 338 4980 2042 5052">
    <p class='ocr_par' dir='ltr' id='par_1_97' title="bbox 338 4980 2042 5052">
     <span class='ocr_line' id='line_1_97' title="bbox 338 4980 2042 5052; baseline -0.004 -11"><span class='ocrx_word' id='word_1_639' title='bbox 338 4986 818 5043; x_wconf 84' lang='lat' dir='ltr'><strong>monasteriorum</strong></span> <span class='ocrx_word' id='word_1_640' title='bbox 850 4983 1100 5050; x_wconf 90' lang='lat' dir='ltr'><strong>onerari,</strong></span> <span class='ocrx_word' id='word_1_641' title='bbox 1134 4996 1266 5039; x_wconf 89' lang='lat' dir='ltr'><strong>cum</strong></span> <span class='ocrx_word' id='word_1_642' title='bbox 1298 4982 1489 5038; x_wconf 91' lang='lat' dir='ltr'><strong>studio</strong></span> <span class='ocrx_word' id='word_1_643' title='bbox 1531 4982 1717 5050; x_wconf 89' lang='lat' dir='ltr'><strong>potius</strong></span> <span class='ocrx_word' id='word_1_644' title='bbox 1748 4980 2042 5052; x_wconf 87' lang='lat' dir='ltr'><strong>vigilantis</strong></span> 
     </span>
    </p>
   </div>
   <div class='ocr_carea' id='block_1_98' title="bbox 340 5069 2041 5141">
    <p class='ocr_par' dir='ltr' id='par_1_98' title="bbox 340 5069 2041 5141">
     <span class='ocr_line' id='line_1_98' title="bbox 340 5069 2041 5141; baseline -0.003 -15"><span class='ocrx_word' id='word_1_645' title='bbox 340 5073 584 5139; x_wconf 89' lang='lat' dir='ltr'><strong>pastoris</strong></span> <span class='ocrx_word' id='word_1_646' title='bbox 636 5073 846 5141; x_wconf 92' lang='lat' dir='ltr'><strong>optime</strong></span> <span class='ocrx_word' id='word_1_647' title='bbox 885 5070 1120 5127; x_wconf 90' lang='lat' dir='ltr'><strong>vivendi</strong></span> <span class='ocrx_word' id='word_1_648' title='bbox 1172 5082 1374 5125; x_wconf 90' lang='lat' dir='ltr'><strong>norma</strong></span> <span class='ocrx_word' id='word_1_649' title='bbox 1434 5069 1653 5136; x_wconf 82' lang='lat' dir='ltr'><strong>ﬂoreat,</strong></span> <span class='ocrx_word' id='word_1_650' title='bbox 1697 5081 1874 5138; x_wconf 91' lang='lat' dir='ltr'><strong>quam</strong></span> <span class='ocrx_word' id='word_1_651' title='bbox 1950 5082 2041 5121; x_wconf 87' lang='lat' dir='ltr'><strong>eo-</strong></span> 
     </span>
    </p>
   </div>
   <div class='ocr_carea' id='block_1_99' title="bbox 341 5155 2038 5215">
    <p class='ocr_par' dir='ltr' id='par_1_99' title="bbox 341 5155 2038 5215">
     <span class='ocr_line' id='line_1_99' title="bbox 341 5155 2038 5215; baseline -0.002 -2"><span class='ocrx_word' id='word_1_652' title='bbox 341 5172 469 5213; x_wconf 92' lang='lat' dir='ltr'><strong>rum</strong></span> <span class='ocrx_word' id='word_1_653' title='bbox 530 5159 715 5215; x_wconf 89' lang='lat' dir='ltr'><strong>inutili</strong></span> <span class='ocrx_word' id='word_1_654' title='bbox 760 5173 827 5215; x_wconf 93' lang='lat' dir='ltr'><strong>ac</strong></span> <span class='ocrx_word' id='word_1_655' title='bbox 872 5159 1122 5214; x_wconf 78' lang='lat' dir='ltr'><strong>fastuoso</strong></span> <span class='ocrx_word' id='word_1_656' title='bbox 1165 5164 1483 5213; x_wconf 88' lang='lat' dir='ltr'><strong>stemmate.</strong></span> <span class='ocrx_word' id='word_1_657' title='bbox 1558 5156 1844 5211; x_wconf 87' lang='lat' dir='ltr'><strong>Hactenus</strong></span> <span class='ocrx_word' id='word_1_658' title='bbox 1892 5155 2038 5210; x_wconf 92' lang='lat' dir='ltr'><strong>idem</strong></span> 
     </span>
    </p>
   </div>
   <div class='ocr_carea' id='block_1_100' title="bbox 342 5244 1264 5315">
    <p class='ocr_par' dir='ltr' id='par_1_100' title="bbox 342 5244 1264 5315">
     <span class='ocr_line' id='line_1_100' title="bbox 342 5244 1264 5315; baseline 0 -16"><span class='ocrx_word' id='word_1_659' title='bbox 342 5247 442 5315; x_wconf 89' lang='lat' dir='ltr'><strong>qui</strong></span> <span class='ocrx_word' id='word_1_660' title='bbox 472 5260 649 5315; x_wconf 90' lang='lat' dir='ltr'><strong>supra</strong></span> <span class='ocrx_word' id='word_1_661' title='bbox 678 5246 1020 5302; x_wconf 90' lang='lat' dir='ltr'><strong>Guillelmus</strong></span> <span class='ocrx_word' id='word_1_662' title='bbox 1048 5244 1264 5301; x_wconf 82' lang='lat' dir='ltr'><strong>Marlot.</strong></span> 
     </span>
    </p>
   </div>
   <div class='ocr_carea' id='block_1_101' title="bbox 790 5331 1573 5388">
    <p class='ocr_par' dir='ltr' id='par_1_101' title="bbox 790 5331 1573 5388">
     <span class='ocr_line' id='line_1_101' title="bbox 790 5331 1573 5388; baseline -0.004 -1"><span class='ocrx_word' id='word_1_663' title='bbox 790 5333 884 5387; x_wconf 83' lang='lat' dir='ltr'><strong>AD</strong></span> <span class='ocrx_word' id='word_1_664' title='bbox 926 5332 1193 5388; x_wconf 79' lang='lat' dir='ltr'><strong>LIBRUM</strong></span> <span class='ocrx_word' id='word_1_665' title='bbox 1233 5331 1573 5388; x_wconf 77' lang='lat' dir='ltr'><strong>TERTIUM.</strong></span> 
     </span>
    </p>
   </div>
   <div class='ocr_carea' id='block_1_102' title="bbox 413 5416 2043 5488">
    <p class='ocr_par' dir='ltr' id='par_1_102' title="bbox 413 5416 2043 5488">
     <span class='ocr_line' id='line_1_102' title="bbox 413 5416 2043 5488; baseline 0.002 -17"><span class='ocrx_word' id='word_1_666' title='bbox 413 5416 500 5488; x_wconf 80' lang='grc'><strong>(⁸⁵)</strong></span> <span class='ocrx_word' id='word_1_667' title='bbox 531 5419 664 5476; x_wconf 78' lang='lat' dir='ltr'><strong>CAP.</strong></span> <span class='ocrx_word' id='word_1_668' title='bbox 712 5421 775 5474; x_wconf 93' lang='lat' dir='ltr'><strong>Il.</strong></span> <span class='ocrx_word' id='word_1_669' title='bbox 805 5450 872 5459; x_wconf 94' lang='lat'><strong>—-</strong></span> <span class='ocrx_word' id='word_1_670' title='bbox 921 5421 1212 5474; x_wconf 72' lang='lat' dir='ltr'><strong>Praeterea</strong></span> <span class='ocrx_word' id='word_1_671' title='bbox 1263 5418 1657 5486; x_wconf 71' lang='lat' dir='ltr'><strong>Helinandus,</strong></span> <span class='ocrx_word' id='word_1_672' title='bbox 1700 5425 1808 5474; x_wconf 89' lang='lat' dir='ltr'><strong>ctc.</strong></span> <span class='ocrx_word' id='word_1_673' title='bbox 1853 5418 2043 5473; x_wconf 86' lang='lat' dir='ltr'><strong>Cano—</strong></span> 
     </span>
    </p>
   </div>
   <div class='ocr_carea' id='block_1_103' title="bbox 339 5516 2052 5575">
    <p class='ocr_par' dir='ltr' id='par_1_103' title="bbox 339 5516 2052 5575">
     <span class='ocr_line' id='line_1_103' title="bbox 339 5516 2052 5575; baseline 0.001 -7"><span class='ocrx_word' id='word_1_674' title='bbox 339 5516 503 5571; x_wconf 88' lang='lat' dir='ltr'><strong>nicus</strong></span> <span class='ocrx_word' id='word_1_675' title='bbox 564 5517 969 5575; x_wconf 88' lang='lat' dir='ltr'><strong>Laudunensis</strong></span> <span class='ocrx_word' id='word_1_676' title='bbox 1039 5517 1094 5572; x_wconf 92' lang='lat' dir='ltr'><strong>in</strong></span> <span class='ocrx_word' id='word_1_677' title='bbox 1168 5516 1449 5572; x_wconf 90' lang='lat' dir='ltr'><strong>Chronico</strong></span> <span class='ocrx_word' id='word_1_678' title='bbox 1535 5530 1713 5571; x_wconf 88' lang='lat' dir='ltr'><strong>manu</strong></span> <span class='ocrx_word' id='word_1_679' title='bbox 1775 5518 2052 5570; x_wconf 84' lang='lat' dir='ltr'><strong>exarato:</strong></span> 
     </span>
    </p>
   </div>
   <div class='ocr_carea' id='block_1_104' title="bbox 343 5602 2058 5675">
    <p class='ocr_par' dir='ltr' id='par_1_104' title="bbox 343 5602 2058 5675">
     <span class='ocr_line' id='line_1_104' title="bbox 343 5602 2058 5675; baseline -0.001 -16"><span class='ocrx_word' id='word_1_680' title='bbox 343 5627 373 5659; x_wconf 80' lang='grc'><strong>«</strong></span> <span class='ocrx_word' id='word_1_681' title='bbox 400 5605 567 5662; x_wconf 83' lang='lat' dir='ltr'><strong>Anno</strong></span> <span class='ocrx_word' id='word_1_682' title='bbox 602 5606 829 5663; x_wconf 90' lang='lat' dir='ltr'><strong>Domini</strong></span> <span class='ocrx_word' id='word_1_683' title='bbox 873 5609 1008 5661; x_wconf 82' lang='lat' dir='ltr'><strong>t095</strong></span> <span class='ocrx_word' id='word_1_684' title='bbox 1054 5605 1409 5663; x_wconf 50' lang='lat' dir='ltr'><strong>Elinandus</strong></span> <span class='ocrx_word' id='word_1_685' title='bbox 1438 5605 1739 5675; x_wconf 88' lang='lat' dir='ltr'><strong>episcopus</strong></span> <span class='ocrx_word' id='word_1_686' title='bbox 1764 5602 2058 5660; x_wconf 87' lang='lat' dir='ltr'><strong>ecclesiam</strong></span> 
     </span>
    </p>
   </div>
   <div class='ocr_carea' id='block_1_105' title="bbox 2148 4445 3831 4520">
    <p class='ocr_par' dir='ltr' id='par_1_105' title="bbox 2148 4445 3831 4520">
     <span class='ocr_line' id='line_1_105' title="bbox 2148 4445 3831 4520; baseline -0.008 -9"><span class='ocrx_word' id='word_1_687' title='bbox 2148 4453 2489 4511; x_wconf 89' lang='lat' dir='ltr'><strong>venerabilis</strong></span> <span class='ocrx_word' id='word_1_688' title='bbox 2517 4453 2676 4509; x_wconf 92' lang='lat' dir='ltr'><strong>obiit.</strong></span> <span class='ocrx_word' id='word_1_689' title='bbox 2712 4452 2856 4508; x_wconf 87' lang='lat' dir='ltr'><strong>Huic</strong></span> <span class='ocrx_word' id='word_1_690' title='bbox 2889 4450 3015 4508; x_wconf 93' lang='lat' dir='ltr'><strong>utili</strong></span> <span class='ocrx_word' id='word_1_691' title='bbox 3062 4449 3227 4520; x_wconf 88' lang='lat' dir='ltr'><strong>stylo,</strong></span> <span class='ocrx_word' id='word_1_692' title='bbox 3260 4456 3314 4504; x_wconf 91' lang='lat' dir='ltr'><strong>et</strong></span> <span class='ocrx_word' id='word_1_693' title='bbox 3342 4447 3531 4503; x_wconf 90' lang='lat' dir='ltr'><strong>solerti</strong></span> <span class='ocrx_word' id='word_1_694' title='bbox 3565 4445 3831 4501; x_wconf 83' lang='lat' dir='ltr'><strong>industria</strong></span> 
     </span>
    </p>
   </div>
   <div class='ocr_carea' id='block_1_106' title="bbox 2150 4533 3833 4610">
    <p class='ocr_par' dir='ltr' id='par_1_106' title="bbox 2150 4533 3833 4610">
     <span class='ocr_line' id='line_1_106' title="bbox 2150 4533 3833 4610; baseline -0.007 -11"><span class='ocrx_word' id='word_1_695' title='bbox 2150 4544 2297 4599; x_wconf 87' lang='lat' dir='ltr'><strong>inter</strong></span> <span class='ocrx_word' id='word_1_696' title='bbox 2344 4550 2550 4597; x_wconf 74' lang='lat' dir='ltr'><strong>caetera</strong></span> <span class='ocrx_word' id='word_1_697' title='bbox 2596 4553 2769 4610; x_wconf 88' lang='lat' dir='ltr'><strong>opera</strong></span> <span class='ocrx_word' id='word_1_698' title='bbox 2815 4553 2942 4604; x_wconf 91' lang='lat' dir='ltr'><strong>sua,</strong></span> <span class='ocrx_word' id='word_1_699' title='bbox 3007 4540 3179 4595; x_wconf 91' lang='lat' dir='ltr'><strong>etiam</strong></span> <span class='ocrx_word' id='word_1_700' title='bbox 3228 4537 3454 4593; x_wconf 91' lang='lat' dir='ltr'><strong>Glossas</strong></span> <span class='ocrx_word' id='word_1_701' title='bbox 3499 4533 3833 4605; x_wconf 78' lang='lat' dir='ltr'><strong>marginales</strong></span> 
     </span>
    </p>
   </div>
   <div class='ocr_carea' id='block_1_107' title="bbox 2148 4621 3837 4698">
    <p class='ocr_par' dir='ltr' id='par_1_107' title="bbox 2148 4621 3837 4698">
     <span class='ocr_line' id='line_1_107' title="bbox 2148 4621 3837 4698; baseline -0.008 -10"><span class='ocrx_word' id='word_1_702' title='bbox 2148 4640 2203 4689; x_wconf 92' lang='lat' dir='ltr'><strong>et</strong></span> <span class='ocrx_word' id='word_1_703' title='bbox 2234 4630 2629 4687; x_wconf 90' lang='lat' dir='ltr'><strong>interlineares</strong></span> <span class='ocrx_word' id='word_1_704' title='bbox 2658 4631 2714 4684; x_wconf 91' lang='lat' dir='ltr'><strong>in</strong></span> <span class='ocrx_word' id='word_1_705' title='bbox 2749 4626 3016 4698; x_wconf 90' lang='lat' dir='ltr'><strong>psalterio</strong></span> <span class='ocrx_word' id='word_1_706' title='bbox 3062 4627 3132 4682; x_wconf 90' lang='lat' dir='ltr'><strong>de</strong></span> <span class='ocrx_word' id='word_1_707' title='bbox 3174 4624 3517 4681; x_wconf 90' lang='lat' dir='ltr'><strong>authenticis</strong></span> <span class='ocrx_word' id='word_1_708' title='bbox 3545 4621 3837 4691; x_wconf 82' lang='lat' dir='ltr'><strong>expositio-</strong></span> 
     </span>
    </p>
   </div>
   <div class='ocr_carea' id='block_1_108' title="bbox 2150 4710 3837 4778">
    <p class='ocr_par' dir='ltr' id='par_1_108' title="bbox 2150 4710 3837 4778">
     <span class='ocr_line' id='line_1_108' title="bbox 2150 4710 3837 4778; baseline -0.009 0"><span class='ocrx_word' id='word_1_709' title='bbox 2150 4721 2322 4778; x_wconf 89' lang='lat' dir='ltr'><strong>nibus</strong></span> <span class='ocrx_word' id='word_1_710' title='bbox 2388 4719 2619 4774; x_wconf 91' lang='lat' dir='ltr'><strong>elimata</strong></span> <span class='ocrx_word' id='word_1_711' title='bbox 2682 4717 2963 4773; x_wconf 89' lang='lat' dir='ltr'><strong>brevitate</strong></span> <span class='ocrx_word' id='word_1_712' title='bbox 3027 4714 3338 4771; x_wconf 91' lang='lat' dir='ltr'><strong>ordinavit.</strong></span> <span class='ocrx_word' id='word_1_713' title='bbox 3406 4734 3427 4761; x_wconf 77' lang='grc' dir='ltr'><strong><em>ι</em></strong></span> <span class='ocrx_word' id='word_1_714' title='bbox 3484 4710 3837 4766; x_wconf 89' lang='lat' dir='ltr'><strong>Tribuuntur</strong></span> 
     </span>
    </p>
   </div>
   <div class='ocr_carea' id='block_1_109' title="bbox 2153 4797 3834 4878">
    <p class='ocr_par' dir='ltr' id='par_1_109' title="bbox 2153 4797 3834 4878">
     <span class='ocr_line' id='line_1_109' title="bbox 2153 4797 3834 4878; baseline -0.008 -15"><span class='ocrx_word' id='word_1_715' title='bbox 2153 4808 2369 4878; x_wconf 89' lang='lat' dir='ltr'><strong>pariter</strong></span> <span class='ocrx_word' id='word_1_716' title='bbox 2416 4805 2519 4875; x_wconf 91' lang='lat' dir='ltr'><strong>ipsi</strong></span> <span class='ocrx_word' id='word_1_717' title='bbox 2565 4803 2980 4861; x_wconf 89' lang='lat' dir='ltr'><strong>commentaria</strong></span> <span class='ocrx_word' id='word_1_718' title='bbox 3018 4803 3076 4858; x_wconf 93' lang='lat' dir='ltr'><strong>in</strong></span> <span class='ocrx_word' id='word_1_719' title='bbox 3121 4801 3376 4867; x_wconf 91' lang='lat' dir='ltr'><strong>Cantica,</strong></span> <span class='ocrx_word' id='word_1_720' title='bbox 3424 4806 3478 4854; x_wconf 88' lang='lat' dir='ltr'><strong>et</strong></span> <span class='ocrx_word' id='word_1_721' title='bbox 3530 4797 3588 4852; x_wconf 94' lang='lat' dir='ltr'><strong>in</strong></span> <span class='ocrx_word' id='word_1_722' title='bbox 3634 4801 3834 4865; x_wconf 82' lang='lat' dir='ltr'><strong>Apoca-</strong></span> 
     </span>
    </p>
   </div>
   <div class='ocr_carea' id='block_1_110' title="bbox 2153 4886 3832 4967">
    <p class='ocr_par' dir='ltr' id='par_1_110' title="bbox 2153 4886 3832 4967">
     <span class='ocr_line' id='line_1_110' title="bbox 2153 4886 3832 4967; baseline -0.01 -14"><span class='ocrx_word' id='word_1_723' title='bbox 2153 4896 2382 4967; x_wconf 88' lang='lat' dir='ltr'><strong>lypsim,</strong></span> <span class='ocrx_word' id='word_1_724' title='bbox 2416 4908 2547 4963; x_wconf 87' lang='lat' dir='ltr'><strong>qua</strong></span> <span class='ocrx_word' id='word_1_725' title='bbox 2572 4908 2606 4949; x_wconf 91' lang='lat' dir='ltr'><strong>a</strong></span> <span class='ocrx_word' id='word_1_726' title='bbox 2654 4892 2952 4949; x_wconf 92' lang='lat' dir='ltr'><strong>nonnullis</strong></span> <span class='ocrx_word' id='word_1_727' title='bbox 2991 4891 3047 4944; x_wconf 89' lang='grc' dir='ltr'><strong>Β.</strong></span> <span class='ocrx_word' id='word_1_728' title='bbox 3098 4888 3367 4946; x_wconf 81' lang='lat' dir='ltr'><strong>Anselmo</strong></span> <span class='ocrx_word' id='word_1_729' title='bbox 3405 4886 3832 4944; x_wconf 87' lang='lat' dir='ltr'><strong>Cantuariorum</strong></span> 
     </span>
    </p>
   </div>
   <div class='ocr_carea' id='block_1_111' title="bbox 2154 4981 2860 5053">
    <p class='ocr_par' dir='ltr' id='par_1_111' title="bbox 2154 4981 2860 5053">
     <span class='ocr_line' id='line_1_111' title="bbox 2154 4981 2860 5053; baseline -0.008 -13"><span class='ocrx_word' id='word_1_730' title='bbox 2154 4984 2411 5053; x_wconf 89' lang='lat' dir='ltr'><strong>archiep.</strong></span> <span class='ocrx_word' id='word_1_731' title='bbox 2443 4981 2860 5038; x_wconf 89' lang='lat' dir='ltr'><strong>inscribuntur.</strong></span> 
     </span>
    </p>
   </div>
   <div class='ocr_carea' id='block_1_112' title="bbox 2227 5061 3828 5141">
    <p class='ocr_par' dir='ltr' id='par_1_112' title="bbox 2227 5061 3828 5141">
     <span class='ocr_line' id='line_1_112' title="bbox 2227 5061 3828 5141; baseline -0.008 -14"><span class='ocrx_word' id='word_1_732' title='bbox 2227 5071 2429 5141; x_wconf 81' lang='lat' dir='ltr'><strong>Reperi</strong></span> <span class='ocrx_word' id='word_1_733' title='bbox 2499 5078 2555 5125; x_wconf 91' lang='lat' dir='ltr'><strong>et</strong></span> <span class='ocrx_word' id='word_1_734' title='bbox 2622 5068 2920 5138; x_wconf 89' lang='lat' dir='ltr'><strong>epistolam</strong></span> <span class='ocrx_word' id='word_1_735' title='bbox 2987 5067 3060 5122; x_wconf 93' lang='lat' dir='ltr'><strong>ad</strong></span> <span class='ocrx_word' id='word_1_736' title='bbox 3117 5065 3384 5121; x_wconf 88' lang='lat' dir='ltr'><strong>abbatem</strong></span> <span class='ocrx_word' id='word_1_737' title='bbox 3432 5062 3487 5118; x_wconf 92' lang='lat' dir='ltr'><strong>S.</strong></span> <span class='ocrx_word' id='word_1_738' title='bbox 3556 5061 3828 5117; x_wconf 81' lang='lat' dir='ltr'><strong>Laurentii</strong></span> 
     </span>
    </p>
   </div>
   <div class='ocr_carea' id='block_1_113' title="bbox 2159 5151 3827 5230">
    <p class='ocr_par' dir='ltr' id='par_1_113' title="bbox 2159 5151 3827 5230">
     <span class='ocr_line' id='line_1_113' title="bbox 2159 5151 3827 5230; baseline -0.008 -13"><span class='ocrx_word' id='word_1_739' title='bbox 2159 5162 2447 5217; x_wconf 86' lang='lat' dir='ltr'><strong>Leodiens.</strong></span> <span class='ocrx_word' id='word_1_740' title='bbox 2512 5174 2644 5230; x_wconf 83' lang='lat' dir='ltr'><strong>qua</strong></span> <span class='ocrx_word' id='word_1_741' title='bbox 2702 5171 2775 5212; x_wconf 86' lang='lat' dir='ltr'><strong>ex</strong></span> <span class='ocrx_word' id='word_1_742' title='bbox 2846 5157 2944 5211; x_wconf 93' lang='lat' dir='ltr'><strong>illa</strong></span> <span class='ocrx_word' id='word_1_743' title='bbox 3024 5155 3237 5225; x_wconf 88' lang='lat' dir='ltr'><strong>ingenti</strong></span> <span class='ocrx_word' id='word_1_744' title='bbox 3331 5151 3827 5219; x_wconf 84' lang='lat' dir='ltr'><strong>manuscriptorum</strong></span> 
     </span>
    </p>
   </div>
   <div class='ocr_carea' id='block_1_114' title="bbox 2160 5240 3830 5308">
    <p class='ocr_par' dir='ltr' id='par_1_114' title="bbox 2160 5240 3830 5308">
     <span class='ocr_line' id='line_1_114' title="bbox 2160 5240 3830 5308; baseline -0.009 -1"><span class='ocrx_word' id='word_1_745' title='bbox 2160 5251 2515 5308; x_wconf 89' lang='lat' dir='ltr'><strong>bibliotheca</strong></span> <span class='ocrx_word' id='word_1_746' title='bbox 2606 5247 2898 5302; x_wconf 88' lang='lat' dir='ltr'><strong>Beccensis</strong></span> <span class='ocrx_word' id='word_1_747' title='bbox 2956 5245 3121 5300; x_wconf 88' lang='lat' dir='ltr'><strong>clade</strong></span> <span class='ocrx_word' id='word_1_748' title='bbox 3204 5243 3421 5307; x_wconf 89' lang='lat' dir='ltr'><strong>evasit;</strong></span> <span class='ocrx_word' id='word_1_749' title='bbox 3491 5240 3637 5295; x_wconf 91' lang='lat' dir='ltr'><strong>hanc</strong></span> <span class='ocrx_word' id='word_1_750' title='bbox 3696 5241 3830 5294; x_wconf 84' lang='lat' dir='ltr'><strong>carie</strong></span> 
     </span>
    </p>
   </div>
   <div class='ocr_carea' id='block_1_115' title="bbox 2161 5328 3828 5403">
    <p class='ocr_par' dir='ltr' id='par_1_115' title="bbox 2161 5328 3828 5403">
     <span class='ocr_line' id='line_1_115' title="bbox 2161 5328 3828 5403; baseline -0.01 -8"><span class='ocrx_word' id='word_1_751' title='bbox 2161 5338 2518 5403; x_wconf 83' lang='lat' dir='ltr'><strong>labelactam,</strong></span> <span class='ocrx_word' id='word_1_752' title='bbox 2561 5349 2633 5390; x_wconf 89' lang='lat' dir='ltr'><strong>ne</strong></span> <span class='ocrx_word' id='word_1_753' title='bbox 2672 5348 2807 5389; x_wconf 88' lang='lat' dir='ltr'><strong>cum</strong></span> <span class='ocrx_word' id='word_1_754' title='bbox 2856 5332 2984 5388; x_wconf 89' lang='lat' dir='ltr'><strong>aliis</strong></span> <span class='ocrx_word' id='word_1_755' title='bbox 3020 5332 3284 5401; x_wconf 90' lang='lat' dir='ltr'><strong>depereat</strong></span> <span class='ocrx_word' id='word_1_756' title='bbox 3323 5330 3380 5384; x_wconf 93' lang='lat' dir='ltr'><strong>in</strong></span> <span class='ocrx_word' id='word_1_757' title='bbox 3411 5328 3596 5383; x_wconf 89' lang='lat' dir='ltr'><strong>lucem</strong></span> <span class='ocrx_word' id='word_1_758' title='bbox 3625 5328 3828 5383; x_wconf 85' lang='lat' dir='ltr'><strong>damus.</strong></span> 
     </span>
    </p>
   </div>
   <div class='ocr_carea' id='block_1_116' title="bbox 2578 5414 3430 5493">
    <p class='ocr_par' dir='ltr' id='par_1_116' title="bbox 2578 5414 3430 5493">
     <span class='ocr_line' id='line_1_116' title="bbox 2578 5414 3430 5493; baseline -0.008 -16"><span class='ocrx_word' id='word_1_759' title='bbox 2578 5420 2838 5493; x_wconf 65' lang='lat' dir='ltr'><strong>Epistola</strong></span> <span class='ocrx_word' id='word_1_760' title='bbox 2867 5418 3136 5492; x_wconf 69' lang='lat' dir='ltr'><strong>magistri</strong></span> <span class='ocrx_word' id='word_1_761' title='bbox 3156 5414 3430 5475; x_wconf 74' lang='lat' dir='ltr'><strong>Anselmi.</strong></span> 
     </span>
    </p>
   </div>
   <div class='ocr_carea' id='block_1_117' title="bbox 2237 5503 3829 5571">
    <p class='ocr_par' dir='ltr' id='par_1_117' title="bbox 2237 5503 3829 5571">
     <span class='ocr_line' id='line_1_117' title="bbox 2237 5503 3829 5571; baseline -0.004 -9"><span class='ocrx_word' id='word_1_762' title='bbox 2237 5535 2265 5562; x_wconf 90' lang='grc'><strong>‹‹</strong></span> <span class='ocrx_word' id='word_1_763' title='bbox 2300 5510 2627 5568; x_wconf 88' lang='lat' dir='ltr'><strong>Venerabili</strong></span> <span class='ocrx_word' id='word_1_764' title='bbox 2671 5509 2862 5565; x_wconf 91' lang='lat' dir='ltr'><strong>abbati</strong></span> <span class='ocrx_word' id='word_1_765' title='bbox 2908 5509 2975 5571; x_wconf 90' lang='lat' dir='ltr'><strong>II,</strong></span> <span class='ocrx_word' id='word_1_766' title='bbox 3024 5508 3095 5563; x_wconf 89' lang='lat' dir='ltr'><strong>de</strong></span> <span class='ocrx_word' id='word_1_767' title='bbox 3140 5509 3344 5562; x_wconf 86' lang='lat' dir='ltr'><strong>Sancto</strong></span> <span class='ocrx_word' id='word_1_768' title='bbox 3386 5503 3695 5560; x_wconf 85' lang='lat' dir='ltr'><strong>Laurentio</strong></span> <span class='ocrx_word' id='word_1_769' title='bbox 3734 5505 3829 5557; x_wconf 55' lang='lat' dir='ltr'><strong>As.</strong></span> 
     </span>
    </p>
   </div>
   <div class='ocr_carea' id='block_1_118' title="bbox 2167 5587 3827 5657">
    <p class='ocr_par' dir='ltr' id='par_1_118' title="bbox 2167 5587 3827 5657">
     <span class='ocr_line' id='line_1_118' title="bbox 2167 5587 3827 5657; baseline -0.008 -2"><span class='ocrx_word' id='word_1_770' title='bbox 2167 5614 2376 5657; x_wconf 60' lang='lat' dir='ltr'><strong>saeuus</strong></span> <span class='ocrx_word' id='word_1_771' title='bbox 2426 5596 2660 5654; x_wconf 88' lang='lat' dir='ltr'><strong>humilis</strong></span> <span class='ocrx_word' id='word_1_772' title='bbox 2705 5596 2859 5653; x_wconf 81' lang='lat' dir='ltr'><strong>filius</strong></span> <span class='ocrx_word' id='word_1_773' title='bbox 2903 5594 3083 5651; x_wconf 89' lang='lat' dir='ltr'><strong>Laud.</strong></span> <span class='ocrx_word' id='word_1_774' title='bbox 3137 5592 3399 5649; x_wconf 85' lang='lat' dir='ltr'><strong>Ecclesia</strong></span> <span class='ocrx_word' id='word_1_775' title='bbox 3444 5590 3711 5647; x_wconf 87' lang='lat' dir='ltr'><strong>salutem.</strong></span> <span class='ocrx_word' id='word_1_776' title='bbox 3766 5587 3827 5640; x_wconf 75' lang='lat' dir='ltr'><strong>Vi-</strong></span> 
     </span>
    </p>
   </div>
  </div>
