3930 6392
81 385 220 438 1153

1334 383 1553 439 DOMNl
1593 385 1651 439 L.
1697 383 2042 441 D’ACHERY
2081 387 2306 442 NOTAE.

3458 393 3594 447 1154

74 512 333 568 dendum
359 519 461 578 est,
491 513 744 567 domine.
781 531 807 564 ι»
830 519 938 568 etc.
975 512 1118 567 Vide
1134 513 1284 568 inter
1304 515 1492 586 Opera
1523 515 1788 570 Anselmi
1825 521 1870 572 Α
1899 516 2053 572 citati
2086 531 2218 587 pag.
2253 519 2356 571 505
2385 523 2441 573 et
2489 517 2645 573 alibi.
2679 519 2814 574 Iiem
2860 520 3183 576 Hermanus
3217 521 3314 576 lib.
3367 536 3404 588 ι,
3458 535 3589 592 pag.

76 601 483 654 Laudunensis
521 601 599 654 ad
617 618 713 654 an.
758 605 912 667 1117,

149 692 390 741 643-8
435 689 518 743 lta
543 687 934 744 eruditissima
955 689 1208 744 Anselmi
1229 689 1488 759 epistola,
1514 705 1646 761 qua
1666 692 1790 747 diu-

72 776 196 830 tius
226 777 510 844 tenebras,
537 785 732 846 utpote
758 777 908 833 lectu
932 777 1270 848 dignissima
1291 779 1404 847 pati
1430 794 1541 834 non
1565 779 1783 836 debuit.

147 863 333 930 Quam
366 867 612 935 turpiter
638 865 1088 931 hallucinentur,
1121 867 1223 936 qui
1256 868 1411 922 hunc
1449 868 1784 924 Anselmum

76 952 430 1007 monachum
479 952 701 1020 volunt,
752 967 824 1008 ex
858 954 1150 1024 superius
1207 955 1413 1022 allatis,
1446 964 1499 1011 et
1551 955 1617 1011 iis
1655 970 1786 1025 qua

75 1040 280 1095 scribit
309 1040 636 1103 Guibertus,
673 1042 1024 1112 relinquitur
1071 1043 1226 1097 haud
1289 1043 1446 1099 ullus
1483 1044 1786 1099 dubitandi

73 1127 290 1183 locus:
324 1131 554 1185 errandi
597 1138 790 1186 autem
840 1144 1039 1185 ansam
1091 1131 1386 1200 prabuere
1445 1133 1639 1201 plures
1681 1133 1788 1189 hoc

75 1216 338 1272 Anselmi
370 1218 625 1282 nomine,
657 1219 853 1274 eadem
887 1227 1218 1288 tempestate
1263 1220 1546 1290 insigniti;
1583 1235 1787 1290 nempe

76 1305 412 1360 Anselmms
438 1305 888 1373 Cantuariensis,
933 1308 1104 1377 cujus
1144 1307 1236 1362 ille
1266 1309 1497 1364 auditor
1548 1309 1783 1376 exstitit,

73 1401 130 1446 et
164 1393 472 1449 Anselmus
495 1409 568 1450 ex
609 1395 816 1451 abbate
847 1395 903 1450 8.
942 1395 1222 1452 Vincentii
1249 1397 1432 1452 Laud.
1488 1397 1789 1468 episcopus

74 1481 478 1537 Tornacensis.
937 1506 974 1541 ο

149 1569 499 1626 Tumulatus
534 1570 642 1626 fuit
700 1571 972 1642 magister
1020 1571 1326 1627 Anselmus
1381 1571 1435 1627 in
1491 1571 1788 1629 San-Vin—

74 1657 343 1712 centiano
396 1658 622 1726 templo.
683 1659 1052 1728 Epitaphium
1109 1659 1371 1729 sepulcro
1437 1661 1786 1730 insculptum

73 1745 252 1800 refert
290 1746 545 1801 Andreas
574 1746 893 1813 Duchesne,
926 1755 1038 1803 not.
1081 1748 1152 1802 ad
1203 1748 1588 1803 Abaelardum
1649 1762 1780 1818 pag.

78 1836 239 1900 1163,
283 1834 384 1904 qui
433 1842 487 1890 et
546 1834 812 1904 pluribus
879 1811 1077 1891 laudat
1119 1835 1386 1891 eumdem
1443 1811 1781 1891 Anselmum
1824 1811 1863 1864 Β

74 1922 217 1976 ibid.
246 1929 300 1977 et
348 1936 478 1993 pag.
527 1922 681 1989 1147,
734 1923 1111 1993 corrigendus
1166 1931 1356 1979 tamen
1403 1932 1488 1979 est
1532 1924 1590 1978 in
1646 1924 1786 1979 cita-

77 2011 234 2064 tione
285 2009 534 2064 historia
597 2010 859 2065 canonici
926 2012 1252 2081 cujusdam,
1324 2025 1521 2066 revera
1580 2012 1787 2066 etenim

80 2105 290 2152 auctor
318 2111 633 2168 germanus
658 2112 692 2153 a
742 2099 906 2154 nobis
951 2099 1265 2169 evulgatur
1295 2100 1617 2154 Hermanus
1667 2115 1787 2155 mo-

79 2186 345 2241 machus.
394 2186 535 2243 Vide
564 2187 953 2256 Appendicem
1002 2187 1072 2242 ad
1106 2189 1243 2242 Vita
1276 2187 1532 2242 Guiberti
1564 2187 1664 2243 lib.
1696 2203 1784 2242 ιιι.

225 2277 579 2328 Decanorum
607 2274 1002 2329 Laudunensi:
1031 2274 1303 2330 Ecclesia
1327 2275 1644 2347 catalogus.

150 2362 634 2432 Quandoquidem
699 2363 768 2419 de
817 2364 1084 2419 Anselmo
1142 2365 1356 2419 decano
1417 2364 1790 2420 Laudunensi

81 2451 383 2522 attigimus
402 2451 706 2517 nonnulla,
729 2459 784 2506 et
804 2451 1116 2508 Guibertus
1137 2453 1252 2520 ipse
1273 2460 1446 2521 atque
1469 2453 1791 2508 Hermanus

82 2540 377 2609 plerisque
410 2539 466 2595 in
493 2538 632 2594 locis
661 2539 925 2595 eumdem
955 2540 1098 2596 mire
1124 2540 1383 2601 laudant,
1411 2548 1464 2596 et
1493 2541 1561 2596 de
1590 2541 1789 2597 Eccle—

78 2628 164 2683 sia
227 2627 592 2683 Laudunensi
625 2627 806 2682 multa
849 2635 1136 2689 attexunt.
1171 2628 1326 2708 baud
1380 2629 1486 2683 erit
1543 2630 1788 2685 otiosum

79 2716 411 2786 catalogum
481 2715 737 2785 ejusdem
803 2715 1070 2770 Ecclesia
1127 2715 1476 2771 decanorum
1534 2717 1793 2772 maxima

78 2811 242 2873 parte
273 2805 346 2858 ab
377 2804 538 2858 docto
598 2803 850 2859 Antonio
889 2803 1142 2871 Bellotte,
1195 2804 1296 2874 qui
1353 2819 1511 2859 nunc
1564 2805 1789 2860 dierum

78 2891 395 2945 decanatus
445 2891 714 2960 praclare
746 2891 891 2961 gerit
932 2905 1100 2960 onus,
1133 2907 1203 2947 ex
1258 2891 1515 2961 antiquis
1570 2891 1792 2948 schedis

79 2979 410 3046 collectum,
441 2993 513 3035 ex
551 2979 907 3035 cbartulario
946 2979 1302 3049 potissimum
1353 2981 1508 3050 quod
1546 2981 1791 3036 Iacobus

79 3066 149 3121 de
199 3065 393 3122 Trecis
441 3066 756 3122 canonicus
805 3073 860 3122 et
917 3067 1358 3122 archidiaconus
1417 3067 1786 3123 Laudunens.
1829 3099 1869 3153 ρ

79 3155 449 3223 postmodum
480 3155 552 3210 ad
583 3169 869 3210 summam
901 3156 1165 3211 Ecclesia
1198 3156 1618 3225 prafecturam,
1661 3170 1790 3212 sor-

79 3243 222 3298 titus
251 3243 466 3299 Urbani
499 3243 578 3300 IV
611 3257 842 3310 nomen,
873 3252 954 3300 est
993 3247 1244 3310 evectus,
1285 3243 1485 3298 confici
1542 3243 1788 3310 curavit,

79 3332 294 3386 nostris
332 3331 830 3387 observationibus
889 3345 1046 3388 more
1126 3339 1319 3386 nostro
1378 3331 1789 3387 concinnatum

80 3432 406 3474 accensere.

153 3506 263 3562 Sed
293 3521 428 3562 vero
479 3521 613 3562 cum
662 3507 824 3562 nulla
874 3521 1110 3576 prorsus
1143 3508 1520 3562 vetustiorum
1577 3521 1790 3563 monu-

81 3603 411 3651 mentorum
444 3594 707 3650 Ecclesia
768 3595 1166 3651 Laudunensis
1211 3594 1451 3666 vestigia
1508 3595 1792 3665 reliquere

82 3682 259 3750 cives,
293 3683 432 3739 dum
475 3697 633 3739 more
676 3683 981 3752 duellium,
1031 3684 1201 3751 cade,
1253 3684 1550 3754 sanguine,
1618 3691 1794 3754 atque

85 3769 219 3838 igne
244 3771 576 3826 universam
614 3784 790 3839 prope
847 3770 1136 3826 civitatem
1185 3771 1540 3837 destruxere,
1598 3781 1789 3826 vasta-

81 3871 235 3925 vere,
271 3858 763 3927 quemadmodum
797 3859 1130 3927 posteritati,
1165 3858 1477 3915 Guibertus
1525 3860 1602 3914 De
1662 3860 1793 3916 Vita

82 3959 208 4011 sua,
271 3946 372 4001 lib.
423 3961 502 4013 ιιι,
553 3949 608 4001 et
666 3946 992 4002 Hermanus
1044 3947 1140 4002 lib.
1195 3961 1251 4002 v1
1283 3949 1358 4002 De
1409 3946 1705 4004 miraculis
1734 3947 1788 4003 S.

82 4032 276 4088 Maria
328 4034 590 4089 Laudun.
636 4033 737 4088 ubi
771 4048 966 4103 supra,
1000 4035 1285 4090 tradidere
1320 4050 1332 4088 :
1384 4050 1498 4090 non
1557 4036 1650 4091 hic
1680 4051 1796 4092 mo-

82 4134 287 4178 ramur
316 4122 666 4191 antiquiora,
691 4122 787 4177 sed
819 4122 1017 4178 media
1043 4124 1226 4178 atatis
1255 4123 1540 4179 duntaxat
1582 4123 1793 4193 scripta

83 4207 142 4262 in
189 4209 441 4265 texendo
489 4210 841 4265 decanorum
897 4211 1146 4279 prafata
1211 4209 1476 4266 Ecclesia
1534 4210 1792 4280 catalogo

85 4297 391 4369 vestigare,
445 4311 646 4367 nempe
699 4298 1004 4354 exordium
1035 4313 1070 4353 a
1100 4297 1310 4354 celebri
1360 4298 1456 4354 illo
1515 4299 1792 4370 magistro

83 4385 356 4442 Anselmo
379 4386 692 4456 capiemus.

155 4473 200 4528 I.
233 4474 539 4530 Anselmus
591 4475 845 4531 decanus
891 4482 947 4530 et
1011 4474 1451 4531 archidiaconus
1489 4489 1662 4546 quem
1711 4475 1792 4531 sic

85 4562 447 4618 commendat
476 4561 787 4618 Guibertus
816 4562 1012 4630 abbas,
1049 4563 1529 4618 Bartholomaum
1575 4563 1791 4632 episco-

86 4663 224 4716 pum
253 4651 514 4706 Laudun.
547 4651 848 4721 alloquens
873 4651 1146 4720 prooemio
1177 4651 1248 4706 ad
1278 4651 1554 4707 Geneseos
1574 4655 1793 4716 Lmora-

88 4736 273 4795 litates
301 4754 313 4794 :
353 4762 375 4788 ι
412 4739 624 4794 [ndidit
656 4747 811 4795 tanto
842 4741 994 4795 Deus
1023 4739 1194 4809 capiti
1227 4740 1371 4795 duos
1403 4740 1598 4795 oculos
1645 4740 1792 4795 side-

87 4824 251 4882 ribus
299 4827 586 4895 clariores,
621 4827 758 4883 dum
791 4841 825 4882 a
871 4826 1090 4882 dextris
1119 4827 1295 4882 habes
1344 4827 1678 4883 Anselmum
1708 4834 1792 4882 to-

89 4913 203 4968 tius
226 4914 413 4970 Latini
437 4916 594 4971 orbis
645 4913 972 4985 magisterio
1031 4915 1426 4984 pradicatum,
1472 4914 1642 4984 cujus
1677 4923 1794 4970 tam

91 4999 313 5058 sincera
339 5011 424 5058 est
456 5003 513 5058 in
541 5003 972 5073 Scripturarum
1015 5018 1080 5059 ac
1108 5003 1238 5059 fidei
1295 5003 1609 5059 assertione
1637 5017 1793 5059 seve-

89 5087 248 5154 ritas,
283 5098 348 5146 ut
372 5091 565 5160 plures
588 5104 751 5147 veros
780 5091 901 5146 suis
927 5091 1202 5160 probetur
1235 5091 1592 5146 documentis
1622 5091 1796 5147 fuisse

91 5176 416 5246 catholicos,
449 5193 627 5248 quam
682 5178 993 5234 instituisse
1039 5179 1284 5248 potuerit
1312 5192 1587 5234 erroneus
1629 5179 1796 5248 quis-

89 5263 241 5329 piam
281 5267 551 5336 temporis
607 5268 784 5338 hujus
835 5267 1158 5336 hareticos;
1193 5267 1535 5324 altrinsecus
1581 5267 1799 5322 Radul-

94 5351 314 5421 phum;
356 5377 377 5402 ι
430 5363 537 5410 etc.
580 5355 649 5411 Et
695 5355 795 5409 lib.
852 5370 911 5410 ιιι
975 5355 1056 5410 De
1108 5355 1235 5411 Vita
1287 5369 1413 5422 sua,
1459 5369 1592 5424 pag.
1639 5355 1792 5410 498:

95 5455 124 5487 α
156 5439 426 5511 Magister
456 5443 725 5499 Ansellus
756 5442 848 5498 vir
901 5443 1076 5499 totius
1118 5442 1392 5509 Francia,
1448 5443 1562 5498 imo
1611 5443 1796 5499 Latini

94 5524 248 5580 orbis
297 5529 492 5584 lumen
522 5529 579 5584 in
614 5528 949 5585 liberalibus
995 5527 1332 5598 disciplinis,
1365 5535 1419 5585 et
1470 5529 1798 5599 tranquillis

99 5614 372 5672 moribus.
411 5637 432 5664 ι
470 5617 644 5672 Plura
673 5617 732 5672 in
771 5617 930 5673 hunc
977 5617 1215 5673 modum
1263 5616 1410 5673 idem
1457 5625 1661 5674 auctor
1689 5615 1798 5672 loci

1894 607 2016 672 528,
2048 613 2104 660 et
2133 606 2228 661 lib.
2263 621 2342 673 ιιι,
2375 620 2503 676 pag.
2564 609 2688 674 558,
2721 609 2916 663 multis
2948 609 3218 665 laudibus
3259 609 3594 665 Anselmum

1893 693 2172 749 cumulat.
2222 694 2470 749 Anselmi
2537 695 2858 751 doctrinam
2923 697 3257 762 magniﬁcat
3304 698 3597 768 Rupertus

1893 782 2202 838 Tuitiensis
2273 783 2416 838 libro
2470 783 2538 838 de
2600 783 3022 852 Omnipotentia
3072 785 3194 850 Dei,
3244 799 3369 855 cap.
3428 790 3475 853 1,
3524 786 3592 840 de

1893 870 2166 926 Anselmo
2206 870 2448 940 loquens
2478 871 2566 925 bis
2593 871 2783 926 verbis
2816 888 2828 925 :
2861 894 2888 921 «
2911 874 3218 929 Anselmus
3249 875 3594 930 Laudunen-

1894 956 1972 1010 sis
2003 955 2249 1024 Lucifer,
2286 978 2307 1005 ιι
2351 966 2500 1027 etc.;
2549 965 2604 1014 et
2632 973 2756 1028 cap.
2789 962 2856 1012 26
2891 975 2903 1013 :
2937 981 2956 1008 ι
3007 961 3104 1016 Ille
3151 961 3322 1031 cujus
3370 961 3508 1017 fides
3541 967 3598 1016 et

1894 1043 2132 1098 scientia
2181 1058 2299 1112 pra
2355 1047 2573 1101 cateris
2621 1047 2769 1102 bono
2815 1047 3092 1103 hactenus
3140 1063 3270 1104 cum
3319 1048 3490 1104 odore
3537 1049 3597 1104 in

1894 1131 2144 1187 Ecclesia
2193 1133 2404 1188 Christi
2449 1133 2776 1200 fructiﬁcat,
2835 1134 3240 1190 Laudunensis
3294 1135 3597 1192 Anselmus

1894 1233 2002 1273 sua
2031 1219 2176 1286 illos,
2211 1228 2274 1276 ut
2322 1221 2601 1277 veraciter
2646 1223 3050 1291 comperimus,
3093 1223 3434 1278 auctoritate
3471 1237 3596 1279 cor-

1895 1307 2145 1369 roborat,
2206 1329 2235 1357 »
2284 1316 2390 1364 etc.
2463 1310 2720 1380 Denique
2768 1311 2862 1366 lib.
2918 1325 2934 1364 ι
2981 1310 3036 1364 in
3088 1310 3348 1381 regulam
3403 1311 3595 1368 Sancti

1901 1395 2206 1464 Benedicti,
2264 1404 2396 1452 ante
2445 1397 2726 1466 medium;
2781 1397 2838 1452 in
2893 1397 3138 1452 Galliam
3197 1398 3438 1464 venisse,
3479 1413 3596 1468 quo

1895 1495 2014 1537 sese
2043 1482 2190 1538 inter
2217 1491 2392 1554 atque
2422 1483 2684 1540 Guillelm
2697 1499 2791 1540 um
2841 1485 3316 1543 Catalaunensem
3346 1486 3592 1556 episcop.

1897 1569 1966 1624 de
2004 1570 2178 1626 libera
2230 1571 2328 1626 Dei
2376 1573 2670 1628 voluntate
2719 1573 3070 1643 conferrent;
3120 1575 3215 1630 sed
3262 1575 3596 1630 Anselmum

1899 1665 1946 1725 (ι
1983 1660 2188 1728 quovis
2249 1661 2532 1730 episcopo,
2603 1661 2811 1731 inquit,
2897 1663 3250 1727 famesioem,
3327 1663 3597 1733 quamvis

1900 1746 2016 1815 ipse
2046 1761 2161 1801 non
2181 1756 2325 1803 esset
2345 1749 2641 1818 episcopus
2677 1749 2728 1818 »)
2766 1750 2866 1805 ubi
2918 1751 3115 1820 pedem
3165 1750 3222 1806 in
3254 1751 3598 1806 Laudunen-

1895 1848 2012 1889 sem
2071 1835 2357 1891 civitatem
2438 1837 2743 1902 intulisset,
2809 1859 2830 1885 ι

1897 1921 2162 1991 spiritum
2197 1944 2224 1971 ››
2258 1924 2552 1994 reperisse,
2589 1926 2797 1980 innuit.

1969 2012 2223 2081 Denique
2251 2013 2588 2069 Anselmum
2647 2012 2840 2069 ferunt
2886 2029 3112 2070 summa
3151 2015 3329 2070 animi
3380 2014 3598 2070 demis-

1897 2095 2052 2152 sione
2122 2098 2514 2168 episcopatum
2591 2099 3029 2156 Laudunensem
3109 2110 3342 2157 strenue
3422 2115 3597 2158 recu-

1897 2196 2068 2238 $3856.

1969 2271 2315 2342 Subscripsit
2343 2274 2556 2330 charta
2587 2274 2984 2330 Bartholomai
3016 2275 3415 2332 Laudunensis
3449 2278 3598 2334 data

1897 2372 2050 2415 anno
2103 2362 2234 2414 1113
2274 2362 2425 2430 apud
2497 2363 2850 2418 Hemeraum
2917 2365 3196 2434 Augusta
3258 2365 3593 2422 Viromand.

1899 2445 2103 2502 illustr.
2135 2461 2265 2518 pag.
2305 2450 2422 2502 140.
2463 2469 2484 2497 ε
2542 2449 2663 2519 Ego
2695 2450 2960 2505 Ansellus
2989 2449 3043 2504 8.
3103 2452 3298 2507 Maria
3356 2453 3598 2509 Laudu-

1900 2535 2112 2589 mensis
2141 2535 2520 2592 cancellarius
2546 2537 2720 2608 relegi
2751 2546 2806 2593 et
2838 2539 3169 2608 subscripsi.
3198 2559 3227 2590 ν

1967 2623 2014 2676 Ε
2060 2623 2270 2679 scholis
2317 2625 2688 2680 Laudunens.
2737 2635 2955 2682 rectore
3002 2627 3285 2694 Anselmo,
3330 2628 3599 2698 permulti

1896 2711 2109 2766 eximia
2135 2711 2413 2780 doctrina,
2443 2714 2742 2782 sapientia,
2779 2715 2879 2784 qui
2923 2714 3162 2770 Galliam
3211 2716 3597 2785 illustrarunt,

1901 2799 2158 2868 prodiere
2175 2815 2364 2869 ;quos
2394 2801 2540 2857 inter
2596 2803 3207 2872 PetrusAbaelardus,
3260 2804 3601 2860 Guillelmus

1899 2888 1968 2942 de
1995 2888 2296 2956 Campellis
2325 2890 2635 2946 archidiac.
2683 2891 2885 2958 Paris,
2913 2899 3037 2961 post
3067 2893 3369 2962 episcopus
3423 2894 3600 2948 Cata-

1900 2976 2186 3044 launens.,
2273 2977 2575 3034 Albericus
2669 2979 3037 3035 Bituricensis
3109 2981 3596 3051 archiepiscopus,

1897 3063 2238 3120 Guillelmus
2303 3065 2702 3121 Cantuariens.
2762 3067 3246 3137 archiepiscopus,
3313 3067 3602 3126 Gilbertus

1898 3152 2243 3208 Porretanus
2273 3153 2619 3208 Pictavensis
2663 3153 2984 3224 episcopus,
3033 3155 3281 3226 Algarus
3328 3156 3449 3212 sive
3494 3156 3599 3213 Al-

1898 3240 2115 3310 gardus
2144 3240 2437 3296 Constant.
2470 3242 2784 3311 episcopus.

1968 3327 2032 3381 In
2065 3328 2403 3396 prafectura
2432 3330 2762 3386 scholarum
2795 3331 3067 3386 successit
3119 3331 3460 3402 Radulphus
3489 3336 3602 3389 An-

1897 3415 2056 3470 selmi
2083 3431 2416 3486 germanus,
2448 3427 2510 3474 ut
2541 3420 2696 3474 testis
2731 3423 2816 3475 est
2849 3420 3173 3476 Hermanus
3203 3420 3299 3475 lib.
3332 3436 3411 3486 ιιι,
3469 3435 3594 3492 cap.

1896 3504 1930 3556 4
1964 3519 1976 3558 :
2015 3523 2042 3555 ιι
2082 3505 2212 3561 Post
2258 3520 2477 3578 paucos
2523 3507 2642 3562 dies
2691 3508 2904 3577 (habet)
2962 3509 3054 3564 vir
3115 3509 3212 3564 Dei
3285 3509 3600 3565 Norbertus

1898 3593 2247 3651 Laudunum
2311 3596 2550 3652 veniens
2628 3599 2881 3654 scholam
2962 3598 3220 3669 magistri
3287 3599 3598 3668 Radulphi,

1899 3683 1999 3752 qui
2031 3697 2304 3754 germano
2334 3685 2603 3742 Anselmo
2634 3686 2903 3743 defuncto
2943 3695 3313 3755 successerat,
3347 3687 3598 3758 ingredi-

1900 3778 2014 3838 tur,
2055 3792 2075 3818 ι
2110 3781 2214 3827 etc.

2911 1838 3180 1894 ultimum
3276 1839 3595 1894 trahentem

1971 3856 2042 3910 ll.
2079 3855 2264 3912 Guido
2294 3871 2397 3914 seu
2449 3858 2618 3913 Wido
2653 3858 2720 3914 de
2768 3861 2940 3924 Anco,
2975 3858 3031 3912 in
3091 3858 3342 3914 Anselmi
3410 3858 3601 3915 locum

1899 3942 2174 3999 suffectus
2194 3951 2315 3999 est:
2350 3965 2378 3992 «
2406 3945 2594 4001 JEtate
2625 3945 2856 4015 quidem
2884 3946 3138 4016 juvenis,
3189 3946 3286 4001 sed
3344 3947 3602 4002 moribus

1899 4045 2094 4098 senex,
2134 4053 2161 4081 »
2212 4031 2382 4088 refert
2426 4033 2664 4088 historia
2707 4034 3119 4104 manuscripta.
3173 4035 3346 4089 Item:
3381 4055 3411 4084 «
3461 4035 3601 4091 dum

1898 4127 2041 4175 esset
2071 4120 2325 4175 decanus
2353 4121 2629 4176 castitatis
2673 4129 2913 4188 amator,
2946 4130 3000 4177 et
3055 4121 3416 4178 ecclesiastici
3468 4123 3601 4179 offi-

1899 4207 1970 4261 cii
1996 4208 2266 4264 assiduus
2305 4207 2718 4279 frequentator.
2757 4230 2778 4257 ι
2828 4210 3090 4266 Decauus
3140 4210 3352 4279 pariter
3396 4219 3450 4266 et
3500 4224 3600 4266 ar-

1901 4293 2273 4352 chidiaconus
2301 4297 2430 4353 fuit.
2465 4299 2912 4369 lpse(utferunt
2949 4299 3162 4355 charta
3202 4299 3602 4356 Laudunensis

1825 4391 1870 4443 D
1903 4384 2191 4454 Ecclesia)
2225 4406 2254 4434 ‹‹
2298 4385 2426 4441 fecit
2488 4393 2550 4441 ut
2613 4386 3070 4456 supprimeretur
3153 4401 3368 4443 munus
3424 4387 3603 4457 quod-

1901 4472 2034 4527 dam
2070 4473 2375 4542 prapositi,
2411 4475 2564 4544 quod
2603 4488 2814 4546 magno
2861 4475 3018 4531 oneri
3059 4479 3204 4531 esset
3237 4475 3356 4547 iipsi
3405 4475 3601 4531 Eccle-

1903 4573 2020 4614 sua.
2057 4581 2085 4609 »

1973 4647 2228 4704 Abbatia
2291 4648 2478 4705 Sancti
2560 4649 2845 4706 Vincentii
2901 4651 3267 4707 Laudunensi
3332 4652 3601 4722 quadam

1902 4735 2144 4792 contulit
2172 4737 2242 4790 ad
2275 4737 2432 4791 hunc
2479 4737 2732 4792 modum.
2759 4758 2786 4787 «
2839 4739 2961 4809 Ego
2992 4738 3158 4794 Wido
3195 4747 3405 4794 sancta
3444 4739 3600 4796 Lau-

1903 4824 2182 4880 dunensis
2210 4824 2476 4880 Ecclesia
2516 4825 2788 4893 decanus,
2821 4833 2876 4881 et
2900 4834 3056 4882 totus
3100 4835 3439 4888 conventus,
3489 4836 3596 4883 etc.

1903 4913 2113 4968 Notum
2165 4912 2426 4980 facimus,
2465 4921 2596 4980 etc.,
2645 4915 2800 4984 quod
2845 4929 2978 4970 cum
3033 4914 3092 4970 in
3127 4915 3412 4970 territorio
3452 4915 3601 4971 villa

1904 5008 2128 5064 nostra,
2155 5015 2332 5070 quam
2368 5002 2672 5057 Brisseium
2703 5009 2929 5069 vocant,
2969 5017 3171 5059 versus
3221 5003 3599 5072 Mechaniam,

1907 5092 1963 5144 in
1991 5089 2110 5144 loco
2143 5089 2241 5145 ubi
2283 5089 2496 5145 dicitur
2551 5090 2782 5159 Report,
2817 5098 3029 5146 terram
3051 5091 3328 5146 incultam
3366 5091 3603 5148 habere-

1908 5191 2054 5243 mus,
2089 5176 2352 5232 Anselmo
2400 5177 2595 5232 abbati
2642 5185 2696 5232 et
2725 5179 3022 5233 monachis
3063 5177 3118 5233 S.
3173 5178 3455 5235 Vincentii
3497 5182 3601 5250 qui

1907 5265 1965 5319 in
1996 5264 2118 5334 ipsa
2143 5264 2441 5319 Mechania
2473 5272 2690 5320 curtem
2735 5279 2910 5320 unam
2943 5266 3177 5334 habent,
3225 5267 3293 5322 de
3326 5275 3476 5322 terra
3506 5267 3602 5323 illa

1907 5352 2053 5407 duas
2085 5359 2387 5406 carucatas
2435 5352 2503 5406 ad
2536 5365 2734 5407 omnes
2769 5352 2923 5422 rigas
2961 5354 3032 5408 ad
3077 5353 3391 5424 terragium
3435 5369 3601 5410 nona

1909 5440 2117 5512 gerba,
2142 5439 2221 5495 ita
2252 5440 2445 5506 libere,
2473 5440 2694 5496 sicutet
2721 5441 2828 5510 ipsi
2855 5441 3276 5508 obtinebamus,
3330 5452 3602 5512 perpetuo

1902 5529 2036 5599 jure
2067 5529 2482 5597 concessimus;
2526 5535 2581 5584 et
2613 5529 2891 5598 quoniam
2940 5529 3177 5600 prafata
3221 5531 3282 5585 B.
3334 5531 3605 5602 Martyris

1908 5615 2161 5671 Ecclesia
2231 5615 2550 5685 specialiter
2615 5615 2879 5672 Ecclesia
2936 5624 3141 5674 nostra
3201 5615 3320 5672 ﬁlia
3363 5630 3485 5673 esse
3523 5618 3604 5675 di-
