3930 6412
359 383 496 437 1155

1384 375 1478 430 AD
1518 375 1673 431 OPP.
1718 374 1873 429 VEN.
1915 373 2251 429 GUIBERTI
2293 371 2382 427 DE
2420 371 2824 428 NOVIGENTO

3749 376 3879 426 fise

357 506 674 578 gnoscitur,
705 514 761 563 et
789 520 893 561 nos
925 504 1032 575 ipsi
1064 504 1123 559 in
1164 503 1286 573 ipsa
1324 502 1547 572 sepeliri
1581 509 1864 567 tenemur,
1918 515 2060 555 con-
2098 511 2144 562 Α
2172 505 2433 555 nostrum
2482 513 2614 555 cum
2673 498 2906 568 propria
2956 504 3193 554 vectura
3249 498 3599 568 conducent,
3663 500 3880 569 ipsique

357 598 632 651 cessimus
690 595 949 665 ejusdem
1012 592 1276 648 Ecclesia
1332 591 1605 645 fratribus
1656 590 1942 659 quidquid
1999 588 2057 642 in

356 683 627 739 Ecclesiis
665 682 875 738 nostris
923 682 1206 737 hactenus
1257 679 1674 750 acquisierunt,
1707 686 1762 734 et
1792 678 2060 747 deinceps

358 774 683 844 acquirent,
741 779 797 825 et
848 769 1138 840 quidquid
1203 768 1449 838 episcopi
1522 768 1935 823 Laudunenses
1978 766 2061 821 eis

361 860 751 924 contulerunt,
788 858 875 913 vel
911 857 968 912 in
1002 864 1291 927 posterum
1324 855 1634 921 conferent,
1671 854 1845 910 libere
1888 854 2060 922 possi-

362 948 636 1006 dendum.
693 947 899 1002 Actum
957 945 1015 1000 in
1064 945 1315 1015 capitulo
1372 952 1585 1008 nostro,
1637 957 1790 999 anno
1833 943 2058 998 Domini

366 1041 523 1092 1139.
559 1056 588 1086 ››
620 1036 705 1091 Ita
734 1034 1176 1091 cbartularium.

434 1124 648 1182 Verum
707 1136 841 1178 cum
913 1120 1232 1177 sanctitatis
1292 1119 1420 1190 ejus
1473 1126 1530 1175 et
1582 1118 1857 1175 doctrina
1908 1118 2062 1173 fama

362 1212 580 1283 ubique
622 1217 975 1281 personaret,
1029 1209 1100 1265 ad
1148 1208 1536 1278 episcopatum
1586 1206 2062 1262 Calalaunensem

364 1316 517 1358 anno
572 1300 708 1355 1140
770 1306 870 1355 aut
941 1299 1075 1353 1142
1149 1297 1483 1353 assumitur.
1545 1297 1914 1352 Hermannus
1959 1294 2059 1365 qui

362 1403 540 1460 supra
568 1389 669 1445 lib.
703 1403 780 1455 ιιι,
810 1401 935 1457 cap.
971 1388 1093 1441 352.

432 1479 529 1534 III.
560 1476 868 1533 Gualterus
895 1474 964 1530 de
986 1472 1327 1538 Mauritania
1354 1486 1508 1528 anno
1533 1474 1689 1526 1152.
1722 1470 1845 1538 Hic,
1875 1483 2066 1526 exem-

362 1530 866 1637 plo-Ludovici
895 1562 1044 1633 regis
1065 1530 1437 1627 Francorum,
1469 1561 1569 1630 qui
1595 1561 1695 1631 jus
1713 1530 1880 1614 omne
1908 1558 2061 1628 quod

363 1654 424 1710 in
476 1652 862 1709 Molendinum
918 1650 1252 1722 d'Argentré
1298 1649 1565 1714 habebat,
1621 1647 1871 1703 ecclesia
1913 1646 2063 1701 Pra-

364 1740 767 1798 monstratensi
798 1740 1052 1805 dederat,
1085 1753 1215 1795 cum
1249 1737 1499 1807 capitulo
1540 1750 1645 1792 suo
1678 1735 1776 1806 jus
1827 1748 2063 1805 quoque

2167 588 2544 643 conductores
2573 587 2688 642 duo
2714 588 2781 641 ad
2812 601 3072 655 currum,
3110 602 3263 643 unus
3293 588 3363 643 ad
3386 589 3666 655 rhedam,
3703 602 3783 643 ea
3814 592 3880 642 die

2167 676 2211 731 si
2248 677 2305 730 in
2346 675 2642 731 refectorio
2693 675 3113 731 comederimus
3164 677 3380 732 victum
3432 691 3467 731 a
3516 677 3701 732 nobis
3756 680 3880 731 acri-

2168 764 2344 834 pient.
2373 763 2794 820 Persolvuntur
2820 763 2991 819 etiam
3026 764 3190 821 nobis
3230 765 3535 821 annuatim
3571 778 3611 819 a
3646 766 3880 835 praefata

2169 851 2695 907 Pramonstratensi
2734 851 2986 907 Ecclesia
3033 852 3297 922 quinque
3336 852 3500 908 solidi
3539 853 3725 908 bona
3781 868 3880 906 me

2168 945 2331 1000 neta,
2363 953 2466 1008 pro
2497 939 2750 1009 quadam
2779 941 3035 1009 portione
3054 947 3219 997 terra
3254 940 3409 996 illius
3445 955 3580 1011 qua
3618 943 3880 1010 prascri.

2168 1034 2267 1096 pta
2293 1034 2396 1093 est,
2437 1027 2506 1082 de
2533 1040 2651 1097 qua
2682 1027 2829 1082 inter
2875 1042 2977 1085 nos
3016 1036 3071 1085 et
3136 1030 3443 1085 monachos
3498 1028 3707 1085 Sancti
3768 1029 3880 1085 Vin-

2168 1113 2595 1184 centiiquerela
2628 1114 2973 1185 aliquandiu
3014 1116 3232 1184 habita,
3266 1124 3321 1173 et
3349 1118 3455 1173 sub
3503 1117 3879 1172 adnotatione

2168 1201 2425 1272 ejusdem
2457 1216 2663 1258 census
2683 1202 2871 1259 fuerat
2896 1202 3220 1260 terminata.
3252 1204 3557 1260 Sciendum
3603 1213 3880 1273 praeterea

2172 1289 2319 1344 inter
2348 1302 2453 1344 nos
2478 1289 2811 1345 convenisse
2838 1289 2995 1359 quod
3031 1289 3078 1345 si
3122 1288 3388 1346 monachi
3430 1289 3625 1346 Sancti
3664 1290 3880 1345 Nicolai

2169 1377 2238 1431 de
2267 1376 2451 1432 Pratis
2475 1383 2687 1433 terram
2722 1376 2794 1432 de
2843 1377 3062 1445 Tuscis,
3112 1391 3286 1448 quam
3333 1391 3367 1433 a
3410 1378 3574 1434 nobis
3635 1391 3880 1434 censua-

2170 1463 2300 1520 Iiter
2346 1471 2559 1531 tenent,
2616 1464 3098 1542 renuntiavey'nt.
3141 1465 3725 1521 Pramonstratenses
3784 1466 3880 1520 snt

2169 1552 2363 1607 eodem
2394 1566 2571 1608 censu
2618 1566 2735 1622 quo
2764 1559 2820 1607 et
2871 1551 2972 1619 illi,
3008 1552 3212 1623 viginti
3258 1553 3471 1609 scilicet
3503 1553 3723 1623 galetis
3778 1553 3880 1608 Iru-

2171 1641 2344 1695 menti
2374 1641 2447 1695 ad
2478 1653 2808 1696 mensuram
2834 1640 3296 1708 Laudunensem,
3321 1654 3446 1696 eam
3484 1642 3801 1711 accipient.
3835 1641 3880 1700 Si

2175 1728 2308 1797 quis
2336 1727 2513 1797 igitur
2541 1742 2637 1783 eos
2672 1741 2846 1797 super
2873 1727 2961 1782 his
3006 1729 3431 1798 inquietaverit,
3461 1729 3565 1800 qui
3591 1728 3880 1798 justitiam

365 1843 539 1886 suum
565 1829 625 1884 in
653 1828 992 1898 pradictum
1032 1793 1420 1882 biolendinum
1481 1793 1742 1890 contulit,
1773 1793 1862 1878 ea.
1886 1793 2065 1892 potis-
2107 1793 2146 1847 Β
2178 1814 2606 1885 subterfugerit,
2626 1829 2730 1870 nos
2761 1829 2863 1884 pro
2891 1829 3089 1871 eorum
3109 1815 3458 1884 liberatione,
3487 1816 3671 1871 etiam
3702 1831 3877 1885 usque

366 1918 579 1974 simum
610 1917 678 1972 de
709 1929 905 1983 causa,
936 1936 965 1965 ‹‹
995 1914 1155 1980 Quod
1187 1913 1339 1969 dicta
1366 1911 1611 1968 ecclesia
1660 1911 2069 1966 Pramonstra-

368 2005 542 2062 tensis
568 2004 641 2061 ab
671 2004 810 2074 ipsis
841 2003 1058 2059 decano
1094 2010 1150 2057 et
1181 2000 1432 2071 capitulo
1471 2007 1766 2070 procreata
1801 2005 1965 2064 esset,
2016 2004 2072 2053 et

366 2092 427 2147 in
460 2092 643 2147 medio
682 2106 800 2146 sua
827 2091 1035 2146 domus
1059 2097 1124 2145 ut
1155 2088 1272 2145 ﬁlia
1320 2096 1595 2145 maneret.
1629 2108 1650 2136 ι
1686 2086 1867 2143 Verba
1891 2086 2069 2141 dona-

366 2180 538 2237 tionis
565 2194 718 2235 anno
753 2180 886 2234 1149
918 2178 1098 2234 facta.

438 2269 564 2338 Ipse
626 2274 791 2323 etiam
822 2265 1260 2335 capitulumque
1288 2277 1357 2321 ea
1399 2264 1551 2320 bona
1598 2262 1893 2328 concessit,
1939 2273 2071 2330 qua

371 2355 932 2412 Pramonstratensis
978 2353 1212 2409 abbatia
1275 2352 1524 2422 possidet
1569 2352 1629 2406 in
1699 2350 2069 2418 Valiscurto;

369 2443 525 2515 quod
551 2450 702 2513 patet
721 2456 793 2497 ex
823 2442 976 2497 hisce
1006 2439 1206 2496 litteris
1238 2440 1375 2494 anni
1412 2441 1565 2494 H53.

450 2552 473 2579 ι
505 2531 571 2585 In
619 2530 853 2585 nomine
881 2536 1091 2585 sancta
1119 2535 1176 2584 et
1224 2525 1538 2583 individua
1582 2526 1893 2582 Trinitatis.
1927 2524 2074 2592 Quia

371 2622 598 2672 natura
630 2613 926 2670 mutabilis
944 2613 1212 2683 exigente
1233 2612 1476 2678 defectu,
1505 2612 1797 2683 generatio
1827 2610 2076 2681 praeterit

371 2709 428 2759 et
457 2701 749 2773 generatio
778 2700 1031 2766 advenit,
1080 2699 1269 2769 sitque
1298 2707 1363 2755 ut
1405 2706 1662 2754 vetustas
1707 2699 2073 2764 oblivionem,

373 2789 586 2845 oblivio
632 2787 1023 2845 confusionem
1066 2787 1252 2858 pariat
1292 2795 1347 2843 et
1387 2787 1829 2853 contentionem,
1882 2798 2075 2840 neces—

374 2878 523 2934 sarie
571 2892 693 2933 mos
743 2876 977 2933 inolevit
1015 2883 1079 2932 ut
1118 2876 1394 2932 beneﬁcia
1447 2875 1537 2931 vel
1566 2876 1942 2945 possessiones
1992 2884 2079 2929 ec"

377 2966 683 3022 clesiarum
727 2965 937 3035 scripto
996 2965 1320 3031 tradantur,
1373 2971 1429 3020 et
1482 2964 1949 3020 transmittantur
2004 2962 2077 3018 ad

2178 1903 2250 1958 ad
2280 1903 2613 1959 Remensem
2644 1903 2867 1958 curiam
2898 1917 3029 1959 cum
3059 1918 3257 1960 eorum
3288 1904 3553 1974 expensis
3598 1904 3875 1960 laborabi-

2178 2004 2329 2057 mus,
2380 1991 2514 2046 etsi
2557 1991 2785 2061 longius
2834 1991 2916 2047 ire
2959 2005 3188 2047 necesse
3239 1992 3430 2059 fuerit,
3481 1992 3793 2048 consilium
3832 2000 3879 2046 et

2178 2079 2467 2134 auxilium
2496 2079 2620 2134 sine
2666 2079 2931 2148 expensis
2973 2080 3183 2135 nostris
3205 2079 3628 2135 exhibebimus.
3662 2079 3719 2135 Si
3755 2093 3880 2134 vero

2180 2166 2612 2223 malefactorum
2638 2167 2989 2222 audientiam
3032 2166 3461 2239 subterfugerit,
3512 2182 3621 2223 nos
3640 2182 3777 2223 cum
3809 2168 3880 2222 eis

2176 2255 2436 2310 eamdem
2462 2254 2746 2325 justitiam
2776 2268 2955 2325 quam
2980 2255 3049 2311 de
3071 2256 3321 2326 propriis
3342 2256 3550 2312 nostris
3565 2255 3880 2312 redditibus

2179 2342 2366 2399 facere
2397 2343 2822 2411 consuevimus,
2855 2357 3262 2413 exsequemur.
3315 2343 3473 2411 Quod
3512 2351 3576 2400 ut
3605 2351 3800 2399 ratum
3828 2351 3876 2397 et

2182 2429 2589 2487 inconvulsum
2633 2438 2986 2501 permaneat,
3044 2439 3100 2488 et
3136 2431 3298 2501 prius
3344 2431 3577 2502 quidem
3633 2446 3738 2502 per
3783 2446 3867 2486 nos

2182 2518 2453 2589 pradicta
2482 2519 2668 2575 alodia
2706 2519 2815 2576 sub
2864 2520 3165 2589 prasentia
3194 2526 3251 2577 et
3283 2521 3599 2577 testimonio
3646 2521 3875 2576 circum-

2182 2607 2542 2664 manentium
2599 2608 3041 2664 terminavimus
3085 2615 3140 2664 et
3180 2607 3430 2664 ecclesia
3481 2608 3879 2666 Pramonstra-

2191 2696 2335 2751 tensi
2408 2692 2852 2766 assignavim’us.
2914 2695 3174 2763 Quorum
3235 2696 3470 2751 nomina
3534 2696 3660 2752 hac
3708 2706 3880 2752 sunt:

2184 2783 2514 2839 Bernardus
2568 2784 2801 2840 Villicus
2866 2784 2936 2840 de
2995 2784 3292 2852 Monceles,
3351 2785 3646 2841 Wibertus
3734 2785 3880 2841 ﬁlius

2185 2871 2505 2927 Constantii
2535 2870 2787 2938 Siuvart,
2816 2872 3086 2943 Paganus
3131 2872 3201 2928 de
3257 2874 3437 2941 Derci,
3480 2873 3597 2930 Odo
3653 2873 3880 2937 Aldent,

2186 2959 2502 3015 Herbertus
2528 2960 2597 3015 de
2628 2959 2895 3015 Boisnero
2940 2967 2997 3016 et
3025 2960 3094 3016 de
3127 2961 3349 3027 Parem,
3384 2960 3501 3017 Odo
3551 2961 3737 3027 miles,
3776 2962 3880 3016 Ro—

376 3054 637 3111 notitiam
672 3061 1050 3123 posterorum.
1106 3053 1191 3108 Ea
1245 3059 1477 3123 propter
1514 3065 1619 3122 ego
1664 3050 1928 3106 Galterus
1983 3051 2076 3107 Dei
2117 3081 2158 3136 C
2188 3047 2406 3136 bertus
2448 3047 2696 3115 villicus,
2745 3047 3069 3136 Richardus
3111 3057 3166 3103 et
3209 3048 3364 3103 ﬁlius
3410 3049 3555 3117 ejus.
3621 3049 3880 3104 Terricus

374 3142 563 3214 gratia
593 3141 813 3198 Sancta
844 3141 1037 3196 Maria
1069 3140 1471 3197 Laudunensis
1504 3139 1769 3195 Ecclesia
1801 3139 2074 3203 decanus,

374 3238 647 3301 totusque
675 3229 914 3300 capituli
962 3229 1143 3285 nostri
1188 3235 1527 3295 conventus,
1560 3234 1762 3284 notum
1814 3226 1935 3283 ﬁeri
1972 3240 2081 3283 vo-

374 3318 591 3386 lumus,
617 3326 730 3374 tam
765 3318 977 3374 futuris
1017 3331 1194 3389 quam
1241 3317 1640 3387 prasentibus,
1671 3316 1827 3386 quod
1878 3323 2081 3371 contu-

375 3406 550 3464 limus
600 3407 850 3463 ecclesia
894 3406 1421 3462 Pramonstratensi
1468 3405 1578 3461 sub
1624 3404 1865 3460 annuali
1904 3417 2081 3459 censu

376 3495 566 3551 alodia
620 3494 690 3550 de
749 3493 1052 3551 Valescurt
1099 3507 1231 3549 cum
1282 3492 1629 3563 appenditiis
1668 3493 1809 3561 suis,
1870 3493 2083 3548 scilicet

375 3583 521 3639 silva
551 3583 622 3639 de
678 3582 893 3649 Mesloi,
952 3588 1008 3637 et
1048 3580 1279 3637 cultura
1327 3595 1459 3651 qua
1495 3589 1578 3637 est
1628 3581 1688 3636 in
1737 3580 1986 3637 conﬁnio
2015 3579 2083 3634 de

378 3669 704 3739 Landerfai,
730 3677 786 3725 et
827 3669 1047 3725 cateris
1101 3668 1371 3725 omnibus
1424 3668 1800 3739 pertinentiis,
1831 3675 1887 3724 et
1948 3667 2086 3723 alta-

378 3759 466 3815 ria
494 3772 627 3814 cum
679 3757 910 3813 dotibus
947 3757 1089 3825 suis,
1131 3765 1186 3814 et
1234 3757 1489 3822 decimis,
1529 3764 1649 3813 tam
1689 3757 1747 3812 in
1800 3757 2085 3813 territorio

378 3847 450 3904 de
479 3846 729 3903 Moncels
777 3859 954 3917 quam
1009 3846 1079 3902 de
1126 3846 1311 3904 Murci
1350 3852 1405 3901 et
1451 3845 1521 3901 de
1564 3845 1877 3910 Valescurt,
1928 3853 1983 3901 et
2026 3846 2084 3900 in

378 3935 589 3992 eisdem
645 3934 782 3990 locis
829 3933 1246 4003 impositionem
1298 3933 1659 3990 sacerdotum
1726 3933 2084 4000 idoneorum,

380 4038 529 4095 quos
556 4023 819 4079 videlicet
850 4022 908 4077 in
959 4021 1265 4091 prasentia
1297 4029 1492 4077 nostra
1525 4022 1812 4077 adducent
1865 4019 2087 4090 ipsique

380 4111 713 4168 ﬁdelitatem
792 4110 959 4167 nobis
1026 4109 1234 4166 facient
1316 4124 1433 4180 quo
1506 4109 1761 4180 justitias
1841 4116 2086 4176 nostras,

384 4205 499 4254 tam
532 4196 797 4267 proprias
844 4210 1021 4266 quam
1045 4210 1396 4264 communes,
1431 4210 1534 4266 pro
1576 4211 1738 4267 posse
1785 4211 1890 4253 suo
1934 4204 2087 4253 tene-

381 4284 559 4354 bunt;
602 4298 670 4340 ea
725 4284 1010 4354 siquidem
1066 4284 1414 4352 conditione,
1478 4285 1633 4356 quod
1678 4285 1875 4341 eadem
1941 4284 2086 4340 Pra-

2190 3135 2579 3204 Wascelinus;
2625 3150 2691 3191 ac
2765 3135 3128 3205 postmodum
3203 3136 3569 3207 chirographi
3637 3139 3880 3193 conscri-

2189 3224 2405 3293 ptione,
2450 3231 2505 3279 et
2563 3223 2953 3294 legitimarum
3011 3224 3239 3280 testium
3288 3226 3593 3295 utriusque
3652 3226 3880 3295 capituli

2186 3311 2575 3379 adnotatione,
2604 3326 2711 3367 nec
2744 3326 2858 3367 non
2889 3312 3060 3367 etiam
3095 3313 3399 3382 utriusque
3428 3312 3597 3382 sigilli
3656 3312 3880 3382 impres-

2188 3400 2367 3467 sione,
2422 3408 2756 3469 prasentem
2808 3400 3079 3470 paginam
3129 3402 3469 3457 communiri
3508 3400 3772 3457 fecimus.
3817 3401 3880 3455 Si-

2188 3501 2372 3557 gnum
2404 3487 2640 3543 Walteri
2673 3488 3006 3544 Laudunen.
3040 3487 3305 3558 episcopi.
3353 3488 3407 3544 S.
3440 3487 3733 3553 Richardi,
3786 3496 3880 3543 etc.

2188 3575 2261 3630 Et
2279 3581 2473 3630 actum
2512 3574 2801 3641 Lauduni,
2838 3588 3009 3644 .anno
3053 3575 3339 3631 Incarnati
3386 3576 3556 3633 Verbi
3594 3576 3880 3632 millesimc

2189 3662 2497 3719 centesimo
2546 3663 3037 3734 quinquagesimo
3085 3664 3271 3728 tertio,
3332 3664 3641 3720 indictione
3683 3664 3880 3735 prima.

2188 3758 2390 3821 epacta
2426 3750 2701 3806 vicesima
2721 3751 2909 3819 tertia,
2939 3759 3316 3808 concurrente
3344 3752 3527 3808 tertio.
3559 3772 3587 3801 »

2264 3839 2496 3895 Dedisse
2522 3846 2577 3895 et
2618 3840 2730 3895 alia
2759 3840 3026 3910 quadam
3076 3840 3420 3897 monasterio
3455 3840 3641 3902 Sancti
3673 3840 3880 3897 Nicolai

2193 3928 2264 3984 de
2302 3927 2476 3995 Silva,
2524 3928 2721 3984 eodem
2777 3928 3058 3986 decanum
3105 3937 3328 4000 agente,
3381 3928 3695 3999 capitulum
3758 3931 3880 3984 Lau-

2194 4015 2472 4083 dunense,
2523 4022 2725 4072 notant
2765 4023 2987 4072 veteres
3060 4017 3409 4073 membrana
3469 4030 3606 4073 ann.
3668 4017 3880 4073 Domini

2200 4106 2357 4169 1151,
2395 4106 2480 4169 55,
2512 4106 2600 4172 56,
2631 4107 2696 4159 57
2726 4112 2781 4161 et
2811 4107 2879 4159 59
2911 4113 3185 4161 exarata.

2268 4191 2401 4249 Vita
2443 4191 2639 4248 functo
2666 4192 2889 4248 Galtero
2945 4193 3016 4249 de
3044 4193 3250 4250 Sancto
3279 4193 3553 4250 Mauricio
3590 4194 3880 4264 episcopus

2199 4279 2604 4337 Laudunensis
2651 4279 2867 4338 electus
2944 4283 3188 4338 Romam
3252 4282 3652 4353 proﬁciscitur,
3717 4291 3877 4352 atque

381 4371 820 4428 monstrateusis
896 4371 1149 4427 Ecclesia
1231 4373 1513 4442 persolvet
1601 4373 1766 4429 nobis
1842 4372 2088 4443 singulis
2125 4368 2170 4423 D
2199 4368 2408 4425 ibidem
2437 4369 2775 4439 episcopatu
2807 4372 2944 4424 1155
2974 4370 3396 4441 inauguratur;
3428 4371 3674 4427 Joannes
3699 4385 3734 4425 a
3764 4372 3873 4426 GuL

384 4461 553 4517 annis
614 4460 858 4516 circatas
902 4460 960 4515 in
1010 4460 1229 4529 synodo
1291 4461 1362 4517 de
1431 4462 1615 4519 Murci
1670 4469 1726 4518 et
1795 4461 1865 4517 de
1925 4461 2089 4517 Vale-

384 4555 564 4617 scurt,
617 4555 673 4604 et
724 4555 939 4618 septem
986 4547 1224 4617 modios,
1270 4557 1327 4605 et
1395 4557 1647 4620 quatuor
1706 4549 1922 4621 galetos
1973 4548 2089 4605 fru-

383 4636 584 4704 menti,
641 4642 696 4693 et
748 4636 1006 4693 modium
1045 4651 1230 4693 unum
1278 4637 1533 4708 pisorum
1565 4637 1635 4695 ad
1668 4649 1997 4694 mensuram
2029 4636 2089 4692 in

383 4726 616 4783 civitate
692 4724 1063 4782 Laudunensi
1121 4740 1186 4782 eo
1255 4734 1507 4796 tempore
1578 4739 1694 4797 quo
1766 4725 1890 4781 hac
1963 4731 2092 4781 acta

384 4820 521 4871 sunt
550 4821 912 4884 currentem;
960 4811 1118 4883 quod
1176 4819 1494 4883 utrumque
1540 4813 1663 4868 sine
1709 4811 2092 4868 diminutione

384 4902 475 4958 vel
504 4900 978 4973 augmentatione
1023 4900 1373 4957 servabitur.
1422 4900 1542 4956 Hoc
1580 4907 1774 4956 autem
1831 4899 2090 4956 frumen-

387 4998 510 5047 tum
558 4991 667 5047 tale
734 4989 983 5046 solvitur
1048 4989 1224 5060 quale
1290 4988 1351 5045 in
1413 4988 1660 5057 duobus,
1731 4988 1820 5045 vel
1882 4989 2090 5054 tribus,

389 5085 491 5135 aut
556 5077 823 5147 pluribus
905 5077 1188 5144 mercatis,
1255 5091 1372 5132 uno
1440 5090 1680 5132 nummo
1754 5076 1948 5132 minus
1992 5088 2094 5131 va-

390 5165 500 5221 leat
548 5165 784 5229 cariore,
848 5165 1149 5234 reperitur.
1220 5164 1350 5219 Pisa
1391 5177 1627 5234 quoque
1690 5162 1926 5219 denario
1973 5176 2094 5218 uno

392 5253 587 5308 minus
634 5252 885 5308 valentia
936 5252 1256 5308 carioribus
1302 5251 1727 5322 persolvuntur.
1791 5250 2095 5307 Terminus

391 5353 530 5396 vero
583 5339 944 5409 persolvendi
974 5346 1059 5395 est
1097 5353 1131 5394 a
1187 5338 1326 5395 festo
1377 5339 1569 5396 Sancti
1621 5339 1862 5409 Remigii
1910 5354 2095 5410 usque

394 5426 469 5482 ad
538 5426 787 5481 mediam
840 5425 1372 5497 Quadragesimam,
1450 5426 1602 5483 intra
1662 5441 1835 5497 quem
1907 5426 2097 5483 termi-

393 5526 560 5579 num,
595 5526 950 5584 quocunqne
976 5513 1086 5581 die,
1118 5513 1209 5569 vel
1238 5521 1495 5583 tempore
1524 5512 1816 5570 voluerint
1846 5519 1947 5569 aut
1988 5526 2097 5582 po-

395 5601 632 5670 tuerint,
666 5599 909 5666 solvent,
948 5607 1005 5659 et
1058 5601 1215 5673 apud
1261 5600 1614 5658 Laudunum
1664 5600 1739 5657 ad
1789 5599 2091 5657 cellarium

2196 4457 2281 4513 sia
2314 4456 2413 4512 lib.
2449 4471 2610 4523 xxrv,
2645 4472 2773 4528 cap.
2814 4460 2878 4528 3;
2937 4457 3278 4531 Sigibertus,
3334 4467 3389 4516 et
3425 4460 3872 4531 Martyrologium

2195 4545 2463 4602 Ecclesia
2496 4547 2655 4602 Laud
2664 4546 2915 4603 unensis.

2265 4634 2347 4691 Ne
2378 4635 2438 4690 in
2460 4642 2754 4705 posterum
2784 4650 2888 4706 pro
2930 4649 3086 4692 more
3114 4636 3380 4703 nefando,
3417 4651 3549 4707 qua
3595 4635 3878 4706 episcopa-

2196 4723 2284 4778 tui
2323 4722 2674 4794 acquisierat
2719 4724 2869 4780 bona
2894 4724 3198 4793 permulta,
3247 4725 3407 4796 regia
3443 4730 3682 4794 potestas
3722 4738 3879 4780 usur-

2197 4818 2380 4880 paret,
2413 4825 2447 4866 a
2476 4825 2607 4882 rege
2641 4812 2998 4869 Francorum
3039 4812 3325 4869 Ludovico
3372 4812 3495 4880 VII,
3540 4813 3704 4869 hocce
3745 4827 3877 4882 pra-

2199 4906 2431 4969 ceptum
2460 4899 2678 4955 obtinet
2699 4899 2809 4955 hac
2836 4898 3039 4956 forma.
3076 4921 3105 4950 ‹‹
3131 4901 3253 4972 Ego
3284 4900 3608 4956 Ludovicus
3657 4900 3876 4956 France.

2200 5000 2331 5042 rum
2393 5000 2517 5053 rex,
2593 4987 2820 5044 Galtero
2898 4988 3272 5045 Laudunensi
3335 4989 3615 5058 episcopo,
3653 4989 3870 5059 ejusque

2200 5074 2626 5131 successoribus
2679 5075 2737 5130 in
2800 5083 3176 5147 perpetuum;
3226 5076 3662 5133 sollicitudinem
3715 5092 3868 5147 quam

2200 5162 2459 5219 videntes
2538 5162 2795 5234 gerimus
2858 5177 2962 5233 pro
3025 5163 3291 5220 Ecclesiis
3352 5164 3535 5235 regni,
3590 5173 3709 5234 post
3762 5167 3870 5220 vita

2203 5249 2500 5318 prasentis
2524 5250 2835 5306 decursum
2881 5264 3159 5321 apparere
3212 5251 3478 5308 volumus
3532 5251 3779 5320 posteris,
3826 5252 3872 5305 in

2203 5337 2568 5394 Laudunensi
2595 5337 2848 5394 Ecclesia
2896 5340 3105 5409 prasul
3135 5346 3259 5395 erat
3300 5340 3572 5410 magister
3619 5338 3868 5401 Galterus,

2202 5424 2305 5495 qui
2334 5425 2506 5496 longo
2548 5431 2800 5495 tempore
2832 5427 3087 5484 decanus
3129 5427 3286 5484 illius
3329 5427 3643 5494 exstiterat,
3680 5436 3732 5484 et
3778 5430 3869 5499 epi-

2204 5513 2390 5583 scopis
2418 5513 2511 5570 sui
2543 5514 2816 5584 temporis
2855 5514 3291 5585 quamplurima
3336 5515 3560 5571 viderat
3595 5515 3864 5583 defecisse;

2205 5600 2467 5671 exemplo
2495 5600 2860 5659 decessorum
2910 5616 3151 5660 suorum
3181 5603 3436 5673 territus,
3468 5610 3524 5660 et
3551 5604 3658 5661 sibi
3692 5620 3865 5676 praeca-
