  <div class='ocr_page' id='page_1' title='image "/cluster/home/n/w/nwhite01/storage/ocr_20150623/156-157/uc1.31175010662024/584.png"; bbox 0 0 3930 6426; ppageno 0'>
   <div class='ocr_carea' id='block_1_1' title="bbox 120 387 279 440">
    <p class='ocr_par' dir='ltr' id='par_1_1' title="bbox 120 387 279 440">
     <span class='ocr_line' id='line_1_1' title="bbox 120 387 279 440; baseline 0.019 -3"><span class='ocrx_word' id='word_1_1' title='bbox 120 387 279 440; x_wconf 75' lang='grc'><strong>1157</strong></span> 
     </span>
    </p>
   </div>
   <div class='ocr_carea' id='block_1_2' title="bbox 1403 382 2383 440">
    <p class='ocr_par' dir='ltr' id='par_1_2' title="bbox 1403 382 2383 440">
     <span class='ocr_line' id='line_1_2' title="bbox 1403 382 2383 440; baseline -0.001 -3"><span class='ocrx_word' id='word_1_2' title='bbox 1403 383 1625 439; x_wconf 78' lang='lat' dir='ltr'><strong>DOMNI</strong></span> <span class='ocrx_word' id='word_1_3' title='bbox 1667 386 1726 439; x_wconf 83' lang='lat' dir='ltr'><strong>L.</strong></span> <span class='ocrx_word' id='word_1_4' title='bbox 1777 382 2119 440; x_wconf 82' lang='lat' dir='ltr'><strong>D&#39;ACHERY</strong></span> <span class='ocrx_word' id='word_1_5' title='bbox 2160 383 2383 439; x_wconf 65' lang='lat' dir='ltr'><strong>NOTAE.</strong></span> 
     </span>
    </p>
   </div>
   <div class='ocr_carea' id='block_1_3' title="bbox 3509 389 3646 443">
    <p class='ocr_par' dir='ltr' id='par_1_3' title="bbox 3509 389 3646 443">
     <span class='ocr_line' id='line_1_3' title="bbox 3509 389 3646 443; baseline 0.007 -1"><span class='ocrx_word' id='word_1_6' title='bbox 3509 389 3646 443; x_wconf 79' lang='grc'><strong>1158</strong></span> 
     </span>
    </p>
   </div>
   <div class='ocr_carea' id='block_1_4' title="bbox 114 513 3648 586">
    <p class='ocr_par' dir='ltr' id='par_1_4' title="bbox 114 513 3648 586">
     <span class='ocr_line' id='line_1_4' title="bbox 114 513 3648 586; baseline 0.001 -16"><span class='ocrx_word' id='word_1_7' title='bbox 114 530 300 584; x_wconf 81' lang='lat' dir='ltr'><strong>veris,</strong></span> <span class='ocrx_word' id='word_1_8' title='bbox 334 515 713 585; x_wconf 78' lang='lat' dir='ltr'><strong>pontiﬁcalem</strong></span> <span class='ocrx_word' id='word_1_9' title='bbox 748 515 999 570; x_wconf 87' lang='lat' dir='ltr'><strong>insidens</strong></span> <span class='ocrx_word' id='word_1_10' title='bbox 1036 514 1384 578; x_wconf 71' lang='lat' dir='ltr'><strong>cathedram,</strong></span> <span class='ocrx_word' id='word_1_11' title='bbox 1418 514 1573 570; x_wconf 92' lang='lat' dir='ltr'><strong>dedit</strong></span> <span class='ocrx_word' id='word_1_12' title='bbox 1600 529 1830 584; x_wconf 81' lang='lat' dir='ltr'>operam</span> <span class='ocrx_word' id='word_1_13' title='bbox 1869 519 1915 571; x_wconf 82' lang='lat' dir='ltr'><strong>A</strong></span> <span class='ocrx_word' id='word_1_14' title='bbox 1947 528 2124 584; x_wconf 91' lang='lat' dir='ltr'><strong>quam</strong></span> <span class='ocrx_word' id='word_1_15' title='bbox 2163 513 2587 582; x_wconf 87' lang='lat' dir='ltr'><strong>cambitionem,</strong></span> <span class='ocrx_word' id='word_1_16' title='bbox 2639 521 2702 570; x_wconf 93' lang='lat' dir='ltr'><strong>ut</strong></span> <span class='ocrx_word' id='word_1_17' title='bbox 2749 514 2954 570; x_wconf 86' lang='lat' dir='ltr'><strong>amodo</strong></span> <span class='ocrx_word' id='word_1_18' title='bbox 2993 522 3119 572; x_wconf 89' lang='lat' dir='ltr'><strong>rata</strong></span> <span class='ocrx_word' id='word_1_19' title='bbox 3165 519 3648 586; x_wconf 82' lang='lat' dir='ltr'><strong>permaneat,&#39;si-</strong></span> 
     </span>
    </p>
   </div>
   <div class='ocr_carea' id='block_1_5' title="bbox 116 604 1835 677">
    <p class='ocr_par' dir='ltr' id='par_1_5' title="bbox 116 604 1835 677">
     <span class='ocr_line' id='line_1_5' title="bbox 116 604 1835 677; baseline -0.001 -17"><span class='ocrx_word' id='word_1_20' title='bbox 116 607 531 677; x_wconf 70' lang='lat' dir='ltr'><strong>agriculturae,</strong></span> <span class='ocrx_word' id='word_1_21' title='bbox 569 615 674 660; x_wconf 89' lang='lat' dir='ltr'><strong>etc.</strong></span> <span class='ocrx_word' id='word_1_22' title='bbox 701 609 901 660; x_wconf 87' lang='lat' dir='ltr'><strong>Actum</strong></span> <span class='ocrx_word' id='word_1_23' title='bbox 936 604 1158 675; x_wconf 86' lang='lat' dir='ltr'><strong>publice</strong></span> <span class='ocrx_word' id='word_1_24' title='bbox 1192 605 1424 659; x_wconf 82' lang='lat' dir='ltr'><strong>Parisiis</strong></span> <span class='ocrx_word' id='word_1_25' title='bbox 1454 619 1608 658; x_wconf 90' lang='lat' dir='ltr'><strong>anno</strong></span> <span class='ocrx_word' id='word_1_26' title='bbox 1638 606 1835 659; x_wconf 88' lang='lat' dir='ltr'><strong>Incar—</strong></span> 
     </span>
    </p>
   </div>
   <div class='ocr_carea' id='block_1_6' title="bbox 117 693 1634 764">
    <p class='ocr_par' dir='ltr' id='par_1_6' title="bbox 117 693 1634 764">
     <span class='ocr_line' id='line_1_6' title="bbox 117 693 1634 764; baseline -0.003 -16"><span class='ocrx_word' id='word_1_27' title='bbox 117 695 390 751; x_wconf 83' lang='lat' dir='ltr'><strong>nationis</strong></span> <span class='ocrx_word' id='word_1_28' title='bbox 421 695 648 750; x_wconf 88' lang='lat' dir='ltr'><strong>Domini</strong></span> <span class='ocrx_word' id='word_1_29' title='bbox 682 697 838 760; x_wconf 79' lang='grc'><strong>1158,</strong></span> <span class='ocrx_word' id='word_1_30' title='bbox 872 694 1032 764; x_wconf 80' lang='lat' dir='ltr'><strong>regni</strong></span> <span class='ocrx_word' id='word_1_31' title='bbox 1065 707 1196 748; x_wconf 88' lang='lat' dir='ltr'><strong>vero</strong></span> <span class='ocrx_word' id='word_1_32' title='bbox 1229 693 1406 749; x_wconf 78' lang='lat' dir='ltr'><strong>nostri</strong></span> <span class='ocrx_word' id='word_1_33' title='bbox 1435 707 1574 747; x_wconf 66' lang='grc' dir='ltr'>χχιι.</span> <span class='ocrx_word' id='word_1_34' title='bbox 1607 711 1634 744; x_wconf 76' lang='grc' dir='ltr'><strong>ιι</strong></span> 
     </span>
    </p>
   </div>
   <div class='ocr_carea' id='block_1_7' title="bbox 210 779 1836 850">
    <p class='ocr_par' dir='ltr' id='par_1_7' title="bbox 210 779 1836 850">
     <span class='ocr_line' id='line_1_7' title="bbox 210 779 1836 850; baseline -0.001 -15"><span class='ocrx_word' id='word_1_35' title='bbox 210 783 448 837; x_wconf 76' lang='lat' dir='ltr'><strong>Interest</strong></span> <span class='ocrx_word' id='word_1_36' title='bbox 493 781 788 850; x_wconf 90' lang='lat' dir='ltr'><strong>episcopus</strong></span> <span class='ocrx_word' id='word_1_37' title='bbox 834 779 1072 835; x_wconf 91' lang='lat' dir='ltr'><strong>concilio</strong></span> <span class='ocrx_word' id='word_1_38' title='bbox 1129 779 1447 835; x_wconf 90' lang='lat' dir='ltr'><strong>Turonensi</strong></span> <span class='ocrx_word' id='word_1_39' title='bbox 1501 793 1652 835; x_wconf 92' lang='lat' dir='ltr'><strong>anno</strong></span> <span class='ocrx_word' id='word_1_40' title='bbox 1702 781 1836 833; x_wconf 92' lang='grc'><strong>1163</strong></span> 
     </span>
    </p>
   </div>
   <div class='ocr_carea' id='block_1_8' title="bbox 115 865 1838 936">
    <p class='ocr_par' dir='ltr' id='par_1_8' title="bbox 115 865 1838 936">
     <span class='ocr_line' id='line_1_8' title="bbox 115 865 1838 936; baseline -0.003 -11"><span class='ocrx_word' id='word_1_41' title='bbox 115 869 422 926; x_wconf 88' lang='lat' dir='ltr'><strong>celebrato</strong></span> <span class='ocrx_word' id='word_1_42' title='bbox 457 871 526 925; x_wconf 92' lang='lat' dir='ltr'><strong>ad</strong></span> <span class='ocrx_word' id='word_1_43' title='bbox 576 869 904 925; x_wconf 80' lang='lat' dir='ltr'><strong>Alexandro</strong></span> <span class='ocrx_word' id='word_1_44' title='bbox 936 867 1098 923; x_wconf 93' lang='lat' dir='ltr'><strong>tertio</strong></span> <span class='ocrx_word' id='word_1_45' title='bbox 1129 881 1355 922; x_wconf 92' lang='lat' dir='ltr'><strong>summo</strong></span> <span class='ocrx_word' id='word_1_46' title='bbox 1402 865 1685 936; x_wconf 81' lang='lat' dir='ltr'><strong>pontifice,</strong></span> <span class='ocrx_word' id='word_1_47' title='bbox 1721 879 1838 921; x_wconf 91' lang='lat' dir='ltr'><strong>una</strong></span> 
     </span>
    </p>
   </div>
   <div class='ocr_carea' id='block_1_9' title="bbox 117 954 1836 1024">
    <p class='ocr_par' dir='ltr' id='par_1_9' title="bbox 117 954 1836 1024">
     <span class='ocr_line' id='line_1_9' title="bbox 117 954 1836 1024; baseline -0.002 -13"><span class='ocrx_word' id='word_1_48' title='bbox 117 971 271 1012; x_wconf 88' lang='lat' dir='ltr'><strong>cum</strong></span> <span class='ocrx_word' id='word_1_49' title='bbox 321 955 564 1012; x_wconf 87' lang='lat' dir='ltr'><strong>Henrico</strong></span> <span class='ocrx_word' id='word_1_50' title='bbox 603 971 708 1011; x_wconf 91' lang='lat' dir='ltr'><strong>suo</strong></span> <span class='ocrx_word' id='word_1_51' title='bbox 742 954 1199 1024; x_wconf 86' lang='lat' dir='ltr'><strong>metropolitano,</strong></span> <span class='ocrx_word' id='word_1_52' title='bbox 1243 954 1477 1008; x_wconf 90' lang='lat' dir='ltr'><strong>minime</strong></span> <span class='ocrx_word' id='word_1_53' title='bbox 1526 967 1662 1008; x_wconf 89' lang='lat' dir='ltr'><strong>vero</strong></span> <span class='ocrx_word' id='word_1_54' title='bbox 1705 967 1836 1008; x_wconf 90' lang='lat' dir='ltr'><strong>cum</strong></span> 
     </span>
    </p>
   </div>
   <div class='ocr_carea' id='block_1_10' title="bbox 115 1041 1834 1113">
    <p class='ocr_par' dir='ltr' id='par_1_10' title="bbox 115 1041 1834 1113">
     <span class='ocr_line' id='line_1_10' title="bbox 115 1041 1834 1113; baseline -0.002 -13"><span class='ocrx_word' id='word_1_55' title='bbox 115 1045 460 1113; x_wconf 88' lang='lat' dir='ltr'><strong>Guillelmo,</strong></span> <span class='ocrx_word' id='word_1_56' title='bbox 521 1052 585 1100; x_wconf 90' lang='lat' dir='ltr'><strong>ut</strong></span> <span class='ocrx_word' id='word_1_57' title='bbox 634 1044 761 1099; x_wconf 91' lang='lat' dir='ltr'><strong>vult</strong></span> <span class='ocrx_word' id='word_1_58' title='bbox 810 1043 1092 1099; x_wconf 79' lang='lat' dir='ltr'><strong>Robertus</strong></span> <span class='ocrx_word' id='word_1_59' title='bbox 1143 1043 1198 1098; x_wconf 92' lang='lat' dir='ltr'><strong>in</strong></span> <span class='ocrx_word' id='word_1_60' title='bbox 1256 1041 1440 1097; x_wconf 88' lang='lat' dir='ltr'><strong>Gallia</strong></span> <span class='ocrx_word' id='word_1_61' title='bbox 1474 1041 1834 1105; x_wconf 89' lang='lat' dir='ltr'><strong>Christiana;</strong></span> 
     </span>
    </p>
   </div>
   <div class='ocr_carea' id='block_1_11' title="bbox 116 1128 1838 1202">
    <p class='ocr_par' dir='ltr' id='par_1_11' title="bbox 116 1128 1838 1202">
     <span class='ocr_line' id='line_1_11' title="bbox 116 1128 1838 1202; baseline -0.002 -15"><span class='ocrx_word' id='word_1_62' title='bbox 116 1133 479 1190; x_wconf 90' lang='lat' dir='ltr'><strong>Guillelmus</strong></span> <span class='ocrx_word' id='word_1_63' title='bbox 509 1133 790 1202; x_wconf 89' lang='lat' dir='ltr'><strong>siquidem</strong></span> <span class='ocrx_word' id='word_1_64' title='bbox 825 1146 980 1187; x_wconf 91' lang='lat' dir='ltr'><strong>anno</strong></span> <span class='ocrx_word' id='word_1_65' title='bbox 998 1138 1224 1186; x_wconf 88' lang='lat' dir='ltr'><strong>tantum</strong></span> <span class='ocrx_word' id='word_1_66' title='bbox 1259 1135 1393 1185; x_wconf 95' lang='lat' dir='ltr'><strong>H77</strong></span> <span class='ocrx_word' id='word_1_67' title='bbox 1424 1144 1496 1186; x_wconf 86' lang='lat' dir='ltr'><strong>ex</strong></span> <span class='ocrx_word' id='word_1_68' title='bbox 1525 1128 1838 1186; x_wconf 88' lang='lat' dir='ltr'><strong>Senonensi</strong></span> 
     </span>
    </p>
   </div>
   <div class='ocr_carea' id='block_1_12' title="bbox 114 1217 1838 1285">
    <p class='ocr_par' dir='ltr' id='par_1_12' title="bbox 114 1217 1838 1285">
     <span class='ocr_line' id='line_1_12' title="bbox 114 1217 1838 1285; baseline -0.002 -9"><span class='ocrx_word' id='word_1_69' title='bbox 114 1222 206 1276; x_wconf 86' lang='lat' dir='ltr'><strong>ad</strong></span> <span class='ocrx_word' id='word_1_70' title='bbox 252 1222 584 1278; x_wconf 83' lang='lat' dir='ltr'><strong>Remensem</strong></span> <span class='ocrx_word' id='word_1_71' title='bbox 637 1220 952 1276; x_wconf 87' lang='lat' dir='ltr'><strong>translatus</strong></span> <span class='ocrx_word' id='word_1_72' title='bbox 997 1227 1080 1276; x_wconf 89' lang='lat' dir='ltr'><strong>est</strong></span> <span class='ocrx_word' id='word_1_73' title='bbox 1133 1219 1357 1285; x_wconf 87' lang='lat' dir='ltr'><strong>sedem;</strong></span> <span class='ocrx_word' id='word_1_74' title='bbox 1429 1226 1486 1274; x_wconf 91' lang='lat' dir='ltr'><strong>at</strong></span> <span class='ocrx_word' id='word_1_75' title='bbox 1531 1217 1838 1275; x_wconf 87' lang='lat' dir='ltr'><strong>concilium</strong></span> 
     </span>
    </p>
   </div>
   <div class='ocr_carea' id='block_1_13' title="bbox 116 1311 950 1366">
    <p class='ocr_par' dir='ltr' id='par_1_13' title="bbox 116 1311 950 1366">
     <span class='ocr_line' id='line_1_13' title="bbox 116 1311 950 1366; baseline -0.004 -2"><span class='ocrx_word' id='word_1_76' title='bbox 116 1311 282 1366; x_wconf 89' lang='lat' dir='ltr'><strong>illud</strong></span> <span class='ocrx_word' id='word_1_77' title='bbox 312 1317 573 1365; x_wconf 91' lang='lat' dir='ltr'><strong>coactum</strong></span> <span class='ocrx_word' id='word_1_78' title='bbox 606 1323 760 1364; x_wconf 92' lang='lat' dir='ltr'><strong>anno</strong></span> <span class='ocrx_word' id='word_1_79' title='bbox 794 1311 950 1362; x_wconf 88' lang='lat' dir='ltr'><strong>H63.</strong></span> 
     </span>
    </p>
   </div>
   <div class='ocr_carea' id='block_1_14' title="bbox 207 1395 1446 1454">
    <p class='ocr_par' dir='ltr' id='par_1_14' title="bbox 207 1395 1446 1454">
     <span class='ocr_line' id='line_1_14' title="bbox 207 1395 1446 1454; baseline -0.003 -1"><span class='ocrx_word' id='word_1_80' title='bbox 207 1397 516 1454; x_wconf 90' lang='lat' dir='ltr'><strong>Gualterus</strong></span> <span class='ocrx_word' id='word_1_81' title='bbox 548 1411 700 1452; x_wconf 91' lang='lat' dir='ltr'><strong>anno</strong></span> <span class='ocrx_word' id='word_1_82' title='bbox 734 1400 868 1452; x_wconf 92' lang='lat' dir='ltr'>H73</span> <span class='ocrx_word' id='word_1_83' title='bbox 899 1403 1124 1452; x_wconf 88' lang='lat' dir='ltr'><strong>natura</strong></span> <span class='ocrx_word' id='word_1_84' title='bbox 1153 1395 1446 1452; x_wconf 83' lang='lat' dir='ltr'><strong>concessit.</strong></span> 
     </span>
    </p>
   </div>
   <div class='ocr_carea' id='block_1_15' title="bbox 207 1482 1838 1554">
    <p class='ocr_par' dir='ltr' id='par_1_15' title="bbox 207 1482 1838 1554">
     <span class='ocr_line' id='line_1_15' title="bbox 207 1482 1838 1554; baseline -0.001 -14"><span class='ocrx_word' id='word_1_85' title='bbox 207 1486 301 1542; x_wconf 89' lang='lat' dir='ltr'><strong>IV.</strong></span> <span class='ocrx_word' id='word_1_86' title='bbox 337 1486 628 1541; x_wconf 85' lang='lat' dir='ltr'><strong>Liziardus</strong></span> <span class='ocrx_word' id='word_1_87' title='bbox 660 1484 968 1554; x_wconf 83' lang='lat' dir='ltr'><strong>praiicitur</strong></span> <span class='ocrx_word' id='word_1_88' title='bbox 1017 1487 1152 1538; x_wconf 79' lang='grc'><strong>1153</strong></span> <span class='ocrx_word' id='word_1_89' title='bbox 1187 1491 1248 1540; x_wconf 83' lang='grc' dir='ltr'>ιιι</span> <span class='ocrx_word' id='word_1_90' title='bbox 1277 1497 1349 1538; x_wconf 83' lang='lat' dir='ltr'><strong>ex</strong></span> <span class='ocrx_word' id='word_1_91' title='bbox 1381 1483 1620 1538; x_wconf 88' lang='lat' dir='ltr'><strong>diversis</strong></span> <span class='ocrx_word' id='word_1_92' title='bbox 1664 1482 1838 1538; x_wconf 91' lang='lat' dir='ltr'><strong>char-</strong></span> 
     </span>
    </p>
   </div>
   <div class='ocr_carea' id='block_1_16' title="bbox 113 1570 1839 1644">
    <p class='ocr_par' dir='ltr' id='par_1_16' title="bbox 113 1570 1839 1644">
     <span class='ocr_line' id='line_1_16' title="bbox 113 1570 1839 1644; baseline -0.002 -15"><span class='ocrx_word' id='word_1_93' title='bbox 113 1575 206 1630; x_wconf 85' lang='lat' dir='ltr'><strong>tis</strong></span> <span class='ocrx_word' id='word_1_94' title='bbox 248 1574 475 1644; x_wconf 91' lang='lat' dir='ltr'><strong>colligo,</strong></span> <span class='ocrx_word' id='word_1_95' title='bbox 522 1573 739 1642; x_wconf 89' lang='lat' dir='ltr'><strong>quibus</strong></span> <span class='ocrx_word' id='word_1_96' title='bbox 785 1571 1124 1641; x_wconf 86' lang='lat' dir='ltr'><strong>subscripsit</strong></span> <span class='ocrx_word' id='word_1_97' title='bbox 1166 1572 1285 1640; x_wconf 91' lang='lat' dir='ltr'><strong>ipse</strong></span> <span class='ocrx_word' id='word_1_98' title='bbox 1335 1570 1587 1626; x_wconf 88' lang='lat' dir='ltr'><strong>decanus</strong></span> <span class='ocrx_word' id='word_1_99' title='bbox 1627 1570 1698 1625; x_wconf 89' lang='lat' dir='ltr'><strong>ad</strong></span> <span class='ocrx_word' id='word_1_100' title='bbox 1730 1584 1839 1626; x_wconf 89' lang='lat' dir='ltr'><strong>an-</strong></span> 
     </span>
    </p>
   </div>
   <div class='ocr_carea' id='block_1_17' title="bbox 112 1662 1026 1731">
    <p class='ocr_par' dir='ltr' id='par_1_17' title="bbox 112 1662 1026 1731">
     <span class='ocr_line' id='line_1_17' title="bbox 112 1662 1026 1731; baseline -0.008 -14"><span class='ocrx_word' id='word_1_101' title='bbox 112 1676 276 1717; x_wconf 89' lang='lat' dir='ltr'><strong>num</strong></span> <span class='ocrx_word' id='word_1_102' title='bbox 311 1675 497 1731; x_wconf 85' lang='lat' dir='ltr'><strong>usque</strong></span> <span class='ocrx_word' id='word_1_103' title='bbox 529 1662 683 1714; x_wconf 89' lang='lat' dir='ltr'>H68.</span> <span class='ocrx_word' id='word_1_104' title='bbox 1023 1707 1026 1710; x_wconf 82' lang='lat'><strong>.</strong></span> 
     </span>
    </p>
   </div>
   <div class='ocr_carea' id='block_1_18' title="bbox 207 1745 1835 1804">
    <p class='ocr_par' dir='ltr' id='par_1_18' title="bbox 207 1745 1835 1804">
     <span class='ocr_line' id='line_1_18' title="bbox 207 1745 1835 1804; baseline -0.002 -1"><span class='ocrx_word' id='word_1_105' title='bbox 207 1751 364 1804; x_wconf 89' lang='lat' dir='ltr'><strong>lnter</strong></span> <span class='ocrx_word' id='word_1_106' title='bbox 397 1749 508 1804; x_wconf 88' lang='lat' dir='ltr'><strong>alia</strong></span> <span class='ocrx_word' id='word_1_107' title='bbox 553 1749 749 1804; x_wconf 90' lang='lat' dir='ltr'><strong>isthac</strong></span> <span class='ocrx_word' id='word_1_108' title='bbox 783 1747 1043 1803; x_wconf 91' lang='lat' dir='ltr'><strong>instituta</strong></span> <span class='ocrx_word' id='word_1_109' title='bbox 1090 1747 1275 1802; x_wconf 87' lang='lat' dir='ltr'><strong>visere</strong></span> <span class='ocrx_word' id='word_1_110' title='bbox 1303 1753 1385 1801; x_wconf 91' lang='lat' dir='ltr'><strong>est</strong></span> <span class='ocrx_word' id='word_1_111' title='bbox 1430 1762 1442 1800; x_wconf 94' lang='lat'>:</span> <span class='ocrx_word' id='word_1_112' title='bbox 1479 1767 1505 1795; x_wconf 82' lang='grc'>«</span> <span class='ocrx_word' id='word_1_113' title='bbox 1541 1745 1835 1800; x_wconf 89' lang='lat' dir='ltr'><strong>Sancitum</strong></span> 
     </span>
    </p>
   </div>
   <div class='ocr_carea' id='block_1_19' title="bbox 1946 601 3649 674">
    <p class='ocr_par' dir='ltr' id='par_1_19' title="bbox 1946 601 3649 674">
     <span class='ocr_line' id='line_1_19' title="bbox 1946 601 3649 674; baseline 0.005 -18"><span class='ocrx_word' id='word_1_114' title='bbox 1946 603 2065 672; x_wconf 88' lang='lat' dir='ltr'><strong>gilli</strong></span> <span class='ocrx_word' id='word_1_115' title='bbox 2098 603 2296 668; x_wconf 88' lang='lat' dir='ltr'><strong>nostri,</strong></span> <span class='ocrx_word' id='word_1_116' title='bbox 2341 611 2396 657; x_wconf 91' lang='lat' dir='ltr'><strong>et</strong></span> <span class='ocrx_word' id='word_1_117' title='bbox 2441 601 2612 672; x_wconf 79' lang='lat' dir='ltr'><strong>sigilli</strong></span> <span class='ocrx_word' id='word_1_118' title='bbox 2653 602 2846 658; x_wconf 88' lang='lat' dir='ltr'><strong>Sancti</strong></span> <span class='ocrx_word' id='word_1_119' title='bbox 2887 605 3113 660; x_wconf 86' lang='lat' dir='ltr'><strong>Martini</strong></span> <span class='ocrx_word' id='word_1_120' title='bbox 3166 605 3559 674; x_wconf 87' lang='lat' dir='ltr'><strong>impressione,</strong></span> <span class='ocrx_word' id='word_1_121' title='bbox 3593 615 3649 664; x_wconf 92' lang='lat' dir='ltr'><strong>et</strong></span> 
     </span>
    </p>
   </div>
   <div class='ocr_carea' id='block_1_20' title="bbox 1945 691 3646 762">
    <p class='ocr_par' dir='ltr' id='par_1_20' title="bbox 1945 691 3646 762">
     <span class='ocr_line' id='line_1_20' title="bbox 1945 691 3646 762; baseline 0.002 -16"><span class='ocrx_word' id='word_1_122' title='bbox 1945 691 2349 762; x_wconf 88' lang='lat' dir='ltr'><strong>chirographo,</strong></span> <span class='ocrx_word' id='word_1_123' title='bbox 2393 705 2460 746; x_wconf 90' lang='lat' dir='ltr'><strong>ac</strong></span> <span class='ocrx_word' id='word_1_124' title='bbox 2511 691 2735 746; x_wconf 89' lang='lat' dir='ltr'><strong>testium</strong></span> <span class='ocrx_word' id='word_1_125' title='bbox 2785 692 3206 762; x_wconf 81' lang='lat' dir='ltr'><strong>subscriptione</strong></span> <span class='ocrx_word' id='word_1_126' title='bbox 3253 694 3470 748; x_wconf 92' lang='lat' dir='ltr'><strong>muniri</strong></span> <span class='ocrx_word' id='word_1_127' title='bbox 3515 695 3646 751; x_wconf 88' lang='lat' dir='ltr'><strong>feci-</strong></span> 
     </span>
    </p>
   </div>
   <div class='ocr_carea' id='block_1_21' title="bbox 1944 778 3650 850">
    <p class='ocr_par' dir='ltr' id='par_1_21' title="bbox 1944 778 3650 850">
     <span class='ocr_line' id='line_1_21' title="bbox 1944 778 3650 850; baseline 0.002 -15"><span class='ocrx_word' id='word_1_128' title='bbox 1944 794 2094 835; x_wconf 90' lang='lat' dir='ltr'><strong>mus.</strong></span> <span class='ocrx_word' id='word_1_129' title='bbox 2153 779 2394 850; x_wconf 85' lang='lat' dir='ltr'><strong>Signum</strong></span> <span class='ocrx_word' id='word_1_130' title='bbox 2459 778 2670 834; x_wconf 89' lang='lat' dir='ltr'><strong>Galteri</strong></span> <span class='ocrx_word' id='word_1_131' title='bbox 2727 779 3035 834; x_wconf 88' lang='lat' dir='ltr'><strong>thesurarii</strong></span> <span class='ocrx_word' id='word_1_132' title='bbox 3091 781 3509 838; x_wconf 88' lang='lat' dir='ltr'><strong>Laudunensis.</strong></span> <span class='ocrx_word' id='word_1_133' title='bbox 3558 783 3650 838; x_wconf 87' lang='lat' dir='ltr'><strong>Si-</strong></span> 
     </span>
    </p>
   </div>
   <div class='ocr_carea' id='block_1_22' title="bbox 1947 865 3648 940">
    <p class='ocr_par' dir='ltr' id='par_1_22' title="bbox 1947 865 3648 940">
     <span class='ocr_line' id='line_1_22' title="bbox 1947 865 3648 940; baseline 0.004 -20"><span class='ocrx_word' id='word_1_134' title='bbox 1947 880 2124 936; x_wconf 85' lang='lat' dir='ltr'><strong>gnum</strong></span> <span class='ocrx_word' id='word_1_135' title='bbox 2175 865 2425 932; x_wconf 85' lang='lat' dir='ltr'><strong>Roberti,</strong></span> <span class='ocrx_word' id='word_1_136' title='bbox 2469 874 2573 921; x_wconf 89' lang='lat' dir='ltr'><strong>etc.</strong></span> <span class='ocrx_word' id='word_1_137' title='bbox 2619 871 2822 922; x_wconf 85' lang='lat' dir='ltr'><strong>Actum</strong></span> <span class='ocrx_word' id='word_1_138' title='bbox 2869 868 3237 924; x_wconf 91' lang='lat' dir='ltr'><strong>Laudunens.</strong></span> <span class='ocrx_word' id='word_1_139' title='bbox 3295 869 3354 924; x_wconf 91' lang='lat' dir='ltr'><strong>in</strong></span> <span class='ocrx_word' id='word_1_140' title='bbox 3397 871 3648 940; x_wconf 89' lang='lat' dir='ltr'><strong>capitulo</strong></span> 
     </span>
    </p>
   </div>
   <div class='ocr_carea' id='block_1_23' title="bbox 1946 955 3648 1014">
    <p class='ocr_par' dir='ltr' id='par_1_23' title="bbox 1946 955 3648 1014">
     <span class='ocr_line' id='line_1_23' title="bbox 1946 955 3648 1014; baseline 0.003 -5"><span class='ocrx_word' id='word_1_141' title='bbox 1946 964 2137 1010; x_wconf 90' lang='lat' dir='ltr'><strong>nostro</strong></span> <span class='ocrx_word' id='word_1_142' title='bbox 2190 969 2341 1010; x_wconf 90' lang='lat' dir='ltr'><strong>anno</strong></span> <span class='ocrx_word' id='word_1_143' title='bbox 2415 955 2700 1010; x_wconf 89' lang='lat' dir='ltr'><strong>Incarnati</strong></span> <span class='ocrx_word' id='word_1_144' title='bbox 2755 956 2917 1011; x_wconf 89' lang='lat' dir='ltr'><strong>Verbi</strong></span> <span class='ocrx_word' id='word_1_145' title='bbox 2971 957 3274 1012; x_wconf 86' lang='lat' dir='ltr'><strong>millesimo</strong></span> <span class='ocrx_word' id='word_1_146' title='bbox 3342 958 3648 1014; x_wconf 90' lang='lat' dir='ltr'><strong>centesimo</strong></span> 
     </span>
    </p>
   </div>
   <div class='ocr_carea' id='block_1_24' title="bbox 1945 1043 2620 1112">
    <p class='ocr_par' dir='ltr' id='par_1_24' title="bbox 1945 1043 2620 1112">
     <span class='ocr_line' id='line_1_24' title="bbox 1945 1043 2620 1112; baseline 0 -15"><span class='ocrx_word' id='word_1_147' title='bbox 1945 1054 2302 1112; x_wconf 80' lang='lat' dir='ltr'><strong>sexageSImo</strong></span> <span class='ocrx_word' id='word_1_148' title='bbox 2335 1043 2555 1112; x_wconf 92' lang='lat' dir='ltr'><strong>quinto.</strong></span> <span class='ocrx_word' id='word_1_149' title='bbox 2600 1067 2620 1090; x_wconf 79' lang='grc' dir='ltr'><strong>ο</strong></span> 
     </span>
    </p>
   </div>
   <div class='ocr_carea' id='block_1_25' title="bbox 2019 1131 3644 1202">
    <p class='ocr_par' dir='ltr' id='par_1_25' title="bbox 2019 1131 3644 1202">
     <span class='ocr_line' id='line_1_25' title="bbox 2019 1131 3644 1202; baseline 0.006 -20"><span class='ocrx_word' id='word_1_150' title='bbox 2019 1131 2300 1202; x_wconf 73' lang='lat' dir='ltr'><strong>«Agotus</strong></span> <span class='ocrx_word' id='word_1_151' title='bbox 2370 1131 2605 1188; x_wconf 89' lang='lat' dir='ltr'><strong>cancell.</strong></span> <span class='ocrx_word' id='word_1_152' title='bbox 2685 1131 2906 1202; x_wconf 83' lang='lat' dir='ltr'><strong>relegit,</strong></span> <span class='ocrx_word' id='word_1_153' title='bbox 2961 1131 3212 1202; x_wconf 88' lang='lat' dir='ltr'><strong>scripsit,</strong></span> <span class='ocrx_word' id='word_1_154' title='bbox 3271 1140 3327 1188; x_wconf 87' lang='lat' dir='ltr'><strong>et</strong></span> <span class='ocrx_word' id='word_1_155' title='bbox 3393 1133 3644 1190; x_wconf 88' lang='lat' dir='ltr'><strong>subscri-</strong></span> 
     </span>
    </p>
   </div>
   <div class='ocr_carea' id='block_1_26' title="bbox 1948 1219 2139 1288">
    <p class='ocr_par' dir='ltr' id='par_1_26' title="bbox 1948 1219 2139 1288">
     <span class='ocr_line' id='line_1_26' title="bbox 1948 1219 2139 1288; baseline -0.031 -14"><span class='ocrx_word' id='word_1_156' title='bbox 1948 1219 2075 1288; x_wconf 86' lang='lat' dir='ltr'><strong>psit.</strong></span> <span class='ocrx_word' id='word_1_157' title='bbox 2110 1239 2139 1268; x_wconf 73' lang='grc' dir='ltr'>ι)</span> 
     </span>
    </p>
   </div>
   <div class='ocr_carea' id='block_1_27' title="bbox 2018 1306 3648 1380">
    <p class='ocr_par' dir='ltr' id='par_1_27' title="bbox 2018 1306 3648 1380">
     <span class='ocr_line' id='line_1_27' title="bbox 2018 1306 3648 1380; baseline 0.002 -17"><span class='ocrx_word' id='word_1_158' title='bbox 2018 1306 2088 1363; x_wconf 89' lang='lat' dir='ltr'><strong>V.</strong></span> <span class='ocrx_word' id='word_1_159' title='bbox 2117 1307 2424 1364; x_wconf 83' lang='lat' dir='ltr'><strong>Anselmus</strong></span> <span class='ocrx_word' id='word_1_160' title='bbox 2461 1307 2694 1379; x_wconf 90' lang='lat' dir='ltr'><strong>signum</strong></span> <span class='ocrx_word' id='word_1_161' title='bbox 2727 1309 2995 1378; x_wconf 90' lang='lat' dir='ltr'><strong>apposuit</strong></span> <span class='ocrx_word' id='word_1_162' title='bbox 3034 1308 3249 1364; x_wconf 88' lang='lat' dir='ltr'><strong>charta</strong></span> <span class='ocrx_word' id='word_1_163' title='bbox 3278 1309 3490 1366; x_wconf 91' lang='lat' dir='ltr'><strong>Galteri</strong></span> <span class='ocrx_word' id='word_1_164' title='bbox 3521 1311 3648 1380; x_wconf 93' lang='lat' dir='ltr'><strong>epi-</strong></span> 
     </span>
    </p>
   </div>
   <div class='ocr_carea' id='block_1_28' title="bbox 1945 1395 3646 1466">
    <p class='ocr_par' dir='ltr' id='par_1_28' title="bbox 1945 1395 3646 1466">
     <span class='ocr_line' id='line_1_28' title="bbox 1945 1395 3646 1466; baseline 0.002 -15"><span class='ocrx_word' id='word_1_165' title='bbox 1945 1395 2098 1465; x_wconf 87' lang='lat' dir='ltr'><strong>scopi</strong></span> <span class='ocrx_word' id='word_1_166' title='bbox 2137 1395 2536 1452; x_wconf 89' lang='lat' dir='ltr'><strong>Laudunensis</strong></span> <span class='ocrx_word' id='word_1_167' title='bbox 2565 1409 2683 1466; x_wconf 89' lang='lat' dir='ltr'><strong>qua</strong></span> <span class='ocrx_word' id='word_1_168' title='bbox 2721 1397 3086 1452; x_wconf 86' lang='lat' dir='ltr'><strong>donationem</strong></span> <span class='ocrx_word' id='word_1_169' title='bbox 3119 1396 3646 1455; x_wconf 89' lang='lat' dir='ltr'><strong>San-Vincentiano</strong></span> 
     </span>
    </p>
   </div>
   <div class='ocr_carea' id='block_1_29' title="bbox 1945 1483 3230 1540">
    <p class='ocr_par' dir='ltr' id='par_1_29' title="bbox 1945 1483 3230 1540">
     <span class='ocr_line' id='line_1_29' title="bbox 1945 1483 3230 1540; baseline -0.001 -1"><span class='ocrx_word' id='word_1_170' title='bbox 1945 1484 2287 1539; x_wconf 91' lang='lat' dir='ltr'><strong>monasterio</strong></span> <span class='ocrx_word' id='word_1_171' title='bbox 2318 1484 2524 1540; x_wconf 91' lang='lat' dir='ltr'><strong>factam</strong></span> <span class='ocrx_word' id='word_1_172' title='bbox 2557 1483 2858 1539; x_wconf 78' lang='lat' dir='ltr'><strong>confirmat</strong></span> <span class='ocrx_word' id='word_1_173' title='bbox 2887 1499 3042 1539; x_wconf 91' lang='lat' dir='ltr'><strong>anno</strong></span> <span class='ocrx_word' id='word_1_174' title='bbox 3076 1487 3230 1539; x_wconf 87' lang='lat' dir='ltr'>H68.</span> 
     </span>
    </p>
   </div>
   <div class='ocr_carea' id='block_1_30' title="bbox 2015 1571 3640 1629">
    <p class='ocr_par' dir='ltr' id='par_1_30' title="bbox 2015 1571 3640 1629">
     <span class='ocr_line' id='line_1_30' title="bbox 2015 1571 3640 1629; baseline 0.001 -3"><span class='ocrx_word' id='word_1_175' title='bbox 2015 1573 2103 1627; x_wconf 89' lang='lat' dir='ltr'><strong>VI.</strong></span> <span class='ocrx_word' id='word_1_176' title='bbox 2152 1572 2434 1628; x_wconf 84' lang='lat' dir='ltr'><strong>Robertus</strong></span> <span class='ocrx_word' id='word_1_177' title='bbox 2475 1571 2619 1628; x_wconf 91' lang='lat' dir='ltr'><strong>sedit</strong></span> <span class='ocrx_word' id='word_1_178' title='bbox 2657 1573 2730 1628; x_wconf 92' lang='lat' dir='ltr'><strong>ab</strong></span> <span class='ocrx_word' id='word_1_179' title='bbox 2773 1587 2925 1627; x_wconf 89' lang='lat' dir='ltr'><strong>anno</strong></span> <span class='ocrx_word' id='word_1_180' title='bbox 2960 1576 3095 1626; x_wconf 80' lang='lat' dir='ltr'>H72</span> <span class='ocrx_word' id='word_1_181' title='bbox 3122 1573 3192 1628; x_wconf 90' lang='lat' dir='ltr'><strong>ad</strong></span> <span class='ocrx_word' id='word_1_182' title='bbox 3227 1587 3446 1629; x_wconf 91' lang='lat' dir='ltr'><strong>annum</strong></span> <span class='ocrx_word' id='word_1_183' title='bbox 3484 1577 3640 1629; x_wconf 87' lang='lat' dir='ltr'>H73.</span> 
     </span>
    </p>
   </div>
   <div class='ocr_carea' id='block_1_31' title="bbox 1946 1659 3099 1716">
    <p class='ocr_par' dir='ltr' id='par_1_31' title="bbox 1946 1659 3099 1716">
     <span class='ocr_line' id='line_1_31' title="bbox 1946 1659 3099 1716; baseline -0.003 0"><span class='ocrx_word' id='word_1_184' title='bbox 1946 1660 2377 1716; x_wconf 89' lang='lat' dir='ltr'><strong>Chartularium</strong></span> <span class='ocrx_word' id='word_1_185' title='bbox 2410 1659 2779 1715; x_wconf 87' lang='lat' dir='ltr'><strong>Laudunens.</strong></span> <span class='ocrx_word' id='word_1_186' title='bbox 2813 1661 3099 1716; x_wconf 89' lang='lat' dir='ltr'><strong>Ecclesia.</strong></span> 
     </span>
    </p>
   </div>
   <div class='ocr_carea' id='block_1_32' title="bbox 2023 1747 3646 1817">
    <p class='ocr_par' dir='ltr' id='par_1_32' title="bbox 2023 1747 3646 1817">
     <span class='ocr_line' id='line_1_32' title="bbox 2023 1747 3646 1817; baseline -0.001 -11"><span class='ocrx_word' id='word_1_187' title='bbox 2023 1749 2146 1806; x_wconf 89' lang='lat' dir='ltr'><strong>VII.</strong></span> <span class='ocrx_word' id='word_1_188' title='bbox 2200 1748 2500 1817; x_wconf 84' lang='lat' dir='ltr'><strong>Raynerus</strong></span> <span class='ocrx_word' id='word_1_189' title='bbox 2537 1747 2829 1814; x_wconf 88' lang='lat' dir='ltr'><strong>decanus;</strong></span> <span class='ocrx_word' id='word_1_190' title='bbox 2883 1749 3054 1817; x_wconf 91' lang='lat' dir='ltr'><strong>cujus</strong></span> <span class='ocrx_word' id='word_1_191' title='bbox 3101 1762 3308 1804; x_wconf 91' lang='lat' dir='ltr'><strong>nomen</strong></span> <span class='ocrx_word' id='word_1_192' title='bbox 3341 1757 3646 1805; x_wconf 81' lang='lat' dir='ltr'><strong>exaratum</strong></span> 
     </span>
    </p>
   </div>
   <div class='ocr_carea' id='block_1_33' title="bbox 112 1812 3535 1906">
    <p class='ocr_par' dir='ltr' id='par_1_33' title="bbox 112 1812 3535 1906">
     <span class='ocr_line' id='line_1_33' title="bbox 112 1812 3535 1906; baseline -0.001 -14"><span class='ocrx_word' id='word_1_193' title='bbox 112 1844 219 1892; x_wconf 88' lang='lat' dir='ltr'><strong>est</strong></span> <span class='ocrx_word' id='word_1_194' title='bbox 248 1838 419 1893; x_wconf 87' lang='lat' dir='ltr'><strong>etiam</strong></span> <span class='ocrx_word' id='word_1_195' title='bbox 447 1837 600 1906; x_wconf 91' lang='lat' dir='ltr'><strong>quod</strong></span> <span class='ocrx_word' id='word_1_196' title='bbox 633 1836 831 1892; x_wconf 92' lang='lat' dir='ltr'><strong>nullus</strong></span> <span class='ocrx_word' id='word_1_197' title='bbox 859 1836 970 1890; x_wconf 91' lang='lat' dir='ltr'><strong>nisi</strong></span> <span class='ocrx_word' id='word_1_198' title='bbox 999 1842 1366 1906; x_wconf 90' lang='lat' dir='ltr'><strong>personatum</strong></span> <span class='ocrx_word' id='word_1_199' title='bbox 1409 1833 1693 1900; x_wconf 86' lang='lat' dir='ltr'><strong>habuerit,</strong></span> <span class='ocrx_word' id='word_1_200' title='bbox 1736 1840 1837 1888; x_wconf 92' lang='lat' dir='ltr'><strong>aut</strong></span> <span class='ocrx_word' id='word_1_201' title='bbox 1875 1812 1916 1866; x_wconf 78' lang='grc' dir='ltr'>Β</span> <span class='ocrx_word' id='word_1_202' title='bbox 1952 1837 2008 1891; x_wconf 92' lang='lat' dir='ltr'><strong>in</strong></span> <span class='ocrx_word' id='word_1_203' title='bbox 2035 1812 2557 1906; x_wconf 37' lang='lat' dir='ltr'><strong>antiquis&#39;schedis,</strong></span> <span class='ocrx_word' id='word_1_204' title='bbox 2589 1849 2742 1891; x_wconf 89' lang='lat' dir='ltr'><strong>anno</strong></span> <span class='ocrx_word' id='word_1_205' title='bbox 2772 1812 3032 1892; x_wconf 81' lang='lat' dir='ltr'><strong>videlicet</strong></span> <span class='ocrx_word' id='word_1_206' title='bbox 3066 1839 3201 1891; x_wconf 87' lang='lat' dir='ltr'><strong>H78</strong></span> <span class='ocrx_word' id='word_1_207' title='bbox 3233 1838 3535 1906; x_wconf 91' lang='lat' dir='ltr'><strong>reperitur.</strong></span> 
     </span>
    </p>
   </div>
   <div class='ocr_carea' id='block_1_34' title="bbox 113 1921 1839 1995">
    <p class='ocr_par' dir='ltr' id='par_1_34' title="bbox 113 1921 1839 1995">
     <span class='ocr_line' id='line_1_34' title="bbox 113 1921 1839 1995; baseline -0.003 -14"><span class='ocrx_word' id='word_1_208' title='bbox 113 1925 344 1995; x_wconf 85' lang='lat' dir='ltr'><strong>viginti</strong></span> <span class='ocrx_word' id='word_1_209' title='bbox 385 1925 646 1995; x_wconf 91' lang='lat' dir='ltr'><strong>quinque</strong></span> <span class='ocrx_word' id='word_1_210' title='bbox 687 1938 977 1979; x_wconf 87' lang='lat' dir='ltr'><strong>annorum</strong></span> <span class='ocrx_word' id='word_1_211' title='bbox 1017 1922 1208 1990; x_wconf 92' lang='lat' dir='ltr'><strong>fuerit,</strong></span> <span class='ocrx_word' id='word_1_212' title='bbox 1261 1930 1570 1992; x_wconf 88' lang='lat' dir='ltr'><strong>antequam</strong></span> <span class='ocrx_word' id='word_1_213' title='bbox 1603 1921 1839 1977; x_wconf 90' lang='lat' dir='ltr'><strong>subdia-</strong></span> 
     </span>
    </p>
   </div>
   <div class='ocr_carea' id='block_1_35' title="bbox 113 2009 1838 2080">
    <p class='ocr_par' dir='ltr' id='par_1_35' title="bbox 113 2009 1838 2080">
     <span class='ocr_line' id='line_1_35' title="bbox 113 2009 1838 2080; baseline -0.003 -12"><span class='ocrx_word' id='word_1_214' title='bbox 113 2027 316 2070; x_wconf 90' lang='lat' dir='ltr'><strong>conus</strong></span> <span class='ocrx_word' id='word_1_215' title='bbox 366 2013 458 2080; x_wconf 90' lang='lat' dir='ltr'><strong>sit,</strong></span> <span class='ocrx_word' id='word_1_216' title='bbox 500 2015 571 2068; x_wconf 90' lang='lat' dir='ltr'><strong>ad</strong></span> <span class='ocrx_word' id='word_1_217' title='bbox 621 2013 810 2068; x_wconf 92' lang='lat' dir='ltr'><strong>sedem</strong></span> <span class='ocrx_word' id='word_1_218' title='bbox 853 2013 1338 2068; x_wconf 90' lang='lat' dir='ltr'><strong>subdiaconorum</strong></span> <span class='ocrx_word' id='word_1_219' title='bbox 1381 2024 1681 2065; x_wconf 84' lang='lat' dir='ltr'><strong>ascensum</strong></span> <span class='ocrx_word' id='word_1_220' title='bbox 1729 2009 1838 2064; x_wconf 89' lang='lat' dir='ltr'><strong>ha-</strong></span> 
     </span>
    </p>
   </div>
   <div class='ocr_carea' id='block_1_36' title="bbox 113 2097 1838 2170">
    <p class='ocr_par' dir='ltr' id='par_1_36' title="bbox 113 2097 1838 2170">
     <span class='ocr_line' id='line_1_36' title="bbox 113 2097 1838 2170; baseline -0.003 -14"><span class='ocrx_word' id='word_1_221' title='bbox 113 2101 306 2156; x_wconf 86' lang='lat' dir='ltr'><strong>bebit.</strong></span> <span class='ocrx_word' id='word_1_222' title='bbox 343 2103 453 2156; x_wconf 89' lang='lat' dir='ltr'><strong>Nec</strong></span> <span class='ocrx_word' id='word_1_223' title='bbox 479 2108 670 2156; x_wconf 90' lang='lat' dir='ltr'><strong>autem</strong></span> <span class='ocrx_word' id='word_1_224' title='bbox 713 2099 1044 2170; x_wconf 91' lang='lat' dir='ltr'><strong>hujusmodi</strong></span> <span class='ocrx_word' id='word_1_225' title='bbox 1078 2099 1357 2154; x_wconf 86' lang='lat' dir='ltr'><strong>institutio</strong></span> <span class='ocrx_word' id='word_1_226' title='bbox 1391 2097 1464 2152; x_wconf 92' lang='lat' dir='ltr'><strong>ab</strong></span> <span class='ocrx_word' id='word_1_227' title='bbox 1491 2097 1687 2166; x_wconf 90' lang='lat' dir='ltr'><strong>aliquo</strong></span> <span class='ocrx_word' id='word_1_228' title='bbox 1716 2110 1838 2151; x_wconf 91' lang='lat' dir='ltr'><strong>mu-</strong></span> 
     </span>
    </p>
   </div>
   <div class='ocr_carea' id='block_1_37' title="bbox 117 2183 1834 2259">
    <p class='ocr_par' dir='ltr' id='par_1_37' title="bbox 117 2183 1834 2259">
     <span class='ocr_line' id='line_1_37' title="bbox 117 2183 1834 2259; baseline -0.003 -15"><span class='ocrx_word' id='word_1_229' title='bbox 117 2190 243 2244; x_wconf 90' lang='lat' dir='ltr'><strong>tari</strong></span> <span class='ocrx_word' id='word_1_230' title='bbox 290 2189 378 2244; x_wconf 89' lang='lat' dir='ltr'><strong>vel</strong></span> <span class='ocrx_word' id='word_1_231' title='bbox 422 2188 658 2259; x_wconf 83' lang='lat' dir='ltr'><strong>infringi</strong></span> <span class='ocrx_word' id='word_1_232' title='bbox 712 2187 906 2258; x_wconf 90' lang='lat' dir='ltr'><strong>possit,</strong></span> <span class='ocrx_word' id='word_1_233' title='bbox 982 2186 1154 2257; x_wconf 87' lang='lat' dir='ltr'><strong>sigilli</strong></span> <span class='ocrx_word' id='word_1_234' title='bbox 1203 2185 1383 2241; x_wconf 91' lang='lat' dir='ltr'><strong>nostri</strong></span> <span class='ocrx_word' id='word_1_235' title='bbox 1444 2183 1834 2254; x_wconf 89' lang='lat' dir='ltr'><strong>impressione,</strong></span> 
     </span>
    </p>
   </div>
   <div class='ocr_carea' id='block_1_38' title="bbox 113 2271 1838 2347">
    <p class='ocr_par' dir='ltr' id='par_1_38' title="bbox 113 2271 1838 2347">
     <span class='ocr_line' id='line_1_38' title="bbox 113 2271 1838 2347; baseline -0.003 -15"><span class='ocrx_word' id='word_1_236' title='bbox 113 2285 179 2332; x_wconf 90' lang='lat' dir='ltr'><strong>et</strong></span> <span class='ocrx_word' id='word_1_237' title='bbox 231 2277 679 2347; x_wconf 86' lang='lat' dir='ltr'><strong>approbantium</strong></span> <span class='ocrx_word' id='word_1_238' title='bbox 719 2276 1139 2344; x_wconf 90' lang='lat' dir='ltr'><strong>subscriptione</strong></span> <span class='ocrx_word' id='word_1_239' title='bbox 1189 2273 1405 2330; x_wconf 89' lang='lat' dir='ltr'><strong>muniri</strong></span> <span class='ocrx_word' id='word_1_240' title='bbox 1453 2273 1709 2329; x_wconf 81' lang='lat' dir='ltr'><strong>fecimus.</strong></span> <span class='ocrx_word' id='word_1_241' title='bbox 1747 2271 1838 2327; x_wconf 91' lang='lat' dir='ltr'><strong>Si-</strong></span> 
     </span>
    </p>
   </div>
   <div class='ocr_carea' id='block_1_39' title="bbox 116 2359 1833 2437">
    <p class='ocr_par' dir='ltr' id='par_1_39' title="bbox 116 2359 1833 2437">
     <span class='ocr_line' id='line_1_39' title="bbox 116 2359 1833 2437; baseline -0.003 -17"><span class='ocrx_word' id='word_1_242' title='bbox 116 2380 317 2437; x_wconf 86' lang='lat' dir='ltr'><strong>gnum</strong></span> <span class='ocrx_word' id='word_1_243' title='bbox 365 2365 582 2421; x_wconf 91' lang='lat' dir='ltr'><strong>domini</strong></span> <span class='ocrx_word' id='word_1_244' title='bbox 632 2363 842 2420; x_wconf 89' lang='lat' dir='ltr'><strong>Galteri</strong></span> <span class='ocrx_word' id='word_1_245' title='bbox 889 2363 1157 2432; x_wconf 88' lang='lat' dir='ltr'><strong>episcopi,</strong></span> <span class='ocrx_word' id='word_1_246' title='bbox 1209 2369 1264 2418; x_wconf 90' lang='lat' dir='ltr'><strong>et</strong></span> <span class='ocrx_word' id='word_1_247' title='bbox 1323 2360 1563 2416; x_wconf 88' lang='lat' dir='ltr'><strong>Liziardi</strong></span> <span class='ocrx_word' id='word_1_248' title='bbox 1609 2359 1833 2427; x_wconf 90' lang='lat' dir='ltr'><strong>decani,</strong></span> 
     </span>
    </p>
   </div>
   <div class='ocr_carea' id='block_1_40' title="bbox 114 2449 1837 2521">
    <p class='ocr_par' dir='ltr' id='par_1_40' title="bbox 114 2449 1837 2521">
     <span class='ocr_line' id='line_1_40' title="bbox 114 2449 1837 2521; baseline -0.005 -11"><span class='ocrx_word' id='word_1_249' title='bbox 114 2463 239 2510; x_wconf 91' lang='lat' dir='ltr'><strong>etc.</strong></span> <span class='ocrx_word' id='word_1_250' title='bbox 284 2457 492 2509; x_wconf 78' lang='lat' dir='ltr'><strong>Actum</strong></span> <span class='ocrx_word' id='word_1_251' title='bbox 532 2452 798 2509; x_wconf 91' lang='lat' dir='ltr'><strong>Lauduni</strong></span> <span class='ocrx_word' id='word_1_252' title='bbox 836 2452 892 2506; x_wconf 92' lang='lat' dir='ltr'><strong>in</strong></span> <span class='ocrx_word' id='word_1_253' title='bbox 932 2451 1202 2521; x_wconf 91' lang='lat' dir='ltr'><strong>capitulo,</strong></span> <span class='ocrx_word' id='word_1_254' title='bbox 1237 2464 1388 2505; x_wconf 88' lang='lat' dir='ltr'><strong>anno</strong></span> <span class='ocrx_word' id='word_1_255' title='bbox 1420 2449 1837 2505; x_wconf 90' lang='lat' dir='ltr'><strong>Incarnationis</strong></span> 
     </span>
    </p>
   </div>
   <div class='ocr_carea' id='block_1_41' title="bbox 118 2541 555 2597">
    <p class='ocr_par' dir='ltr' id='par_1_41' title="bbox 118 2541 555 2597">
     <span class='ocr_line' id='line_1_41' title="bbox 118 2541 555 2597; baseline -0.018 1"><span class='ocrx_word' id='word_1_256' title='bbox 118 2541 304 2597; x_wconf 90' lang='lat' dir='ltr'><strong>Verbi</strong></span> <span class='ocrx_word' id='word_1_257' title='bbox 338 2543 494 2595; x_wconf 87' lang='grc'><strong>1159.</strong></span> <span class='ocrx_word' id='word_1_258' title='bbox 535 2562 555 2589; x_wconf 73' lang='grc' dir='ltr'><strong>ι</strong></span> 
     </span>
    </p>
   </div>
   <div class='ocr_carea' id='block_1_42' title="bbox 202 2623 1834 2699">
    <p class='ocr_par' dir='ltr' id='par_1_42' title="bbox 202 2623 1834 2699">
     <span class='ocr_line' id='line_1_42' title="bbox 202 2623 1834 2699; baseline -0.004 -15"><span class='ocrx_word' id='word_1_259' title='bbox 202 2629 366 2685; x_wconf 92' lang='lat' dir='ltr'><strong>Illius</strong></span> <span class='ocrx_word' id='word_1_260' title='bbox 395 2643 542 2699; x_wconf 90' lang='lat' dir='ltr'><strong>opus</strong></span> <span class='ocrx_word' id='word_1_261' title='bbox 569 2635 654 2684; x_wconf 89' lang='lat' dir='ltr'><strong>est</strong></span> <span class='ocrx_word' id='word_1_262' title='bbox 684 2627 828 2684; x_wconf 89' lang='lat' dir='ltr'><strong>liber</strong></span> <span class='ocrx_word' id='word_1_263' title='bbox 857 2627 1037 2682; x_wconf 89' lang='lat' dir='ltr'><strong>stallis</strong></span> <span class='ocrx_word' id='word_1_264' title='bbox 1069 2626 1470 2682; x_wconf 91' lang='lat' dir='ltr'><strong>incathenatus</strong></span> <span class='ocrx_word' id='word_1_265' title='bbox 1492 2625 1547 2680; x_wconf 93' lang='lat' dir='ltr'><strong>in</strong></span> <span class='ocrx_word' id='word_1_266' title='bbox 1579 2623 1834 2681; x_wconf 84' lang='lat' dir='ltr'><strong>inferiori</strong></span> 
     </span>
    </p>
   </div>
   <div class='ocr_carea' id='block_1_43' title="bbox 119 2713 1835 2788">
    <p class='ocr_par' dir='ltr' id='par_1_43' title="bbox 119 2713 1835 2788">
     <span class='ocr_line' id='line_1_43' title="bbox 119 2713 1835 2788; baseline -0.003 -15"><span class='ocrx_word' id='word_1_267' title='bbox 119 2725 300 2788; x_wconf 89' lang='lat' dir='ltr'><strong>parte</strong></span> <span class='ocrx_word' id='word_1_268' title='bbox 329 2717 509 2784; x_wconf 92' lang='lat' dir='ltr'><strong>chori,</strong></span> <span class='ocrx_word' id='word_1_269' title='bbox 543 2716 719 2787; x_wconf 88' lang='lat' dir='ltr'><strong>vulgo</strong></span> <span class='ocrx_word' id='word_1_270' title='bbox 761 2715 1104 2771; x_wconf 83' lang='lat' dir='ltr'><strong>Ordinarius</strong></span> <span class='ocrx_word' id='word_1_271' title='bbox 1146 2715 1290 2770; x_wconf 91' lang='lat' dir='ltr'><strong>liber</strong></span> <span class='ocrx_word' id='word_1_272' title='bbox 1337 2723 1595 2779; x_wconf 89' lang='lat' dir='ltr'><strong>vocatus,</strong></span> <span class='ocrx_word' id='word_1_273' title='bbox 1631 2713 1688 2768; x_wconf 90' lang='lat' dir='ltr'><strong>in</strong></span> <span class='ocrx_word' id='word_1_274' title='bbox 1717 2727 1835 2784; x_wconf 90' lang='lat' dir='ltr'><strong>quo</strong></span> 
     </span>
    </p>
   </div>
   <div class='ocr_carea' id='block_1_44' title="bbox 115 2803 1834 2875">
    <p class='ocr_par' dir='ltr' id='par_1_44' title="bbox 115 2803 1834 2875">
     <span class='ocr_line' id='line_1_44' title="bbox 115 2803 1834 2875; baseline -0.005 -12"><span class='ocrx_word' id='word_1_275' title='bbox 115 2808 240 2863; x_wconf 92' lang='lat' dir='ltr'><strong>rite</strong></span> <span class='ocrx_word' id='word_1_276' title='bbox 289 2806 634 2862; x_wconf 88' lang='lat' dir='ltr'><strong>ordinantur</strong></span> <span class='ocrx_word' id='word_1_277' title='bbox 683 2819 814 2875; x_wconf 90' lang='lat' dir='ltr'><strong>qua</strong></span> <span class='ocrx_word' id='word_1_278' title='bbox 865 2803 1188 2874; x_wconf 88' lang='lat' dir='ltr'><strong>antiquitus</strong></span> <span class='ocrx_word' id='word_1_279' title='bbox 1251 2803 1323 2858; x_wconf 91' lang='lat' dir='ltr'><strong>ad</strong></span> <span class='ocrx_word' id='word_1_280' title='bbox 1371 2803 1739 2858; x_wconf 88' lang='lat' dir='ltr'><strong>caremonias</strong></span> <span class='ocrx_word' id='word_1_281' title='bbox 1781 2808 1834 2856; x_wconf 92' lang='lat' dir='ltr'><strong>et</strong></span> 
     </span>
    </p>
   </div>
   <div class='ocr_carea' id='block_1_45' title="bbox 121 2888 1833 2962">
    <p class='ocr_par' dir='ltr' id='par_1_45' title="bbox 121 2888 1833 2962">
     <span class='ocr_line' id='line_1_45' title="bbox 121 2888 1833 2962; baseline -0.004 -12"><span class='ocrx_word' id='word_1_282' title='bbox 121 2894 395 2950; x_wconf 84' lang='lat' dir='ltr'><strong>ofﬁcium</strong></span> <span class='ocrx_word' id='word_1_283' title='bbox 425 2892 689 2949; x_wconf 90' lang='lat' dir='ltr'><strong>divinum</strong></span> <span class='ocrx_word' id='word_1_284' title='bbox 720 2892 976 2962; x_wconf 86' lang='lat' dir='ltr'><strong>ejusdem</strong></span> <span class='ocrx_word' id='word_1_285' title='bbox 1022 2891 1288 2946; x_wconf 90' lang='lat' dir='ltr'><strong>Ecclesia</strong></span> <span class='ocrx_word' id='word_1_286' title='bbox 1332 2890 1684 2960; x_wconf 90' lang='lat' dir='ltr'><strong>spectabant.</strong></span> <span class='ocrx_word' id='word_1_287' title='bbox 1734 2888 1833 2958; x_wconf 88' lang='lat' dir='ltr'><strong>Sy-</strong></span> 
     </span>
    </p>
   </div>
   <div class='ocr_carea' id='block_1_46' title="bbox 116 2979 1835 3052">
    <p class='ocr_par' dir='ltr' id='par_1_46' title="bbox 116 2979 1835 3052">
     <span class='ocr_line' id='line_1_46' title="bbox 116 2979 1835 3052; baseline -0.004 -14"><span class='ocrx_word' id='word_1_288' title='bbox 116 2983 323 3038; x_wconf 87' lang='lat' dir='ltr'><strong>nodus</strong></span> <span class='ocrx_word' id='word_1_289' title='bbox 351 2981 784 3052; x_wconf 82' lang='lat' dir='ltr'><strong>Andegavensis</strong></span> <span class='ocrx_word' id='word_1_290' title='bbox 813 2995 949 3035; x_wconf 91' lang='lat' dir='ltr'><strong>ann.</strong></span> <span class='ocrx_word' id='word_1_291' title='bbox 985 2983 1112 3034; x_wconf 76' lang='grc'><strong>1261</strong></span> <span class='ocrx_word' id='word_1_292' title='bbox 1145 2981 1233 3035; x_wconf 92' lang='lat' dir='ltr'><strong>his</strong></span> <span class='ocrx_word' id='word_1_293' title='bbox 1263 2979 1487 3035; x_wconf 87' lang='lat' dir='ltr'><strong>verbis:</strong></span> <span class='ocrx_word' id='word_1_294' title='bbox 1519 2979 1835 3033; x_wconf 89' lang='lat' dir='ltr'><strong>Statuimus</strong></span> 
     </span>
    </p>
   </div>
   <div class='ocr_carea' id='block_1_47' title="bbox 119 3065 1832 3142">
    <p class='ocr_par' dir='ltr' id='par_1_47' title="bbox 119 3065 1832 3142">
     <span class='ocr_line' id='line_1_47' title="bbox 119 3065 1832 3142; baseline -0.005 -15"><span class='ocrx_word' id='word_1_295' title='bbox 119 3071 294 3142; x_wconf 91' lang='lat' dir='ltr'><strong>quod</strong></span> <span class='ocrx_word' id='word_1_296' title='bbox 327 3071 383 3124; x_wconf 92' lang='lat' dir='ltr'><strong>in</strong></span> <span class='ocrx_word' id='word_1_297' title='bbox 428 3069 670 3140; x_wconf 89' lang='lat' dir='ltr'><strong>singulis</strong></span> <span class='ocrx_word' id='word_1_298' title='bbox 701 3068 953 3124; x_wconf 91' lang='lat' dir='ltr'><strong>ecclesiis</strong></span> <span class='ocrx_word' id='word_1_299' title='bbox 984 3068 1148 3134; x_wconf 91' lang='lat' dir='ltr'><strong>liber,</strong></span> <span class='ocrx_word' id='word_1_300' title='bbox 1194 3067 1296 3138; x_wconf 90' lang='lat' dir='ltr'><strong>qui</strong></span> <span class='ocrx_word' id='word_1_301' title='bbox 1339 3067 1551 3122; x_wconf 89' lang='lat' dir='ltr'><strong>dicitur</strong></span> <span class='ocrx_word' id='word_1_302' title='bbox 1580 3065 1832 3121; x_wconf 89' lang='lat' dir='ltr'><strong>Ordina-</strong></span> 
     </span>
    </p>
   </div>
   <div class='ocr_carea' id='block_1_48' title="bbox 117 3152 1833 3228">
    <p class='ocr_par' dir='ltr' id='par_1_48' title="bbox 117 3152 1833 3228">
     <span class='ocr_line' id='line_1_48' title="bbox 117 3152 1833 3228; baseline -0.004 -13"><span class='ocrx_word' id='word_1_303' title='bbox 117 3159 282 3225; x_wconf 90' lang='lat' dir='ltr'><strong>rius,</strong></span> <span class='ocrx_word' id='word_1_304' title='bbox 315 3158 617 3225; x_wconf 85' lang='lat' dir='ltr'><strong>habeatur,</strong></span> <span class='ocrx_word' id='word_1_305' title='bbox 654 3157 712 3212; x_wconf 93' lang='lat' dir='ltr'><strong>in</strong></span> <span class='ocrx_word' id='word_1_306' title='bbox 748 3172 862 3228; x_wconf 92' lang='lat' dir='ltr'><strong>quo</strong></span> <span class='ocrx_word' id='word_1_307' title='bbox 893 3157 1207 3227; x_wconf 91' lang='lat' dir='ltr'><strong>respiciunt</strong></span> <span class='ocrx_word' id='word_1_308' title='bbox 1238 3156 1557 3211; x_wconf 87' lang='lat' dir='ltr'><strong>sacerdotes</strong></span> <span class='ocrx_word' id='word_1_309' title='bbox 1588 3152 1833 3223; x_wconf 86' lang='lat' dir='ltr'><strong>singulis</strong></span> 
     </span>
    </p>
   </div>
   <div class='ocr_carea' id='block_1_49' title="bbox 120 3242 1833 3314">
    <p class='ocr_par' dir='ltr' id='par_1_49' title="bbox 120 3242 1833 3314">
     <span class='ocr_line' id='line_1_49' title="bbox 120 3242 1833 3314; baseline -0.005 -11"><span class='ocrx_word' id='word_1_310' title='bbox 120 3247 342 3303; x_wconf 92' lang='lat' dir='ltr'><strong>diebus</strong></span> <span class='ocrx_word' id='word_1_311' title='bbox 383 3254 514 3301; x_wconf 90' lang='lat' dir='ltr'><strong>ante</strong></span> <span class='ocrx_word' id='word_1_312' title='bbox 563 3259 933 3314; x_wconf 88' lang='lat' dir='ltr'><strong>vesperarum</strong></span> <span class='ocrx_word' id='word_1_313' title='bbox 983 3244 1380 3312; x_wconf 90' lang='lat' dir='ltr'><strong>inceptionem,</strong></span> <span class='ocrx_word' id='word_1_314' title='bbox 1427 3249 1492 3298; x_wconf 91' lang='lat' dir='ltr'><strong>ut</strong></span> <span class='ocrx_word' id='word_1_315' title='bbox 1541 3242 1690 3311; x_wconf 90' lang='lat' dir='ltr'><strong>ipsas</strong></span> <span class='ocrx_word' id='word_1_316' title='bbox 1728 3255 1833 3295; x_wconf 90' lang='lat' dir='ltr'><strong>ve-</strong></span> 
     </span>
    </p>
   </div>
   <div class='ocr_carea' id='block_1_50' title="bbox 120 3328 1830 3406">
    <p class='ocr_par' dir='ltr' id='par_1_50' title="bbox 120 3328 1830 3406">
     <span class='ocr_line' id='line_1_50' title="bbox 120 3328 1830 3406; baseline -0.005 -15"><span class='ocrx_word' id='word_1_317' title='bbox 120 3349 353 3406; x_wconf 89' lang='lat' dir='ltr'><strong>speras,</strong></span> <span class='ocrx_word' id='word_1_318' title='bbox 379 3335 712 3400; x_wconf 90' lang='lat' dir='ltr'><strong>matutinas,</strong></span> <span class='ocrx_word' id='word_1_319' title='bbox 758 3341 813 3388; x_wconf 92' lang='lat' dir='ltr'><strong>et</strong></span> <span class='ocrx_word' id='word_1_320' title='bbox 841 3332 1094 3388; x_wconf 85' lang='lat' dir='ltr'><strong>ofﬁcium</strong></span> <span class='ocrx_word' id='word_1_321' title='bbox 1133 3331 1242 3386; x_wconf 93' lang='lat' dir='ltr'><strong>diei</strong></span> <span class='ocrx_word' id='word_1_322' title='bbox 1275 3329 1566 3400; x_wconf 91' lang='lat' dir='ltr'><strong>sequentis</strong></span> <span class='ocrx_word' id='word_1_323' title='bbox 1597 3328 1830 3396; x_wconf 88' lang='lat' dir='ltr'><strong>faciant,</strong></span> 
     </span>
    </p>
   </div>
   <div class='ocr_carea' id='block_1_51' title="bbox 119 3417 1830 3493">
    <p class='ocr_par' dir='ltr' id='par_1_51' title="bbox 119 3417 1830 3493">
     <span class='ocr_line' id='line_1_51' title="bbox 119 3417 1830 3493; baseline -0.008 -13"><span class='ocrx_word' id='word_1_324' title='bbox 119 3433 178 3480; x_wconf 92' lang='lat' dir='ltr'><strong>et</strong></span> <span class='ocrx_word' id='word_1_325' title='bbox 237 3429 636 3493; x_wconf 82' lang='lat' dir='ltr'><strong>exsequantur</strong></span> <span class='ocrx_word' id='word_1_326' title='bbox 686 3423 858 3492; x_wconf 83' lang='lat' dir='ltr'><strong>juxta</strong></span> <span class='ocrx_word' id='word_1_327' title='bbox 900 3420 1252 3475; x_wconf 90' lang='lat' dir='ltr'><strong>ordinariam</strong></span> <span class='ocrx_word' id='word_1_328' title='bbox 1306 3417 1758 3474; x_wconf 81' lang='lat' dir='ltr'><strong>instructionem.</strong></span> <span class='ocrx_word' id='word_1_329' title='bbox 1801 3437 1830 3466; x_wconf 83' lang='lat'>»</span> 
     </span>
    </p>
   </div>
   <div class='ocr_carea' id='block_1_52' title="bbox 123 3505 1829 3572">
    <p class='ocr_par' dir='ltr' id='par_1_52' title="bbox 123 3505 1829 3572">
     <span class='ocr_line' id='line_1_52' title="bbox 123 3505 1829 3572; baseline -0.005 -2"><span class='ocrx_word' id='word_1_330' title='bbox 123 3515 202 3570; x_wconf 88' lang='lat' dir='ltr'><strong>Ut</strong></span> <span class='ocrx_word' id='word_1_331' title='bbox 255 3519 340 3567; x_wconf 89' lang='lat' dir='ltr'><strong>est</strong></span> <span class='ocrx_word' id='word_1_332' title='bbox 403 3513 460 3566; x_wconf 91' lang='lat' dir='ltr'><strong>in</strong></span> <span class='ocrx_word' id='word_1_333' title='bbox 527 3510 672 3566; x_wconf 91' lang='lat' dir='ltr'><strong>libro</strong></span> <span class='ocrx_word' id='word_1_334' title='bbox 743 3510 1102 3564; x_wconf 89' lang='lat' dir='ltr'><strong>decretorum</strong></span> <span class='ocrx_word' id='word_1_335' title='bbox 1166 3507 1431 3562; x_wconf 83' lang='lat' dir='ltr'><strong>Ecclesia</strong></span> <span class='ocrx_word' id='word_1_336' title='bbox 1500 3505 1829 3572; x_wconf 87' lang='lat' dir='ltr'><strong>Gallicana,</strong></span> 
     </span>
    </p>
   </div>
   <div class='ocr_carea' id='block_1_53' title="bbox 123 3590 1829 3663">
    <p class='ocr_par' dir='ltr' id='par_1_53' title="bbox 123 3590 1829 3663">
     <span class='ocr_line' id='line_1_53' title="bbox 123 3590 1829 3663; baseline -0.005 -6"><span class='ocrx_word' id='word_1_337' title='bbox 123 3601 438 3657; x_wconf 76' lang='lat' dir='ltr'><strong>collectore</strong></span> <span class='ocrx_word' id='word_1_338' title='bbox 486 3590 793 3654; x_wconf 82' lang='lat' dir='ltr'><strong>Laurenth</strong></span> <span class='ocrx_word' id='word_1_339' title='bbox 824 3597 1088 3652; x_wconf 88' lang='lat' dir='ltr'><strong>Bochello</strong></span> <span class='ocrx_word' id='word_1_340' title='bbox 1125 3596 1224 3651; x_wconf 93' lang='lat' dir='ltr'><strong>lib.</strong></span> <span class='ocrx_word' id='word_1_341' title='bbox 1274 3610 1309 3661; x_wconf 91' lang='grc' dir='ltr'>ι,</span> <span class='ocrx_word' id='word_1_342' title='bbox 1353 3595 1438 3650; x_wconf 88' lang='lat' dir='ltr'><strong>tit.</strong></span> <span class='ocrx_word' id='word_1_343' title='bbox 1487 3597 1572 3661; x_wconf 88' lang='grc'><strong>19,</strong></span> <span class='ocrx_word' id='word_1_344' title='bbox 1603 3607 1727 3663; x_wconf 88' lang='lat' dir='ltr'><strong>cap.</strong></span> <span class='ocrx_word' id='word_1_345' title='bbox 1780 3597 1829 3648; x_wconf 91' lang='grc'><strong>1.</strong></span> 
     </span>
    </p>
   </div>
   <div class='ocr_carea' id='block_1_54' title="bbox 117 3682 1821 3756">
    <p class='ocr_par' dir='ltr' id='par_1_54' title="bbox 117 3682 1821 3756">
     <span class='ocr_line' id='line_1_54' title="bbox 117 3682 1821 3756; baseline -0.004 -11"><span class='ocrx_word' id='word_1_346' title='bbox 117 3689 270 3756; x_wconf 87' lang='lat' dir='ltr'><strong>Qua</strong></span> <span class='ocrx_word' id='word_1_347' title='bbox 300 3696 490 3744; x_wconf 88' lang='lat' dir='ltr'><strong>autem</strong></span> <span class='ocrx_word' id='word_1_348' title='bbox 532 3688 604 3742; x_wconf 91' lang='lat' dir='ltr'><strong>ab</strong></span> <span class='ocrx_word' id='word_1_349' title='bbox 638 3688 741 3742; x_wconf 88' lang='lat' dir='ltr'><strong>hoc</strong></span> <span class='ocrx_word' id='word_1_350' title='bbox 773 3685 1027 3740; x_wconf 87' lang='lat' dir='ltr'><strong>Liziardo</strong></span> <span class='ocrx_word' id='word_1_351' title='bbox 1062 3685 1292 3739; x_wconf 90' lang='lat' dir='ltr'><strong>redacta</strong></span> <span class='ocrx_word' id='word_1_352' title='bbox 1323 3690 1458 3739; x_wconf 89' lang='lat' dir='ltr'><strong>sunt</strong></span> <span class='ocrx_word' id='word_1_353' title='bbox 1485 3684 1540 3736; x_wconf 92' lang='lat' dir='ltr'><strong>in</strong></span> <span class='ocrx_word' id='word_1_354' title='bbox 1592 3683 1696 3736; x_wconf 90' lang='lat' dir='ltr'><strong>hoc</strong></span> <span class='ocrx_word' id='word_1_355' title='bbox 1722 3682 1821 3738; x_wconf 90' lang='lat' dir='ltr'><strong>Or-</strong></span> 
     </span>
    </p>
   </div>
   <div class='ocr_carea' id='block_1_55' title="bbox 121 3769 1834 3830">
    <p class='ocr_par' dir='ltr' id='par_1_55' title="bbox 121 3769 1834 3830">
     <span class='ocr_line' id='line_1_55' title="bbox 121 3769 1834 3830; baseline -0.002 0"><span class='ocrx_word' id='word_1_356' title='bbox 121 3775 362 3830; x_wconf 90' lang='lat' dir='ltr'><strong>dinario</strong></span> <span class='ocrx_word' id='word_1_357' title='bbox 393 3776 464 3830; x_wconf 92' lang='lat' dir='ltr'><strong>ad</strong></span> <span class='ocrx_word' id='word_1_358' title='bbox 495 3775 679 3830; x_wconf 89' lang='lat' dir='ltr'><strong>solum</strong></span> <span class='ocrx_word' id='word_1_359' title='bbox 712 3774 985 3830; x_wconf 90' lang='lat' dir='ltr'><strong>feriarum</strong></span> <span class='ocrx_word' id='word_1_360' title='bbox 1031 3776 1085 3828; x_wconf 93' lang='lat' dir='ltr'><strong>et</strong></span> <span class='ocrx_word' id='word_1_361' title='bbox 1116 3771 1548 3827; x_wconf 86' lang='lat' dir='ltr'><strong>Dominicarum</strong></span> <span class='ocrx_word' id='word_1_362' title='bbox 1579 3769 1834 3826; x_wconf 84' lang='lat' dir='ltr'><strong>ofﬁcium</strong></span> 
     </span>
    </p>
   </div>
   <div class='ocr_carea' id='block_1_56' title="bbox 122 3859 1835 3933">
    <p class='ocr_par' dir='ltr' id='par_1_56' title="bbox 122 3859 1835 3933">
     <span class='ocr_line' id='line_1_56' title="bbox 122 3859 1835 3933; baseline -0.003 -14"><span class='ocrx_word' id='word_1_363' title='bbox 122 3863 422 3933; x_wconf 92' lang='lat' dir='ltr'><strong>pertinent</strong></span> <span class='ocrx_word' id='word_1_364' title='bbox 481 3878 493 3917; x_wconf 88' lang='lat'>:</span> <span class='ocrx_word' id='word_1_365' title='bbox 547 3878 678 3932; x_wconf 87' lang='lat' dir='ltr'><strong>qua</strong></span> <span class='ocrx_word' id='word_1_366' title='bbox 729 3876 896 3932; x_wconf 90' lang='lat' dir='ltr'><strong>porro</strong></span> <span class='ocrx_word' id='word_1_367' title='bbox 943 3861 1013 3916; x_wconf 91' lang='lat' dir='ltr'><strong>ad</strong></span> <span class='ocrx_word' id='word_1_368' title='bbox 1059 3860 1178 3916; x_wconf 92' lang='lat' dir='ltr'><strong>dies</strong></span> <span class='ocrx_word' id='word_1_369' title='bbox 1224 3860 1392 3916; x_wconf 90' lang='lat' dir='ltr'><strong>festos</strong></span> <span class='ocrx_word' id='word_1_370' title='bbox 1440 3865 1696 3928; x_wconf 88' lang='lat' dir='ltr'><strong>spectant</strong></span> <span class='ocrx_word' id='word_1_371' title='bbox 1744 3859 1835 3928; x_wconf 91' lang='lat' dir='ltr'><strong>(de</strong></span> 
     </span>
    </p>
   </div>
   <div class='ocr_carea' id='block_1_57' title="bbox 123 3946 1830 4024">
    <p class='ocr_par' dir='ltr' id='par_1_57' title="bbox 123 3946 1830 4024">
     <span class='ocr_line' id='line_1_57' title="bbox 123 3946 1830 4024; baseline -0.004 -17"><span class='ocrx_word' id='word_1_372' title='bbox 123 3951 350 4021; x_wconf 88' lang='lat' dir='ltr'><strong>quibus</strong></span> <span class='ocrx_word' id='word_1_373' title='bbox 381 3950 552 4020; x_wconf 83' lang='lat' dir='ltr'><strong>infra)</strong></span> <span class='ocrx_word' id='word_1_374' title='bbox 598 3951 669 4006; x_wconf 89' lang='lat' dir='ltr'><strong>ab</strong></span> <span class='ocrx_word' id='word_1_375' title='bbox 702 3951 814 4024; x_wconf 88' lang='lat' dir='ltr'><strong>alio</strong></span> <span class='ocrx_word' id='word_1_376' title='bbox 842 3951 1056 4005; x_wconf 90' lang='lat' dir='ltr'><strong>decano</strong></span> <span class='ocrx_word' id='word_1_377' title='bbox 1099 3957 1234 4004; x_wconf 91' lang='lat' dir='ltr'><strong>sunt</strong></span> <span class='ocrx_word' id='word_1_378' title='bbox 1267 3950 1626 4003; x_wconf 81' lang='lat' dir='ltr'><strong>concinnata.</strong></span> <span class='ocrx_word' id='word_1_379' title='bbox 1661 3946 1830 4003; x_wconf 82' lang='lat' dir='ltr'><strong>Com—</strong></span> 
     </span>
    </p>
   </div>
   <div class='ocr_carea' id='block_1_58' title="bbox 125 4035 1835 4109">
    <p class='ocr_par' dir='ltr' id='par_1_58' title="bbox 125 4035 1835 4109">
     <span class='ocr_line' id='line_1_58' title="bbox 125 4035 1835 4109; baseline -0.003 -14"><span class='ocrx_word' id='word_1_380' title='bbox 125 4039 378 4096; x_wconf 90' lang='lat' dir='ltr'><strong>mutatio</strong></span> <span class='ocrx_word' id='word_1_381' title='bbox 441 4039 706 4109; x_wconf 86' lang='lat' dir='ltr'><strong>quadam</strong></span> <span class='ocrx_word' id='word_1_382' title='bbox 769 4038 1026 4094; x_wconf 89' lang='lat' dir='ltr'><strong>Liziardo</strong></span> <span class='ocrx_word' id='word_1_383' title='bbox 1099 4037 1313 4093; x_wconf 88' lang='lat' dir='ltr'><strong>decano</strong></span> <span class='ocrx_word' id='word_1_384' title='bbox 1379 4037 1526 4092; x_wconf 86' lang='lat' dir='ltr'><strong>facta</strong></span> <span class='ocrx_word' id='word_1_385' title='bbox 1591 4043 1674 4092; x_wconf 91' lang='lat' dir='ltr'><strong>est</strong></span> <span class='ocrx_word' id='word_1_386' title='bbox 1726 4035 1835 4091; x_wconf 88' lang='lat' dir='ltr'><strong>hac</strong></span> 
     </span>
    </p>
   </div>
   <div class='ocr_carea' id='block_1_59' title="bbox 125 4123 1830 4184">
    <p class='ocr_par' dir='ltr' id='par_1_59' title="bbox 125 4123 1830 4184">
     <span class='ocr_line' id='line_1_59' title="bbox 125 4123 1830 4184; baseline -0.005 0"><span class='ocrx_word' id='word_1_387' title='bbox 125 4129 318 4184; x_wconf 88' lang='lat' dir='ltr'><strong>forma</strong></span> <span class='ocrx_word' id='word_1_388' title='bbox 353 4144 366 4181; x_wconf 91' lang='lat'>:</span> <span class='ocrx_word' id='word_1_389' title='bbox 401 4150 420 4176; x_wconf 79' lang='grc' dir='ltr'><strong>ι</strong></span> <span class='ocrx_word' id='word_1_390' title='bbox 460 4128 524 4182; x_wconf 92' lang='lat' dir='ltr'><strong>In</strong></span> <span class='ocrx_word' id='word_1_391' title='bbox 556 4127 784 4182; x_wconf 90' lang='lat' dir='ltr'><strong>nomine</strong></span> <span class='ocrx_word' id='word_1_392' title='bbox 823 4134 1034 4182; x_wconf 89' lang='lat' dir='ltr'><strong>sancta</strong></span> <span class='ocrx_word' id='word_1_393' title='bbox 1071 4133 1125 4181; x_wconf 92' lang='lat' dir='ltr'><strong>et</strong></span> <span class='ocrx_word' id='word_1_394' title='bbox 1169 4125 1479 4180; x_wconf 89' lang='lat' dir='ltr'><strong>individua</strong></span> <span class='ocrx_word' id='word_1_395' title='bbox 1518 4123 1830 4180; x_wconf 88' lang='lat' dir='ltr'><strong>Trinitatis.</strong></span> 
     </span>
    </p>
   </div>
   <div class='ocr_carea' id='block_1_60' title="bbox 123 4213 1834 4284">
    <p class='ocr_par' dir='ltr' id='par_1_60' title="bbox 123 4213 1834 4284">
     <span class='ocr_line' id='line_1_60' title="bbox 123 4213 1834 4284; baseline -0.002 -14"><span class='ocrx_word' id='word_1_396' title='bbox 123 4217 211 4270; x_wconf 85' lang='lat' dir='ltr'><strong>Ad</strong></span> <span class='ocrx_word' id='word_1_397' title='bbox 246 4231 350 4271; x_wconf 89' lang='lat' dir='ltr'><strong>nos</strong></span> <span class='ocrx_word' id='word_1_398' title='bbox 382 4216 624 4284; x_wconf 91' lang='lat' dir='ltr'><strong>pertinet</strong></span> <span class='ocrx_word' id='word_1_399' title='bbox 653 4229 785 4284; x_wconf 90' lang='lat' dir='ltr'><strong>qua</strong></span> <span class='ocrx_word' id='word_1_400' title='bbox 813 4215 872 4270; x_wconf 92' lang='lat' dir='ltr'><strong>in</strong></span> <span class='ocrx_word' id='word_1_401' title='bbox 919 4215 1221 4283; x_wconf 90' lang='lat' dir='ltr'><strong>prasentia</strong></span> <span class='ocrx_word' id='word_1_402' title='bbox 1265 4223 1460 4268; x_wconf 89' lang='lat' dir='ltr'><strong>nostra</strong></span> <span class='ocrx_word' id='word_1_403' title='bbox 1504 4213 1650 4268; x_wconf 85' lang='lat' dir='ltr'><strong>fiunt</strong></span> <span class='ocrx_word' id='word_1_404' title='bbox 1684 4220 1834 4268; x_wconf 91' lang='lat' dir='ltr'><strong>atte-</strong></span> 
     </span>
    </p>
   </div>
   <div class='ocr_carea' id='block_1_61' title="bbox 123 4300 1830 4371">
    <p class='ocr_par' dir='ltr' id='par_1_61' title="bbox 123 4300 1830 4371">
     <span class='ocr_line' id='line_1_61' title="bbox 123 4300 1830 4371; baseline -0.002 -13"><span class='ocrx_word' id='word_1_405' title='bbox 123 4305 293 4371; x_wconf 92' lang='lat' dir='ltr'><strong>stari,</strong></span> <span class='ocrx_word' id='word_1_406' title='bbox 323 4311 376 4359; x_wconf 92' lang='lat' dir='ltr'><strong>et</strong></span> <span class='ocrx_word' id='word_1_407' title='bbox 407 4317 478 4358; x_wconf 91' lang='lat' dir='ltr'><strong>ne</strong></span> <span class='ocrx_word' id='word_1_408' title='bbox 511 4303 783 4359; x_wconf 89' lang='lat' dir='ltr'><strong>oblivioni</strong></span> <span class='ocrx_word' id='word_1_409' title='bbox 817 4302 1143 4368; x_wconf 88' lang='lat' dir='ltr'><strong>tradantur,</strong></span> <span class='ocrx_word' id='word_1_410' title='bbox 1184 4303 1391 4370; x_wconf 90' lang='lat' dir='ltr'><strong>scripto</strong></span> <span class='ocrx_word' id='word_1_411' title='bbox 1413 4300 1830 4356; x_wconf 92' lang='lat' dir='ltr'><strong>commendare.</strong></span> 
     </span>
    </p>
   </div>
   <div class='ocr_carea' id='block_1_62' title="bbox 123 4389 1832 4462">
    <p class='ocr_par' dir='ltr' id='par_1_62' title="bbox 123 4389 1832 4462">
     <span class='ocr_line' id='line_1_62' title="bbox 123 4389 1832 4462; baseline -0.002 -16"><span class='ocrx_word' id='word_1_412' title='bbox 123 4393 451 4462; x_wconf 90' lang='lat' dir='ltr'><strong>Eapropter</strong></span> <span class='ocrx_word' id='word_1_413' title='bbox 481 4406 586 4462; x_wconf 87' lang='lat' dir='ltr'><strong>ego</strong></span> <span class='ocrx_word' id='word_1_414' title='bbox 619 4390 909 4446; x_wconf 87' lang='lat' dir='ltr'><strong>Liziardus</strong></span> <span class='ocrx_word' id='word_1_415' title='bbox 950 4390 1048 4445; x_wconf 90' lang='lat' dir='ltr'><strong>Dei</strong></span> <span class='ocrx_word' id='word_1_416' title='bbox 1089 4391 1276 4460; x_wconf 89' lang='lat' dir='ltr'><strong>gratia</strong></span> <span class='ocrx_word' id='word_1_417' title='bbox 1314 4389 1569 4444; x_wconf 89' lang='lat' dir='ltr'><strong>decanus</strong></span> <span class='ocrx_word' id='word_1_418' title='bbox 1599 4389 1832 4444; x_wconf 90' lang='lat' dir='ltr'><strong>Laudu-</strong></span> 
     </span>
    </p>
   </div>
   <div class='ocr_carea' id='block_1_63' title="bbox 122 4475 1833 4548">
    <p class='ocr_par' dir='ltr' id='par_1_63' title="bbox 122 4475 1833 4548">
     <span class='ocr_line' id='line_1_63' title="bbox 122 4475 1833 4548; baseline -0.004 -12"><span class='ocrx_word' id='word_1_419' title='bbox 122 4480 344 4546; x_wconf 89' lang='lat' dir='ltr'><strong>nensis,</strong></span> <span class='ocrx_word' id='word_1_420' title='bbox 375 4487 575 4535; x_wconf 90' lang='lat' dir='ltr'><strong>notum</strong></span> <span class='ocrx_word' id='word_1_421' title='bbox 623 4479 866 4534; x_wconf 87' lang='lat' dir='ltr'><strong>facimus</strong></span> <span class='ocrx_word' id='word_1_422' title='bbox 898 4492 1073 4548; x_wconf 89' lang='lat' dir='ltr'><strong>quam</strong></span> <span class='ocrx_word' id='word_1_423' title='bbox 1115 4477 1326 4533; x_wconf 89' lang='lat' dir='ltr'><strong>futuris</strong></span> <span class='ocrx_word' id='word_1_424' title='bbox 1370 4484 1484 4532; x_wconf 90' lang='lat' dir='ltr'><strong>tam</strong></span> <span class='ocrx_word' id='word_1_425' title='bbox 1534 4475 1833 4546; x_wconf 81' lang='lat' dir='ltr'><strong>prasenti—</strong></span> 
     </span>
    </p>
   </div>
   <div class='ocr_carea' id='block_1_64' title="bbox 122 4566 1830 4638">
    <p class='ocr_par' dir='ltr' id='par_1_64' title="bbox 122 4566 1830 4638">
     <span class='ocr_line' id='line_1_64' title="bbox 122 4566 1830 4638; baseline -0.005 -12"><span class='ocrx_word' id='word_1_426' title='bbox 122 4570 259 4636; x_wconf 91' lang='lat' dir='ltr'><strong>bus,</strong></span> <span class='ocrx_word' id='word_1_427' title='bbox 294 4568 450 4638; x_wconf 89' lang='lat' dir='ltr'><strong>quod</strong></span> <span class='ocrx_word' id='word_1_428' title='bbox 479 4567 771 4622; x_wconf 91' lang='lat' dir='ltr'><strong>communi</strong></span> <span class='ocrx_word' id='word_1_429' title='bbox 813 4566 1051 4636; x_wconf 90' lang='lat' dir='ltr'><strong>capituli</strong></span> <span class='ocrx_word' id='word_1_430' title='bbox 1099 4566 1277 4620; x_wconf 91' lang='lat' dir='ltr'><strong>nostri</strong></span> <span class='ocrx_word' id='word_1_431' title='bbox 1328 4578 1564 4620; x_wconf 88' lang='lat' dir='ltr'><strong>assensu</strong></span> <span class='ocrx_word' id='word_1_432' title='bbox 1596 4573 1830 4632; x_wconf 89' lang='lat' dir='ltr'><strong>terram,</strong></span> 
     </span>
    </p>
   </div>
   <div class='ocr_carea' id='block_1_65' title="bbox 123 4652 1833 4728">
    <p class='ocr_par' dir='ltr' id='par_1_65' title="bbox 123 4652 1833 4728">
     <span class='ocr_line' id='line_1_65' title="bbox 123 4652 1833 4728; baseline -0.003 -15"><span class='ocrx_word' id='word_1_433' title='bbox 123 4671 310 4728; x_wconf 89' lang='lat' dir='ltr'><strong>quam</strong></span> <span class='ocrx_word' id='word_1_434' title='bbox 345 4665 509 4712; x_wconf 88' lang='lat' dir='ltr'><strong>terra</strong></span> <span class='ocrx_word' id='word_1_435' title='bbox 536 4655 785 4710; x_wconf 87' lang='lat' dir='ltr'><strong>ecclesia</strong></span> <span class='ocrx_word' id='word_1_436' title='bbox 835 4655 889 4710; x_wconf 94' lang='lat' dir='ltr'><strong>S.</strong></span> <span class='ocrx_word' id='word_1_437' title='bbox 933 4654 1160 4710; x_wconf 87' lang='lat' dir='ltr'><strong>Martini</strong></span> <span class='ocrx_word' id='word_1_438' title='bbox 1195 4653 1263 4708; x_wconf 94' lang='lat' dir='ltr'><strong>de</strong></span> <span class='ocrx_word' id='word_1_439' title='bbox 1294 4652 1572 4709; x_wconf 92' lang='lat' dir='ltr'><strong>suburbio</strong></span> <span class='ocrx_word' id='word_1_440' title='bbox 1609 4652 1833 4708; x_wconf 89' lang='lat' dir='ltr'><strong>Laudu-</strong></span> 
     </span>
    </p>
   </div>
   <div class='ocr_carea' id='block_1_66' title="bbox 118 4741 1831 4815">
    <p class='ocr_par' dir='ltr' id='par_1_66' title="bbox 118 4741 1831 4815">
     <span class='ocr_line' id='line_1_66' title="bbox 118 4741 1831 4815; baseline -0.004 -14"><span class='ocrx_word' id='word_1_441' title='bbox 118 4745 290 4801; x_wconf 89' lang='lat' dir='ltr'><strong>nensi</strong></span> <span class='ocrx_word' id='word_1_442' title='bbox 341 4744 674 4815; x_wconf 90' lang='lat' dir='ltr'><strong>contiguam</strong></span> <span class='ocrx_word' id='word_1_443' title='bbox 746 4743 1081 4808; x_wconf 87' lang='lat' dir='ltr'><strong>habuimus,</strong></span> <span class='ocrx_word' id='word_1_444' title='bbox 1149 4755 1280 4812; x_wconf 91' lang='lat' dir='ltr'><strong>qua</strong></span> <span class='ocrx_word' id='word_1_445' title='bbox 1351 4755 1519 4796; x_wconf 91' lang='lat' dir='ltr'><strong>muro</strong></span> <span class='ocrx_word' id='word_1_446' title='bbox 1575 4741 1831 4811; x_wconf 91' lang='lat' dir='ltr'><strong>ejusdem</strong></span> 
     </span>
    </p>
   </div>
   <div class='ocr_carea' id='block_1_67' title="bbox 120 4829 1831 4902">
    <p class='ocr_par' dir='ltr' id='par_1_67' title="bbox 120 4829 1831 4902">
     <span class='ocr_line' id='line_1_67' title="bbox 120 4829 1831 4902; baseline -0.004 -12"><span class='ocrx_word' id='word_1_447' title='bbox 120 4835 381 4890; x_wconf 88' lang='lat' dir='ltr'><strong>ecclesia</strong></span> <span class='ocrx_word' id='word_1_448' title='bbox 426 4833 651 4888; x_wconf 86' lang='lat' dir='ltr'><strong>inclusa</strong></span> <span class='ocrx_word' id='word_1_449' title='bbox 690 4840 794 4899; x_wconf 89' lang='lat' dir='ltr'><strong>est,</strong></span> <span class='ocrx_word' id='word_1_450' title='bbox 837 4846 968 4902; x_wconf 87' lang='lat' dir='ltr'><strong>qua</strong></span> <span class='ocrx_word' id='word_1_451' title='bbox 1010 4839 1065 4887; x_wconf 91' lang='lat' dir='ltr'><strong>et</strong></span> <span class='ocrx_word' id='word_1_452' title='bbox 1120 4831 1188 4886; x_wconf 91' lang='lat' dir='ltr'><strong>de</strong></span> <span class='ocrx_word' id='word_1_453' title='bbox 1232 4831 1362 4886; x_wconf 90' lang='lat' dir='ltr'><strong>dote</strong></span> <span class='ocrx_word' id='word_1_454' title='bbox 1392 4830 1592 4886; x_wconf 58' lang='lat' dir='ltr'><strong>altaxis</strong></span> <span class='ocrx_word' id='word_1_455' title='bbox 1639 4829 1831 4885; x_wconf 90' lang='lat' dir='ltr'><strong>Sancti</strong></span> 
     </span>
    </p>
   </div>
   <div class='ocr_carea' id='block_1_68' title="bbox 120 4918 1830 4988">
    <p class='ocr_par' dir='ltr' id='par_1_68' title="bbox 120 4918 1830 4988">
     <span class='ocr_line' id='line_1_68' title="bbox 120 4918 1830 4988; baseline -0.003 -11"><span class='ocrx_word' id='word_1_456' title='bbox 120 4922 291 4978; x_wconf 88' lang='lat' dir='ltr'><strong>Cirici</strong></span> <span class='ocrx_word' id='word_1_457' title='bbox 325 4929 467 4988; x_wconf 91' lang='lat' dir='ltr'><strong>erat,</strong></span> <span class='ocrx_word' id='word_1_458' title='bbox 501 4925 556 4976; x_wconf 89' lang='lat' dir='ltr'><strong>et</strong></span> <span class='ocrx_word' id='word_1_459' title='bbox 587 4921 730 4976; x_wconf 92' lang='lat' dir='ltr'><strong>duos</strong></span> <span class='ocrx_word' id='word_1_460' title='bbox 761 4934 1030 4975; x_wconf 91' lang='lat' dir='ltr'><strong>nummos</strong></span> <span class='ocrx_word' id='word_1_461' title='bbox 1067 4918 1367 4975; x_wconf 89' lang='lat' dir='ltr'><strong>censuales</strong></span> <span class='ocrx_word' id='word_1_462' title='bbox 1397 4918 1559 4974; x_wconf 91' lang='lat' dir='ltr'><strong>nobis</strong></span> <span class='ocrx_word' id='word_1_463' title='bbox 1598 4931 1830 4972; x_wconf 90' lang='lat' dir='ltr'><strong>annua-</strong></span> 
     </span>
    </p>
   </div>
   <div class='ocr_carea' id='block_1_69' title="bbox 121 5006 1830 5079">
    <p class='ocr_par' dir='ltr' id='par_1_69' title="bbox 121 5006 1830 5079">
     <span class='ocr_line' id='line_1_69' title="bbox 121 5006 1830 5079; baseline -0.004 -13"><span class='ocrx_word' id='word_1_464' title='bbox 121 5010 223 5066; x_wconf 87' lang='lat' dir='ltr'><strong>tim</strong></span> <span class='ocrx_word' id='word_1_465' title='bbox 259 5011 534 5075; x_wconf 87' lang='lat' dir='ltr'><strong>solvebat,</strong></span> <span class='ocrx_word' id='word_1_466' title='bbox 569 5023 699 5065; x_wconf 93' lang='lat' dir='ltr'><strong>cum</strong></span> <span class='ocrx_word' id='word_1_467' title='bbox 725 5009 973 5079; x_wconf 90' lang='lat' dir='ltr'><strong>justitia,</strong></span> <span class='ocrx_word' id='word_1_468' title='bbox 1007 5007 1281 5071; x_wconf 91' lang='lat' dir='ltr'><strong>districto,</strong></span> <span class='ocrx_word' id='word_1_469' title='bbox 1314 5015 1368 5062; x_wconf 93' lang='lat' dir='ltr'><strong>et</strong></span> <span class='ocrx_word' id='word_1_470' title='bbox 1397 5006 1830 5062; x_wconf 90' lang='lat' dir='ltr'><strong>venditionibus</strong></span> 
     </span>
    </p>
   </div>
   <div class='ocr_carea' id='block_1_70' title="bbox 120 5093 1829 5168">
    <p class='ocr_par' dir='ltr' id='par_1_70' title="bbox 120 5093 1829 5168">
     <span class='ocr_line' id='line_1_70' title="bbox 120 5093 1829 5168; baseline -0.003 -16"><span class='ocrx_word' id='word_1_471' title='bbox 120 5099 381 5168; x_wconf 90' lang='lat' dir='ltr'><strong>ejusdem</strong></span> <span class='ocrx_word' id='word_1_472' title='bbox 428 5107 610 5165; x_wconf 89' lang='lat' dir='ltr'><strong>terra,</strong></span> <span class='ocrx_word' id='word_1_473' title='bbox 654 5097 901 5152; x_wconf 86' lang='lat' dir='ltr'><strong>ecclesia</strong></span> <span class='ocrx_word' id='word_1_474' title='bbox 949 5096 1098 5152; x_wconf 91' lang='lat' dir='ltr'><strong>Beati</strong></span> <span class='ocrx_word' id='word_1_475' title='bbox 1149 5095 1376 5152; x_wconf 85' lang='lat' dir='ltr'><strong>Martini</strong></span> <span class='ocrx_word' id='word_1_476' title='bbox 1429 5095 1604 5150; x_wconf 89' lang='lat' dir='ltr'><strong>libere</strong></span> <span class='ocrx_word' id='word_1_477' title='bbox 1643 5093 1829 5163; x_wconf 90' lang='lat' dir='ltr'><strong>possi-</strong></span> 
     </span>
    </p>
   </div>
   <div class='ocr_carea' id='block_1_71' title="bbox 122 5183 1828 5254">
    <p class='ocr_par' dir='ltr' id='par_1_71' title="bbox 122 5183 1828 5254">
     <span class='ocr_line' id='line_1_71' title="bbox 122 5183 1828 5254; baseline -0.002 -13"><span class='ocrx_word' id='word_1_478' title='bbox 122 5185 374 5241; x_wconf 89' lang='lat' dir='ltr'><strong>dendam</strong></span> <span class='ocrx_word' id='word_1_479' title='bbox 440 5186 498 5240; x_wconf 90' lang='lat' dir='ltr'><strong>in</strong></span> <span class='ocrx_word' id='word_1_480' title='bbox 563 5184 963 5240; x_wconf 90' lang='lat' dir='ltr'><strong>concambium</strong></span> <span class='ocrx_word' id='word_1_481' title='bbox 1020 5184 1302 5250; x_wconf 88' lang='lat' dir='ltr'><strong>dedimus,</strong></span> <span class='ocrx_word' id='word_1_482' title='bbox 1363 5198 1466 5254; x_wconf 89' lang='lat' dir='ltr'><strong>pro</strong></span> <span class='ocrx_word' id='word_1_483' title='bbox 1534 5183 1828 5238; x_wconf 87' lang='lat' dir='ltr'><strong>medietate</strong></span> 
     </span>
    </p>
   </div>
   <div class='ocr_carea' id='block_1_72' title="bbox 123 5272 1828 5343">
    <p class='ocr_par' dir='ltr' id='par_1_72' title="bbox 123 5272 1828 5343">
     <span class='ocr_line' id='line_1_72' title="bbox 123 5272 1828 5343; baseline -0.001 -15"><span class='ocrx_word' id='word_1_484' title='bbox 123 5274 314 5343; x_wconf 91' lang='lat' dir='ltr'><strong>campi</strong></span> <span class='ocrx_word' id='word_1_485' title='bbox 338 5274 544 5329; x_wconf 90' lang='lat' dir='ltr'><strong>subtus</strong></span> <span class='ocrx_word' id='word_1_486' title='bbox 577 5279 826 5329; x_wconf 89' lang='lat' dir='ltr'><strong>montem</strong></span> <span class='ocrx_word' id='word_1_487' title='bbox 871 5272 1212 5328; x_wconf 90' lang='lat' dir='ltr'><strong>clericorum</strong></span> <span class='ocrx_word' id='word_1_488' title='bbox 1263 5273 1376 5339; x_wconf 89' lang='lat' dir='ltr'><strong>siti,</strong></span> <span class='ocrx_word' id='word_1_489' title='bbox 1423 5286 1523 5326; x_wconf 83' lang='lat' dir='ltr'><strong>sex</strong></span> <span class='ocrx_word' id='word_1_490' title='bbox 1561 5285 1828 5327; x_wconf 91' lang='lat' dir='ltr'><strong>nummos</strong></span> 
     </span>
    </p>
   </div>
   <div class='ocr_carea' id='block_1_73' title="bbox 123 5360 1824 5430">
    <p class='ocr_par' dir='ltr' id='par_1_73' title="bbox 123 5360 1824 5430">
     <span class='ocr_line' id='line_1_73' title="bbox 123 5360 1824 5430; baseline 0 -15"><span class='ocrx_word' id='word_1_491' title='bbox 123 5362 422 5418; x_wconf 90' lang='lat' dir='ltr'><strong>censuales</strong></span> <span class='ocrx_word' id='word_1_492' title='bbox 454 5361 753 5416; x_wconf 88' lang='lat' dir='ltr'><strong>annuatim</strong></span> <span class='ocrx_word' id='word_1_493' title='bbox 776 5361 1174 5429; x_wconf 90' lang='lat' dir='ltr'><strong>persolventes.</strong></span> <span class='ocrx_word' id='word_1_494' title='bbox 1197 5361 1378 5427; x_wconf 90' lang='lat' dir='ltr'><strong>Quam</strong></span> <span class='ocrx_word' id='word_1_495' title='bbox 1423 5375 1554 5416; x_wconf 90' lang='lat' dir='ltr'><strong>cum</strong></span> <span class='ocrx_word' id='word_1_496' title='bbox 1581 5360 1824 5430; x_wconf 90' lang='lat' dir='ltr'><strong>justitia,</strong></span> 
     </span>
    </p>
   </div>
   <div class='ocr_carea' id='block_1_74' title="bbox 123 5448 1828 5519">
    <p class='ocr_par' dir='ltr' id='par_1_74' title="bbox 123 5448 1828 5519">
     <span class='ocr_line' id='line_1_74' title="bbox 123 5448 1828 5519; baseline -0.002 -13"><span class='ocrx_word' id='word_1_497' title='bbox 123 5451 401 5517; x_wconf 89' lang='lat' dir='ltr'><strong>districto,</strong></span> <span class='ocrx_word' id='word_1_498' title='bbox 453 5457 507 5505; x_wconf 91' lang='lat' dir='ltr'><strong>et</strong></span> <span class='ocrx_word' id='word_1_499' title='bbox 537 5448 970 5505; x_wconf 87' lang='lat' dir='ltr'><strong>venditionibus</strong></span> <span class='ocrx_word' id='word_1_500' title='bbox 1016 5449 1273 5519; x_wconf 89' lang='lat' dir='ltr'><strong>ejusdem</strong></span> <span class='ocrx_word' id='word_1_501' title='bbox 1319 5449 1638 5505; x_wconf 88' lang='lat' dir='ltr'><strong>medietatis</strong></span> <span class='ocrx_word' id='word_1_502' title='bbox 1676 5463 1828 5518; x_wconf 88' lang='lat' dir='ltr'><strong>pra-</strong></span> 
     </span>
    </p>
   </div>
   <div class='ocr_carea' id='block_1_75' title="bbox 124 5537 1827 5607">
    <p class='ocr_par' dir='ltr' id='par_1_75' title="bbox 124 5537 1827 5607">
     <span class='ocr_line' id='line_1_75' title="bbox 124 5537 1827 5607; baseline -0.001 -14"><span class='ocrx_word' id='word_1_503' title='bbox 124 5538 259 5595; x_wconf 91' lang='lat' dir='ltr'><strong>dicti</strong></span> <span class='ocrx_word' id='word_1_504' title='bbox 293 5537 502 5607; x_wconf 91' lang='lat' dir='ltr'><strong>campi,</strong></span> <span class='ocrx_word' id='word_1_505' title='bbox 536 5537 789 5594; x_wconf 88' lang='lat' dir='ltr'><strong>Garinus</strong></span> <span class='ocrx_word' id='word_1_506' title='bbox 821 5537 1002 5592; x_wconf 90' lang='lat' dir='ltr'><strong>abbas</strong></span> <span class='ocrx_word' id='word_1_507' title='bbox 1032 5537 1283 5607; x_wconf 89' lang='lat' dir='ltr'><strong>prafata</strong></span> <span class='ocrx_word' id='word_1_508' title='bbox 1302 5537 1560 5593; x_wconf 89' lang='lat' dir='ltr'><strong>Ecclesia</strong></span> <span class='ocrx_word' id='word_1_509' title='bbox 1591 5550 1827 5593; x_wconf 90' lang='lat' dir='ltr'><strong>assensu</strong></span> 
     </span>
    </p>
   </div>
   <div class='ocr_carea' id='block_1_76' title="bbox 125 5625 1824 5697">
    <p class='ocr_par' dir='ltr' id='par_1_76' title="bbox 125 5625 1824 5697">
     <span class='ocr_line' id='line_1_76' title="bbox 125 5625 1824 5697; baseline -0.001 -15"><span class='ocrx_word' id='word_1_510' title='bbox 125 5627 366 5697; x_wconf 91' lang='lat' dir='ltr'><strong>capituli</strong></span> <span class='ocrx_word' id='word_1_511' title='bbox 400 5626 486 5682; x_wconf 92' lang='lat' dir='ltr'><strong>sui</strong></span> <span class='ocrx_word' id='word_1_512' title='bbox 521 5625 686 5682; x_wconf 90' lang='lat' dir='ltr'><strong>nobis</strong></span> <span class='ocrx_word' id='word_1_513' title='bbox 715 5625 968 5682; x_wconf 87' lang='lat' dir='ltr'><strong>vicissim</strong></span> <span class='ocrx_word' id='word_1_514' title='bbox 993 5625 1050 5681; x_wconf 91' lang='lat' dir='ltr'><strong>in</strong></span> <span class='ocrx_word' id='word_1_515' title='bbox 1076 5625 1591 5682; x_wconf 89' lang='lat' dir='ltr'><strong>concambitionem</strong></span> <span class='ocrx_word' id='word_1_516' title='bbox 1637 5625 1824 5694; x_wconf 88' lang='lat' dir='ltr'><strong>dedit;</strong></span> 
     </span>
    </p>
   </div>
   <div class='ocr_carea' id='block_1_77' title="bbox 2017 1923 3641 1980">
    <p class='ocr_par' dir='ltr' id='par_1_77' title="bbox 2017 1923 3641 1980">
     <span class='ocr_line' id='line_1_77' title="bbox 2017 1923 3641 1980; baseline 0 0"><span class='ocrx_word' id='word_1_517' title='bbox 2017 1923 2167 1980; x_wconf 92' lang='lat' dir='ltr'><strong>VIII.</strong></span> <span class='ocrx_word' id='word_1_518' title='bbox 2202 1925 2484 1980; x_wconf 83' lang='lat' dir='ltr'><strong>Robertus</strong></span> <span class='ocrx_word' id='word_1_519' title='bbox 2521 1925 2570 1979; x_wconf 91' lang='lat' dir='ltr'><strong>II</strong></span> <span class='ocrx_word' id='word_1_520' title='bbox 2608 1924 3201 1980; x_wconf 89' lang='lat' dir='ltr'><strong>San-Vincentianum</strong></span> <span class='ocrx_word' id='word_1_521' title='bbox 3233 1925 3641 1980; x_wconf 88' lang='lat' dir='ltr'><strong>monasterium</strong></span> 
     </span>
    </p>
   </div>
   <div class='ocr_carea' id='block_1_78' title="bbox 1941 2012 3641 2084">
    <p class='ocr_par' dir='ltr' id='par_1_78' title="bbox 1941 2012 3641 2084">
     <span class='ocr_line' id='line_1_78' title="bbox 1941 2012 3641 2084; baseline 0.001 -16"><span class='ocrx_word' id='word_1_522' title='bbox 1941 2013 2040 2083; x_wconf 89' lang='lat' dir='ltr'><strong>jus</strong></span> <span class='ocrx_word' id='word_1_523' title='bbox 2087 2014 2159 2068; x_wconf 90' lang='lat' dir='ltr'><strong>ad</strong></span> <span class='ocrx_word' id='word_1_524' title='bbox 2211 2013 2306 2068; x_wconf 90' lang='lat' dir='ltr'><strong>illa</strong></span> <span class='ocrx_word' id='word_1_525' title='bbox 2354 2021 2608 2080; x_wconf 90' lang='lat' dir='ltr'><strong>tempora</strong></span> <span class='ocrx_word' id='word_1_526' title='bbox 2652 2012 2884 2068; x_wconf 85' lang='lat' dir='ltr'><strong>firmum</strong></span> <span class='ocrx_word' id='word_1_527' title='bbox 2929 2013 3248 2084; x_wconf 88' lang='lat' dir='ltr'><strong>stabileque</strong></span> <span class='ocrx_word' id='word_1_528' title='bbox 3293 2021 3641 2079; x_wconf 88' lang='lat' dir='ltr'><strong>servaverat,</strong></span> 
     </span>
    </p>
   </div>
   <div class='ocr_carea' id='block_1_79' title="bbox 1951 2100 3645 2171">
    <p class='ocr_par' dir='ltr' id='par_1_79' title="bbox 1951 2100 3645 2171">
     <span class='ocr_line' id='line_1_79' title="bbox 1951 2100 3645 2171; baseline 0 -15"><span class='ocrx_word' id='word_1_529' title='bbox 1951 2110 2013 2156; x_wconf 89' lang='lat' dir='ltr'><strong>ut</strong></span> <span class='ocrx_word' id='word_1_530' title='bbox 2063 2101 2302 2156; x_wconf 90' lang='lat' dir='ltr'><strong>ecclesia</strong></span> <span class='ocrx_word' id='word_1_531' title='bbox 2372 2100 2426 2156; x_wconf 93' lang='lat' dir='ltr'><strong>S.</strong></span> <span class='ocrx_word' id='word_1_532' title='bbox 2501 2100 2785 2157; x_wconf 87' lang='lat' dir='ltr'><strong>Vincentii</strong></span> <span class='ocrx_word' id='word_1_533' title='bbox 2841 2120 2869 2152; x_wconf 75' lang='grc' dir='ltr'><strong>α</strong></span> <span class='ocrx_word' id='word_1_534' title='bbox 2933 2101 3282 2156; x_wconf 88' lang='lat' dir='ltr'><strong>inviolabilis</strong></span> <span class='ocrx_word' id='word_1_535' title='bbox 3346 2101 3645 2171; x_wconf 90' lang='lat' dir='ltr'><strong>sepultura</strong></span> 
     </span>
    </p>
   </div>
   <div class='ocr_carea' id='block_1_80' title="bbox 1947 2189 3646 2258">
    <p class='ocr_par' dir='ltr' id='par_1_80' title="bbox 1947 2189 3646 2258">
     <span class='ocr_line' id='line_1_80' title="bbox 1947 2189 3646 2258; baseline 0.001 -15"><span class='ocrx_word' id='word_1_536' title='bbox 1947 2189 2362 2258; x_wconf 89' lang='lat' dir='ltr'><strong>episcoporum,</strong></span> <span class='ocrx_word' id='word_1_537' title='bbox 2420 2191 2850 2256; x_wconf 90' lang='lat' dir='ltr'><strong>canonicorum,</strong></span> <span class='ocrx_word' id='word_1_538' title='bbox 2895 2197 2950 2245; x_wconf 90' lang='lat' dir='ltr'><strong>et</strong></span> <span class='ocrx_word' id='word_1_539' title='bbox 3007 2198 3331 2246; x_wconf 89' lang='lat' dir='ltr'><strong>casatorum</strong></span> <span class='ocrx_word' id='word_1_540' title='bbox 3385 2189 3646 2245; x_wconf 88' lang='lat' dir='ltr'><strong>Ecclesia</strong></span> 
     </span>
    </p>
   </div>
   <div class='ocr_carea' id='block_1_81' title="bbox 1947 2277 3646 2347">
    <p class='ocr_par' dir='ltr' id='par_1_81' title="bbox 1947 2277 3646 2347">
     <span class='ocr_line' id='line_1_81' title="bbox 1947 2277 3646 2347; baseline 0 -15"><span class='ocrx_word' id='word_1_541' title='bbox 1947 2277 2349 2333; x_wconf 90' lang='lat' dir='ltr'><strong>Laudunensis</strong></span> <span class='ocrx_word' id='word_1_542' title='bbox 2402 2300 2422 2324; x_wconf 74' lang='grc' dir='ltr'><strong>ι</strong></span> <span class='ocrx_word' id='word_1_543' title='bbox 2461 2278 2868 2347; x_wconf 88' lang='lat' dir='ltr'><strong>appellaretur.</strong></span> <span class='ocrx_word' id='word_1_544' title='bbox 2922 2277 3104 2345; x_wconf 90' lang='lat' dir='ltr'><strong>(Quod</strong></span> <span class='ocrx_word' id='word_1_545' title='bbox 3151 2285 3204 2334; x_wconf 89' lang='lat' dir='ltr'><strong>et</strong></span> <span class='ocrx_word' id='word_1_546' title='bbox 3250 2292 3364 2332; x_wconf 92' lang='lat' dir='ltr'><strong>non</strong></span> <span class='ocrx_word' id='word_1_547' title='bbox 3409 2278 3486 2332; x_wconf 89' lang='lat' dir='ltr'><strong>ita</strong></span> <span class='ocrx_word' id='word_1_548' title='bbox 3520 2278 3646 2347; x_wconf 90' lang='lat' dir='ltr'><strong>pri-</strong></span> 
     </span>
    </p>
   </div>
   <div class='ocr_carea' id='block_1_82' title="bbox 1946 2364 3642 2432">
    <p class='ocr_par' dir='ltr' id='par_1_82' title="bbox 1946 2364 3642 2432">
     <span class='ocr_line' id='line_1_82' title="bbox 1946 2364 3642 2432; baseline -0.001 -12"><span class='ocrx_word' id='word_1_549' title='bbox 1946 2364 2074 2420; x_wconf 90' lang='lat' dir='ltr'><strong>dem</strong></span> <span class='ocrx_word' id='word_1_550' title='bbox 2115 2365 2352 2420; x_wconf 90' lang='lat' dir='ltr'><strong>ecclesia</strong></span> <span class='ocrx_word' id='word_1_551' title='bbox 2391 2364 2443 2420; x_wconf 95' lang='lat' dir='ltr'><strong>S.</strong></span> <span class='ocrx_word' id='word_1_552' title='bbox 2486 2365 2721 2420; x_wconf 86' lang='lat' dir='ltr'><strong>Joannis</strong></span> <span class='ocrx_word' id='word_1_553' title='bbox 2763 2365 3030 2420; x_wconf 91' lang='lat' dir='ltr'><strong>Laudun.</strong></span> <span class='ocrx_word' id='word_1_554' title='bbox 3077 2365 3427 2432; x_wconf 87' lang='lat' dir='ltr'><strong>obtinuerat)</strong></span> <span class='ocrx_word' id='word_1_555' title='bbox 3467 2379 3642 2419; x_wconf 88' lang='lat' dir='ltr'><strong>cano-</strong></span> 
     </span>
    </p>
   </div>
   <div class='ocr_carea' id='block_1_83' title="bbox 1945 2452 3644 2518">
    <p class='ocr_par' dir='ltr' id='par_1_83' title="bbox 1945 2452 3644 2518">
     <span class='ocr_line' id='line_1_83' title="bbox 1945 2452 3644 2518; baseline -0.001 -10"><span class='ocrx_word' id='word_1_556' title='bbox 1945 2453 2058 2508; x_wconf 92' lang='lat' dir='ltr'><strong>nici</strong></span> <span class='ocrx_word' id='word_1_557' title='bbox 2107 2453 2505 2518; x_wconf 91' lang='lat' dir='ltr'><strong>nihilominus,</strong></span> <span class='ocrx_word' id='word_1_558' title='bbox 2549 2452 2751 2507; x_wconf 91' lang='lat' dir='ltr'><strong>decani</strong></span> <span class='ocrx_word' id='word_1_559' title='bbox 2801 2452 2941 2508; x_wconf 93' lang='lat' dir='ltr'><strong>dum</strong></span> <span class='ocrx_word' id='word_1_560' title='bbox 2975 2453 3177 2508; x_wconf 92' lang='lat' dir='ltr'><strong>munia</strong></span> <span class='ocrx_word' id='word_1_561' title='bbox 3217 2452 3398 2507; x_wconf 91' lang='lat' dir='ltr'><strong>obiret</strong></span> <span class='ocrx_word' id='word_1_562' title='bbox 3430 2452 3644 2507; x_wconf 80' lang='lat' dir='ltr'><strong>Rober-</strong></span> 
     </span>
    </p>
   </div>
   <div class='ocr_carea' id='block_1_84' title="bbox 1945 2539 3642 2611">
    <p class='ocr_par' dir='ltr' id='par_1_84' title="bbox 1945 2539 3642 2611">
     <span class='ocr_line' id='line_1_84' title="bbox 1945 2539 3642 2611; baseline -0.001 -15"><span class='ocrx_word' id='word_1_563' title='bbox 1945 2549 2058 2608; x_wconf 90' lang='lat' dir='ltr'><strong>tus,</strong></span> <span class='ocrx_word' id='word_1_564' title='bbox 2103 2541 2212 2596; x_wconf 91' lang='lat' dir='ltr'><strong>sibi</strong></span> <span class='ocrx_word' id='word_1_565' title='bbox 2255 2541 2642 2597; x_wconf 82' lang='lat' dir='ltr'><strong>camelerium</strong></span> <span class='ocrx_word' id='word_1_566' title='bbox 2686 2540 2905 2611; x_wconf 88' lang='lat' dir='ltr'><strong>erigere</strong></span> <span class='ocrx_word' id='word_1_567' title='bbox 2942 2547 3280 2608; x_wconf 89' lang='lat' dir='ltr'><strong>tentarunt;</strong></span> <span class='ocrx_word' id='word_1_568' title='bbox 3327 2539 3464 2595; x_wconf 90' lang='lat' dir='ltr'><strong>hinc</strong></span> <span class='ocrx_word' id='word_1_569' title='bbox 3500 2539 3642 2607; x_wconf 90' lang='lat' dir='ltr'><strong>lites,</strong></span> 
     </span>
    </p>
   </div>
   <div class='ocr_carea' id='block_1_85' title="bbox 1945 2628 3647 2700">
    <p class='ocr_par' dir='ltr' id='par_1_85' title="bbox 1945 2628 3647 2700">
     <span class='ocr_line' id='line_1_85' title="bbox 1945 2628 3647 2700; baseline 0 -16"><span class='ocrx_word' id='word_1_570' title='bbox 1945 2631 2462 2700; x_wconf 89' lang='lat' dir='ltr'><strong>contentionesque</strong></span> <span class='ocrx_word' id='word_1_571' title='bbox 2507 2628 2852 2698; x_wconf 90' lang='lat' dir='ltr'><strong>multiplices</strong></span> <span class='ocrx_word' id='word_1_572' title='bbox 2895 2636 3130 2684; x_wconf 86' lang='lat' dir='ltr'><strong>exorta.</strong></span> <span class='ocrx_word' id='word_1_573' title='bbox 3181 2628 3307 2695; x_wconf 91' lang='lat' dir='ltr'><strong>Qua</strong></span> <span class='ocrx_word' id='word_1_574' title='bbox 3357 2629 3426 2684; x_wconf 94' lang='lat' dir='ltr'><strong>de</strong></span> <span class='ocrx_word' id='word_1_575' title='bbox 3469 2641 3647 2684; x_wconf 87' lang='lat' dir='ltr'><strong>causa</strong></span> 
     </span>
    </p>
   </div>
   <div class='ocr_carea' id='block_1_86' title="bbox 1944 2717 3645 2787">
    <p class='ocr_par' dir='ltr' id='par_1_86' title="bbox 1944 2717 3645 2787">
     <span class='ocr_line' id='line_1_86' title="bbox 1944 2717 3645 2787; baseline -0.002 -13"><span class='ocrx_word' id='word_1_576' title='bbox 1944 2717 2148 2774; x_wconf 90' lang='lat' dir='ltr'><strong>arbitri</strong></span> <span class='ocrx_word' id='word_1_577' title='bbox 2193 2719 2483 2774; x_wconf 90' lang='lat' dir='ltr'><strong>communi</strong></span> <span class='ocrx_word' id='word_1_578' title='bbox 2534 2718 2788 2787; x_wconf 90' lang='lat' dir='ltr'><strong>partium</strong></span> <span class='ocrx_word' id='word_1_579' title='bbox 2838 2731 3076 2773; x_wconf 90' lang='lat' dir='ltr'><strong>assensu</strong></span> <span class='ocrx_word' id='word_1_580' title='bbox 3127 2717 3289 2772; x_wconf 91' lang='lat' dir='ltr'><strong>electi</strong></span> <span class='ocrx_word' id='word_1_581' title='bbox 3339 2724 3495 2772; x_wconf 92' lang='lat' dir='ltr'><strong>sunt.</strong></span> <span class='ocrx_word' id='word_1_582' title='bbox 3527 2717 3645 2771; x_wconf 87' lang='lat' dir='ltr'><strong>Ho-</strong></span> 
     </span>
    </p>
   </div>
   <div class='ocr_carea' id='block_1_87' title="bbox 1945 2803 3643 2877">
    <p class='ocr_par' dir='ltr' id='par_1_87' title="bbox 1945 2803 3643 2877">
     <span class='ocr_line' id='line_1_87' title="bbox 1945 2803 3643 2877; baseline -0.002 -15"><span class='ocrx_word' id='word_1_583' title='bbox 1945 2821 2078 2863; x_wconf 91' lang='lat' dir='ltr'><strong>rum</strong></span> <span class='ocrx_word' id='word_1_584' title='bbox 2124 2807 2293 2877; x_wconf 86' lang='lat' dir='ltr'><strong>Hugo</strong></span> <span class='ocrx_word' id='word_1_585' title='bbox 2324 2806 2503 2862; x_wconf 87' lang='lat' dir='ltr'><strong>abbas</strong></span> <span class='ocrx_word' id='word_1_586' title='bbox 2544 2806 2734 2861; x_wconf 89' lang='lat' dir='ltr'><strong>Sancti</strong></span> <span class='ocrx_word' id='word_1_587' title='bbox 2779 2805 3058 2861; x_wconf 89' lang='lat' dir='ltr'><strong>Vincentii</strong></span> <span class='ocrx_word' id='word_1_588' title='bbox 3101 2805 3220 2860; x_wconf 89' lang='lat' dir='ltr'><strong>suis</strong></span> <span class='ocrx_word' id='word_1_589' title='bbox 3254 2804 3454 2860; x_wconf 90' lang='lat' dir='ltr'><strong>litteris</strong></span> <span class='ocrx_word' id='word_1_590' title='bbox 3484 2803 3643 2859; x_wconf 90' lang='lat' dir='ltr'><strong>arbi—</strong></span> 
     </span>
    </p>
   </div>
   <div class='ocr_carea' id='block_1_88' title="bbox 1946 2891 3647 2963">
    <p class='ocr_par' dir='ltr' id='par_1_88' title="bbox 1946 2891 3647 2963">
     <span class='ocr_line' id='line_1_88' title="bbox 1946 2891 3647 2963; baseline -0.002 -13"><span class='ocrx_word' id='word_1_591' title='bbox 1946 2894 2118 2950; x_wconf 90' lang='lat' dir='ltr'><strong>trium</strong></span> <span class='ocrx_word' id='word_1_592' title='bbox 2168 2893 2432 2963; x_wconf 89' lang='lat' dir='ltr'><strong>patefacit</strong></span> <span class='ocrx_word' id='word_1_593' title='bbox 2483 2893 2541 2948; x_wconf 90' lang='lat' dir='ltr'><strong>in</strong></span> <span class='ocrx_word' id='word_1_594' title='bbox 2587 2893 2745 2948; x_wconf 91' lang='lat' dir='ltr'><strong>hunc</strong></span> <span class='ocrx_word' id='word_1_595' title='bbox 2798 2893 3079 2948; x_wconf 91' lang='lat' dir='ltr'><strong>modum:</strong></span> <span class='ocrx_word' id='word_1_596' title='bbox 3139 2914 3158 2940; x_wconf 78' lang='grc' dir='ltr'><strong>ι</strong></span> <span class='ocrx_word' id='word_1_597' title='bbox 3210 2891 3647 2949; x_wconf 90' lang='lat' dir='ltr'><strong>Venerabilibus</strong></span> 
     </span>
    </p>
   </div>
   <div class='ocr_carea' id='block_1_89' title="bbox 1944 2978 3645 3052">
    <p class='ocr_par' dir='ltr' id='par_1_89' title="bbox 1944 2978 3645 3052">
     <span class='ocr_line' id='line_1_89' title="bbox 1944 2978 3645 3052; baseline -0.002 -15"><span class='ocrx_word' id='word_1_598' title='bbox 1944 2981 2222 3037; x_wconf 89' lang='lat' dir='ltr'><strong>fratribus</strong></span> <span class='ocrx_word' id='word_1_599' title='bbox 2281 2989 2336 3036; x_wconf 92' lang='lat' dir='ltr'><strong>et</strong></span> <span class='ocrx_word' id='word_1_600' title='bbox 2397 2981 2616 3048; x_wconf 88' lang='lat' dir='ltr'><strong>amicis,</strong></span> <span class='ocrx_word' id='word_1_601' title='bbox 2697 2981 2942 3036; x_wconf 85' lang='lat' dir='ltr'><strong>Roberto</strong></span> <span class='ocrx_word' id='word_1_602' title='bbox 2981 2981 3217 3048; x_wconf 87' lang='lat' dir='ltr'><strong>decano,</strong></span> <span class='ocrx_word' id='word_1_603' title='bbox 3287 2988 3342 3036; x_wconf 91' lang='lat' dir='ltr'><strong>et</strong></span> <span class='ocrx_word' id='word_1_604' title='bbox 3395 2978 3645 3052; x_wconf 90' lang='lat' dir='ltr'><strong>capitulo</strong></span> 
     </span>
    </p>
   </div>
   <div class='ocr_carea' id='block_1_90' title="bbox 1875 3067 3646 3155">
    <p class='ocr_par' dir='ltr' id='par_1_90' title="bbox 1875 3067 3646 3155">
     <span class='ocr_line' id='line_1_90' title="bbox 1875 3067 3646 3155; baseline -0.001 -31"><span class='ocrx_word' id='word_1_605' title='bbox 1875 3101 1915 3155; x_wconf 64' lang='grc' dir='ltr'>ε</span> <span class='ocrx_word' id='word_1_606' title='bbox 1947 3068 2336 3135; x_wconf 90' lang='lat' dir='ltr'><strong>Laudunensi,</strong></span> <span class='ocrx_word' id='word_1_607' title='bbox 2381 3068 2549 3138; x_wconf 87' lang='lat' dir='ltr'><strong>Hugo</strong></span> <span class='ocrx_word' id='word_1_608' title='bbox 2581 3068 2816 3122; x_wconf 92' lang='lat' dir='ltr'><strong>humilis</strong></span> <span class='ocrx_word' id='word_1_609' title='bbox 2859 3067 3038 3123; x_wconf 91' lang='lat' dir='ltr'><strong>abbas</strong></span> <span class='ocrx_word' id='word_1_610' title='bbox 3078 3069 3138 3123; x_wconf 90' lang='grc' dir='ltr'><strong>Β.</strong></span> <span class='ocrx_word' id='word_1_611' title='bbox 3170 3068 3457 3124; x_wconf 88' lang='lat' dir='ltr'><strong>Vincentii</strong></span> <span class='ocrx_word' id='word_1_612' title='bbox 3495 3070 3646 3123; x_wconf 84' lang='lat' dir='ltr'><strong>Lau-</strong></span> 
     </span>
    </p>
   </div>
   <div class='ocr_carea' id='block_1_91' title="bbox 1944 3155 3643 3226">
    <p class='ocr_par' dir='ltr' id='par_1_91' title="bbox 1944 3155 3643 3226">
     <span class='ocr_line' id='line_1_91' title="bbox 1944 3155 3643 3226; baseline -0.001 -14"><span class='ocrx_word' id='word_1_613' title='bbox 1944 3157 2084 3213; x_wconf 92' lang='lat' dir='ltr'><strong>dun.</strong></span> <span class='ocrx_word' id='word_1_614' title='bbox 2110 3165 2163 3212; x_wconf 92' lang='lat' dir='ltr'><strong>et</strong></span> <span class='ocrx_word' id='word_1_615' title='bbox 2195 3163 2346 3211; x_wconf 90' lang='lat' dir='ltr'><strong>totus</strong></span> <span class='ocrx_word' id='word_1_616' title='bbox 2375 3156 2630 3226; x_wconf 91' lang='lat' dir='ltr'><strong>ejusdem</strong></span> <span class='ocrx_word' id='word_1_617' title='bbox 2667 3155 2932 3210; x_wconf 90' lang='lat' dir='ltr'><strong>Ecclesia</strong></span> <span class='ocrx_word' id='word_1_618' title='bbox 2957 3164 3274 3211; x_wconf 89' lang='lat' dir='ltr'><strong>conventus</strong></span> <span class='ocrx_word' id='word_1_619' title='bbox 3305 3156 3361 3210; x_wconf 90' lang='lat' dir='ltr'><strong>in</strong></span> <span class='ocrx_word' id='word_1_620' title='bbox 3402 3155 3643 3210; x_wconf 89' lang='lat' dir='ltr'><strong>Domino</strong></span> 
     </span>
    </p>
   </div>
   <div class='ocr_carea' id='block_1_92' title="bbox 1939 3243 3640 3312">
    <p class='ocr_par' dir='ltr' id='par_1_92' title="bbox 1939 3243 3640 3312">
     <span class='ocr_line' id='line_1_92' title="bbox 1939 3243 3640 3312; baseline -0.001 -12"><span class='ocrx_word' id='word_1_621' title='bbox 1939 3244 2203 3300; x_wconf 90' lang='lat' dir='ltr'><strong>salutem.</strong></span> <span class='ocrx_word' id='word_1_622' title='bbox 2260 3243 2529 3299; x_wconf 89' lang='lat' dir='ltr'><strong>Noverint</strong></span> <span class='ocrx_word' id='word_1_623' title='bbox 2577 3243 2835 3299; x_wconf 90' lang='lat' dir='ltr'><strong>universi</strong></span> <span class='ocrx_word' id='word_1_624' title='bbox 2878 3245 3032 3312; x_wconf 93' lang='lat' dir='ltr'><strong>quod</strong></span> <span class='ocrx_word' id='word_1_625' title='bbox 3074 3251 3199 3298; x_wconf 90' lang='lat' dir='ltr'><strong>orta</strong></span> <span class='ocrx_word' id='word_1_626' title='bbox 3247 3243 3393 3298; x_wconf 92' lang='lat' dir='ltr'><strong>inter</strong></span> <span class='ocrx_word' id='word_1_627' title='bbox 3437 3256 3542 3298; x_wconf 90' lang='lat' dir='ltr'><strong>nos</strong></span> <span class='ocrx_word' id='word_1_628' title='bbox 3584 3250 3640 3299; x_wconf 90' lang='lat' dir='ltr'><strong>et</strong></span> 
     </span>
    </p>
   </div>
   <div class='ocr_carea' id='block_1_93' title="bbox 1940 3331 3644 3402">
    <p class='ocr_par' dir='ltr' id='par_1_93' title="bbox 1940 3331 3644 3402">
     <span class='ocr_line' id='line_1_93' title="bbox 1940 3331 3644 3402; baseline -0.001 -14"><span class='ocrx_word' id='word_1_629' title='bbox 1940 3348 2044 3389; x_wconf 87' lang='lat' dir='ltr'><strong>vos</strong></span> <span class='ocrx_word' id='word_1_630' title='bbox 2076 3332 2426 3388; x_wconf 89' lang='lat' dir='ltr'><strong>dissensione</strong></span> <span class='ocrx_word' id='word_1_631' title='bbox 2466 3346 2641 3402; x_wconf 90' lang='lat' dir='ltr'><strong>super</strong></span> <span class='ocrx_word' id='word_1_632' title='bbox 2682 3331 3003 3387; x_wconf 81' lang='lat' dir='ltr'><strong>cameterio</strong></span> <span class='ocrx_word' id='word_1_633' title='bbox 3051 3339 3262 3398; x_wconf 91' lang='lat' dir='ltr'><strong>nostro,</strong></span> <span class='ocrx_word' id='word_1_634' title='bbox 3312 3332 3467 3402; x_wconf 91' lang='lat' dir='ltr'><strong>quod</strong></span> <span class='ocrx_word' id='word_1_635' title='bbox 3499 3345 3644 3387; x_wconf 92' lang='lat' dir='ltr'><strong>con-</strong></span> 
     </span>
    </p>
   </div>
   <div class='ocr_carea' id='block_1_94' title="bbox 1942 3419 3642 3491">
    <p class='ocr_par' dir='ltr' id='par_1_94' title="bbox 1942 3419 3642 3491">
     <span class='ocr_line' id='line_1_94' title="bbox 1942 3419 3642 3491; baseline -0.001 -15"><span class='ocrx_word' id='word_1_636' title='bbox 1942 3428 2029 3476; x_wconf 86' lang='lat' dir='ltr'><strong>tra</strong></span> <span class='ocrx_word' id='word_1_637' title='bbox 2055 3421 2151 3491; x_wconf 90' lang='lat' dir='ltr'><strong>jus</strong></span> <span class='ocrx_word' id='word_1_638' title='bbox 2185 3428 2466 3486; x_wconf 90' lang='lat' dir='ltr'><strong>nostrum,</strong></span> <span class='ocrx_word' id='word_1_639' title='bbox 2493 3428 2548 3475; x_wconf 90' lang='lat' dir='ltr'><strong>et</strong></span> <span class='ocrx_word' id='word_1_640' title='bbox 2571 3420 2870 3490; x_wconf 84' lang='lat' dir='ltr'><strong>antiquam</strong></span> <span class='ocrx_word' id='word_1_641' title='bbox 2901 3419 3372 3475; x_wconf 76' lang='lat' dir='ltr'><strong>consuetudinem</strong></span> <span class='ocrx_word' id='word_1_642' title='bbox 3395 3419 3464 3474; x_wconf 92' lang='lat' dir='ltr'><strong>de</strong></span> <span class='ocrx_word' id='word_1_643' title='bbox 3493 3433 3642 3475; x_wconf 89' lang='lat' dir='ltr'><strong>novo</strong></span> 
     </span>
    </p>
   </div>
   <div class='ocr_carea' id='block_1_95' title="bbox 1941 3506 3641 3574">
    <p class='ocr_par' dir='ltr' id='par_1_95' title="bbox 1941 3506 3641 3574">
     <span class='ocr_line' id='line_1_95' title="bbox 1941 3506 3641 3574; baseline -0.002 -10"><span class='ocrx_word' id='word_1_644' title='bbox 1941 3507 2329 3564; x_wconf 79' lang='lat' dir='ltr'><strong>construxisse</strong></span> <span class='ocrx_word' id='word_1_645' title='bbox 2399 3507 2772 3574; x_wconf 89' lang='lat' dir='ltr'><strong>videbamini,</strong></span> <span class='ocrx_word' id='word_1_646' title='bbox 2858 3507 3083 3562; x_wconf 89' lang='lat' dir='ltr'><strong>tandem</strong></span> <span class='ocrx_word' id='word_1_647' title='bbox 3177 3507 3234 3560; x_wconf 92' lang='lat' dir='ltr'><strong>in</strong></span> <span class='ocrx_word' id='word_1_648' title='bbox 3339 3506 3641 3562; x_wconf 86' lang='lat' dir='ltr'><strong>dominum</strong></span> 
     </span>
    </p>
   </div>
   <div class='ocr_carea' id='block_1_96' title="bbox 1940 3592 3645 3664">
    <p class='ocr_par' dir='ltr' id='par_1_96' title="bbox 1940 3592 3645 3664">
     <span class='ocr_line' id='line_1_96' title="bbox 1940 3592 3645 3664; baseline -0.002 -13"><span class='ocrx_word' id='word_1_649' title='bbox 1940 3596 2338 3651; x_wconf 85' lang='lat' dir='ltr'><strong>Willhelmum</strong></span> <span class='ocrx_word' id='word_1_650' title='bbox 2382 3596 2713 3651; x_wconf 83' lang='lat' dir='ltr'><strong>Remensem</strong></span> <span class='ocrx_word' id='word_1_651' title='bbox 2743 3595 3261 3664; x_wconf 88' lang='lat' dir='ltr'><strong>archiepiscopum,</strong></span> <span class='ocrx_word' id='word_1_652' title='bbox 3306 3594 3392 3648; x_wconf 91' lang='lat' dir='ltr'><strong>tit.</strong></span> <span class='ocrx_word' id='word_1_653' title='bbox 3426 3592 3645 3649; x_wconf 87' lang='lat' dir='ltr'><strong>Sancta</strong></span> 
     </span>
    </p>
   </div>
   <div class='ocr_carea' id='block_1_97' title="bbox 1941 3680 3641 3753">
    <p class='ocr_par' dir='ltr' id='par_1_97' title="bbox 1941 3680 3641 3753">
     <span class='ocr_line' id='line_1_97' title="bbox 1941 3680 3641 3753; baseline -0.003 -12"><span class='ocrx_word' id='word_1_654' title='bbox 1941 3684 2165 3741; x_wconf 89' lang='lat' dir='ltr'><strong>Sabina</strong></span> <span class='ocrx_word' id='word_1_655' title='bbox 2211 3683 2581 3750; x_wconf 91' lang='lat' dir='ltr'><strong>cardinalem,</strong></span> <span class='ocrx_word' id='word_1_656' title='bbox 2637 3684 2959 3753; x_wconf 88' lang='lat' dir='ltr'><strong>apostolica</strong></span> <span class='ocrx_word' id='word_1_657' title='bbox 3007 3683 3155 3738; x_wconf 89' lang='lat' dir='ltr'><strong>sedis</strong></span> <span class='ocrx_word' id='word_1_658' title='bbox 3205 3682 3506 3753; x_wconf 84' lang='lat' dir='ltr'><strong>legatum;</strong></span> <span class='ocrx_word' id='word_1_659' title='bbox 3553 3680 3641 3736; x_wconf 91' lang='lat' dir='ltr'><strong>Si-</strong></span> 
     </span>
    </p>
   </div>
   <div class='ocr_carea' id='block_1_98' title="bbox 1941 3769 3645 3843">
    <p class='ocr_par' dir='ltr' id='par_1_98' title="bbox 1941 3769 3645 3843">
     <span class='ocr_line' id='line_1_98' title="bbox 1941 3769 3645 3843; baseline -0.003 -14"><span class='ocrx_word' id='word_1_660' title='bbox 1941 3787 2167 3829; x_wconf 90' lang='lat' dir='ltr'><strong>monem</strong></span> <span class='ocrx_word' id='word_1_661' title='bbox 2219 3773 2374 3828; x_wconf 89' lang='lat' dir='ltr'><strong>Beati</strong></span> <span class='ocrx_word' id='word_1_662' title='bbox 2413 3772 2655 3843; x_wconf 82' lang='lat' dir='ltr'><strong>Remigii</strong></span> <span class='ocrx_word' id='word_1_663' title='bbox 2705 3771 2995 3828; x_wconf 82' lang='lat' dir='ltr'><strong>Remensis</strong></span> <span class='ocrx_word' id='word_1_664' title='bbox 3033 3772 3338 3840; x_wconf 88' lang='lat' dir='ltr'><strong>abbatem;</strong></span> <span class='ocrx_word' id='word_1_665' title='bbox 3369 3777 3424 3826; x_wconf 91' lang='lat' dir='ltr'><strong>et</strong></span> <span class='ocrx_word' id='word_1_666' title='bbox 3453 3769 3645 3840; x_wconf 88' lang='lat' dir='ltr'><strong>magi-</strong></span> 
     </span>
    </p>
   </div>
   <div class='ocr_carea' id='block_1_99' title="bbox 1942 3858 3642 3924">
    <p class='ocr_par' dir='ltr' id='par_1_99' title="bbox 1942 3858 3642 3924">
     <span class='ocr_line' id='line_1_99' title="bbox 1942 3858 3642 3924; baseline -0.002 -8"><span class='ocrx_word' id='word_1_667' title='bbox 1942 3869 2126 3917; x_wconf 88' lang='lat' dir='ltr'><strong>strum</strong></span> <span class='ocrx_word' id='word_1_668' title='bbox 2177 3861 2465 3917; x_wconf 90' lang='lat' dir='ltr'><strong>Meliorem</strong></span> <span class='ocrx_word' id='word_1_669' title='bbox 2514 3861 2811 3916; x_wconf 84' lang='lat' dir='ltr'><strong>Remensis</strong></span> <span class='ocrx_word' id='word_1_670' title='bbox 2863 3859 3111 3915; x_wconf 89' lang='lat' dir='ltr'><strong>ecclesia</strong></span> <span class='ocrx_word' id='word_1_671' title='bbox 3158 3860 3281 3914; x_wconf 84' lang='lat' dir='ltr'><strong>vice</strong></span> <span class='ocrx_word' id='word_1_672' title='bbox 3301 3858 3642 3924; x_wconf 90' lang='lat' dir='ltr'><strong>dominum;</strong></span> 
     </span>
    </p>
   </div>
   <div class='ocr_carea' id='block_1_100' title="bbox 1942 3943 3644 4016">
    <p class='ocr_par' dir='ltr' id='par_1_100' title="bbox 1942 3943 3644 4016">
     <span class='ocr_line' id='line_1_100' title="bbox 1942 3943 3644 4016; baseline -0.002 -14"><span class='ocrx_word' id='word_1_673' title='bbox 1942 3948 2079 4002; x_wconf 90' lang='lat' dir='ltr'><strong>hinc</strong></span> <span class='ocrx_word' id='word_1_674' title='bbox 2150 3947 2281 4002; x_wconf 92' lang='lat' dir='ltr'><strong>inde</strong></span> <span class='ocrx_word' id='word_1_675' title='bbox 2353 3947 2462 4003; x_wconf 82' lang='lat' dir='ltr'><strong>fide</strong></span> <span class='ocrx_word' id='word_1_676' title='bbox 2541 3946 2875 4016; x_wconf 88' lang='lat' dir='ltr'><strong>interposita</strong></span> <span class='ocrx_word' id='word_1_677' title='bbox 2940 3945 3455 4015; x_wconf 90' lang='lat' dir='ltr'><strong>compromisimus.</strong></span> <span class='ocrx_word' id='word_1_678' title='bbox 3529 3943 3644 4014; x_wconf 91' lang='lat' dir='ltr'><strong>Ipsi</strong></span> 
     </span>
    </p>
   </div>
   <div class='ocr_carea' id='block_1_101' title="bbox 1943 4029 3642 4100">
    <p class='ocr_par' dir='ltr' id='par_1_101' title="bbox 1943 4029 3642 4100">
     <span class='ocr_line' id='line_1_101' title="bbox 1943 4029 3642 4100; baseline -0.002 -10"><span class='ocrx_word' id='word_1_679' title='bbox 1943 4049 2080 4090; x_wconf 85' lang='lat' dir='ltr'><strong>vero</strong></span> <span class='ocrx_word' id='word_1_680' title='bbox 2107 4034 2418 4090; x_wconf 90' lang='lat' dir='ltr'><strong>deliberato</strong></span> <span class='ocrx_word' id='word_1_681' title='bbox 2450 4035 2598 4089; x_wconf 91' lang='lat' dir='ltr'><strong>inter</strong></span> <span class='ocrx_word' id='word_1_682' title='bbox 2623 4048 2701 4100; x_wconf 91' lang='lat' dir='ltr'><strong>se,</strong></span> <span class='ocrx_word' id='word_1_683' title='bbox 2749 4033 2940 4088; x_wconf 90' lang='lat' dir='ltr'><strong>debita</strong></span> <span class='ocrx_word' id='word_1_684' title='bbox 2993 4031 3342 4097; x_wconf 88' lang='lat' dir='ltr'><strong>maturitate,</strong></span> <span class='ocrx_word' id='word_1_685' title='bbox 3385 4029 3642 4098; x_wconf 89' lang='lat' dir='ltr'><strong>consilio,</strong></span> 
     </span>
    </p>
   </div>
   <div class='ocr_carea' id='block_1_102' title="bbox 1944 4119 3642 4193">
    <p class='ocr_par' dir='ltr' id='par_1_102' title="bbox 1944 4119 3642 4193">
     <span class='ocr_line' id='line_1_102' title="bbox 1944 4119 3642 4193; baseline -0.004 -14"><span class='ocrx_word' id='word_1_686' title='bbox 1944 4137 2046 4193; x_wconf 90' lang='lat' dir='ltr'><strong>pro</strong></span> <span class='ocrx_word' id='word_1_687' title='bbox 2080 4123 2228 4178; x_wconf 92' lang='lat' dir='ltr'><strong>bono</strong></span> <span class='ocrx_word' id='word_1_688' title='bbox 2255 4123 2411 4192; x_wconf 90' lang='lat' dir='ltr'><strong>pacis</strong></span> <span class='ocrx_word' id='word_1_689' title='bbox 2445 4123 2591 4178; x_wconf 91' lang='lat' dir='ltr'><strong>inter</strong></span> <span class='ocrx_word' id='word_1_690' title='bbox 2620 4136 2722 4177; x_wconf 90' lang='lat' dir='ltr'><strong>nos</strong></span> <span class='ocrx_word' id='word_1_691' title='bbox 2753 4130 2806 4177; x_wconf 93' lang='lat' dir='ltr'><strong>et</strong></span> <span class='ocrx_word' id='word_1_692' title='bbox 2835 4135 2955 4188; x_wconf 89' lang='lat' dir='ltr'><strong>vos,</strong></span> <span class='ocrx_word' id='word_1_693' title='bbox 2988 4119 3172 4175; x_wconf 91' lang='lat' dir='ltr'><strong>taliter</strong></span> <span class='ocrx_word' id='word_1_694' title='bbox 3201 4126 3642 4188; x_wconf 89' lang='lat' dir='ltr'><strong>transegerunt;</strong></span> 
     </span>
    </p>
   </div>
   <div class='ocr_carea' id='block_1_103' title="bbox 1943 4208 3644 4280">
    <p class='ocr_par' dir='ltr' id='par_1_103' title="bbox 1943 4208 3644 4280">
     <span class='ocr_line' id='line_1_103' title="bbox 1943 4208 3644 4280; baseline -0.002 -14"><span class='ocrx_word' id='word_1_695' title='bbox 1943 4213 2212 4267; x_wconf 90' lang='lat' dir='ltr'><strong>Vestrum</strong></span> <span class='ocrx_word' id='word_1_696' title='bbox 2260 4211 2542 4280; x_wconf 88' lang='lat' dir='ltr'><strong>siquidem</strong></span> <span class='ocrx_word' id='word_1_697' title='bbox 2591 4210 2975 4266; x_wconf 83' lang='lat' dir='ltr'><strong>cameterium</strong></span> <span class='ocrx_word' id='word_1_698' title='bbox 3023 4208 3184 4264; x_wconf 91' lang='lat' dir='ltr'><strong>vobis</strong></span> <span class='ocrx_word' id='word_1_699' title='bbox 3216 4208 3272 4262; x_wconf 93' lang='lat' dir='ltr'><strong>in</strong></span> <span class='ocrx_word' id='word_1_700' title='bbox 3300 4214 3644 4278; x_wconf 89' lang='lat' dir='ltr'><strong>perpetuum</strong></span> 
     </span>
    </p>
   </div>
   <div class='ocr_carea' id='block_1_104' title="bbox 1946 4295 3644 4368">
    <p class='ocr_par' dir='ltr' id='par_1_104' title="bbox 1946 4295 3644 4368">
     <span class='ocr_line' id='line_1_104' title="bbox 1946 4295 3644 4368; baseline -0.003 -14"><span class='ocrx_word' id='word_1_701' title='bbox 1946 4299 2194 4355; x_wconf 91' lang='lat' dir='ltr'><strong>liberum</strong></span> <span class='ocrx_word' id='word_1_702' title='bbox 2242 4299 2597 4364; x_wconf 86' lang='lat' dir='ltr'><strong>remanebit;</strong></span> <span class='ocrx_word' id='word_1_703' title='bbox 2644 4298 2724 4354; x_wconf 89' lang='lat' dir='ltr'><strong>ita</strong></span> <span class='ocrx_word' id='word_1_704' title='bbox 2767 4298 2919 4368; x_wconf 93' lang='lat' dir='ltr'><strong>quod</strong></span> <span class='ocrx_word' id='word_1_705' title='bbox 2974 4305 3087 4352; x_wconf 88' lang='lat' dir='ltr'><strong>tam</strong></span> <span class='ocrx_word' id='word_1_706' title='bbox 3145 4295 3425 4365; x_wconf 91' lang='lat' dir='ltr'><strong>episcopis</strong></span> <span class='ocrx_word' id='word_1_707' title='bbox 3464 4309 3644 4365; x_wconf 90' lang='lat' dir='ltr'><strong>quam</strong></span> 
     </span>
    </p>
   </div>
   <div class='ocr_carea' id='block_1_105' title="bbox 1873 4381 3644 4452">
    <p class='ocr_par' dir='ltr' id='par_1_105' title="bbox 1873 4381 3644 4452">
     <span class='ocr_line' id='line_1_105' title="bbox 1873 4381 3644 4452; baseline -0.005 -7"><span class='ocrx_word' id='word_1_708' title='bbox 1873 4393 1916 4445; x_wconf 95' lang='lat' dir='ltr'><strong>D</strong></span> <span class='ocrx_word' id='word_1_709' title='bbox 1944 4387 2236 4442; x_wconf 89' lang='lat' dir='ltr'><strong>canonicis</strong></span> <span class='ocrx_word' id='word_1_710' title='bbox 2277 4393 2331 4441; x_wconf 92' lang='lat' dir='ltr'><strong>et</strong></span> <span class='ocrx_word' id='word_1_711' title='bbox 2383 4386 2589 4440; x_wconf 90' lang='lat' dir='ltr'><strong>casatis</strong></span> <span class='ocrx_word' id='word_1_712' title='bbox 2642 4383 2910 4439; x_wconf 88' lang='lat' dir='ltr'><strong>Ecclesia</strong></span> <span class='ocrx_word' id='word_1_713' title='bbox 2960 4391 3182 4450; x_wconf 87' lang='lat' dir='ltr'><strong>vestra,</strong></span> <span class='ocrx_word' id='word_1_714' title='bbox 3233 4391 3288 4438; x_wconf 93' lang='lat' dir='ltr'><strong>et</strong></span> <span class='ocrx_word' id='word_1_715' title='bbox 3331 4382 3460 4438; x_wconf 83' lang='lat' dir='ltr'><strong>aliis</strong></span> <span class='ocrx_word' id='word_1_716' title='bbox 3506 4381 3644 4452; x_wconf 92' lang='lat' dir='ltr'><strong>qui-</strong></span> 
     </span>
    </p>
   </div>
   <div class='ocr_carea' id='block_1_106' title="bbox 1939 4471 3638 4543">
    <p class='ocr_par' dir='ltr' id='par_1_106' title="bbox 1939 4471 3638 4543">
     <span class='ocr_line' id='line_1_106' title="bbox 1939 4471 3638 4543; baseline -0.005 -12"><span class='ocrx_word' id='word_1_717' title='bbox 1939 4475 2189 4531; x_wconf 90' lang='lat' dir='ltr'><strong>buslibet</strong></span> <span class='ocrx_word' id='word_1_718' title='bbox 2232 4475 2486 4543; x_wconf 90' lang='lat' dir='ltr'><strong>personis</strong></span> <span class='ocrx_word' id='word_1_719' title='bbox 2535 4480 2647 4528; x_wconf 89' lang='lat' dir='ltr'><strong>tam</strong></span> <span class='ocrx_word' id='word_1_720' title='bbox 2693 4471 2914 4528; x_wconf 90' lang='lat' dir='ltr'><strong>clericis</strong></span> <span class='ocrx_word' id='word_1_721' title='bbox 2941 4486 3116 4542; x_wconf 85' lang='lat' dir='ltr'><strong>quam</strong></span> <span class='ocrx_word' id='word_1_722' title='bbox 3156 4471 3336 4537; x_wconf 89' lang='lat' dir='ltr'><strong>laicis,</strong></span> <span class='ocrx_word' id='word_1_723' title='bbox 3389 4471 3638 4526; x_wconf 90' lang='lat' dir='ltr'><strong>liberum</strong></span> 
     </span>
    </p>
   </div>
   <div class='ocr_carea' id='block_1_107' title="bbox 1937 4559 3643 4633">
    <p class='ocr_par' dir='ltr' id='par_1_107' title="bbox 1937 4559 3643 4633">
     <span class='ocr_line' id='line_1_107' title="bbox 1937 4559 3643 4633; baseline -0.003 -15"><span class='ocrx_word' id='word_1_724' title='bbox 1937 4565 2009 4619; x_wconf 88' lang='lat' dir='ltr'><strong>sit</strong></span> <span class='ocrx_word' id='word_1_725' title='bbox 2045 4564 2252 4619; x_wconf 90' lang='lat' dir='ltr'><strong>ibidem</strong></span> <span class='ocrx_word' id='word_1_726' title='bbox 2289 4563 2499 4633; x_wconf 84' lang='lat' dir='ltr'><strong>eligere</strong></span> <span class='ocrx_word' id='word_1_727' title='bbox 2545 4561 2925 4630; x_wconf 89' lang='lat' dir='ltr'><strong>sepulturam.</strong></span> <span class='ocrx_word' id='word_1_728' title='bbox 2975 4559 3135 4626; x_wconf 87' lang='lat' dir='ltr'><strong>Quod</strong></span> <span class='ocrx_word' id='word_1_729' title='bbox 3168 4560 3215 4615; x_wconf 91' lang='lat' dir='ltr'><strong>si</strong></span> <span class='ocrx_word' id='word_1_730' title='bbox 3264 4559 3396 4630; x_wconf 90' lang='lat' dir='ltr'><strong>quis</strong></span> <span class='ocrx_word' id='word_1_731' title='bbox 3443 4572 3643 4614; x_wconf 91' lang='lat' dir='ltr'><strong>eorum</strong></span> 
     </span>
    </p>
   </div>
   <div class='ocr_carea' id='block_1_108' title="bbox 1937 4645 3643 4720">
    <p class='ocr_par' dir='ltr' id='par_1_108' title="bbox 1937 4645 3643 4720">
     <span class='ocr_line' id='line_1_108' title="bbox 1937 4645 3643 4720; baseline -0.003 -14"><span class='ocrx_word' id='word_1_732' title='bbox 1937 4659 2263 4708; x_wconf 90' lang='lat' dir='ltr'><strong>casatorum</strong></span> <span class='ocrx_word' id='word_1_733' title='bbox 2296 4650 2432 4706; x_wconf 92' lang='lat' dir='ltr'><strong>alibi</strong></span> <span class='ocrx_word' id='word_1_734' title='bbox 2463 4663 2639 4720; x_wconf 90' lang='lat' dir='ltr'><strong>quam</strong></span> <span class='ocrx_word' id='word_1_735' title='bbox 2683 4648 2837 4718; x_wconf 89' lang='lat' dir='ltr'><strong>apud</strong></span> <span class='ocrx_word' id='word_1_736' title='bbox 2871 4662 2973 4703; x_wconf 87' lang='lat' dir='ltr'><strong>vos</strong></span> <span class='ocrx_word' id='word_1_737' title='bbox 3001 4655 3057 4703; x_wconf 92' lang='lat' dir='ltr'><strong>et</strong></span> <span class='ocrx_word' id='word_1_738' title='bbox 3087 4662 3191 4703; x_wconf 93' lang='lat' dir='ltr'><strong>nos</strong></span> <span class='ocrx_word' id='word_1_739' title='bbox 3221 4646 3482 4716; x_wconf 91' lang='lat' dir='ltr'><strong>sepultus</strong></span> <span class='ocrx_word' id='word_1_740' title='bbox 3513 4645 3643 4701; x_wconf 91' lang='lat' dir='ltr'><strong>fue—</strong></span> 
     </span>
    </p>
   </div>
   <div class='ocr_carea' id='block_1_109' title="bbox 1938 4733 3643 4810">
    <p class='ocr_par' dir='ltr' id='par_1_109' title="bbox 1938 4733 3643 4810">
     <span class='ocr_line' id='line_1_109' title="bbox 1938 4733 3643 4810; baseline -0.005 -14"><span class='ocrx_word' id='word_1_741' title='bbox 1938 4741 2029 4808; x_wconf 91' lang='lat' dir='ltr'><strong>rit,</strong></span> <span class='ocrx_word' id='word_1_742' title='bbox 2080 4741 2178 4810; x_wconf 89' lang='lat' dir='ltr'><strong>jus</strong></span> <span class='ocrx_word' id='word_1_743' title='bbox 2222 4746 2483 4794; x_wconf 90' lang='lat' dir='ltr'><strong>nostrum</strong></span> <span class='ocrx_word' id='word_1_744' title='bbox 2529 4745 2584 4793; x_wconf 92' lang='lat' dir='ltr'><strong>et</strong></span> <span class='ocrx_word' id='word_1_745' title='bbox 2627 4746 2882 4793; x_wconf 89' lang='lat' dir='ltr'><strong>vestrum</strong></span> <span class='ocrx_word' id='word_1_746' title='bbox 2924 4735 3330 4792; x_wconf 91' lang='lat' dir='ltr'><strong>communibus</strong></span> <span class='ocrx_word' id='word_1_747' title='bbox 3381 4733 3643 4804; x_wconf 89' lang='lat' dir='ltr'><strong>expensis</strong></span> 
     </span>
    </p>
   </div>
   <div class='ocr_carea' id='block_1_110' title="bbox 1937 4823 3640 4896">
    <p class='ocr_par' dir='ltr' id='par_1_110' title="bbox 1937 4823 3640 4896">
     <span class='ocr_line' id='line_1_110' title="bbox 1937 4823 3640 4896; baseline -0.005 -12"><span class='ocrx_word' id='word_1_748' title='bbox 1937 4837 1990 4884; x_wconf 93' lang='lat' dir='ltr'><strong>et</strong></span> <span class='ocrx_word' id='word_1_749' title='bbox 2033 4828 2327 4884; x_wconf 87' lang='lat' dir='ltr'><strong>laboribus</strong></span> <span class='ocrx_word' id='word_1_750' title='bbox 2349 4839 2806 4896; x_wconf 87' lang='lat' dir='ltr'><strong>prosequemur;</strong></span> <span class='ocrx_word' id='word_1_751' title='bbox 2838 4832 2892 4880; x_wconf 93' lang='lat' dir='ltr'><strong>et</strong></span> <span class='ocrx_word' id='word_1_752' title='bbox 2935 4823 3388 4879; x_wconf 90' lang='lat' dir='ltr'><strong>emolumentum</strong></span> <span class='ocrx_word' id='word_1_753' title='bbox 3435 4835 3640 4892; x_wconf 89' lang='lat' dir='ltr'><strong>aqua-</strong></span> 
     </span>
    </p>
   </div>
   <div class='ocr_carea' id='block_1_111' title="bbox 1939 4910 3643 4985">
    <p class='ocr_par' dir='ltr' id='par_1_111' title="bbox 1939 4910 3643 4985">
     <span class='ocr_line' id='line_1_111' title="bbox 1939 4910 3643 4985; baseline -0.004 -14"><span class='ocrx_word' id='word_1_754' title='bbox 1939 4916 2066 4971; x_wconf 89' lang='lat' dir='ltr'><strong>liter</strong></span> <span class='ocrx_word' id='word_1_755' title='bbox 2111 4916 2397 4985; x_wconf 89' lang='lat' dir='ltr'><strong>patiemur</strong></span> <span class='ocrx_word' id='word_1_756' title='bbox 2439 4915 2589 4970; x_wconf 91' lang='lat' dir='ltr'><strong>bona</strong></span> <span class='ocrx_word' id='word_1_757' title='bbox 2645 4913 2774 4979; x_wconf 84' lang='lat' dir='ltr'><strong>fide,</strong></span> <span class='ocrx_word' id='word_1_758' title='bbox 2825 4911 3117 4968; x_wconf 90' lang='lat' dir='ltr'><strong>canonicis</strong></span> <span class='ocrx_word' id='word_1_759' title='bbox 3159 4925 3294 4966; x_wconf 91' lang='lat' dir='ltr'><strong>vero</strong></span> <span class='ocrx_word' id='word_1_760' title='bbox 3335 4910 3560 4975; x_wconf 90' lang='lat' dir='ltr'><strong>vestris,</strong></span> <span class='ocrx_word' id='word_1_761' title='bbox 3588 4917 3643 4965; x_wconf 91' lang='lat' dir='ltr'><strong>et</strong></span> 
     </span>
    </p>
   </div>
   <div class='ocr_carea' id='block_1_112' title="bbox 1937 4997 3642 5074">
    <p class='ocr_par' dir='ltr' id='par_1_112' title="bbox 1937 4997 3642 5074">
     <span class='ocr_line' id='line_1_112' title="bbox 1937 4997 3642 5074; baseline -0.004 -15"><span class='ocrx_word' id='word_1_762' title='bbox 1937 5005 2091 5074; x_wconf 90' lang='lat' dir='ltr'><strong>apud</strong></span> <span class='ocrx_word' id='word_1_763' title='bbox 2125 5019 2226 5060; x_wconf 90' lang='lat' dir='ltr'><strong>vos</strong></span> <span class='ocrx_word' id='word_1_764' title='bbox 2270 5011 2325 5059; x_wconf 92' lang='lat' dir='ltr'><strong>et</strong></span> <span class='ocrx_word' id='word_1_765' title='bbox 2373 5003 2529 5073; x_wconf 91' lang='lat' dir='ltr'><strong>apud</strong></span> <span class='ocrx_word' id='word_1_766' title='bbox 2576 5017 2696 5066; x_wconf 89' lang='lat' dir='ltr'><strong>nos,</strong></span> <span class='ocrx_word' id='word_1_767' title='bbox 2731 5011 2784 5057; x_wconf 93' lang='lat' dir='ltr'><strong>et</strong></span> <span class='ocrx_word' id='word_1_768' title='bbox 2823 5000 3161 5069; x_wconf 90' lang='lat' dir='ltr'><strong>ubicunque</strong></span> <span class='ocrx_word' id='word_1_769' title='bbox 3206 4997 3496 5054; x_wconf 88' lang='lat' dir='ltr'><strong>voluerint</strong></span> <span class='ocrx_word' id='word_1_770' title='bbox 3535 4997 3642 5053; x_wconf 89' lang='lat' dir='ltr'><strong>erit</strong></span> 
     </span>
    </p>
   </div>
   <div class='ocr_carea' id='block_1_113' title="bbox 1937 5087 3642 5162">
    <p class='ocr_par' dir='ltr' id='par_1_113' title="bbox 1937 5087 3642 5162">
     <span class='ocr_line' id='line_1_113' title="bbox 1937 5087 3642 5162; baseline -0.004 -14"><span class='ocrx_word' id='word_1_771' title='bbox 1937 5093 2180 5149; x_wconf 91' lang='lat' dir='ltr'><strong>liberum</strong></span> <span class='ocrx_word' id='word_1_772' title='bbox 2212 5091 2456 5162; x_wconf 88' lang='lat' dir='ltr'><strong>sepeliri.</strong></span> <span class='ocrx_word' id='word_1_773' title='bbox 2491 5091 2605 5148; x_wconf 92' lang='lat' dir='ltr'><strong>Vos</strong></span> <span class='ocrx_word' id='word_1_774' title='bbox 2644 5090 2821 5161; x_wconf 88' lang='lat' dir='ltr'><strong>igitur</strong></span> <span class='ocrx_word' id='word_1_775' title='bbox 2855 5090 2910 5143; x_wconf 91' lang='lat' dir='ltr'><strong>in</strong></span> <span class='ocrx_word' id='word_1_776' title='bbox 2956 5088 3346 5158; x_wconf 91' lang='lat' dir='ltr'><strong>recognitione</strong></span> <span class='ocrx_word' id='word_1_777' title='bbox 3384 5087 3642 5156; x_wconf 90' lang='lat' dir='ltr'><strong>antiqua</strong></span> 
     </span>
    </p>
   </div>
   <div class='ocr_carea' id='block_1_114' title="bbox 1936 5175 3640 5237">
    <p class='ocr_par' dir='ltr' id='par_1_114' title="bbox 1936 5175 3640 5237">
     <span class='ocr_line' id='line_1_114' title="bbox 1936 5175 3640 5237; baseline -0.004 0"><span class='ocrx_word' id='word_1_778' title='bbox 1936 5181 2369 5237; x_wconf 89' lang='lat' dir='ltr'><strong>consuetudinis</strong></span> <span class='ocrx_word' id='word_1_779' title='bbox 2400 5187 2607 5235; x_wconf 90' lang='lat' dir='ltr'><strong>nostra</strong></span> <span class='ocrx_word' id='word_1_780' title='bbox 2633 5178 2932 5235; x_wconf 88' lang='lat' dir='ltr'><strong>duodecim</strong></span> <span class='ocrx_word' id='word_1_781' title='bbox 2978 5177 3244 5232; x_wconf 87' lang='lat' dir='ltr'><strong>denarios</strong></span> <span class='ocrx_word' id='word_1_782' title='bbox 3292 5175 3640 5232; x_wconf 88' lang='lat' dir='ltr'><strong>Laudunen-</strong></span> 
     </span>
    </p>
   </div>
   <div class='ocr_carea' id='block_1_115' title="bbox 1935 5263 3640 5326">
    <p class='ocr_par' dir='ltr' id='par_1_115' title="bbox 1935 5263 3640 5326">
     <span class='ocr_line' id='line_1_115' title="bbox 1935 5263 3640 5326; baseline -0.004 -1"><span class='ocrx_word' id='word_1_783' title='bbox 1935 5271 2012 5326; x_wconf 92' lang='lat' dir='ltr'><strong>sis</strong></span> <span class='ocrx_word' id='word_1_784' title='bbox 2043 5277 2283 5325; x_wconf 90' lang='lat' dir='ltr'><strong>moneta</strong></span> <span class='ocrx_word' id='word_1_785' title='bbox 2313 5269 2477 5324; x_wconf 90' lang='lat' dir='ltr'><strong>nobis</strong></span> <span class='ocrx_word' id='word_1_786' title='bbox 2524 5269 2581 5323; x_wconf 95' lang='lat' dir='ltr'><strong>in</strong></span> <span class='ocrx_word' id='word_1_787' title='bbox 2621 5267 2759 5323; x_wconf 91' lang='lat' dir='ltr'><strong>festo</strong></span> <span class='ocrx_word' id='word_1_788' title='bbox 2791 5267 2974 5322; x_wconf 89' lang='lat' dir='ltr'><strong>sancti</strong></span> <span class='ocrx_word' id='word_1_789' title='bbox 3018 5264 3306 5322; x_wconf 88' lang='lat' dir='ltr'><strong>Vincentii</strong></span> <span class='ocrx_word' id='word_1_790' title='bbox 3339 5263 3640 5319; x_wconf 87' lang='lat' dir='ltr'><strong>annuatim</strong></span> 
     </span>
    </p>
   </div>
   <div class='ocr_carea' id='block_1_116' title="bbox 1935 5352 3640 5432">
    <p class='ocr_par' dir='ltr' id='par_1_116' title="bbox 1935 5352 3640 5432">
     <span class='ocr_line' id='line_1_116' title="bbox 1935 5352 3640 5432; baseline -0.005 -18"><span class='ocrx_word' id='word_1_791' title='bbox 1935 5359 2287 5429; x_wconf 87' lang='lat' dir='ltr'><strong>persolvetis.</strong></span> <span class='ocrx_word' id='word_1_792' title='bbox 2331 5357 2512 5424; x_wconf 90' lang='lat' dir='ltr'><strong>Quod,</strong></span> <span class='ocrx_word' id='word_1_793' title='bbox 2561 5364 2625 5412; x_wconf 90' lang='lat' dir='ltr'><strong>ut</strong></span> <span class='ocrx_word' id='word_1_794' title='bbox 2686 5363 2878 5411; x_wconf 90' lang='lat' dir='ltr'><strong>ratum</strong></span> <span class='ocrx_word' id='word_1_795' title='bbox 2947 5361 3300 5424; x_wconf 90' lang='lat' dir='ltr'><strong>permaneat,</strong></span> <span class='ocrx_word' id='word_1_796' title='bbox 3375 5352 3640 5432; x_wconf 85' lang='lat' dir='ltr'><strong>chartam</strong></span> 
     </span>
    </p>
   </div>
   <div class='ocr_carea' id='block_1_117' title="bbox 1936 5441 3639 5517">
    <p class='ocr_par' dir='ltr' id='par_1_117' title="bbox 1936 5441 3639 5517">
     <span class='ocr_line' id='line_1_117' title="bbox 1936 5441 3639 5517; baseline -0.005 -16"><span class='ocrx_word' id='word_1_797' title='bbox 1936 5448 2102 5503; x_wconf 89' lang='lat' dir='ltr'><strong>istam</strong></span> <span class='ocrx_word' id='word_1_798' title='bbox 2145 5445 2315 5517; x_wconf 92' lang='lat' dir='ltr'><strong>sigilli</strong></span> <span class='ocrx_word' id='word_1_799' title='bbox 2370 5445 2546 5501; x_wconf 91' lang='lat' dir='ltr'><strong>nostri</strong></span> <span class='ocrx_word' id='word_1_800' title='bbox 2603 5444 2973 5514; x_wconf 83' lang='lat' dir='ltr'><strong>impressione</strong></span> <span class='ocrx_word' id='word_1_801' title='bbox 3021 5442 3238 5498; x_wconf 91' lang='lat' dir='ltr'><strong>muniri</strong></span> <span class='ocrx_word' id='word_1_802' title='bbox 3282 5441 3639 5497; x_wconf 89' lang='lat' dir='ltr'><strong>curavimus.</strong></span> 
     </span>
    </p>
   </div>
   <div class='ocr_carea' id='block_1_118' title="bbox 1938 5529 3642 5591">
    <p class='ocr_par' dir='ltr' id='par_1_118' title="bbox 1938 5529 3642 5591">
     <span class='ocr_line' id='line_1_118' title="bbox 1938 5529 3642 5591; baseline -0.005 0"><span class='ocrx_word' id='word_1_803' title='bbox 1938 5539 2139 5591; x_wconf 84' lang='lat' dir='ltr'><strong>Actum</strong></span> <span class='ocrx_word' id='word_1_804' title='bbox 2183 5548 2336 5590; x_wconf 90' lang='lat' dir='ltr'><strong>anno</strong></span> <span class='ocrx_word' id='word_1_805' title='bbox 2385 5532 2676 5589; x_wconf 87' lang='lat' dir='ltr'><strong>Incarnati</strong></span> <span class='ocrx_word' id='word_1_806' title='bbox 2736 5531 2915 5590; x_wconf 86' lang='lat' dir='ltr'><strong>Verbt</strong></span> <span class='ocrx_word' id='word_1_807' title='bbox 2967 5529 3269 5587; x_wconf 89' lang='lat' dir='ltr'><strong>millesimo</strong></span> <span class='ocrx_word' id='word_1_808' title='bbox 3334 5529 3642 5586; x_wconf 88' lang='lat' dir='ltr'><strong>centesimo</strong></span> 
     </span>
    </p>
   </div>
   <div class='ocr_carea' id='block_1_119' title="bbox 1934 5622 2596 5694">
    <p class='ocr_par' dir='ltr' id='par_1_119' title="bbox 1934 5622 2596 5694">
     <span class='ocr_line' id='line_1_119' title="bbox 1934 5622 2596 5694; baseline -0.012 -14"><span class='ocrx_word' id='word_1_809' title='bbox 1934 5623 2323 5694; x_wconf 88' lang='lat' dir='ltr'><strong>octuagesimo</strong></span> <span class='ocrx_word' id='word_1_810' title='bbox 2351 5622 2537 5679; x_wconf 90' lang='lat' dir='ltr'><strong>tertio.</strong></span> <span class='ocrx_word' id='word_1_811' title='bbox 2567 5643 2596 5672; x_wconf 85' lang='lat'><strong>»</strong></span> 
     </span>
    </p>
   </div>
  </div>
