3930 6404
344 354 479 409 1159

1369 354 1463 409 AD
1503 355 1656 410 OPP.
1698 354 1857 409 VEN.
1902 353 2233 412 GUIBERTI
2273 355 2364 410 DE
2403 356 2797 413 NOVIGENTO

3705 363 3841 416 1160

411 487 779 559 Privilegium
821 488 1036 545 decano
1075 488 1444 544 Laudunensi
1490 488 1562 543 ab
1608 488 1938 544 Innocentio
1981 489 2031 544 Il
2069 492 2116 544 Α
2145 503 2276 545 cum
2311 490 2528 547 feretris
2572 505 2748 561 super
2797 490 3188 561 pavimentum
3227 492 3585 563 deponenda,
3626 503 3683 553 et
3730 497 3841 566 spi-

339 590 693 644 concessum,
760 576 1099 632 Guillelmus
1184 576 1276 630 ille
1361 576 1825 645 archiepiscopus
1913 578 2036 633 vice

340 666 553 721 summi
600 664 885 735 pontificis
935 663 1186 733 repetitis
1233 663 1421 718 verbis
1467 664 1764 720 declarat:
1805 686 1833 713 ‹‹
1879 666 2035 721 Pra-

340 760 496 808 terea
539 750 905 807 concedimus
950 750 1131 817 vobis,
1182 750 1335 820 quod
1373 756 1429 806 et
1480 750 1585 820 pia
1628 751 2035 807 recordationis

342 841 710 896 Innocentius
758 852 903 909 papa
955 838 1113 894 vobis
1152 836 1413 903 indulsit,
1464 846 1526 892 ut
1567 838 1687 893 sive
1736 850 2029 908 prasente,

339 943 460 985 suve
503 929 734 984 absente
784 928 1047 996 episcopo
1109 934 1320 991 vestro,
1375 925 1766 983 malefactores
1817 936 2035 984 vestros

338 1015 853 1078 excommunicare,
888 1013 977 1068 vel
1016 1013 1313 1069 absolvere
1345 1013 1587 1083 possitis,
1639 1022 1695 1069 et
1738 1030 1871 1071 cum
1920 1015 2034 1071 ali-

339 1105 471 1176 quis
525 1117 560 1159 a
602 1102 762 1158 vobis
805 1102 1344 1157 excommunicatus
1382 1101 1571 1167 fuerit,
1612 1102 1827 1158 nemini
1870 1103 2034 1160 liceat

337 1192 649 1258 absolvere,
709 1190 817 1246 nisi
895 1190 1057 1260 prius
1134 1189 1386 1259 prastita
1458 1190 1861 1257 satisfactione,
1922 1199 2028 1247 etc.

336 1282 540 1337 Actum
573 1293 725 1334 anno
758 1277 1179 1334 Incarnationis
1214 1280 1362 1333 H79.
1403 1299 1424 1327 ι

409 1368 718 1424 Robertum
749 1367 820 1422 ad
851 1362 1073 1423 annum
1116 1368 1254 1424 1190
1288 1366 1472 1437 egisse
1508 1365 1790 1424 decanum
1830 1376 2032 1426 notant

335 1456 591 1526 antiqua
623 1454 990 1511 membrana.

407 1545 503 1600 lx.
553 1542 904 1599 Gislebertus
958 1544 1093 1597 H99
1143 1542 1243 1598 vix
1296 1555 1449 1598 anno
1487 1542 1803 1599 decanatus
1844 1542 2030 1599 ofllcio

333 1633 589 1690 functus.

531 1719 770 1776 Michael
924 1718 1211 1821 Corbolio‘
1229 1719 1404 1818 frater
1439 1718 1737 1819 Eeginaldi
1783 1719 1854 1775 de
1891 1717 2025 1775 Cor-
2067 1767 2105 1821 Β

335 1808 485 1865 bolio
511 1822 705 1863 Lxxvu
730 1806 1138 1876 archiepiscopi
1171 1804 1504 1863 Parisiensis
1527 1824 1542 1874 ;
1566 1806 1818 1877 primum
1848 1820 2025 1862 cano-

334 1897 501 1954 nicus
546 1894 919 1965 Parisiensis;
980 1895 1186 1950 deinde
1249 1894 1504 1951 decanus
1570 1893 1891 1961 Meldensis,
1963 1906 2031 1948 ac

334 1984 564 2040 tandem
590 1983 1009 2049 Laudunensis,
1042 1985 1196 2037 1191.
1227 1984 1299 2038 At
1328 1997 1458 2038 cum
1493 1990 1617 2052 post
1646 1982 1756 2037 hac
1784 1983 2028 2038 Michae-

336 2073 449 2130 lem
495 2073 603 2128 sibi
655 2073 713 2128 in
737 2072 1019 2127 decanum
1059 2070 1406 2126 Parisienses
1450 2079 1823 2141 cooptassent,
1854 2069 2028 2126 obsti-

335 2169 453 2218 tere
504 2160 952 2229 Laudunenses;
984 2158 1222 2230 quibus,
1263 2166 1328 2214 ut
1368 2159 1530 2214 illum
1571 2159 1856 2226 cederent,
1886 2158 2028 2214 scri-

333 2250 444 2321 psit
513 2247 810 2319 epistolam
900 2248 1224 2317 Stephanus
1303 2248 1703 2303 Tornacensis.
1784 2248 2029 2302 Demum

333 2338 605 2396 doctrina
640 2337 995 2410 pietatisque
1058 2336 1214 2391 fama
1292 2328 1460 2406 longe
1519 2335 1745 2405 lateque
1830 2349 2029 2405 perso-

333 2435 531 2494 nante,
566 2425 897 2497 patriarcha
922 2438 996 2480 ex
1025 2424 1241 2480 decano
1278 2423 1582 2479 Parisiensi
1619 2424 1893 2493 eligitur;
1926 2438 2027 2479 ve-

332 2530 466 2573 rum
505 2515 562 2570 in
599 2515 795 2570 itinere
826 2514 1045 2583 positus
1074 2512 1145 2567 ad
1175 2510 1374 2567 Sedem
1402 2507 1781 2567 Senonensem
1816 2511 2031 2567 invitus

333 2604 579 2675 rapitur.
624 2602 954 2660 Michaelem
997 2601 1147 2656 inter
1183 2599 1643 2670 archiepiscopos
1679 2598 2032 2656 Senonenses

333 2698 720 2748 annumerant
745 2690 991 2745 Iacobus
1020 2702 1054 2743 a
1084 2686 1296 2753 Guisia,
1323 2694 1378 2742 et
1408 2687 1806 2743 Demochares.

402 2776 505 2833 XI.
777 2774 1033 2830 decanus
1061 2773 1348 2842 reperitur
1378 2773 1532 2826 H93.

402 2865 526 2921 XII.
874 2860 1185 2932 paciscitur
1261 2874 1396 2916 cum
1470 2859 1766 2915 monachis
1836 2860 2030 2916 Sancti

332 2953 571 3010 Joannis
600 2949 999 3007 Laudunensis
1031 2950 1186 3004 1193.

2143 578 2232 633 nis
2263 579 2621 635 decrevimus
2652 579 3086 647 circumdanda,
3129 588 3185 636 et
3220 590 3352 637 ante
3381 584 3837 639 sacratissimum

2145 678 2359 734 corpus
2403 675 2459 722 et
2519 668 2862 737 sanguinem
2927 666 3151 722 Domini
3209 668 3389 724 nostri
3448 670 3578 725 Jesu
3630 671 3839 727 Christi

2143 759 2342 808 contra
2381 753 2683 823 pradictos
2731 761 3121 824 persecutores
3165 764 3382 811 vestros
3422 756 3669 828 singulis
3712 758 3839 814 die-

2143 839 2252 895 bus
2281 840 2529 897 humiles
2564 841 3068 911 proclamabimus,
3113 850 3167 899 et
3197 846 3483 913 prostrati.
3531 846 3598 902 Et
3632 845 3676 901 si
3715 848 3837 916 jam

2139 927 2357 984 dictum
2410 930 2823 1000 Ingelrannum
2886 931 2942 985 in
2987 931 3247 1006 ecclesia,
3295 932 3384 988 vel
3431 933 3661 989 civitate
3721 935 3836 990 Be-

2141 1016 2321 1071 mensi
2388 1016 2721 1073 noverimus
2783 1032 2906 1074 esse
2971 1026 3327 1088 prasentem,
3393 1020 3742 1077 cessabimus
3803 1035 3838 1077 a

2140 1101 2372 1159 divinis.
2412 1125 2434 1152 ι

2210 1191 2429 1255 Quibus
2506 1191 2651 1247 adde
2710 1190 2926 1248 litteras
2993 1192 3241 1263 episcopi
3311 1201 3367 1250 et
3424 1194 3835 1251 canonicorum

2139 1278 2404 1335 Ecclesia
2437 1278 2858 1336 Suessionensis
2885 1279 3072 1336 relatu
3103 1282 3258 1337 haud
3292 1282 3560 1353 indignas
3589 1298 3602 1337 :
3640 1304 3668 1332 ‹‹
3701 1285 3833 1339 Hu-

2140 1381 2210 1437 go
2241 1366 2340 1422 Dei
2372 1366 2559 1438 gratia
2596 1367 2916 1437 episcopus,
2968 1367 3023 1424 S.
3075 1369 3433 1439 prapositus,
3463 1371 3524 1425 G.
3558 1371 3831 1438 decanus,

2140 1462 2439 1525 totumque
2477 1457 2679 1512 matris
2717 1456 2982 1512 Ecclesia
3031 1458 3452 1514 Suessionensis
3489 1460 3830 1529 capitulum,

2139 1542 2279 1598 viris
2323 1543 2767 1609 venerabilibus,
2815 1551 2870 1599 et
2919 1544 2978 1598 in
3036 1544 3260 1601 Christo
3304 1546 3675 1613 charissimis,
3726 1548 3833 1603 de-

2137 1644 2301 1699 cano,
2361 1639 2417 1687 et
2463 1632 2717 1701 capitulo
2761 1632 3145 1701 Laudunensi,
3195 1633 3477 1704 salutem;
3520 1643 3573 1690 et
3613 1649 3714 1704 pro
3762 1634 3831 1689 li-

2140 1718 2357 1775 bertate
2400 1720 2665 1776 Ecclesia
2703 1729 2853 1776 stare
2893 1721 3153 1787 viriliter,
3202 1734 3306 1777 nec
3344 1722 3581 1778 deficere
3627 1723 3685 1778 in
3735 1723 3834 1778 ad-

2140 1806 2339 1861 versis.
2377 1809 2522 1863 Cum
2562 1807 2621 1862 in
2654 1807 2989 1878 hujusmodi
3028 1808 3334 1864 volutabro
3368 1808 3588 1865 nullam
3616 1818 3832 1866 certam

2137 1896 2513 1952 habuerimus
2542 1897 2917 1964 mansionem,
2951 1912 3057 1953 nec
3082 1898 3273 1954 adhuc
3293 1897 3464 1954 etiam
3489 1898 3829 1965 habeamus,

2134 1991 2237 2038 etc.
2267 1984 2507 2038 Turbati
2552 1998 2756 2041 sumus
2802 1984 3088 2054 siquidem
3133 1993 3187 2041 et
3225 1985 3502 2054 dolemus,
3545 1988 3699 2058 quod
3731 1988 3835 2043 Ec-

2134 2070 2306 2127 clesia
2351 2072 2493 2127 tanti
2544 2072 2812 2139 nominis,
2893 2080 3064 2129 tanta
3123 2073 3439 2144 dignitatis,
3505 2089 3635 2145 qua
3703 2076 3833 2130 aliis

2136 2159 2402 2215 Ecclesiis
2452 2159 2512 2214 in
2557 2159 2792 2216 consilio
2839 2168 2894 2216 et
2941 2160 3159 2217 auxilio
3208 2170 3582 2219 consueverat
3618 2163 3829 2219 subve-

2135 2247 2281 2314 nire,
2339 2256 2395 2302 et
2459 2247 2863 2304 consolationis
2926 2248 3109 2304 ubera
3192 2250 3482 2320 porrigere
3543 2251 3828 2319 desolatis,

2135 2335 2345 2391 nostris
2379 2335 2734 2405 temporibus
2766 2336 2886 2406 jam
2934 2337 3224 2406 prasentit
3256 2338 3637 2407 praambulos
3661 2340 3830 2395 Anti-

2135 2423 2353 2480 christi.
2410 2424 2571 2480 Unde
2620 2424 2690 2479 ad
2737 2425 3200 2494 supportandum
3247 2440 3396 2481 onus
3450 2436 3725 2493 vestrum,
3774 2436 3830 2484 et

2135 2512 2541 2568 desolationem
2582 2521 2851 2578 vestram,
2892 2513 3003 2568 imo
3041 2521 3318 2581 nostram,
3358 2514 3577 2570 ardenti
3613 2514 3825 2584 animo,

2136 2605 2191 2653 et
2221 2597 2459 2653 ferventi
2497 2597 2793 2665 desiderio,
2835 2599 3010 2655 corda
3048 2606 3104 2655 et
3142 2613 3381 2669 corpora
3422 2608 3632 2668 nostra,
3665 2602 3831 2657 vobis

2135 2685 2423 2742 universis
2491 2693 2547 2743 et
2607 2685 2852 2757 singulis
2909 2686 3273 2756 exponimus,
3326 2695 3381 2743 et
3445 2702 3535 2747 res
3582 2696 3827 2753 nostras,

2137 2781 2405 2845 rogantes
2451 2788 2551 2830 vos
2597 2788 2731 2830 cum
2775 2781 2996 2845 quanta
3042 2788 3348 2844 possumus
3412 2774 3725 2845 affectione,
3775 2784 3833 2832 et

2136 2861 2244 2917 sub
2279 2861 2485 2917 fadere
2525 2861 2846 2917 dilectionis
2872 2869 2928 2918 et
2974 2861 3259 2918 ﬁrmitatis
3303 2864 3451 2919 inter
3488 2878 3593 2920 nos
3634 2871 3691 2920 et
3727 2878 3834 2920 vos

2137 2948 2195 3004 in
2239 2956 2528 3018 posterum
2563 2950 2992 3017 conservanda,
3047 2950 3421 3007 attentissime
3455 2951 3831 3021 requirimus,

404 3041 550 3097 XIII.
585 3040 767 3096 Adam
796 3038 865 3095 de
894 3037 1261 3103 Cortlandon,
1303 3036 1394 3091 vir
1435 3033 1646 3092 nobilis
1687 3035 1744 3091 in
1774 3035 1900 3092 vico
1929 3050 2028 3091 co—
2068 3058 2109 3112 ο
2137 3044 2427 3105 quatenus
2476 3037 2689 3092 intuitu
2726 3034 3043 3092 dilectionis
3081 3046 3317 3105 mutua,
3353 3046 3409 3094 et
3446 3038 3584 3109 quia
3625 3054 3833 3095 sumus

327 3129 562 3185 mitatus
600 3126 916 3194 Roussiaci,
967 3123 1239 3180 Fismensi
1272 3123 1402 3180 urbi
1441 3123 1795 3179 contermino
1832 3131 2024 3180 natus.

327 3216 392 3272 In
448 3231 515 3273 eo
581 3222 793 3286 septem
837 3211 1175 3283 prabendas
1220 3210 1507 3279 fundavit,
1564 3224 1632 3267 ea
1680 3211 1822 3283 lege,
1867 3219 1932 3268 ut
1979 3211 2025 3267 si

328 3305 563 3376 quando
593 3303 853 3359 canonici
887 3302 1189 3371 persistere
1221 3314 1336 3355 non
1376 3307 1623 3368 possent,
1650 3313 1851 3356 earum
1885 3299 2028 3355 redi-

326 3401 422 3450 tus
462 3386 715 3449 Ecclesia
757 3387 1163 3447 Laudunensis
1199 3387 1526 3458 possideret.
1574 3389 1799 3444 Hostem
1840 3388 2025 3443 infen-

327 3481 616 3539 sissimum
687 3479 890 3536 habuit
956 3477 1066 3534 hac
1131 3484 1462 3546 tempestate
1517 3476 1717 3532 eadem
1772 3476 2028 3533 Ecclesia

328 3570 746 3641 Ingelrannum
776 3566 845 3622 de
875 3565 1172 3633 Couciaco,
1205 3565 1307 3636 qui
1341 3564 1535 3620 omnia
1569 3553 1800 3620 ditionis
1828 3566 2026 3622 Eccle-

326 3659 425 3715 sia
456 3657 627 3723 bona,
661 3667 851 3726 agros,
900 3653 1075 3719 vicos,
1119 3660 1251 3721 etc.,
1294 3666 1450 3708 more
1491 3651 1889 3709 immanissimi
1930 3661 2025 3724 ty-

328 3745 498 3802 ranni
546 3743 805 3813 diripuit,
858 3740 1156 3812 expilavit,
1209 3741 1493 3797 decanum
1543 3739 1759 3796 carceri
1804 3741 2023 3797 manci-

327 3834 507 3906 pavit,
534 3840 590 3890 et
617 3833 690 3889 ad
719 3844 1005 3889 summam
1036 3829 1423 3886 calamitatem
1457 3830 1760 3886 canonicos
1785 3830 2019 3901 redegit.

325 3921 708 3990 Quamobrem
763 3934 797 3975 a
834 3917 1047 3975 divinis
1092 3916 1364 3974 laudibus
1410 3917 1639 3988 siluere,
1686 3918 2024 3988 praefatum-

326 4024 441 4080 que
482 4009 895 4081 Ingelrannum
932 4006 1296 4062 anathemate
1336 4019 1665 4076 percussere
1698 4014 1752 4062 et
1785 4006 2025 4063 Laudu-

326 4098 523 4155 nensis
566 4104 622 4153 et
677 4095 973 4153 Remensis
1038 4094 1353 4165 provincia
1414 4094 1695 4150 antistites
1742 4094 2019 4162 universi,

324 4187 427 4257 qui
449 4199 614 4256 Opem
639 4197 838 4240 omnes
868 4191 923 4239 et
948 4181 1200 4238 solamen
1233 4181 1714 4238 Laudunensibus
1750 4180 2018 4238 offerunt.

324 4274 603 4343 Locuples
647 4271 892 4342 hujusce
947 4270 1027 4325 rei
1074 4268 1459 4326 testimonium
1531 4269 1829 4340 proferunt
1874 4270 2023 4326 inter

324 4361 439 4418 alia
487 4361 689 4417 littera
737 4358 1147 4415 canonicorum
1214 4359 1511 4415 Remensis
1557 4358 1861 4426 Ecclesia;
1919 4360 2020 4415 ha-

324 4449 459 4506 bent
482 4448 563 4504 ita
596 4462 610 4502 :
652 4468 674 4496 ι
705 4445 857 4504 Viris
888 4444 1255 4514 venerandis,
1287 4452 1341 4501 et
1383 4444 1584 4501 amicis
1620 4446 2023 4501 reverendissi-

323 4538 449 4606 mis,
499 4535 716 4592 Adamo
771 4533 988 4590 decano
1037 4534 1254 4604 totique
1310 4532 1712 4589 Laudunensis
1755 4533 2020 4590 Ecclesia

321 4624 593 4696 capitulo,
640 4622 713 4679 M.
764 4621 1126 4693 prapositus,
1178 4622 1245 4675 II.
1297 4628 1517 4688 cantor,
1561 4620 1868 4691 caterique
1907 4623 2021 4678 Re—

323 4713 536 4771 mensis
589 4710 851 4768 Ecclesia
896 4710 1120 4778 fratres,
1162 4709 1429 4776 salutem,
1467 4716 1524 4765 et
1565 4723 1770 4765 verum
1810 4716 1864 4766 et
1891 4725 2023 4766 con-

320 4808 566 4859 stantem
610 4800 850 4855 sincera
890 4796 1209 4853 dilectionis
1256 4794 1544 4852 affectum.
1591 4797 1758 4852 Novit
1802 4797 2021 4868 cogita-

319 4891 544 4947 tionum
586 4894 641 4945 et
681 4900 921 4958 operum
971 4891 1256 4941 scrutator
1298 4890 1354 4939 et
1390 4883 1649 4953 cognitor
1676 4885 1827 4939 Deus
1865 4882 2020 4953 quod

321 4977 598 5049 iniuriam
626 4991 758 5048 qua
790 4975 951 5031 illata
973 4980 1057 5030 est
1088 4971 1269 5038 vobis,
1299 4979 1407 5026 etc.
1441 4969 1662 5026 Scimus
1683 4969 1836 5025 enim
1865 4968 2021 5039 quod

321 5065 617 5135 negotium
686 5063 837 5120 istud
915 5061 1214 5118 universas
1280 5057 1563 5113 Ecclesias
1639 5055 2022 5111 communiter

320 5151 525 5220 tangit,
571 5157 626 5206 et
673 5164 774 5220 per
822 5148 1222 5219 impunitatem
1272 5145 1413 5202 tanti
1469 5144 1674 5215 ﬂagitii
1717 5156 2020 5200 commune

324 5237 585 5293 imminet
643 5236 963 5307 periculum
1010 5233 1407 5291 ecclesiastica
1453 5231 1747 5288 libertatis.
1796 5231 1901 5287 Sed
1948 5244 2021 5288 ne
2059 5274 2066 5283 .

321 5325 487 5381 vobis
528 5339 734 5395 parum
787 5325 943 5396 quod
988 5324 1268 5379 hactenus
1312 5320 1551 5377 fecimus
1602 5320 1886 5388 videatur,
1947 5319 2019 5376 ad

326 5413 719 5483 prastandum
753 5412 915 5469 vobis
963 5410 1198 5482 aliquod
1235 5408 1640 5466 consolationis
1678 5408 2016 5477 remedium,

320 5507 378 5557 et
423 5498 736 5557 tollendam
776 5500 846 5556 de
884 5497 1154 5555 cordibus
1184 5496 1390 5555 vestris
1435 5496 1842 5567 suspicionem,
1887 5510 2020 5553 cor-

325 5602 465 5658 pora
490 5594 843 5656 sanctorum,
878 5601 1011 5658 qua
1050 5586 1107 5643 in
1137 5585 1374 5643 ecclesia
1402 5592 1597 5643 nostra
1628 5585 2018 5656 requiescunt,

2135 3122 2207 3178 ad
2247 3123 2492 3179 invicem
2531 3123 2833 3190 debitores,
2874 3123 3023 3179 bona
3066 3133 3263 3180 nostra
3301 3140 3432 3196 qua
3471 3127 3631 3182 vobis
3658 3141 3836 3197 expo-

2133 3212 2331 3268 nimus
2372 3219 2651 3283 tanquam
2701 3219 2892 3268 vestra
2943 3213 3177 3283 propria
3219 3214 3510 3284 accipiatis
3546 3215 3836 3271 confiden-

2137 3307 2217 3355 ter
2247 3308 2303 3356 et
2344 3314 2563 3366 secure,
2594 3307 2649 3355 et
2675 3299 2756 3355 eis
2797 3299 2882 3355 uti
2924 3300 3108 3355 velitis
3150 3301 3207 3355 in
3240 3302 3511 3358 omnibus
3548 3310 3831 3372 tanquam

2132 3388 2355 3456 vestris,
2387 3396 2442 3444 et
2472 3388 2520 3444 si
2560 3388 2721 3444 vobis
2761 3388 3040 3458 placuerit
3075 3390 3147 3445 ad
3189 3404 3292 3446 nos
3331 3390 3630 3458 divertere,
3669 3394 3834 3448 vobis

2132 3478 2318 3547 parati
2347 3491 2551 3533 sumus
2581 3491 2902 3544 occurrere,
2937 3485 2993 3533 et
3031 3492 3166 3534 cum
3204 3478 3359 3533 omni
3400 3479 3612 3536 honore
3639 3480 3831 3537 debito

2130 3569 2186 3618 et
2214 3562 2417 3618 devoto
2452 3562 2510 3618 in
2540 3562 2810 3619 domibus
2849 3564 3062 3619 nostris
3091 3575 3195 3620 vos
3230 3564 3541 3620 honoriﬁce
3579 3566 3833 3635 recipere

2128 3657 2183 3706 et
2210 3649 2519 3706 liberaliter
2544 3658 2907 3721 pertractare.
2941 3673 2969 3701 ››

2201 3737 2403 3795 Solitos
2450 3746 2644 3795 autem
2694 3739 2866 3796 fuisse
2914 3739 3319 3797 ecclesiasticos
3365 3741 3517 3796 viros
3561 3754 3595 3796 a
3638 3740 3833 3811 preci-

2130 3826 2242 3883 bus
2288 3826 2554 3893 horariis,
2609 3835 2664 3883 et
2710 3841 2745 3883 a
2801 3828 2998 3884 divino
3048 3829 3330 3885 sacrificio
3387 3829 3599 3896 feriari,
3650 3829 3833 3886 donec

2130 3913 2282 3970 bona
2328 3913 2612 3984 dirempta
2656 3915 3101 3973 restituerentur
3143 3916 3411 3987 indigitat
3454 3919 3551 3973 Ivo
3593 3916 3828 3974 Carnot.

2128 4002 2368 4073 epistola
2387 4002 2483 4057 121
2499 4044 2511 4057 .

2199 4090 2451 4146 Tandem
2503 4091 2710 4147 mentis
2757 4099 3076 4162 compotem
3128 4091 3342 4149 factum
3389 4092 3828 4164 Ingelrannum,

2127 4186 2181 4235 et
2226 4178 2504 4235 scelerum
2573 4179 2963 4249 panitentem,
3031 4180 3356 4250 Stephanus
3404 4180 3823 4249 Noviomeusis,

2128 4276 2183 4325 et
2210 4267 2512 4324 Anselmus
2545 4268 2948 4325 Laudunensis
2987 4269 3259 4339 episcopi,
3299 4283 3333 4325 a
3370 4284 3595 4327 summo
3633 4270 3830 4340 ponti-

2060 4350 2102 4403 E
2132 4356 2237 4413 tice
2268 4355 2531 4427 delegati,
2562 4356 2903 4413 criminibus
2930 4357 3181 4413 solvunt.

2202 4445 2485 4500 Caterum
2523 4444 2704 4501 Adam
2743 4445 3071 4501 societatem
3110 4440 3240 4501 iniit
3280 4460 3415 4502 cum
3458 4444 3513 4502 S.
3544 4445 3826 4504 Vincentii

2129 4532 2428 4589 eanobitis
2454 4545 2610 4588 anno
2642 4535 2797 4588 H96.
2831 4532 3089 4601 Librum,
3109 4532 3205 4589 cui
3224 4532 3427 4590 titulus
3455 4532 3827 4590 Ordinarium

2128 4619 2414 4688 Ecclesia,
2465 4620 2586 4676 sive
2632 4619 2782 4678 Ordo
2827 4619 3007 4676 divini
3054 4620 3245 4689 officii,
3293 4620 3353 4676 in
3409 4636 3525 4691 quo
3572 4622 3828 4689 praescri-

2129 4706 2352 4763 buntur
2405 4722 2537 4778 qua
2591 4716 2729 4765 sunt
2783 4708 2987 4766 diebus
3050 4707 3207 4765 festis
3269 4709 3645 4777 observanda,
3701 4724 3830 4766 con-

2127 4795 2370 4866 scripsit.

2198 4882 2287 4939 Ad
2313 4897 2534 4940 annum
2569 4899 2756 4955 usque
2791 4887 2946 4953 1223,
2978 4884 3262 4942 decanum
3300 4885 3482 4957 egisse
3505 4892 3725 4941 constat
3752 4899 3827 4941 ex

2129 4969 2493 5027 Chartulario
2523 4972 2781 5042 ejusdem
2809 4972 3081 5028 ecclesia.

2199 5058 2353 5116 XIV.
2403 5058 2664 5115 Galterus
2705 5059 2775 5115 de
2812 5059 3096 5128 Chambli,
3137 5059 3307 5131 cujus
3352 5059 3567 5116 familia
3608 5059 3668 5114 in
3712 5060 3826 5131 epi-

2129 5154 2368 5217 scopatu
2389 5147 2762 5204 Laudunensi
2792 5147 3111 5204 clarissima
3137 5157 3222 5205 est
3253 5149 3551 5220 hodieque,
3586 5150 3825 5204 Romam

2129 5234 2383 5304 perrexit
2418 5236 2759 5306 rescriptum
2805 5237 3213 5307 inquisitionis,
3256 5245 3321 5294 ut
3362 5244 3588 5305 vocant,
3629 5238 3828 5306 petitu-

2129 5336 2232 5379 rus
2259 5323 2535 5380 adversus
2554 5325 2884 5396 episcopum
2916 5325 3379 5394 Laudunensem,
3413 5325 3567 5396 quod
3606 5339 3828 5383 succes—

2128 5425 2224 5467 sor
2250 5411 2517 5468 obtinuit.
2546 5413 2592 5467 E
2623 5413 2740 5469 vita
2760 5414 2974 5484 migrat
2996 5416 3150 5469 1229.

2200 5500 2329 5557 XV.
2375 5500 2701 5571 Stephanus
2746 5502 2818 5558 de
2858 5502 3010 5570 Bria,
3078 5501 3380 5572 prafatum
3436 5500 3827 5572 inquisitionis

2129 5588 2472 5659 rescriptum
2538 5588 2646 5660 ipsi
2692 5589 2972 5647 concessit
3029 5590 3324 5648 Romanus
3388 5588 3669 5660 pontifex,
3715 5607 3825 5665 quo
