3930 6424
101 430 219 482 1161

1351 421 1571 478 DOMNI
1611 424 1668 477 L.
1711 421 2066 480 D'ACHERY
2105 422 2326 479 ΝΟΤᾸΞ.

3457 434 3592 487 1162

93 558 432 615 sententiain
470 554 1083 612 excommunicationis
1119 554 1176 610 in
1207 555 1489 610 decanum
1529 561 1583 611 et
1621 553 1784 624 capi—
1823 555 1866 610 A
1899 555 2180 625 pontiﬁcis
2244 563 2606 626 perspectum
2678 557 2942 615 habetur.
3020 581 3041 608 α
3098 559 3184 617 Tu
3260 561 3595 632 hujusmodi

98 648 278 704 tulum
307 648 585 718 prolatam
619 646 800 715 coegit
828 644 1155 715 episcopum
1181 658 1466 700 revocare.

165 738 240 792 De
287 737 572 806 Stephano
619 736 963 790 mentionem
1006 734 1139 789 facit
1176 733 1607 789 Chartularium
1647 733 1791 788 Lau-

95 827 350 882 dunense
411 825 484 880 ab
533 837 685 878 anno
729 823 868 879 1230
913 836 1100 892 usque
1145 823 1216 877 ad
1267 822 1421 890 I232,
1467 821 1787 891 additque:

1899 643 2143 713 gratiose
2188 644 2289 700 tibi
2340 645 2547 700 factam
2580 659 2614 701 a
2662 647 2829 702 nobis
2872 648 3118 719 gratiam
3159 657 3456 719 gratanter
3508 665 3596 706 re-

1901 730 2114 800 cipiens
2144 739 2198 786 et
2228 738 2527 800 paternam
2559 747 2735 802 quam
2770 734 2839 790 ad
2873 742 2925 790 te
2956 737 3213 806 gerimus
3250 738 3598 795 benevolen-

1902 821 2039 875 tiam
2069 834 2141 876 ex
2190 820 2297 876 hoc
2325 821 2551 891 plenius
2594 827 3034 899 recognoscens}|
3066 827 3448 896 provisioncm
3481 829 3600 883 hu-

99 913 368 984 Stephani
430 911 749 968 testamenti
806 919 1106 967 exsecutor
1161 910 1378 966 exstitit
1422 910 1668 965 Iacobus
1725 909 1793 964 de
1896 909 2148 979 jusmodi
2217 911 2537 980 receptasti,
2605 919 2659 968 et
2733 915 2962 970 tandem
3029 931 3129 985 per
3175 923 3306 972 tuas
3361 917 3596 984 litteras,

95 1002 302 1071 Trecis,
375 1002 560 1057 dictus
633 1000 963 1066 Pantaleon,
1051 1013 1153 1054 seu
1229 999 1299 1054 de
1372 996 1791 1067 Gnatopalatio,

97 1093 406 1147 canonicus
453 1089 870 1156 Laudunensis,
904 1087 1268 1158 postmodum
1298 1101 1563 1143 summus
1606 1084 1792 1156 ponti-

98 1181 190 1236 fex
222 1179 441 1236 Urbani
471 1179 548 1235 IV
567 1177 818 1233 nomine.

169 1270 319 1325 XVI.
354 1267 538 1323 Guido
571 1267 639 1322 de
669 1269 863 1321 Castro
890 1263 1212 1320 Portuensi.
1250 1286 1270 1313 ι
1296 1263 1401 1330 Qui
1431 1262 1630 1334 (verba
1662 1264 1800 1318 sunt

97 1356 468 1421 Chartularii)
507 1355 622 1410 fere
663 1369 765 1425 per
794 1368 1013 1409 annum
1057 1360 1110 1409 et
1147 1352 1397 1422 amplius
1447 1366 1550 1421 pro
1582 1352 1798 1406 decano

99 1461 158 1501 se
184 1459 378 1516 gerere
400 1443 603 1510 noluit,
638 1443 877 1512 ideoque
899 1441 1130 1498 sedebat
1152 1441 1468 1510 capitulum
1492 1452 1798 1509 suppresso

100 1534 334 1590 nomine
375 1533 595 1588 decani.
639 1553 658 1580 ι
697 1531 800 1587 Sed
841 1531 940 1587 ubi
980 1531 1321 1586 decanatum
1355 1530 1692 1597 abdicasset,
1741 1528 1798 1582 in

102 1624 432 1694 episcopum
466 1620 928 1677 Suessionensem
960 1626 1192 1675 evectus
1220 1625 1322 1673 est.

178 1711 358 1768 XVII.
401 1710 584 1766 Guido
617 1711 685 1765 de
726 1708 1041 1779 Triangulo
1079 1722 1149 1762 ex
1187 1706 1590 1761 archidiacono
1625 1705 1801 1774 hujus

105 1800 371 1855 Ecclesiae
423 1799 694 1866 decanus,
755 1811 906 1852 anno
952 1799 1104 1863 1234,
1170 1811 1358 1851 mense
1408 1796 1574 1850 Maio.
1637 1815 1657 1842 ι
1713 1794 1802 1849 Sic

102 1889 258 1945 enim
316 1902 381 1944 eo
427 1895 679 1957 tempore
727 1884 1032 1956 prmdictus
1081 1883 1264 1940 Guido
1302 1885 1371 1939 de
1418 1884 1613 1946 Castro
1660 1882 1801 1936 Por-

107 1977 295 2034 tuensi
355 1975 706 2031 renuntiavit
752 1973 1077 2041 decanatui,
1131 1980 1187 2028 et
1242 1971 1350 2027 fuit
1406 1971 1464 2026 in
1521 1971 1802 2025 decanum

103 2067 319 2122 electus
344 2063 612 2120 dominus
641 2062 826 2118 Guido
849 2061 915 2116 de
945 2060 1278 2131 Triangulo.
1318 2081 1338 2108 ι
1370 2057 1802 2114 Chartularium

103 2169 256 2224 saepe
288 2153 656 2222 productum.
693 2152 745 2206 Is
775 2157 968 2205 autem
1001 2149 1314 2205 decessoris
1341 2155 1574 2204 secutus
1603 2160 1806 2202 exem-

107 2243 291 2312 plum,
339 2255 470 2296 cum
521 2253 623 2310 per
669 2252 890 2294 annum
938 2238 1193 2294 decanus
1223 2236 1481 2302 sedisset,
1516 2235 1702 2291 medio
1748 2234 1805 2288 in

104 2330 360 2400 capitulo
398 2343 466 2384 ea
496 2343 554 2384 se
583 2327 859 2397 dignitate
891 2327 1151 2396 deposuit
1181 2339 1333 2380 anno
1359 2323 1619 2380 videlicet
1648 2322 1804 2378 1235.

107 2419 268 2474 Idem
300 2416 751 2474 Chartularium.

183 2506 395 2563 XVIII.
438 2506 624 2566 Iterus
652 2504 720 2559 de
751 2503 1054 2568 Malonido,
1088 2502 1262 2558 frater
1293 2501 1546 2557 Anselmi
1578 2499 1810 2556 Laudu-

106 2595 309 2651 nensis
338 2593 627 2658 antistitis,
678 2591 1137 2658 archidiaconus,
1178 2589 1471 2645 communi
1510 2588 1812 2644 canonico-

111 2699 246 2740 rum
279 2681 555 2752 suffragio
602 2681 855 2736 decanus
897 2679 1152 2750 eligitur.
1199 2679 1332 2732 Iniit
1383 2692 1520 2732 ann.
1561 2678 1694 2732 1236
1743 2677 1813 2732 ad

106 2774 276 2828 1238.
311 2771 522 2826 Prodiit
553 2771 676 2825 haec
700 2767 1152 2834 Chartularium,
1205 2766 1362 2822 velut
1412 2774 1466 2821 et
1501 2768 1648 2821 Itero
1680 2780 1816 2821 mu-

110 2862 216 2918 nia
239 2861 550 2916 decanatus
572 2858 839 2925 obeunte,
861 2856 1108 2912 Iacobus
1129 2855 1198 2911 de
1218 2854 1408 2910 Trecis
1441 2854 1548 2924 (cuj
1561 2869 1626 2910 us
1638 2867 1817 2923 supra

111 2947 508 3017 meminimus)
558 2946 781 3012 litteris,
841 2946 976 3016 jure
1025 2943 1384 3014 potissimum
1433 2943 1709 2998 canonico
1765 2949 1820 2998 et

109 3036 406 3108 theologia
454 3035 711 3104 apprime
753 3033 1038 3098 eruditus,
1081 3031 1397 3086 canonicus
1438 3040 1492 3087 et
1533 3030 1818 3085 archidia-

110 3141 304 3184 conus
353 3123 773 3190 Laudunensis,
832 3120 1211 3191 capellaniam
1258 3120 1316 3174 in
1353 3119 1473 3175 aede
1512 3133 1618 3174 sua
1653 3119 1816 3174 clau-

109 3216 280 3273 strali
329 3213 633 3270 aediﬁcavit
677 3219 731 3267 et
771 3209 1067 3278 fundavit;
1108 3209 1277 3278 cujus
1325 3208 1680 3263 conferendae
1723 3208 1822 3277 jus

113 3306 194 3360 ad
224 3305 528 3368 decanum,
563 3301 683 3356 sive
712 3298 784 3354 ad
813 3313 946 3354 eum
973 3298 1074 3367 qui
1107 3297 1304 3351 divina
1335 3295 1523 3350 ofﬁcia
1552 3295 1817 3361 celebrat,

115 3390 642 3449 hebdomadarium
685 3387 863 3457 vulgo
907 3385 1240 3451 vocitatum,
1290 3384 1510 3439 attinet.
1547 3384 1634 3437 En
1675 3382 1820 3438 litte-

115 3494 326 3538 rarum
357 3477 638 3547 {pericope
685 3473 1058 3530 fundationis.
1108 3490 1138 3524 «
1177 3471 1471 3528 Universis
1515 3477 1825 3541 praesentes

116 3564 344 3619 litteras
403 3563 763 3632 inspecturis.
818 3562 1003 3617 Iterus
1052 3561 1324 3626 decanus,
1393 3567 1448 3616 et
1506 3559 1821 3630 capitulum

120 3651 534 3719 Laudunense,
596 3651 652 3705 in
715 3650 916 3706 salutis
973 3650 1220 3705 Auctore
1277 3649 1541 3704 salutem.
1595 3649 1827 3705 Noverit

117 3740 478 3798 universitas
532 3746 743 3804 vestra,
811 3737 966 3808 quod
1023 3753 1154 3792 cum
1217 3737 1460 3793 dilectus
1516 3737 1830 3793 canonicus

121 3831 324 3886 noster
366 3827 634 3883 dominus
681 3826 929 3882 Iacobus
976 3826 1044 3881 de
1093 3825 1283 3882 Trecis
1314 3826 1371 3881 in
1401 3826 1569 3881 domo
1617 3839 1724 3882 sua
1770 3825 1829 3880 in

118 3919 383 3976 claustro
426 3915 815 3983 Laudunensi,
867 3928 1043 3985 quam
1073 3915 1124 3979 Ia
1153 3915 1320 3971 nobis
1352 3915 1422 3970 ad
1456 3915 1633 3970 vitam
1665 3928 1830 3970 suam

119 4013 367 4069 emerat,
398 4005 729 4060 aediﬁcasset
758 4005 827 4060 de
857 4018 1026 4070 novo,
1062 4018 1177 4059 non
1203 4004 1492 4060 modicum
1523 4011 1832 4074 sumptuo—

119 4110 276 4160 sam,
309 4107 413 4148 nos
441 4094 817 4161 attendentes,
851 4100 956 4148 etc.
992 4093 1199 4148 Actum
1231 4107 1385 4148 anno
1417 4093 1641 4149 Domini
1674 4094 1830 4159 1237,

119 4196 327 4241 mense
355 4182 526 4246 Iulio,
564 4182 704 4237 feria
727 4181 892 4238 tertia
921 4189 1045 4252 post
1077 4182 1462 4237 Pentecostcn.
1501 4202 1523 4229 ι

203 4271 361 4328 XIX.
404 4272 697 4327 Garnerus
742 4271 995 4327 decanus
1023 4285 1096 4327 ex
1145 4270 1550 4326 archidiacono
1602 4270 1832 4326 Laudu-

119 4360 321 4428 nensi,
369 4360 573 4416 deinde
604 4360 907 4430 episcopus
935 4360 1194 4431 ejusdem
1237 4359 1504 4416 Ecclesiae
1541 4359 1598 4414 in
1644 4359 1834 4414 locum

1901 998 2172 1066 expositis
2204 999 2552 1068 quibusdam
2587 1001 2701 1056 tuis
2730 1002 3175 1058 rationabilibus
3204 1007 3603 1062 excusationi—

1906 1086 2033 1152 bus,
2065 1086 2396 1156 supplicasti
2426 1089 2590 1144 nobis
2616 1089 2913 1146 humiliter
2934 1098 2997 1146 ut
3019 1092 3420 1148 excusationes
3450 1094 3601 1164 ipsas

1904 1173 2224 1244 admittere,
2256 1183 2427 1247 teque
2455 1190 2488 1232 a
2516 1178 2840 1246 provisione
2868 1193 3184 1236 exonerare
3215 1181 3504 1249 pradicta,
3548 1192 3604 1239 et

1905 1261 2246 1317 decanatum
2297 1264 2561 1318 eumdem
2621 1266 2878 1322 conferre
2927 1267 3020 1321 alii
3077 1282 3333 1337 personae
3387 1269 3604 1325 idonezr.

1906 1363 2262 1406 curaremus.
2299 1351 2628 1423 Nosigitur,
2665 1373 2691 1402 »
2723 1361 2828 1409 etc.

1978 1438 2160 1494 XXII.
2197 1442 2445 1494 Ioannes
2473 1455 2544 1495 ex
2586 1442 2887 1511 praeposito
2923 1443 3236 1500 Torlatensi
3281 1457 3434 1499 anno
3469 1445 3606 1501 1263

1908 1527 1980 1583 ab
2013 1527 2243 1584 Urbano
2292 1541 2438 1598 papa
2462 1529 2768 1586 sufﬁcitur.
2810 1532 2939 1586 Fuit
2985 1532 3227 1602 insignis
3269 1533 3606 1589 litteraturze

1909 1623 1963 1671 et
2003 1616 2228 1686 pietatis
2279 1616 2335 1671 in
2377 1617 2678 1673 Parisiensi
2719 1619 3012 1675 academia
3054 1621 3354 1690 theologia:
3401 1623 3609 1692 profes-

1911 1719 2020 1771 sor,
2055 1705 2552 1774 'quemadmodum
2596 1708 2854 1775 pontifex
2889 1708 2981 1764 ille
3029 1709 3310 1779 signiﬁcat
3343 1724 3355 1762 :
3423 1731 3449 1760 α
3482 1711 3609 1766 Per-

1911 1807 2131 1860 sonam,
2177 1793 2386 1864 inquit,
2441 1793 2722 1865 insignem
2782 1811 2911 1852 cum
2972 1811 3185 1865 magna
3227 1798 3608 1853 sollicitudine

1913 1897 1944 1950 q
1959 1889 2252 1948 merentes,
2279 1896 2410 1952 qua:
2430 1883 2714 1939 virtutum
2743 1885 3004 1955 insigniis
3028 1886 3311 1952 decorata,
3336 1886 3393 1940 in
3411 1887 3604 1942 eadem

1910 1969 2147 2026 ecclesia
2192 1971 2558 2026 Laudunensi
2607 1967 2708 2040 per
2754 1974 2950 2028 multae
2999 1973 3307 2043 diligentiae
3352 1975 3605 2030 studium

1913 2057 2254 2128 multiplicet
2292 2068 2634 2116 ornamenta
2681 2061 2919 2128 decoris,
2972 2063 3042 2117 ad
3093 2063 3361 2118 dilectum
3427 2064 3608 2119 ﬁlium

1914 2147 2254 2217 magistrum
2285 2148 2560 2204 Joannem
2609 2151 2977 2219 praepositum
3009 2151 3392 2207 Torlatensem
3433 2153 3611 2209 Mori—

1916 2237 2109 2292 nensis
2164 2237 2440 2304 dimcesis,
2489 2238 2850 2307 capellanum
2895 2246 3176 2307 nostrum,
3230 2247 3506 2311 tanquam
3539 2243 3608 2296 ad

1917 2325 2107 2380 virum
2137 2323 2290 2380 fama
2318 2325 2679 2394 praeclarum,
2712 2334 2767 2382 et
2795 2327 3008 2395 virum,
3042 2329 3188 2384 sicut
3215 2343 3248 2383 a
3287 2330 3394 2384 ﬁde
3423 2329 3614 2400 dignis

1921 2412 2218 2479 habemus,
2261 2413 2513 2483 probatae
2543 2414 2794 2483 virtutis,
2827 2423 2881 2471 et
2913 2416 3212 2486 probitatis
3242 2426 3511 2486 expertae,
3548 2431 3614 2470 ac

1921 2509 2208 2571 regentem
2255 2503 2488 2557 Parisiis
2532 2503 2588 2557 in
2649 2503 2969 2575 Theologize
3017 2505 3327 2571 Facultate,
3385 2513 3615 2574 aposto-

1921 2590 2094 2646 licum
2118 2591 2506 2647 convertimus
2532 2591 2829 2658 intuitum,
2869 2615 2889 2640 ι
2924 2601 3030 2648 etc.

1992 2680 2210 2735 Ioanne
2237 2693 2309 2735 ex
2337 2680 2562 2735 mortali
2590 2680 2709 2737 vita
2741 2681 2967 2737 sublato
2995 2681 3155 2745 1268,
3181 2681 3302 2737 sive
3337 2683 3488 2748 1269,

1995 2768 2206 2822 XXIII.
2249 2767 2586 2824 Guillelmus
2615 2769 2683 2824 de
2714 2769 3020 2826 Matiscone
3051 2770 3238 2826 locum
3268 2770 3450 2840 ipsius
3493 2785 3620 2824 sor-

1926 2857 2068 2912 titur
2096 2857 2165 2911 ad
2198 2869 2418 2912 annum
2448 2856 2675 2912 circiter
2705 2860 2860 2912 1271.
2895 2859 3110 2914 Deinde
3142 2859 3209 2915 ad
3244 2859 3620 2928 episcopalem

1928 2943 2330 2998 Ambianensis
2387 2944 2652 2999 Ecclesia)
2690 2946 2879 3001 sedem
2909 2954 3198 3013 evocatus,
3267 2947 3324 3001 in
3376 2947 3619 3017 gratiam

1929 3030 2400 3086 Laudunensium
2459 3044 2610 3084 anno
2663 3031 2805 3086 1279
2862 3031 2991 3086 tulit
3047 3033 3416 3100 sententiam;
3478 3033 3625 3087 inter

1850 3151 1888 3206 ο
1928 3127 2132 3174 caetera
2177 3118 2350 3174 habet
2397 3118 2548 3174 ista:
2603 3140 2630 3167 «
2667 3119 2782 3174 Nos
2832 3118 3175 3176 Guillelmus
3219 3120 3626 3175 Ambianensis

1929 3207 2243 3277 episcopus,
2292 3214 2421 3274 etc.,
2471 3207 2826 3264 attendentes
2864 3207 3036 3263 etiam
3082 3207 3334 3278 qualiter
3372 3223 3437 3264 eo
3485 3215 3626 3264 tem-

1931 3309 2066 3364 pore
2100 3309 2218 3364 quo
2257 3293 2317 3349 in
2346 3293 2531 3350 ofﬁcio
2558 3293 2774 3351 fuimus
2799 3295 3113 3351 decanatus
3144 3309 3248 3351 nos
3280 3295 3366 3352 usi
3397 3295 3628 3365 paciﬁce

1933 3383 2148 3439 fuimus
2178 3383 2237 3438 in
2267 3383 2570 3453 praedictis,
2612 3405 2632 3432 ι
2666 3390 2774 3439 etc.

2003 3471 2211 3528 XXIV.
2253 3471 2498 3527 Ioannes
2511 3472 2845 3541 Baynaldus
2866 3471 3180 3528 canonicus
3202 3472 3626 3538 Laudunensis,

1934 3573 2108 3629 quem
2149 3560 2430 3615 decanum
2461 3559 2770 3630 Gregorius
2810 3574 2960 3631 papa
2993 3561 3043 3616 X
3076 3560 3329 3616 declarat
3359 3561 3429 3616 ad
3477 3561 3634 3616 hunc

1935 3648 2216 3704 modum:
2277 3670 2297 3696 ι
2349 3648 2660 3719 Gregorius
2706 3649 3026 3719 episcopus,
3086 3663 3288 3706 servus
3333 3663 3630 3705 servorum

1937 3736 2056 3805 Dei,
2102 3736 2305 3793 dilecto
2350 3736 2463 3792 ﬁlio
2506 3737 2779 3809 magistro
2821 3738 3027 3793 Ioanni
3075 3738 3391 3808 Raynaldo,
3440 3737 3636 3807 capel-

1937 3825 2070 3882 lano
2101 3833 2310 3892 nostro,
2352 3833 2458 3881 etc.
2508 3826 2650 3881 Hinc
2680 3834 2762 3883 est
2787 3826 2943 3896 quod
2975 3840 3078 3882 nos
3120 3840 3425 3896 personam
3469 3833 3630 3882 tuam

1937 3915 2009 3971 ob
2045 3923 2276 3971 tuorum
2311 3913 2646 3970 meritorum
2678 3915 3122 3985 praerogativam
3155 3915 3348 3970 favore
3378 3914 3636 3984 specialis

1937 4004 2135 4076 gratiae
2148 4010 2570 4073 prosequentes,
2586 4004 2931 4060 decanatum
2951 4004 3216 4060 Ecclesiae
3231 4004 3389 4060 Laud
3399 4017 3584 4059 unens
3595 4003 3640 4057 is

1941 4107 2074 4148 cum
2114 4092 2233 4148 suis
2275 4091 2524 4162 juribus,
2576 4092 2955 4161 libertatibus,
3005 4100 3060 4149 et
3107 4091 3487 4162 pertinentiis,
3537 4105 3639 4161 per

1941 4182 2179 4238 liberam
2218 4180 2662 4251 resignationem
2703 4181 2889 4238 dilecti
2922 4181 3022 4237 ﬁlii
3059 4182 3318 4253 magistri
3351 4179 3640 4237 Gnillelmi

1943 4271 2012 4326 de
2050 4269 2380 4337 Matiscone,
2436 4277 2576 4325 tunc
2613 4270 2795 4340 ipsius
2842 4270 3106 4326 Ecclesiae
3159 4269 3380 4336 decani,
3425 4269 3482 4325 in
3526 4283 3644 4325 ma-

1942 4359 2113 4414 nibus
2157 4357 2368 4413 nostris
2401 4357 2638 4428 factam;
2690 4359 2791 4415 tibi
2841 4359 3022 4429 ipsius
3059 4358 3322 4414 Ecclesia:
3371 4358 3648 4414 canonico

121 4449 387 4507 Anselmi
444 4447 720 4504 suffectus
776 4455 880 4504 est.
947 4449 1140 4504 Rebus
1207 4447 1478 4503 humanis
1538 4448 2012 4516 exemptuste
2042 4447 2232 4518 gratia
2272 4446 2501 4516 speciali
2551 4446 2941 4516 concedimus,
2996 4448 3367 4518 providemus
3425 4447 3527 4502 tibi
3575 4447 3644 4502 de

124 4551 295 4595 anno
327 4536 490 4602 1249,
536 4537 760 4606 primus
810 4537 1069 4592 omnium
1125 4537 1485 4605 sepulturam
1539 4535 1726 4592 medio
1781 4535 1840 4590 in

124 4626 316 4681 choro
359 4623 703 4678 cathedralis
753 4623 1003 4679 ecclesiae
1055 4623 1338 4679 sortitur:
1377 4623 1662 4692 siquidem
1712 4631 1844 4678 ante

125 4715 251 4770 hac
271 4712 516 4782 episcopi
540 4711 597 4766 in
632 4711 1163 4768 San-Vincentiana
1182 4711 1419 4768 ecclesia
1450 4710 1631 4782 (quod
1666 4725 1844 4781 supra

129 4808 405 4858 notatum
436 4799 540 4870 est)
567 4799 1008 4856 funerabantur.

210 4889 332 4944 XX.
373 4887 714 4943 Guillelmus
761 4887 1055 4943 Remensis
1112 4887 1556 4943 archidiaconus
1595 4887 1847 4943 Garnero

129 4980 197 5035 in
227 4976 561 5046 episcopum
599 4975 819 5041 allecto,
852 4977 1106 5031 decanus
1162 4983 1244 5031 est
1283 4975 1641 5046 designatus.
1700 4974 1848 5031 Sub-

129 5065 372 5135 scripsit
405 5063 626 5132 litteris,
660 5078 734 5119 an
771 5066 923 5120 1244.
960 5068 1040 5120 Ac
1070 5064 1302 5120 demum
1330 5078 1627 5135 purpureo
1657 5064 1851 5135 galero

129 5156 216 5212 ab
252 5153 484 5210 Urbano
508 5166 656 5223 papa
678 5153 756 5209 IV
781 5153 1033 5209 donatur
1063 5154 1221 5206 1233.

214 5241 376 5298 XXI.
420 5241 610 5296 Helias
639 5241 706 5296 de
736 5243 980 5298 Caturco
1008 5241 1098 5297 vir
1123 5255 1352 5297 morum
1382 5240 1855 5311 probitatejuxta

131 5339 326 5400 atque
377 5329 628 5384 scientiis
684 5329 910 5399 clarus;
972 5329 1229 5399 primum
1297 5329 1614 5385 canonicus
1672 5331 1850 5397 Paris,

132 5417 357 5477 deinde
405 5430 439 5472 a
485 5431 710 5472 summo
743 5418 1006 5474 Ecclesiae
1057 5417 1363 5473 hierarcha
1411 5416 1668 5474 decanus
1701 5417 1856 5473 Lau-

134 5505 434 5566 dunensis
489 5505 765 5562 asseritur
816 5508 947 5562 1261
1001 5505 1089 5562 vel
1154 5505 1311 5559 1262.
1370 5506 1422 5560 Is
1477 5504 1858 5559 nihilominus

138 5607 340 5670 pauco
384 5599 508 5662 post
542 5600 792 5670 tempore
833 5594 886 5648 id
920 5593 1180 5650 muneris
1213 5606 1374 5663 papae
1408 5592 1653 5648 reddidit
1691 5591 1855 5647 alteri

135 5680 591 5748 conferendum,
643 5681 800 5754 quod
849 5682 934 5737 his
982 5695 1054 5737 ex
1096 5680 1300 5737 litteris
1341 5680 1573 5736 bullatis
1600 5679 1858 5750 ejusdem

491 5777 785 5838 PATROL.
832 5777 1047 5867 CLVI.

1951 4536 2063 4603 illo,
2117 4543 2172 4591 et
2225 4541 2276 4590 te
2321 4549 2421 4604 per
2470 4535 2758 4591 annulum
2814 4543 3077 4593 nostrum
3130 4535 3490 4603 investimus,
3537 4543 3644 4590 etc.

1951 4626 2158 4680 Datum
2191 4623 2344 4693 apud
2377 4624 2584 4680 Urbem
2617 4628 2884 4692 veterem,
2919 4625 3171 4682 secundo
3193 4624 3330 4680 Idus
3363 4623 3649 4691 Ianuarii,

1955 4711 2318 4782 pontiﬁcatus
2373 4713 2552 4768 nostri
2603 4727 2756 4768 anno
2813 4713 3029 4783 primo;
3068 4734 3088 4760 ι
3149 4712 3252 4783 qui
3311 4711 3372 4766 in
3429 4725 3652 4768 annum

1953 4801 2153 4857 incidit
2182 4803 2337 4856 1271.

2025 4889 2205 4945 XXV.
2249 4890 2572 4959 Stephanus
2618 4890 2688 4946 de
2726 4889 2873 4947 Villa
2924 4888 3105 4945 Mauri
3136 4886 3477 4958 subscripsit
3521 4887 3653 4958 qui-

1956 4977 2200 5033 busdam
2229 4977 2453 5033 schedis
2485 4977 2645 5032 1290.

2030 5065 2234 5122 XXVI.
2267 5067 2423 5122 Milo.
2462 5067 2538 5122 De
2585 5081 2701 5136 quo
2734 5067 2856 5123 haec
2900 5065 3113 5122 habent
3157 5064 3399 5121 litterae:
3458 5086 3478 5112 ι
3530 5063 3664 5120 Uni-

1957 5153 2141 5208 versis
2185 5161 2492 5223 prazsentes
2539 5153 2757 5209 litteras
2814 5154 3179 5225 inspecturis,
3228 5152 3359 5209 Milo
3407 5152 3663 5208 decanus

1959 5249 2014 5297 et
2041 5241 2360 5311 capitulum
2391 5241 2792 5310 Laudunense,
2826 5243 3069 5299 salutem
3100 5243 3159 5298 in
3193 5241 3445 5298 domino.
3475 5240 3661 5296 Nove-

1962 5328 2088 5384 ritis
2127 5329 2282 5399 quod
2328 5343 2462 5385 cum
2503 5343 2606 5384 nos
2643 5343 2795 5384 anno
2832 5330 2974 5384 1295
3013 5330 3103 5386 die
3133 5329 3292 5385 Iovis
3327 5337 3459 5384 ante
3497 5327 3664 5384 Nati-

1962 5417 2196 5474 vitatem
2221 5417 2368 5473 beati
2391 5417 2626 5474 Ioannis
2659 5417 2942 5486 Baptistae,
2970 5419 3114 5474 hora
3133 5417 3391 5488 capituli,
3437 5416 3668 5486 pulsata

1964 5519 2264 5576 campana,
2304 5514 2473 5576 prout
2521 5507 2695 5561 moris
2733 5514 2836 5575 est,
2885 5521 3139 5563 essemus
3170 5507 3229 5562 in
3261 5512 3455 5562 nostro
3503 5507 3668 5574 capi-

1967 5594 2087 5650 tulo
2119 5594 2371 5666 generali
2405 5595 2697 5650 constituti
2719 5594 2788 5650 de
2813 5603 2996 5653 status
3026 5594 3429 5653 reformatione
3459 5601 3668 5650 nostra:

1969 5681 2369 5739 Laudunensis
2399 5682 2681 5748 Ecclesize,
2723 5704 2742 5730 -
2777 5691 2883 5738 etc.

3289 5781 3364 5836 37
