3930 6406
331 332 470 390 1163

1361 326 1451 382 AD
1490 326 1638 383 OPP.
1682 324 1837 381 VEN.
1880 322 2216 381 GUIBERTI
2258 324 2346 380 DE
2388 324 2793 382 NOVIGENTO.

3704 325 3867 378 1164

396 464 635 524 XXVII.
676 462 845 533 Hugo
906 460 976 517 de
1035 458 1393 515 Castellione.
1450 455 1597 512 Huic
1657 453 1918 513 Clemens
1972 453 2090 512 VA
2205 454 2472 511 XXXIX.
2537 456 2786 511 Joannes
2860 454 3181 526 Martegnin
3253 455 3423 512 annis
3505 457 3857 513 1421-1426.

326 568 494 627 papa,
550 560 674 609 tum
731 548 971 606 Pictavii
1020 547 1254 618 degens,
1304 542 1667 615 privilegium
1720 541 2019 609 concessit,

326 643 417 701 sui
459 640 827 712 pontificatus
869 649 1022 692 anno
1068 632 1340 700 secundo,
1389 638 1679 702 quatenus
1710 631 1760 685 'a
1789 630 2020 686 Laudu-

327 730 487 788 nensi
536 725 789 785 Ecclesia
843 724 915 781 ob
967 722 1234 793 quadam
1286 721 1511 791 privata
1554 718 1783 790 negotia
1837 726 2024 789 posset

326 821 544 876 abesse.
594 817 680 873 Ab
735 827 890 871 anno
948 812 1092 868 1298
1133 810 1478 866 decanatum
1536 806 1710 879 gessit
1773 807 1846 863 ad
1911 821 2022 862 an-

326 907 661 1049 nqulX?lll:.
701 986 1013 1045 Garnerius
1046 1000 1119 1042 ex
1140 983 1368 1055 familia
1394 982 1463 1039 de
1490 981 1748 1051 Thoulis,
1784 989 1849 1039 ιιι
1879 995 2021 1038 con-

323 1090 433 1140 stat
482 1094 556 1136 ex
604 1076 967 1135 instrumenti
1025 1074 1267 1145 hujusce
1322 1071 1562 1129 verbis:
1621 1092 1642 1119 ι
1692 1074 1855 1127 Anno
1903 1071 2022 1126 Do-

324 1170 464 1227 mini
494 1169 653 1234 1312,
685 1173 899 1237 quarta
930 1163 1022 1221 die
1050 1162 1265 1219 mensis
1303 1159 1647 1228 Decembris,
1691 1160 1783 1215 vir
1809 1158 2020 1213 discre-

325 1263 437 1321 tus,
468 1252 738 1309 dominus
767 1249 1082 1306 Garnerins
1101 1248 1169 1303 de
1197 1246 1453 1313 Thoulis,
1478 1245 1732 1301 decanus
1756 1242 2021 1298 Ecclesia

323 1339 736 1406 Laudunensis,
807 1359 829 1388 ι
877 1345 984 1394 etc.
1041 1338 1085 1391 A
1145 1333 1419 1390 Garnerio
1470 1333 1686 1388 obtinet
1739 1331 2021 1388 Robertus

322 1431 390 1487 de
434 1427 835 1499 Martigniaco,
875 1432 941 1481 ut
981 1424 1104 1494 ipsa
1139 1423 1230 1479 die
1258 1422 1603 1477 Parasceves
1634 1418 1814 1490 (quod
1849 1427 2019 1473 antea

318 1517 566 1574 insolens
617 1517 828 1584 fuerat)
858 1511 1270 1584 possessionem
1316 1510 1506 1577 iniret,
1548 1516 1724 1579 atque
1772 1507 1831 1563 in
1862 1506 2018 1577 capi-

321 1607 440 1663 tnlo
470 1606 889 1671 admitteretur,
922 1616 1076 1658 anno
1102 1599 1259 1656 1313.
1288 1599 1547 1655 Excessit
1576 1611 1730 1652 anno
1754 1595 1909 1652 1322.

387 1695 602 1752 XXIX.
642 1695 892 1750 Joannes
920 1691 1174 1747 decanus
1204 1688 1277 1744 ad
1308 1701 1530 1743 annum
1564 1684 1720 1741 I326.

2134 546 2396 601 Decanus
2422 544 2751 602 exhibetur.

2200 632 2317 688 XL.
2361 632 2563 689 Petrus
2582 632 2938 689 Goudeman.
2964 632 3255 689 Sententia
3275 632 3590 689 decretoria
3615 634 3855 690 summi

2131 728 2365 777 senatus
2394 721 2748 789 Parisiensis,
2770 722 2935 778 Petro
2954 722 3190 790 decano,
3223 722 3293 778 de
3323 721 3418 777 lite
3446 722 3592 778 inter
3616 722 3859 793 episco-

2130 823 2267 879 pum
2300 809 2741 865 Landunensem
2770 809 3012 880 ejusque
3041 809 3323 866 vicarium
3358 809 3693 881 episcopum
3732 811 3857 882 Ap-

2130 896 2479 969 pamiarum,
2538 897 2656 953 lata
2708 904 2791 953 est
2851 898 2909 953 in
2957 898 3202 968 gratiam
3260 898 3517 969 capituli,
3579 899 3676 955 die
3737 914 3849 956 xxx

2130 985 2469 1043 Novembris
2490 985 2628 1041 anni
2660 986 2816 1041 1442.

2199 1074 2341 1129 XLI.
2383 1074 2586 1131 Petrus
2610 1074 2678 1130 de
2708 1074 2979 1145 Longolio
3010 1074 3179 1130 annis
3206 1074 3536 1131 1451-1455.

2198 1162 2371 1217 XLII.
2412 1163 2659 1219 Ioannes
2680 1163 2885 1218 Dixme
2913 1164 3261 1233 permutavit
3287 1164 3841 1221 archidiaconatum

2127 1250 2415 1305 Terrasea
2445 1250 2642 1321 (vulgo
2690 1251 3000 1321 Thiérache)
3047 1267 3180 1308 cum
3226 1252 3389 1308 Petro
3421 1253 3488 1309 de
3534 1254 3841 1324 Longolio,

2128 1353 2281 1394 anno
2329 1340 2484 1394 1456.
2520 1339 2607 1394 Ex
2659 1340 2812 1411 regis
2864 1340 3135 1396 mandato
3186 1340 3444 1397 interfuit
3500 1355 3641 1407 una,
3692 1357 3842 1398 cum

2127 1428 2375 1483 Antonio
2396 1428 2464 1483 de
2493 1428 2725 1498 Crespin
2757 1429 2878 1484 sive
2908 1428 3118 1499 Crespy
3149 1429 3413 1500 episcopo
3454 1430 3843 1486 Laudunensi

2128 1515 2495 1586 generalibus
2535 1515 2732 1573 Gallia
2780 1516 3023 1573 comitiis
3064 1518 3121 1572 in
3159 1518 3363 1587 oppido
3394 1517 3839 1589 Montargiensi.

2199 1604 2399 1659 XLIII.
2441 1606 2685 1661 Thomas
2709 1605 2778 1661 de
2798 1606 3078 1662 Poissiaco
3113 1606 3267 1661 1460.
3303 1606 3646 1678 Defungitur
3665 1607 3837 1677 1463,

2125 1692 2344 1747 decimo
2365 1700 2527 1748 sexto
2559 1692 2682 1748 Kal.
2719 1694 3035 1750 Februarii.

387 1784 573 1840 XXX.
615 1781 800 1838 Adam
845 1779 917 1836 de
960 1776 1313 1850 Bugnivilla,
1359 1774 1759 1846 praefecturam
1790 1772 1905 1844 egit
1942 1772 2013 1830 ad
2047 1762 2085 1816 υ
2196 1780 2394 1838 XLIV.
2436 1781 2676 1837 Carolus
2723 1782 2791 1838 de
2840 1782 3251 1853 Luxembnrgo
3302 1783 3615 1839 canonicus
3667 1784 3840 1839 Lau-

316 1884 537 1927 annum
566 1868 696 1939 plus
724 1867 920 1923 minus
947 1866 1107 1921 1329.

387 1958 600 2015 XXXI.
645 1955 851 2013 Guido.
899 1955 1042 2010 Cum
1083 1953 1286 2010 decani
1332 1952 1454 2023 ipse
1482 1964 1699 2007 munus
1736 1947 2011 2019 expleret,

315 2048 515 2104 multa
560 2054 698 2104 sunt
755 2045 883 2101 lites
936 2052 1170 2112 exorta,
1230 2041 1386 2113 quod
1438 2038 1897 2111 jurisdictionem
1954 2036 2015 2092 in

316 2135 639 2203 canonicos,
686 2140 1037 2203 caterosque
1082 2131 1319 2189 clericos
1361 2127 1761 2185 Laudunensis
1814 2126 2014 2181 Eccle-

314 2225 433 2292 sia,
467 2232 523 2281 et
559 2236 761 2280 eorum
787 2221 1082 2278 ministros
1111 2220 1385 2276 Albertus
1427 2217 1497 2273 de
1527 2217 1684 2286 Roya
1713 2214 2016 2285 cpiscopus

314 2312 715 2384 pratenderet,
760 2310 859 2367 sed
893 2308 1108 2380 profuit
1133 2307 1313 2374 nihil;
1345 2304 1557 2376 quippe
1597 2303 1675 2359 ita
1710 2303 1811 2373 jus
1840 2316 2014 2358 suum

314 2409 594 2472 perpetuo
623 2397 885 2455 canonici
926 2402 1364 2461 conservaram,
1395 2401 1459 2449 ιιι
1502 2406 1738 2462 prorsus
1778 2389 1850 2447 ab
1887 2390 2014 2460 cpi-

314 2490 468 2560 scopi
502 2496 776 2559 potestate
802 2487 1081 2542 hactenus
1100 2484 1455 2540 eximantur.

383 2577 608 2633 XXXII.
653 2574 961 2645 Dionysius
1001 2573 1069 2629 de
1117 2570 1441 2640 Quadrollis
1498 2582 1652 2625 anno
1698 2567 1850 2622 I350.
1903 2567 2014 2623 Bo-

312 2665 540 2722 bertum
593 2663 1034 2720 Laudunensem
1082 2662 1419 2731 episcopum
1474 2657 1893 2727 inauguratnm
1950 2655 2011 2710 in

310 2754 521 2822 sedem,
594 2768 711 2823 quo
772 2749 1184 2821 possessionem
1240 2748 1676 2818 adipisceretur,
1747 2744 2011 2813 induxit;

311 2842 483 2898 habet
528 2849 693 2897 vetus
722 2840 903 2896 codex
934 2836 1432 2905 caremoniarum,
1464 2835 1626 2891 Liber
1664 2834 1821 2888 albus
1852 2832 2015 2890 voci-

313 2937 487 2985 tatus.

382 3013 873 3112 XXXIII.._Adam
925 3012 1150 3112 Decola.
1196 3012 1263 3068 In
1312 3010 1553 3112 chorum
1584 3008 1800 3107 pariter
1847 3006 2006 3063 Gau-
2033 3058 2072 3112 Ε

308 3103 523 3160 fridum
553 3103 604 3160 le
649 3102 906 3172 Maingre
952 3114 1025 3157 ex
1073 3100 1289 3156 decano
1318 3096 1637 3155 Turonensi
1674 3096 2001 3165 episcopum

308 3191 657 3248 Laudunens
679 3190 938 3247 deduxit.
964 3189 1209 3246 Vacasse
1234 3185 1436 3243 decani
1467 3185 1656 3241 sedem
1693 3197 1832 3240 ann.
1868 3182 2006 3239 1370

307 3280 524 3337 indicat
553 3278 1009 3337 Chartularium.

376 3368 641 3427 XXXIV.
702 3367 1031 3437 Stephanus
1085 3362 1433 3420 Lescaillart.
1496 3362 1587 3417 Ex
1638 3360 1844 3418 litteris
1880 3360 2001 3417 Cle-

303 3455 512 3512 mentis
568 3467 732 3525 papa
788 3453 895 3510 VII
964 3450 1257 3507 Avenione
1320 3449 1548 3519 scriptis
1617 3449 1754 3505 I389
1813 3448 2002 3505 sedem

300 3556 611 3613 occupasse
668 3547 926 3611 apparet.
977 3538 1252 3594 Summus
1307 3537 1562 3607 pontifex
1617 3536 1795 3593 isdem
1850 3537 2002 3593 Mar-

301 3629 585 3686 cheiensis
613 3627 901 3699 parochia
931 3626 1206 3693 redditus,
1240 3625 1311 3681 ad
1334 3625 1767 3681 instaurandam
1791 3625 1998 3693 ventis,

301 3718 636 3789 pluviisque
684 3715 1007 3771 infestatam
1072 3727 1297 3770 sacram
1359 3712 1675 3781 basilicam,
1736 3712 2000 3769 Ecclesia

301 3804 674 3862 Laudunensi
704 3804 994 3860 consessit.
1022 3802 1184 3861 Vixit
1211 3800 1438 3858 circiter
1465 3801 1535 3857 ad
1567 3815 1663 3858 an.
1700 3799 1853 3856 I396.

370 3893 606 3950 XXXV.
649 3892 969 3949 Balduinus
999 3891 1069 3948 de
1106 3891 1268 3962 Mepa
1316 3891 1471 3947 1397.
1527 3889 1853 3962 Registrum
1897 3889 1999 3945 Ec-

296 3983 502 4040 clesia.

367 4070 630 4128 XXXVI.
676 4070 923 4126 Joannes
977 4068 1047 4125 de
1100 4067 1392 4147 Choisiaco
1423 4067 1677 4124 decanus
1700 4108 1715 4135 ,
1746 4067 1994 4125 necdum

294 4159 476 4214 sacris
532 4158 794 4214 initiatus
859 4170 894 4211 a
964 4156 1267 4212 Benedicto
1332 4170 1480 4227 papa
1544 4156 1678 4212 XIII
1740 4164 1990 4213 creatur.

299 4268 319 4295 ι
365 4246 748 4313 Quamobrem
795 4244 1115 4314 capitulum
1162 4244 1249 4316 (ut
1276 4252 1359 4300 est
1397 4242 1677 4313 scriptum
1709 4244 1767 4300 in
1796 4244 1991 4300 eodem

290 4332 560 4404 registro)
595 4332 758 4389 tertio
787 4340 842 4387 et
874 4331 1055 4402 pridie
1082 4332 1218 4388 ldus
1240 4331 1397 4388 Junii
1428 4346 1580 4388 anno
1601 4331 1827 4388 Domini
1851 4331 1994 4387 1398
2024 4361 2063 4414 ι)

288 4434 358 4478 ea
382 4419 711 4477 conditione
739 4418 1160 4476 investiendum
1191 4420 1436 4489 censuit,
1466 4428 1550 4488 ut,
1583 4419 1724 4477 dum
1750 4420 1996 4476 installa-

289 4516 448 4565 retur
480 4515 535 4564 et
581 4506 749 4563 Iidem
794 4509 1126 4579 juramento
1175 4514 1493 4578 prastaret,
1543 4507 1853 4564 almutium
1889 4521 1992 4564 seu

286 4595 661 4652 armilansam
698 4595 814 4665 ipse
844 4609 960 4651 non
1002 4595 1257 4664 haberet,
1291 4595 1390 4653 sed
1426 4595 1486 4651 in
1517 4610 1727 4652 manus
1754 4596 1993 4653 huticu-

287 4683 415 4740 larii
446 4685 570 4741 sive
603 4684 824 4754 syndici
853 4682 1017 4740 dicta
1047 4684 1297 4740 ecclesia
1328 4684 1657 4754 deponeret,
1687 4698 1804 4755 quo
1843 4682 1991 4740 facto

284 4787 411 4829 eam
460 4774 705 4845 gratiam
757 4786 792 4828 a
840 4772 1091 4842 capitulo
1128 4772 1476 4842 impetravit,
1519 4780 1584 4829 ut
1635 4772 1744 4829 sibi
1781 4772 1991 4829 dehinc

282 4863 476 4919 liceret
506 4863 591 4919 uti
630 4860 970 4933 hujusmodi
1007 4861 1343 4929 armilansa,
1379 4862 1460 4917 sic
1491 4870 1679 4918 tamen
1725 4868 1791 4918 ut
1832 4860 1986 4917 illam

280 4950 340 5006 in
384 4950 621 5007 brachio
670 4950 934 5018 deferret,
978 4963 1093 5006 non
1141 4964 1278 5007 vero
1311 4949 1468 5005 illam
1498 4950 1590 5020 (ut
1627 4955 1769 5007 tunc
1813 4948 1989 5005 moris

276 5038 417 5106 erat)
450 5045 700 5109 gestaret
738 5038 798 5094 in
828 5038 1033 5109 capite.
1080 5038 1153 5095 Ut
1189 5044 1380 5094 autem
1424 5037 1531 5094 hoc
1561 5036 1612 5094 ei
1653 5037 1988 5095 concederet

278 5125 625 5197 capitulum,
684 5125 883 5193 movit,
942 5126 1101 5196 quod
1156 5139 1409 5196 prasens
1462 5139 1580 5182 non
1633 5132 1780 5182 esset
1818 5125 1985 5182 adfu-

276 5222 451 5272 turus
481 5229 494 5269 :
530 5213 639 5284 ipsi
673 5212 830 5269 enim
859 5214 1038 5271 curia
1082 5214 1245 5271 ducis
1275 5213 1630 5286 Burgundia
1669 5212 1983 5271 adharenti

278 5302 537 5372 pontifex
567 5301 961 5359 assiduitatem
995 5302 1259 5360 Ecclesia
1288 5302 1539 5359 debitam
1581 5302 1897 5359 remiserat.
1954 5323 1976 5351 ι

274 5390 405 5447 Post
434 5403 658 5447 menses
686 5404 846 5456 xvm,
880 5389 1133 5461 capitulo
1168 5390 1512 5449 decanatum
1543 5390 1808 5448 reddidit.

349 5477 645 5536 XXXVII.
685 5478 890 5536 Petrus
915 5479 985 5535 de
1014 5479 1225 5535 Bieura
1253 5478 1345 5535 die
1370 5494 1468 5537 XXI
1496 5478 1655 5538 Junii
1684 5493 1780 5536 an.
1819 5478 1971 5538 1400.

269 5565 335 5623 Id
362 5564 620 5624 muneris
643 5566 839 5626 obibat
865 5567 1059 5625 adhuc
1096 5567 1254 5622 1412.

2124 1864 2400 1919 dunensis
2463 1866 2723 1920 unanimi
2772 1866 3180 1921 canonicorum
3230 1881 3509 1921 consensu
3568 1867 3840 1923 decanus

2123 1952 2413 2023 excipitur
2440 1953 2531 2008 die
2563 1967 2681 2009 xvu
2712 1954 2838 2009 Jan.
2879 1956 3032 2010 1463.
3066 1955 3293 2011 Patrem
3324 1954 3525 2011 habuit
3552 1954 3835 2011 Carolum

2122 2040 2192 2095 de
2223 2039 2631 2112 Luxemburgo
2679 2055 2713 2096 a
2755 2042 2808 2097 S.
2853 2041 3031 2097 Paulo
3080 2042 3363 2111 comitem,
3416 2049 3656 2099 matrem
3687 2055 3836 2097 vero

2122 2129 2403 2184 Ioannam
2432 2129 2501 2185 de
2532 2130 2644 2184 Bar
2676 2130 2847 2185 ﬁliam
2880 2130 3075 2185 Maria
3102 2130 3171 2186 de
3201 2131 3497 2187 Couciaco.

2195 2216 2434 2273 Carolus
2462 2218 2532 2273 de
2563 2218 2969 2289 Luxemburgo
3000 2218 3273 2274 electione
3314 2218 3554 2274 ultimus
3596 2230 3631 2272 a
3661 2216 3833 2286 capi-

2124 2305 2243 2362 tulo
2273 2306 2330 2361 in
2361 2306 2690 2376 episcopum
2725 2307 2990 2363 Laudun.
3022 2314 3353 2376 assumptus
3381 2315 3465 2362 est
3501 2306 3654 2363 1472.

2195 2394 2366 2451 XLV.
2408 2394 2749 2451 Guillelmus
2795 2395 2864 2451 de
2900 2395 3129 2451 Armire
3169 2403 3337 2450 antea
3379 2395 3832 2451 archidiaconus

2123 2482 2500 2551 Ebroicensis,
2536 2482 2880 2539 decanatum
2924 2497 3077 2539 anno
3111 2484 3248 2539 I472
3286 2497 3320 2539 a
3359 2483 3490 2539 sede
3518 2481 3833 2552 apostolica

2123 2570 2359 2639 obtinet,
2397 2571 2499 2627 s..d
2530 2572 2602 2627 ob
2634 2572 2825 2627 varias
2856 2572 3016 2629 illum
3053 2572 3200 2628 inter
3246 2580 3301 2628 et
3329 2571 3647 2642 capitulum
3679 2585 3792 2627 con
3828 2599 3832 2603 <

2124 2660 2430 2713 troversias
2488 2658 2683 2715 abesse
2751 2666 2925 2730 atque
2991 2658 3329 2730 dignitatem
3388 2659 3659 2715 abdicare
3721 2672 3828 2715 co-

2125 2745 2303 2816 gitur.

2194 2832 2389 2890 XLVI.
2449 2832 2786 2904 ,Stephanus
2845 2834 3079 2906 Narque
3146 2834 3448 2891 Guillelmo
3515 2835 3826 2891 abdicante

2121 2921 2375 2977 decanus
2433 2934 2507 2976 ex
2563 2937 2845 2979 consensu
2898 2923 3134 2993 capituli
3183 2923 3386 2992 factus,
3443 2936 3594 2979 anno
3654 2924 3820 2980 1479.

2122 3010 2366 3066 Moritur
2394 3009 2485 3066 die
2509 3010 2713 3081 quinta
2739 3011 2897 3067 Junii
2934 3013 3086 3068 I480.

2185 3099 2399 3155 XLVII.
2441 3099 2723 3169 Polyenus
2782 3100 2901 3156 sive
2969 3099 3184 3156 Pollius
3260 3099 3499 3156 Claudet
3568 3100 3688 3171 regi
3745 3101 3822 3156 ab

2110 3183 2501 3255 eleemosynis,
2543 3183 2775 3240 arbitris
2829 3198 2864 3241 a
2913 3183 3167 3254 capitulo
3226 3183 3413 3241 tribus
3467 3184 3816 3253 constitutis,

2112 3273 2427 3343 praficitur
2455 3272 2545 3327 die
2576 3286 2691 3327 xxx
2719 3272 2978 3329 Octobris
3021 3273 3179 3339 I480,
3226 3280 3290 3329 ιιι
3330 3272 3502 3329 estin
3542 3272 3818 3343 subjectis

2113 3361 2338 3431 litteris.
2393 3382 2413 3409 α
2450 3360 2563 3417 Nos
2612 3367 2738 3431 post
2784 3360 3041 3417 diversos
3090 3368 3369 3418 tractatus
3406 3361 3813 3430 multiplicium

2110 3461 2511 3518 personarum,
2582 3448 2832 3505 finaliter
2887 3448 3086 3505 divina
3141 3449 3366 3505 favente
3415 3449 3618 3519 gratia,
3666 3456 3813 3514 etc.,

2109 3536 2444 3593 reducentes
2501 3536 2573 3592 ad
2642 3537 2979 3593 memoriam
3041 3537 3260 3594 litteras
3321 3536 3816 3593 commendatitias

2108 3624 2322 3681 domini
2372 3624 2550 3681 nostri
2601 3626 2957 3681 Francorum
3000 3625 3154 3697 regis
3183 3640 3285 3695 pro
3327 3638 3573 3696 persona
3619 3625 3813 3681 scien-

2111 3712 2248 3770 tiﬁci
2296 3712 2409 3769 viri
2455 3711 2717 3784 magistri
2766 3710 2902 3782 Poly
2954 3712 3211 3779 Claudet,
3261 3712 3319 3768 in
3366 3712 3632 3768 eumdem
3680 3726 3809 3768 ma-

2108 3803 2356 3873 gistrum
2420 3801 2557 3872 Poly
2611 3800 2853 3857 Claudet
2906 3800 3225 3857 direximus
3275 3800 3631 3857 concorditer
3673 3807 3807 3856 vota

2105 3898 2320 3956 nostra,
2363 3890 2557 3946 virum
2602 3889 2804 3960 utique
2832 3890 3139 3959 providum
3189 3896 3245 3945 et
3276 3889 3618 3955 discretum;
3666 3888 3807 3945 litte-

2106 3992 2304 4034 rarum
2332 3978 2590 4047 scientia,
2623 3977 2762 4044 vita,
2794 3984 2850 4033 et
2880 3977 3138 4033 moribus
3164 3976 3368 4033 merito
3407 3975 3806 4033 commendan-

2103 4066 2273 4137 dum;
2315 4066 2375 4123 in
2417 4067 2597 4123 sacris
2645 4066 2951 4122 ordinibus
2992 4073 3051 4122 et
3091 4073 3258 4123 atate
3287 4064 3543 4136 legitima
3589 4064 3801 4121 consti-

2102 4162 2320 4225 tutum;
2391 4168 2459 4211 ac
2522 4155 2592 4212 de
2658 4155 2910 4226 legitimo
2972 4154 3339 4211 matrimonio
3406 4161 3795 4224 procreatum;

2101 4242 2316 4299 domini
2359 4244 2541 4300 nostri
2573 4245 2926 4301 Francorum
2971 4244 3124 4316 regis
3168 4241 3793 4313 eleemosynarium;in

2102 4330 2505 4401 spiritualibus
2544 4339 2600 4388 et
2655 4332 3070 4403 temporalibus
3121 4330 3515 4402 multipliciter
3560 4330 3794 4387 circum-

2103 4427 2382 4488 spectum.
2447 4443 2475 4471 ι
2531 4420 2856 4477 Canonicus
2930 4428 3125 4477 autem
3182 4420 3418 4476 minime
3473 4434 3606 4477 cum
3654 4425 3789 4475 esset

2104 4507 2352 4577 Pollyus,
2386 4508 2752 4578 prabendam
2797 4508 2905 4579 ipsi
2949 4508 3192 4566 contulit
3236 4508 3557 4579 episcopus,
3609 4521 3672 4564 ac
3712 4506 3790 4563 sic

2102 4594 2334 4651 demum
2361 4595 2674 4652 canonicus
2701 4603 2787 4652 est
2815 4604 3104 4667 acceptus.

2169 4683 2427 4743 XLVIII.
2476 4685 2725 4741 Ioannes
2777 4684 3085 4752 Godefridi,
3139 4698 3332 4755 quem,
3385 4683 3515 4740 licet
3551 4682 3783 4739 alterum

2097 4785 2140 4843 a,
2165 4787 2297 4844 rege
2343 4773 2808 4830 commendatum
2852 4773 3149 4840 haberent,
3198 4772 3331 4829 forti
3380 4772 3573 4829 animo
3609 4770 3779 4843 elege-

2095 4868 2236 4918 runt
2291 4861 2573 4929 canonici,
2627 4861 2807 4919 veluti
2872 4862 3135 4932 perhibet
3183 4860 3421 4933 epistola
3464 4860 3778 4918 earumdem

2094 4948 2167 5005 ad
2197 4963 2389 5022 regem
2418 4949 2633 5006 directa
2662 4964 2815 5006 anno
2847 4953 2983 5006 I483
3009 4950 3068 5006 in
3093 4950 3251 5007 hunc
3279 4949 3514 5007 modum
3549 4964 3562 5004 :
3599 4971 3619 4998 ι
3645 4947 3779 5015 Quia

2092 5038 2406 5095 decanatus
2444 5038 2789 5096 beneﬁcium
2829 5046 2914 5095 est
2951 5037 3193 5095 maximi
3241 5037 3528 5109 ponderis,
3573 5036 3776 5093 habens

2092 5139 2294 5183 curam
2322 5125 2651 5183 animarum
2675 5127 2938 5185 omnium
2958 5126 3393 5184 habituatorum
3411 5126 3576 5183 dicta
3604 5125 3774 5182 Eccle-

2090 5214 2208 5283 sia,
2238 5221 2294 5271 et
2320 5215 2494 5271 etiam
2524 5214 2771 5286 dirigere
2794 5223 2851 5272 et
2879 5223 3224 5287 supportare
3251 5215 3446 5272 omnia
3472 5222 3527 5271 et
3558 5214 3772 5285 singula

2088 5316 2283 5370 onera,
2333 5310 2453 5359 tam
2502 5304 2561 5360 in
2601 5304 3006 5375 spiritualibus
3049 5317 3227 5375 quam
3275 5303 3336 5359 in
3380 5301 3770 5374 temporalibus

2087 5389 2252 5447 dicta
2290 5391 2579 5457 Ecclesia,
2630 5391 2737 5462 ipsi
2781 5392 3002 5448 nomini
3050 5390 3432 5461 capitulantes
3478 5391 3627 5447 dicta
3669 5389 3763 5459 die,

2085 5477 2378 5535 Altissimo
2426 5479 2672 5547 favente,
2727 5479 2919 5537 taliter
2978 5480 3287 5537 intendunt
3344 5480 3660 5550 procedere,
3719 5485 3765 5536 et

2086 5566 2418 5638 hujusmodi
2475 5566 2809 5626 electionem
2865 5568 3188 5626 secundum
3250 5580 3449 5627 eorum
3496 5565 3765 5625 conscien-
