3930 6436
413 372 548 430 “67

468 508 560 581 (θ’)
618 508 756 567 Intn.
808 539 876 550 —
935 510 1049 576 Ego
1096 507 1320 578 poetice,
1382 512 1489 562 etc.
1542 503 1703 573 Quod
1763 503 2166 576 perstringitA

376 599 708 681 .canonicus
738 596 1137 654 Laudunensis
1167 595 1225 651 in
1255 594 1522 650 chronico
1556 609 1568 649 :

471 707 497 737 α
532 687 635 743 llic
685 683 1067 758 (Gualdricus)
1114 684 1253 738 dum
1302 681 1615 753 aliquando
1662 694 1697 735 a
1740 680 2096 737 dedicatione

396 776 699 847 cujusdam
743 773 993 832 ecclesia
1055 772 1333 839 rediisset,
1386 777 1442 826 ct
1499 770 1571 825 ad
1634 770 2097 826 conﬁrmandum

394 865 439 920 si
469 879 616 936 opus
655 864 814 930 foret,
854 861 1001 933 cum!
1025 860 1168 916 stola
1198 868 1252 916 et
1289 859 1459 914 mitra
1498 858 1825 929 equitasset,
1858 865 1925 914 ut
1977 864 2099 913 erat

396 952 538 1009 levis
594 950 792 1018 animi,
842 949 1099 1005 lanceam
1145 962 1180 1003 a
1236 962 1416 1004 manu
1464 946 1768 1017 cujusdam
1811 953 2095 1003 extortam

394 1041 854 1111 circumquaque
909 1036 1044 1108 agili
1111 1036 1544 1108 gesticulatione
1592 1035 1877 1106 gestabat;
1945 1034 2100 1091 unde

395 1134 694 1198 coeperunt
741 1140 876 1181 eum
930 1123 1207 1191 deridere,
1267 1124 1519 1180 dicentes
1568 1123 1887 1194 vulgariter
1943 1121 2098 1193 quod

395 1216 575 1273 abbas
607 1214 902 1271 Wibertus
930 1212 1146 1284 poetice
1168 1214 1250 1269 sic
1277 1213 1564 1283 exposuit.

536 1306 657 1359 Non
703 1302 831 1357 bene
872 1301 1211 1366 conveniunt,
1267 1316 1362 1357 nec
1399 1302 1460 1355 in
1504 1315 1617 1355 una
1652 1299 1776 1355 sede
1816 1301 2101 1353 morantur

537 1391 757 1448 Cidaris
778 1395 827 1444 et
851 1390 1055 1444 lancea.

394 1480 499 1536 Hic
526 1491 788 1549 pannum
815 1478 1062 1533 sericum
1095 1489 1241 1532 auro
1271 1474 1578 1543 intextum,
1614 1487 1787 1545 quem
1823 1486 1925 1544 per
1965 1485 2099 1528 eum

392 1568 596 1637 regina
634 1564 858 1636 Anglia
901 1565 1135 1621 miserat
1176 1563 1391 1636 regina
1434 1563 1812 1631 Francorum,
1868 1560 2102 1618 abstulit

394 1657 454 1711 in
483 1655 719 1711 ecclesia
746 1653 1115 1709 Laudunensi
1159 1653 1220 1708 B.
1271 1651 1543 1708 Genitrici
1577 1650 1673 1706 Dei
1722 1650 1937 1717 Maria,
1982 1650 2102 1720 jus-

394 1744 584 1814 sitque
629 1742 750 1798 ﬁeri
803 1742 1081 1809 casulam,
1132 1741 1204 1797 ad
1249 1740 1508 1811 ejusdem
1566 1739 1761 1795 Matris
1803 1739 2097 1795 honorem.

1460 368 1552 424 AD
1591 368 1743 423 OPP.
1787 368 1935 424 \‘EN.
1976 367 2310 423 GUIBERTI
2350 366 2441 422 DE
2483 364 2868 421 NOVIGENTO

3797 370 3913 421 “(3‘

2276 500 2364 574 (97)
2412 501 2545 559 CAP.
2600 502 2667 559 V.
2699 531 2773 544 —
2824 503 3145 557 Monasterii
3207 502 3513 558 Puellarum
3555 503 3914 561 Castellanu:

2203 591 2592 648 Castellanum
2647 590 2826 660 vulgo
2866 589 3015 646 arcis
3059 589 3393 659 prafectum
3442 592 3681 647 vocitari
3749 593 3914 663 prob

2205 677 2343 743 scio,
2378 676 2415 732 ι.
2446 691 2504 732 ιι.
2536 677 2614 731 De
2660 675 2853 732 fundis
2888 674 3256 745 limitrophis,
3288 673 3386 731 lib.
3416 691 3475 731 ιι.
3512 676 3646 732 Cod.
3687 677 3801 732 Tit.
3836 679 3913 729 ὃς

2209 764 2422 823 Verum
2454 780 2616 820 secus
2665 764 2772 820 hoc
2818 764 2959 832 loco,
3016 771 3079 820 ut
3113 777 3257 831 reor,
3304 772 3628 835 usurpatur
3675 780 3783 836 pro
3830 766 3914 820 ac'

2211 860 2412 908 vocato
2432 852 2736 919 nimirum,
2759 852 2929 922 cujus
2946 852 3303 921 pracipuum
3328 866 3545 909 munus
3564 861 3708 921 erat,
3749 854 3914 909 eccli

2206 940 2322 996 sias
2351 940 2437 995 vel
2470 939 2817 996 monasteria
2864 937 3031 995 tueri.
3081 938 3172 995 Nil
3199 938 3560 1009 frequentius
3613 941 3914 1012 scriptore

2207 1028 2454 1099 antiqui.
2500 1026 2746 1097 Capitul.
2786 1025 2887 1083 lib.
2921 1042 3017 1088 vn,
3052 1040 3179 1097 cap.
3237 1028 3340 1081 308
3374 1041 3386 1082 :
3427 1050 3448 1077 ι
3489 1028 3599 1085 Pro
3638 1029 3914 1085 Ecclesia

2207 1130 2339 1173 rum
2390 1116 2599 1183 causis,
2636 1130 2703 1171 ac
2750 1115 3195 1171 necessitatibus
3237 1129 3459 1183 earum,
3505 1125 3682 1188 atque
3714 1131 3914 1174 servo

2205 1219 2338 1261 rum
2370 1204 2489 1271 Dei,
2521 1211 2907 1272 exsecutores,
2964 1202 3054 1259 vel
3098 1203 3380 1270 advocati,
3409 1218 3511 1262 seu
3559 1206 3914 1263 defensores

2208 1293 2435 1364 quoties
2464 1292 2770 1349 necessitas
2803 1292 3109 1363 ingruerit,
3155 1305 3190 1348 a
3216 1291 3474 1363 principe
3511 1295 3913 1363 postulentur

2206 1390 2261 1438 et
2291 1381 2364 1438 ab
2386 1397 2453 1438 eo
2486 1381 2727 1437 ﬁdeliter
2755 1390 2930 1452 atque
2970 1381 3404 1452 libenlerjuxta
3442 1383 3748 1440 canonicas
3782 1398 3914 1440 san

2208 1471 2423 1527 ctiones
2446 1470 2768 1526 fidelissime
2791 1470 3020 1526 (lentur.
3048 1491 3075 1519 »
3099 1470 3357 1541 Duplicis
3377 1472 3602 1542 generis
3625 1471 3914 1529 advocati

2209 1558 2348 1626 nati,
2400 1566 2455 1615 et
2501 1558 2637 1615 dati.
2672 1558 2895 1615 Videsis
2934 1558 3286 1616 Glossarium
3315 1560 3515 1616 Pithai
3540 1561 3613 1615 ad
3661 1561 3909 1631 capitul

2209 1646 2394 1702 Caroli
2432 1646 2624 1717 Magni
2658 1655 2713 1702 et
2750 1646 3048 1716 perdoctas
3082 1647 3365 1704 Francisci
3393 1648 3663 1718 Bosqueti
3714 1650 3914 1705 obser

2211 1736 2469 1791 vationes
2515 1735 2587 1790 ad
2634 1735 2797 1805 epist.
2855 1737 2973 1801 122,
3029 1738 3126 1790 134
3182 1742 3237 1791 et
3297 1738 3388 1791 191
3446 1736 3762 1793 Innocentii
3818 1738 3914 1793 lIl

395 1808 740 1887 Procedente
792 1837 983 1886 tamen
1025 1808 1297 1900 tempore,
1335 1842 1469 1884 cum
1511 1828 1725 1899 regina
1775 1833 2103 1883 memorata
2136 1808 2177 1862 Β
2217 1838 2349 1895 pag.
2385 1824 2502 1890 143,
2554 1824 2655 1879 149
2680 1831 2735 1879 et
2767 1825 2880 1878 I88.

396 1919 815 1984 convenissent,
864 1924 918 1973 et
943 1930 1138 1972 secum
1186 1915 1254 1971 ad
1304 1914 1548 1971 invicem
1603 1914 1704 1970 diu
1759 1922 1946 1969 essent
1998 1913 2108 1969 col'

394 2005 619 2075 locuta,
648 2004 980 2061 mirabatur
1008 2003 1208 2075 regina
1230 2003 1472 2075 Anglia,
1503 2002 1659 2074 quod
1689 2002 1909 2059 nullam
1938 2015 2106 2057 men-

395 2094 607 2151 tionem
640 2095 848 2150 t‘aceret
874 2093 942 2149 de
984 2099 1298 2149 memorato
1336 2105 1547 2163 panno,
1586 2091 1668 2146 sie
1703 2089 1782 2147 ait
1809 2090 1882 2145 ad
1927 2103 2053 2145 eam
2089 2103 2101 2143 :

393 2178 520 2235 Non
571 2177 789 2248 placuit
834 2176 999 2233 vobis
1046 2175 1466 2232 munusculum
1516 2188 1731 2241 meum,
1789 2181 1978 2229 tamen
2034 2173 2105 2230 de

392 2266 715 2337 potioribus
780 2264 907 2332 fuit,
976 2264 1130 2335 quod
1210 2277 1422 2319 manus
1503 2270 1712 2318 nostra
1792 2269 2104 2332 potuerunt

392 2355 694 2426 attingere.
744 2353 849 2411 Cui
893 2352 1096 2424 regina
1129 2352 1401 2419 Francia,
1448 2349 1568 2407 ait:
1624 2350 1769 2417 Quid
1817 2357 1902 2406 est
1946 2351 2098 2422 quod

391 2443 669 2514 loqueris,
701 2442 779 2498 mi
827 2442 1063 2513 regina!
1097 2439 1203 2497 Cui
1236 2439 1373 2495 illa:
1417 2440 1497 2496 De
1541 2453 1751 2509 panno,
1794 2453 1966 2510 quem
2000 2453 2102 2510 per

394 2531 836 2587 Laudunensem
900 2528 1233 2600 episcopum
1299 2528 1464 2584 vobis
1530 2528 1696 2597 misi,
1765 2526 1826 2584 ﬁt
1888 2541 2096 2583 sermo.

392 2618 575 2689 Negat
604 2618 703 2674 illa
730 2632 790 2673 se
837 2616 1056 2688 aliquid
1108 2615 1286 2687 hujus
1333 2616 1414 2673 rei
1475 2616 1638 2672 scire.
1693 2616 1943 2673 Vocatur
1985 2616 2101 2687 epi-

392 2720 619 2776 scopus,
667 2706 769 2777 qui
822 2704 880 2761 in
931 2704 1027 2760 illo
1071 2712 1360 2761 conventu
1422 2704 1603 2775 regali
1652 2704 1891 2775 aderat;
1938 2719 2097 2776 qua-

392 2796 544 2851 ritur
589 2808 772 2865 quare
838 2793 1240 2849 transmissum
1303 2792 1385 2848 illi
1446 2806 1704 2863 pannum
1753 2808 1869 2849 non
1920 2793 2097 2849 obtu-

390 2883 520 2939 lerit
565 2882 801 2954 regina.
852 2882 1172 2953 Respondet
1228 2895 1286 2937 se
1328 2895 1586 2952 pannum
1640 2882 1691 2938 ei
1721 2881 2093 2938 deferendum

391 2971 624 3027 minime
670 2985 705 3027 a
742 2984 1041 3042 quoquam
1082 2970 1396 3041 accepisse;
1449 2970 1546 3027 sed
1593 2970 1827 3042 regina,
1880 2970 2090 3041 inquit,

390 3060 666 3128 Francia,
699 3073 955 3131 pannum
1000 3059 1224 3128 misisti,
1258 3073 1431 3130 quem
1480 3059 1718 3116 veniens
1760 3060 1811 3115 ei
1857 3059 2093 3115 indilate

388 3147 605 3217 obtuli;
657 3148 946 3205 mirantur
993 3156 1278 3218 utraque,
1346 3149 1442 3205 sed
1488 3149 1675 3219 magis
1718 3147 1921 3219 regina
1965 3147 2092 3203 An-

387 3238 536 3309 glia,
582 3244 797 3308 putans
850 3251 911 3293 se
953 3236 1233 3304 delusam,
1287 3243 1343 3292 et
1394 3249 1526 3292 cum
1565 3235 1675 3291 alia
1710 3233 1832 3291 loco
1879 3236 2093 3307 regina

385 3324 767 3393 adfabulasse,
795 3324 980 3381 ‘aiens
1011 3324 1084 3380 ad
1122 3324 1453 3394 episcopum
1487 3338 1501 3377 :
1547 3322 1651 3378 Ubi
1682 3322 1859 3393 igitur
1891 3324 2093 3394 regina

385 3409 686 3466 Francia?
751 3408 1022 3465 Similiter
1084 3415 1141 3465 et
1196 3407 1309 3463 alia
1364 3407 1443 3463 ait
1476 3421 1489 3461 :
1522 3405 1668 3473 Quid
1698 3411 1801 3473 est,
1862 3404 2092 3460 domine

383 3496 665 3568 episcope,
692 3511 808 3553 non
851 3497 1146 3567 cognoscis
1183 3495 1320 3552 me?
1367 3494 1477 3562 Qui
1518 3496 1597 3550 ait
1629 3509 1642 3548 :
1681 3494 1893 3564 Utique
1930 3491 2086 3548 novi.

384 3585 564 3652 Certe,
614 3584 695 3640 ait
741 3584 960 3655 regina,
1013 3582 1154 3639 mihi
1196 3597 1311 3639 non
1367 3581 1741 3654 prasentasti.
1808 3581 1918 3648 Qui
1966 3581 2087 3637 ait:

385 3672 619 3743 Regina
652 3660 909 3728 Francia
936 3671 1116 3728 obtuli
1144 3685 1403 3741 pannum
1446 3671 1520 3727 ab
1557 3671 1666 3727 hac
1702 3670 1936 3726 domina
1980 3669 2089 3726 sibi

377 3760 802 3828 transmissum,
837 3774 969 3830 qua
997 3766 1082 3816 est
1110 3760 1206 3830 pia
1244 3760 1341 3816 Dei
1386 3767 1589 3828 mater,
1623 3759 1825 3831 regina
1860 3758 2090 3814 immor-

377 3849 524 3918 talis,
585 3848 754 3919 cujus
801 3863 1048 3919 regnum
1094 3847 1297 3905 stabile
1339 3855 1424 3905 est
1467 3848 1591 3904 sine
1648 3848 1779 3904 ﬁne.
1824 3847 2089 3904 Laudant

377 3945 639 4008 utraque
664 3937 742 3994 rei
773 3937 1011 4005 factum,
1045 3944 1100 3993 et
1130 3937 1455 4007 approbant
1486 3937 1726 3993 donum.

444 4031 595 4082 047
633 4048 655 4076 ι
714 4026 1041 4082 Walderico
1078 4026 1350 4083 successit
1387 4026 1554 4097 Hugo
1592 4025 1846 4083 decanus
1883 4025 2085 4082 Eccle-

372 4115 471 4171 sia
497 4114 951 4172 Aurelianensis.
986 4113 1108 4181 Quo
1141 4121 1272 4184 post
1311 4116 1343 4168 6
1386 4127 1611 4170 menses
1643 4121 1891 4182 mortuo,
1943 4115 2077 4170 Bar-

373 4201 713 4259 tholomaus
744 4203 804 4258 ﬁt
836 4202 1239 4259 Laudunensis
1262 4202 1577 4271 episcopus,
1602 4202 1771 4273 cujus
1795 4201 2081 4258 industria

370 4290 716 4346 cathedralis
763 4291 1000 4347 ecclesia
1029 4291 1111 4361 {in
1158 4290 1318 4347 brevi
1370 4297 1653 4360 reparata,
1713 4290 1919 4347 iterum
1969 4289 2079 4347 fuit

2286 1912 2645 1969 Advocatum
2678 1911 2935 1968 concedit
2978 1912 3323 1969 monasterio
3360 1913 3668 1970 Anianensi
3718 1914 3913 1971 Ludo

2213 2000 2376 2057 vicus
2403 2001 2536 2057 Pius
2568 2000 2688 2057 suis
2726 2000 2924 2058 litteris
2970 2000 3028 2057 in
3057 2015 3184 2058 eam
3223 2015 3346 2058 rem
3392 2002 3742 2073 conscriptis.
3799 2004 3909 2059 Ha

2213 2089 2349 2146 bent
2374 2089 2496 2145 hac
2525 2090 2721 2146 verba.

2288 2201 2307 2226 ι
2344 2178 2410 2233 In
2490 2177 2720 2234 nomine
2792 2175 3015 2233 Domini
3063 2177 3163 2234 Dei
3216 2184 3272 2234 et
3336 2178 3647 2235 Salvatoris
3728 2187 3914 2237 nostr

2209 2266 2345 2323 Iesu
2388 2266 2616 2334 Christi,
2670 2266 2995 2323 Ludovicus
3039 2266 3237 2323 divina
3284 2267 3623 2338 propitiante
3665 2268 3911 2326 clemen

2210 2354 2305 2423 tia,
2343 2355 2988 2426 imperatorAugustus.

2283 2465 2305 2492 ι
2340 2443 2391 2500 Si
2425 2443 2794 2515 petitionibus
2822 2458 3120 2501 servorum
3152 2444 3250 2500 Dei
3276 2444 3449 2516 justis
3478 2451 3532 2501 et
3556 2444 3913 2502 rationabili

2206 2531 2336 2599 bus,
2364 2531 2546 2588 divini
2577 2532 2768 2588 cultus
2787 2546 2979 2588 amore
3002 2532 3281 2601 favemus,
3312 2554 3332 2579 ι
3360 2540 3467 2588 etc.
3507 2532 3643 2589 Vide
3662 2534 3818 2588 inter
3836 2534 3913 2588 die

2203 2619 2445 2688 plomata
2475 2618 2731 2673 Ludovici
2759 2621 2859 2672 Pii.
2893 2619 3218 2686 Patrologia
3248 2622 3287 2671 t.
3322 2619 3461 2674 CIV.

2274 2711 2424 2761 648
2456 2702 2548 2777 (9“)
2580 2706 2712 2763 CAP.
2750 2706 2815 2763 V.
2844 2735 2917 2747 —
2942 2707 3073 2771 Qua
3101 2706 3341 2761 basilica
3378 2710 3563 2776 caput.
3600 2707 3791 2763 Locus
3832 2722 3914 2763 ec.

2203 2794 2388 2851 clesia
2419 2794 2849 2865 prominentior,
2876 2794 2956 2850 sic
2983 2794 3170 2851 dictus
3202 2794 3356 2865 quod
3381 2795 3562 2851 instar
3591 2793 3768 2851 fuerit
3796 2811 3914 2852 cer-

2201 2878 2422 2948 vicalis,
2454 2883 2764 2939 vernacule
2792 2884 2993 2938 chevet.
3024 2883 3090 2938 In
3142 2882 3392 2939 basilicis
3421 2883 3611 2939 Sancti
3653 2882 3907 2955 Dionysi

2203 2971 2260 3027 in
2291 2971 2555 3039 Francia,
2598 2971 2819 3027 Sancta
2863 2971 3160 3027 Genovefa
3209 2971 3464 3039 Parisiis,
3518 2971 3709 3028 Sancti
3738 2972 3914 3030 Bene

2202 3058 2338 3116 dicti
2372 3060 2764 3124 Floriacensis,
2798 3066 2854 3116 et
2890 3059 3028 3115 alibi
3061 3060 3115 3115 id
3172 3074 3355 3131 genus
3401 3060 3653 3130 capitum
3704 3060 3914 3117 visun-

2201 3157 2298 3205 tur
2326 3148 2628 3219 hodieque.

2273 3234 2362 3307 (99)
2395 3238 2534 3293 IBtn.
2585 3266 2655 3279 —
2722 3238 2985 3305 Mastigia
3049 3236 3354 3308 chlamydis
3408 3252 3443 3291 a
3490 3241 3635 3303 tergo
3681 3238 3912 3308 rejecta.

2202 3324 2441 3381 Difﬁcile
2472 3324 2783 3381 admodum
2817 3332 2901 3381 est
2928 3325 3207 3396 mastigia
3240 3324 3469 3394 'etymon
3500 3324 3723 3394 aperire
3759 3341 3775 3381 :
3821 3342 3912 3382 ve-

2201 3426 2331 3469 rum
2360 3414 2403 3469 si
2435 3413 2779 3484 conjectura
2808 3412 2997 3469 locum
3029 3413 3164 3469 dare
3204 3412 3388 3481 liceat,
3422 3413 3752 3484 mastigiam
3788 3415 3912 3487 opi«

2198 3515 2303 3558 nor
2332 3501 2650 3572 chlamydis
2680 3502 2971 3571 quoddam
3002 3500 3321 3569 vinculum,
3355 3515 3471 3572 quo
3491 3501 3691 3572 |veluti
3724 3502 3910 3574 ligula

2199 3597 2447 3662 utraque
2492 3604 2624 3660 pars
2673 3591 2925 3647 anterior
2969 3591 3345 3646 connectitur.
3400 3589 3764 3661 Conjectura
3806 3606 3910 3647 no-

2198 3686 2329 3735 stra
2361 3679 2589 3735 videtur
2613 3677 2922 3749 suffragari
2954 3677 3203 3735 Severus
3229 3677 3537 3749 Sulpicius,
3571 3678 3805 3751 Dialog.
3843 3680 3910 3735 li-

2197 3768 2298 3824 bro
2341 3782 2398 3836 ιι,
2434 3782 2561 3838 cap.
2591 3773 2645 3823 4.
2693 3790 2713 3816 ι
2758 3767 3135 3838 Consurgunt
3188 3781 3388 3823 omnes
3427 3767 3638 3838 pariter
3686 3768 3749 3823 in
3783 3782 3908 3825 ver-

2196 3857 2365 3927 bera;
2398 3856 2683 3914 consumit
2711 3856 2959 3913 Gailicas
2988 3855 3283 3912 mularum
3313 3868 3484 3925 pana
3520 3855 3851 3927 mastigias.
3884 3876 3908 3906 ιι

2198 3946 2365 4004 Vides
2393 3960 2459 4002 eo
2486 3946 2592 4002 loci
2632 3945 2959 4017 mastigiam
3001 3944 3104 4001 lori
3133 3958 3255 4002 esse
3299 3958 3483 4016 genus
3521 3957 3624 4000 seu
3681 3945 3906 4002 corria-

2191 4050 2357 4092 ceum
2389 4034 2796 4091 retinaculum.

2265 4123 2385 4196 (¹⁰⁰)
2417 4123 2551 4181 CAP.
2609 4123 2735 4181 Vll.
2789 4152 2856 4163 —
2894 4124 2961 4177 Ut
2989 4124 3167 4193 capite
3212 4123 3371 4177 censi.
3423 4122 3548 4179 Uno
3596 4121 3799 4189 verbo,
3852 4121 3904 4175 id

2189 4221 2274 4269 est
2302 4212 2610 4283 mancipia,
2652 4226 2783 4282 qua
2823 4212 3133 4281 quotannis
3171 4211 3455 4267 tributum
3491 4210 3709 4266 solvere
3748 4219 3906 4266 teneo

2190 4302 2426 4358 bantur.
2469 4300 2682 4357 Charta
2721 4299 3171 4356 Flaviniacensis
3219 4298 3547 4356 monasterii
3597 4298 3782 4355 relata
3828 4298 3899 4352 ab

369 4385 732 4449 consecrata;
763 4379 821 4434 in
854 4378 1052 4435 multis
1082 4392 1320 4449 quoque
1347 4377 1484 4434 locis
1510 4378 1567 4434 in
1599 4379 1812 4450 quibus
1851 4379 2047 4451 religio

2276 4390 2438 4446 ,draa
2466 4388 2769 4447 Duchesne
2809 4390 2867 4445 in
2906 4389 3129 4459 probat.
3174 4388 3433 4444 Historia
3478 4385 3893 4459 Vergiacensis,

371 4466 461 4521 nis
490 4466 681 4522 fervor
709 4481 825 4523 non
854 4466 1059 4535 fuerat,
1093 4481 1191 4537 per
1216 4481 1347 4523 eum
1373 4474 1458 4524 est
1487 4467 1779 4525 dilatatus.
1815 4488 1842 4519 ››

440 4554 511 4611 Ει
536 4554 764 4612 Guillel.
799 4556 868 4611 de
897 4555 1115 4626 Nangis
1139 4555 1383 4611 Historia
1414 4555 1651 4623 inedita,
1682 4556 1755 4613 ad
1784 4571 1880 4613 an.
1916 4559 2073 4623 1113,

366 4641 441 4698 ab
471 4642 560 4699 his
580 4656 695 4698 non
725 4643 1009 4714 discrepat
1037 4660 1050 4698 :
1091 4666 1111 4693 ι
1152 4643 1415 4700 Valdrico
1445 4644 1916 4702 Laudunensium
1962 4645 2076 4716 epi-

365 4745 537 4802 scopo
569 4745 605 4787 a
632 4731 754 4788 suis
794 4733 1021 4789 civibus
1059 4732 1327 4803 nequiter
1354 4736 1665 4803 perempto,
1700 4734 1868 4805 Hugo
1895 4735 2078 4790 Aure-

363 4819 640 4877 lianensis
695 4820 957 4878 Ecclesia
1007 4821 1262 4878 decanus
1316 4821 1711 4879 substituitur.
1772 4820 1895 4889 Quo
1951 4828 2074 4892 post

362 4917 577 4980 septem
607 4924 829 4966 menses
854 4917 1102 4977 mortuo,
1138 4931 1159 4959 ι
1189 4918 1296 4966 etc.

434 4995 521 5067 (9⁸)
552 4997 693 5055 CAP.
728 4998 826 5055 IV.
859 5028 928 5040 —
984 5001 1101 5055 Non
1139 4999 1268 5053 bene
1313 5001 1657 5068 conveniunt,
1697 5005 1805 5055 etc.
1856 4997 2075 5056 Alludit

362 5083 435 5141 ad
464 5085 631 5142 Ovid.
668 5086 1047 5157 Metamorph.
1079 5101 1161 5153 ιιι,
1192 5091 1243 5155 5,
1283 5088 1363 5143 tt.

433 5170 522 5243 (θ’)
557 5174 691 5229 ῙΒω·
727 5204 793 5214 -
814 5176 1172 5244 Hanaporum
1200 5180 1252 5230 et
1272 5181 1602 5231 scutrarum.
1639 5175 1942 5248 Hanapum
1970 5190 2070 5247 pa-

361 5270 483 5318 tera
510 5270 613 5331 est,
676 5262 796 5321 sive
848 5266 1168 5335 cymbium,
1212 5266 1336 5323 Gal.
1398 5269 1602 5337 hanap.
1655 5273 1816 5323 tasse.
1867 5268 2072 5327 Scutra

360 5351 514 5405 vasis
544 5366 746 5421 genus,
773 5353 1093 5423 paropsidis
1121 5354 1321 5412 instar.
1348 5356 1536 5412 Plaut.
1574 5356 1628 5412 in
1653 5357 1843 5426 Persa,
1871 5359 1996 5414 Act.
2028 5374 2066 5427 ι,

359 5452 549 5494 scena.
583 5454 664 5495 Ill.

428 5528 723 5584 Commisco
758 5531 1023 5596 mulsum;
1066 5533 1311 5586 struthea
1331 5532 1680 5604 columenque
1708 5550 1947 5604 appara,

430 5616 565 5671 Bene
585 5622 645 5673 ut
673 5620 875 5673 scutris
904 5620 1234 5689 concaleant,
1275 5627 1325 5676 et
1353 5622 1619 5677 calamum
1647 5624 1825 5693 injice.

2184 4491 2316 4549 pag.
2348 4480 2435 4533 21.
2476 4499 2497 4527 α
2543 4476 2848 4533 Archivisa
2889 4484 2943 4534 et
2985 4476 3129 4533 ﬁlios
3172 4491 3307 4533 suos
3345 4476 3455 4533 sub
3493 4489 3558 4531 eo
3599 4489 3802 4544 censu,
3836 4480 3893 4529 ut

2183 4566 2425 4623 masculi
2458 4566 2726 4623 denarios
2757 4574 3013 4637 quatuor
3041 4565 3111 4621 de
3140 4566 3325 4635 capite
3354 4564 3526 4621 annis
3568 4563 3833 4635 singulis.
3869 4582 3888 4609 ι

2258 4653 2378 4726 (¹⁰¹)
2433 4655 2569 4711 IBtn.
2622 4684 2692 4696 —
2740 4655 2907 4724 Apud
2938 4655 3195 4711 Sanctum
3248 4655 3605 4710 Vincentium.
3651 4650 3893 4719 Quando

2185 4743 2419 4815 quidem
2449 4758 2567 4814 pra
2594 4743 2862 4799 manibus
2891 4743 3133 4799 habeam
3161 4741 3404 4814 canobii
3433 4741 3619 4798 Sancti
3652 4740 3889 4798 Vincen-

2182 4828 2245 4884 tii
2304 4828 2633 4896 Historiam,
2684 4843 2758 4885 ex
2812 4828 3108 4885 veteribus
3150 4828 3375 4884 schedis
3427 4841 3462 4883 a
3517 4826 3679 4883 docto
3734 4823 3886 4881 Emi-

2180 4917 2335 4973 liano
2364 4917 2433 4973 de
2464 4918 2517 4973 la
2548 4918 2728 4989 Bigne
2755 4916 3285 4988 sacerdotelnostro
3322 4916 3582 4986 theologo
3622 4916 3717 4985 (ex
3749 4925 3876 4983 qua,

2181 5019 2312 5077 qua
2341 5006 2599 5074 relaturi,
2626 5020 2813 5076 pauca
2841 5006 3030 5061 studio
3080 5012 3274 5061 nostro
3304 5004 3586 5075 adjecturi
3624 5004 3879 5059 desume-

2179 5093 2331 5164 mus)
2362 5094 2499 5150 libet
2528 5094 2701 5164 paulo
2734 5093 2955 5150 diutius
2995 5092 3089 5150 hic
3128 5093 3441 5161 immorari,
3475 5092 3547 5148 ad
3586 5087 3876 5147 lustranda

2182 5190 2301 5239 tum
2364 5182 2608 5253 antiqua
2665 5182 2884 5238 illiusce
2948 5181 3280 5238 monasterii
3327 5187 3719 5245 monumenta,
3763 5185 3875 5233 tum

2178 5272 2350 5329 etiam
2408 5271 2730 5328 antistitum
2779 5270 3001 5340 seriem,
3035 5270 3525 5340 memorandaque
3568 5268 3717 5324 facta
3740 5277 3873 5320 non-

2178 5360 2475 5418 nullorum
2507 5358 2878 5417 recensenda.

2180 5449 2549 5505 Summarium
2613 5448 2855 5503 historia
2918 5449 3237 5503 monasterii
3291 5452 3342 5502 et
3401 5447 3657 5501 abbatum
3722 5439 3871 5498 series

2567 5540 2745 5592 sancti
2780 5539 3050 5591 Vincentii
3075 5536 3481 5591 Laudunensis.

2249 5626 2536 5683 Lauduno
2596 5625 2830 5681 Clavato
2878 5624 3049 5695 quasi
3094 5624 3301 5680 insidet
3356 5622 3549 5680 Sancti
3603 5613 3863 5681 Vincentii
