3930 6410
0 442 127 494 1169

1264 439 1480 495 DOMNI
1525 441 1576 494 L.
1627 436 1970 493 D'ACHERY
2009 438 2226 494 ΝΟΤΔΕ.

3361 441 3499 494 1170

0 576 418 633 nonasterium.
475 577 596 634 Uno
646 575 820 632 ferme
869 573 1055 644 lapide
1099 575 1318 632 distans
1366 576 1438 631 ab
1482 575 1678 632 eadem
1709 575 1756 628 A
1794 580 2038 630 tractare
2081 573 2357 644 quiddam
2407 573 2542 630 huic
2589 574 2728 641 sedi,
2782 575 2875 632 cui
2915 583 3146 633 auctore
3189 577 3304 634 Deo
3355 592 3500 648 pra:-

0 665 132 753 r1rbe
164 665 340 721 situm
383 671 467 720 est
517 665 574 719 in
624 671 833 730 monte,
880 676 1052 732 quem
1087 663 1232 718 inter
1264 670 1319 718 et
1369 663 1550 732 ipsam
1580 673 1686 716 ur—

0 748 114 808 )em
140 753 224 822 (in
256 759 446 808 monte
476 751 669 807 itidem
698 748 1053 814 collocatam)
1087 749 1253 804 vallis
1284 749 1606 819 interjacet.

55 842 360 897 Fundatur
407 844 494 907 (ut
536 841 867 910 conjectura
907 841 1012 907 est)
1063 839 1314 894 aBruna
1354 835 1622 894 Clodovei
1648 836 1686 900 Ἰ

0 929 133 999 'egis
177 931 534 984 Francorum
573 927 707 995 ﬁlia,
747 941 924 996 quam
961 941 993 982 e
1027 924 1329 996 tyrannide
1366 925 1517 996 regis
1571 924 1685 980 Go-

8 1018 217 1073 horum
259 1024 535 1086 ereptam,
572 1016 629 1070 in
667 1015 875 1071 Gallias
905 1015 1079 1070 frater
1125 1013 1524 1069 Childebertus
1563 1020 1687 1068 tum

0 1120 236 1176 'egnum
285 1112 482 1160 tenens
531 1103 784 1160 Franciae
821 1104 1151 1160 reduxerat.
1199 1103 1354 1158 Adeo
1399 1101 1683 1172 siquidem

5 1194 239 1250 enebris
275 1193 548 1250 obvoluta
595 1200 731 1248 sunt
775 1193 928 1248 illius
973 1192 1304 1248 monasterii
1350 1191 1682 1261 primordia,

0 1284 128 1356 jdeo
177 1283 359 1339 altum
404 1281 697 1338 silentium
747 1281 901 1352 apud
946 1280 1260 1346 historicos,
1317 1295 1384 1336 ac
1427 1288 1684 1337 veterum

0 1378 497 1426 nonumentorum
546 1369 789 1440 penuria
843 1376 1004 1424 tanta
1075 1377 1137 1425 ut
1188 1369 1287 1425 vix
1343 1368 1688 1438 conjecturis

0 1460 163 1515 )ossit
205 1459 393 1514 inniti.
427 1459 642 1514 Verum
674 1472 745 1513 ne
775 1457 953 1528 gratis
992 1458 1186 1514 isthaec
1233 1457 1535 1527 protulisse
1577 1471 1686 1526 ap—

0 1555 208 1612 iareat,
248 1547 354 1600 hoc
380 1545 545 1600 affert
583 1545 970 1600 testimonium
991 1545 1241 1600 domnus
1270 1544 1590 1600 Emilianus
1615 1558 1687 1599 ex

0 1643 215 1691 retusto
254 1634 452 1689 scrinii
501 1633 866 1688 ofﬁcialitatis
916 1633 1314 1690 Laudunensis
1363 1633 1552 1688 codice
1583 1647 1685 1688 ms.

56 1741 84 1774 α
127 1729 292 1776 Anno
355 1720 584 1776 Domini
623 1721 1085 1791 quingentesimo
1139 1728 1300 1777 sexto
1362 1721 1559 1776 Bruna
1606 1735 1688 1775 re-

0 1812 127 1882 ;ina
160 1809 448 1879 Hispania}
491 1810 662 1880 plura
710 1818 1042 1866 sanctorum
1082 1809 1346 1865 coenobia
1398 1808 1683 1875 fundavit,

0 1908 36 1956 ιι
91 1898 338 1954 aediﬁcia
404 1899 651 1954 mirandi
683 1901 689 1912 '
719 1900 927 1969 operis,
985 1899 1134 1954 inter
1173 1914 1305 1970 quae
1361 1897 1685 1954 coenobium
1721 1876 1757 1928 Β

0 1989 180 2044 Sancti
211 1988 497 2045 Vincentii
533 1988 951 2056 Laudunensis,
987 1996 1237 2058 tempore
1275 1988 1455 2044 sancti
1495 1986 1691 2043 Remi-

0 2078 62 2147 ;ii
130 2077 424 2134 Remensis
497 2077 930 2147 archiepiscopi,
994 2086 1048 2134 et
1101 2077 1305 2149 :sancti
1359 2075 1686 2144 Genebaldi,

0 2166 243 2237 rpiscopi
274 2165 690 2222 Laudunensis.
721 2187 750 2214 »

58 2259 130 2312 At
193 2254 576 2310 verosimilius
626 2255 881 2311 Brunam
946 2268 1068 2311 esse
1123 2253 1534 2320 Brunichildis,
1575 2267 1692 2308 non

0 2344 321 2415 :onjugem,
351 2343 448 2398 sed
483 2343 657 2398 filiam
700 2343 852 2413 regis
873 2341 1208 2408 Gothorum,
1244 2341 1522 2412 Sigibcrto
1561 2340 1691 2396 Gal-

0 2433 76 2487 liae
130 2431 254 2502 regi
291 2431 558 2502 conjugio
611 2431 961 2500 copulatam.
1017 2431 1178 2487 Unde
1240 2437 1434 2484 autem
1483 2429 1693 2484 Brunac

0 2527 200 2578 homen
232 2521 448 2587 sortita,
486 2520 697 2576 indicat
726 2520 1047 2577 Chronicon
1093 2521 1414 2575 Besuense:
1459 2541 1479 2567 ι
1520 2519 1693 2573 Porro

0 2611 313 2681 Sigibertus
342 2625 476 2666 cum
514 2610 732 2665 videret
763 2609 966 2665 fratres
1004 2623 1139 2664 suos
1164 2608 1317 2678 Iviles
1351 2621 1560 2663 uxores
1593 2619 1693 2661 ac-

0 2699 195 2767 :ipere,
230 2698 519 2767 Gogonem
554 2698 830 2768 majorem
866 2697 1071 2752 domus
1091 2709 1269 2752 causa
1298 2694 1600 2766 legationis
1622 2693 1693 2748 ad

0 2785 346 2856 Anagildum
392 2785 622 2852 direxit,
658 2793 852 2855 petens
883 2793 946 2842 ut
997 2784 1172 2840 filiam
1215 2799 1402 2852 suam,
1437 2784 1694 2839 Brunam

0 2876 244 2941 nomine,
287 2875 560 2946 conjugio
603 2874 872 2943 traderet,
911 2880 1040 2940 etc.,
1074 2873 1145 2928 ad
1179 2886 1389 2928 nomen
1436 2873 1562 2941 ejus
1601 2884 1695 2926 or-

0 2965 255 3020 nandum
284 2970 639 3030 estauctum,
667 2970 729 3019 ut
755 2959 1505 3031 |vocareturBrunechildis,
1543 2983 1564 3008 ι
1591 2966 1693 3014 etc.

0 3055 113 3124 {Est
140 3061 199 3107 et
247 3051 503 3122 Gregorii
548 3051 912 3122 jTuronensis
967 3049 1249 3107 sententia
1302 3049 1444 3104 Hist.
1489 3050 1691 3104 Franc.

4 3139 84 3197 ‘lb.
115 3141 224 3211 ιν.)
255 3161 274 3189 ‹
296 3141 480 3196 Tanta
517 3140 668 3196 mala
724 3148 779 3196 et
807 3139 1111 3195 effusiones
1141 3137 1462 3209 sanguinis,
1488 3137 1694 3192 Bruni-
1729 3175 1766 3228 ρ

0 3229 201 3285 shildis
231 3229 465 3285 consilio
505 3229 666 3285 factae
710 3236 846 3284 sunt
891 3229 947 3282 in
984 3227 1243 3294 Francia,
1275 3233 1338 3281 ut
1396 3225 1693 3295 prophetia

0 3318 227 3389 Sybillae
248 3317 584 3388 impleretur
628 3317 868 3372 dicens:
920 3315 1169 3372 Veniens
1194 3315 1391 3370 Bruna
1435 3314 1504 3369 de
1559 3327 1695 3383 par-

0 3408 148 3463 tibus
186 3406 663 3476 Hispanize,jante
708 3405 879 3475 cujus
913 3409 1280 3472 conspectum
1330 3408 1523 3472 gentes
1564 3413 1696 3470 pcr-

0 3498 162 3552 ibunt
188 3511 206 3564 ;
230 3496 353 3551 hac
383 3509 517 3551 vero
562 3494 829 3565 equitum
859 3492 1116 3548 calcibus
1147 3491 1560 3560 disrumpetur.
1601 3511 1620 3536 ι

67 3587 202 3642 Post
259 3583 656 3640 fundationem
688 3623 703 3649 ,
787 3580 1321 3649 institutionemque
1389 3579 1698 3634 monacho-

0 3689 148 3741 rum,
197 3671 378 3728 variis
419 3678 500 3727 est
551 3669 891 3726 labefactata
929 3668 1190 3724 cladibus
1238 3666 1468 3723 abbatia
1507 3666 1696 3722 Sancti

1 3761 318 3830 Vincentii;
405 3774 583 3830 quam
673 3765 726 3814 et
801 3756 1042 3814 diversis
1115 3756 1306 3812 clerici
1409 3755 1698 3810 incoluere

2 3851 389 3921 temporibus;
469 3863 535 3904 ac
588 3847 818 3904 tandem
878 3861 1030 3902 anno
1086 3845 1290 3901 salutis
1345 3844 1468 3900 948.
1524 3843 1702 3914 [Bori-

0 3940 124 3996 cius
205 3939 327 3994 sive
400 3937 603 3993 Rorico
685 3935 872 3992 Caroli
949 3935 1232 4005 Simplicis
1285 3934 1458 4000 filius,
1507 3933 1702 4003 praeci-

0 4011 130 4099 puae
167 4027 392 4098 pietatis
435 4033 489 4081 et
538 4024 808 4080 doctrinae
839 4024 1139 4094 episcopus
1172 4022 1568 4078 Laudunensis
1603 4035 1702 4077 or-

1 4117 236 4172 dinatus
270 4121 375 4181 est,
412 4113 511 4184 qui
562 4120 946 4169 antecessores
996 4127 1130 4167 suos
1173 4111 1448 4166 Didonem
1490 4108 1702 4164 scilicet

0 4195 54 4270 get
134 4203 493 4260 Adelelotum
557 4201 831 4269 imitatus,
905 4201 1314 4257 canonicorum
1391 4195 1701 4253 ministerio

0 4294 297 4349 abbatiam
354 4290 545 4347 Sancti
605 4289 890 4347 Vincentii
941 4288 1341 4344 Laudunensis
1400 4287 1456 4341 in
1512 4283 1700 4355 pristi-

0 4373 144 4437 num
177 4379 540 4451 splendorem
570 4379 870 4435 restituere
896 4391 1011 4433 non
1048 4376 1295 4447 potuisse
1333 4373 1704 4430 considerans

1795 663 1974 730 sideo,
2008 663 2395 732 profuturum,
2435 664 2575 718 meis
2628 679 2782 732 vero,
2839 673 2900 721 ut
2933 665 3140 735 opinor
3195 666 3499 722 consulen-

1796 752 1882 807 dis
1905 751 2258 820 criminibus
2299 753 2818 821 pernecessarium;
2880 754 2926 809 si
2949 753 3204 824 [quidem
3234 755 3292 810 in
3325 755 3500 812 latere

1798 839 2024 908 montis,
2059 841 2153 895 cui
2192 840 2522 910 praeeminet
2572 840 2792 907 civitas,
2847 841 2906 897 in
2950 851 3250 912 prospectu
3286 845 3500 900 scilicet

1793 930 1938 1000 ejus,
1971 936 2054 984 est
2086 929 2324 984 ecclesia
2356 928 2464 984 sita
2513 929 2704 984 Sancti
2758 929 3040 986 Vincentii
3073 932 3290 1002 egregii
3333 947 3494 988 mar-

1795 1018 1935 1088 tyris
1966 1017 2128 1073 cultu
2174 1023 2230 1073 et
2289 1017 2503 1072 honore
2539 1017 2900 1073 venerabilis.
2956 1033 3132 1088 super
3186 1034 3305 1090 qua
3329 1021 3497 1092 gfama

1793 1107 2085 1164 ferebatur
2115 1105 2374 1176 antiquis
2394 1107 2774 1176 ;temporibus
2801 1106 3025 1178 insigne
3068 1107 3242 1164 fuisse
3291 1123 3496 1165 mona-

1792 1195 1946 1252 sticae
1975 1194 2438 1262 conversationis,
2482 1210 2613 1265 quae
2661 1196 2895 1266 quidem
2923 1197 3209 1267 Lmoderno
3243 1204 3495 1268 tempore

1793 1284 1950 1342 omni
2023 1282 2407 1339 destitutionis
2477 1284 2890 1340 succumbebat
2965 1285 3239 1354 penuriae,
3317 1285 3497 1342 donec

1795 1373 2173 1445 praedecessor
2217 1379 2408 1428 noster
2469 1372 2747 1429 Adelmus
2810 1374 3203 1444 undequaque
3250 1377 3497 1444 sumpti-

1798 1464 1924 1528 bus,
1974 1461 2274 1518 duodecim
2316 1461 2729 1516 canonicorum
2763 1460 2821 1516 in
2843 1475 2910 1517 ea
2939 1462 3238 1518 assiduum
3278 1464 3494 1520 consti-

1799 1549 1905 1605 tuit
1937 1549 2230 1605 servitutis
2282 1555 2652 1616 conventum,
2713 1548 2914 1605 ordine
2984 1550 3213 1605 vivendi
3263 1549 3496 1621 religio—

1795 1649 1940 1691 sum.
2002 1635 2122 1702 Quo
2189 1635 2268 1691 ita
2331 1635 2621 1702 defuncto,
2692 1637 3082 1693 crescentibus
3132 1638 3493 1694 diversarum

1794 1723 2045 1780 cladium
2077 1723 2260 1791 malis,
2323 1737 2465 1794 pene
2499 1724 2570 1779 ad
2601 1724 2908 1794 pristinum
2947 1725 3170 1796 relapsa
3205 1734 3289 1782 est
3319 1727 3496 1791 deso-

1796 1812 2022 1868 lationis
2086 1812 2525 1883 detrimentum;
2589 1812 2745 1883 quod
2803 1827 2907 1883 ego
2967 1828 3082 1868 non
3149 1813 3496 1884 aequauimis

1800 1900 2004 1967 ferens,
2050 1900 2297 1956 maxime
2340 1899 2480 1970 quia
2525 1914 2640 1955 non
2698 1907 2923 1956 tantum
2975 1901 3152 1973 hujus
3189 1902 3349 1968 sedis
3385 1903 3498 1972 epi-

1797 2003 2121 2058 scoporum,
2163 1988 2260 2044 sed
2305 1987 2478 2044 etiam
2526 1987 2957 2058 canonicorum,
2997 1990 3360 2058 clericorum,
3394 2005 3499 2045 no—

1797 2077 2022 2143 bilium,
2079 2091 2183 2132 nec
2233 2091 2348 2132 non
2380 2075 2660 2132 laicorum
2691 2077 3014 2134 habebatur
3053 2079 3374 2148 sepultura,
3408 2093 3498 2134 ac-

1797 2165 1907 2221 cito
1929 2165 2178 2235 generali
2205 2172 2514 2232 conventu,
2553 2165 2732 2235 ipsius
2782 2166 3016 2222 consilio
3066 2167 3379 2222 deliberavi
3439 2167 3498 2222 in

1799 2253 2127 2324 antiquum,
2162 2260 2226 2309 ut
2271 2252 2422 2308 fama
2465 2261 2607 2320 erat,
2664 2256 2992 2310 monasticre
3049 2255 3500 2311 conversationis

1799 2349 2011 2398 statum
2057 2341 2386 2410 reformare,
2433 2348 2487 2396 et
2540 2349 2711 2412 prout
2775 2344 3051 2412 temporis
3106 2344 3360 2399 dictabat
3405 2358 3500 2412 op-

1800 2431 2142 2502 portunitas,
2198 2430 2787 2500 quantulumcunque
2840 2432 3257 2487 monachorum
3288 2431 3497 2488 ibidem

1800 2533 2109 2576 numerum
2150 2532 2488 2590 aggregare.

1877 2631 1897 2656 .
1929 2607 2192 2662 Evocatis
2239 2607 2416 2677 igitur
2457 2621 2491 2662 a
2539 2608 2885 2664 monasterio
2945 2607 3133 2664 Sancti
3189 2608 3504 2677 Benedicti,

1800 2710 1979 2766 supra
2011 2695 2257 2767 Ligerim
2308 2697 2433 2762 sito,
2490 2695 2790 2751 duodecim
2845 2697 3164 2764 monachis,
3198 2697 3502 2752 venerabi-

1800 2787 1911 2842 lem
1962 2785 2043 2842 eis
2085 2785 2465 2841 Melcalanum
2496 2785 2720 2854 praefeci
2767 2785 3052 2841 abbatem.
3105 2787 3325 2850 Quibus
3355 2785 3502 2842 inter

1801 2881 2004 2931 caetera
2071 2874 2344 2930 beneficia
2381 2887 2416 2927 a
2473 2887 2563 2928 me
2614 2873 2722 2928 sibi
2766 2874 2990 2941 collata,
3043 2875 3307 2930 secundae
3357 2875 3504 2930 sedis

1803 2963 2139 3033 dignitatem
2195 2961 2572 3030 episcopatus,
2646 2961 3222 3026 abantecessoribus
3294 2963 3506 3018 nostris

1803 3050 2128 3120 antiquitus
2191 3048 2374 3118 ejdem
2446 3047 2712 3103 Ecclesiae
2777 3063 3104 3104 concessam
3175 3051 3502 3119 approbans

1806 3137 2163 3196 confirmavi.
2191 3137 2557 3206 Sepulturam
2590 3150 2822 3205 quoque
2869 3136 3283 3206 episcoporum,
3325 3151 3502 3192 cano-

1806 3232 2090 3294 nicorum,
2115 3233 2462 3291 casatorum,
2506 3226 2810 3280 custodum
2843 3226 3043 3280 matris
3086 3226 3373 3294 Ecclesiae,
3409 3241 3502 3283 ca-

1807 3319 2162 3388 pellanorum
2197 3321 2251 3370 et
2301 3313 2692 3378 servientium,
2748 3327 2816 3368 ac
2873 3314 3246 3370 familiarium
3277 3329 3498 3372 eorum.

1805 3404 2068 3463 Concessi
2114 3403 2283 3460 etiam
2333 3403 2689 3473 procinctum
2740 3403 2950 3459 montis
2995 3409 3050 3460 et
3099 3403 3264 3458 vallis
3318 3403 3505 3460 distri-

1805 3503 1982 3561 ctum,
2033 3507 2164 3564 quze
2221 3501 2285 3549 ut
2332 3493 2454 3548 sine
2501 3491 2698 3560 aliqua
2746 3492 3039 3548 calumnia
3078 3499 3310 3548 teneant
3357 3492 3507 3548 sicut

1805 3583 1952 3647 dedi,
2004 3583 2082 3637 ita
2113 3589 2167 3638 et
2214 3581 2449 3637 consilio
2485 3587 2550 3636 et
2599 3595 2838 3636 assensu
2883 3580 3140 3651 praedicti
3189 3587 3508 3637 conventus

1807 3671 2204 3728 determinavi.
2263 3669 2580 3726 Statuimus
2655 3670 2827 3725 etiam
2887 3669 3110 3726 mittere
3162 3669 3507 3726 venerandae

1808 3761 2042 3831 synodo,
2077 3774 2208 3830 quas
2241 3759 2437 3815 habita
2461 3766 2546 3815 est
2574 3759 2730 3829 apud
2761 3767 3011 3814 montem
3039 3758 3275 3825 isanctaa
3315 3758 3508 3814 Mariae

1810 3850 1868 3905 in
1899 3863 2046 3920 pago
2075 3847 2449 3910 Tardanensi,
2486 3861 2675 3903 mense
2703 3846 2870 3913 Maio,
2931 3845 3028 3901 ubi
3084 3846 3386 3902 recitatum
3425 3854 3510 3902 est

1810 3937 1933 4004 hoc,
1993 3935 2275 3992 residente
2343 3934 2576 3990 domino
2641 3933 2998 3989 Adelberone
3057 3933 3504 4004 archiepiscopo.

1808 4039 1940 4080 cum
1977 4022 2341 4094 coepiscopis,
2374 4029 2549 4093 atque
2578 4021 2838 4077 omnium
2897 4035 3139 4078 assensu
3178 4022 3250 4077 ab
3293 4023 3374 4078 eis
3414 4036 3506 4078 ro-

1811 4113 2098 4169 boratum.

1887 4223 1908 4250 ι
1944 4201 2064 4271 Ego
2111 4199 2164 4256 S.
2220 4197 2512 4256 Remensis
2542 4197 2807 4255 Ecclesiae
2861 4197 3323 4269 archiepiscopus
3364 4199 3510 4255 sub-

1812 4289 2012 4358 scrips-
2030 4295 2082 4343 et
2111 4287 2507 4344 corroboravi.

1889 4398 1910 4426 ι
1944 4378 2151 4433 Actum
2207 4374 2472 4431 Lauduni
2503 4389 2658 4430 anno
2692 4373 3114 4432 Incarnationis
3151 4373 3375 4432 Domini
3405 4373 3513 4444 Ino-

5 4484 190 4540 »ρει-ω
221 4467 468 4538 pretium
512 4467 628 4522 fore
676 4465 920 4537 putavit,
969 4465 1014 4521 si
1064 4465 1477 4521 monachorum
1512 4469 1701 4518 utere-
1733 4475 1776 4528 1)
1815 4465 1918 4521 stri
1963 4466 2096 4521 Jesu
2156 4464 2365 4522 Christi
2423 4463 2548 4529 961,
2598 4463 2791 4519 indict.
2853 4478 2909 4519 ιν
2962 4463 3195 4520 Kalend.
3257 4463 3514 4520 Octobris

5 4565 128 4625 tur;
205 4555 584 4626 quamobrem
657 4571 690 4610 e
759 4553 1106 4610 monasterio
1164 4552 1356 4608 Sancti
1417 4549 1702 4607 Benedicti

5 4661 184 4715 supra
215 4644 459 4715 Ligerim
488 4643 788 4700 duodecim
827 4641 1126 4699 accersivit
1172 4642 1503 4707 monachos,
1561 4653 1706 4709 quos

0 4737 64 4806 in
109 4735 308 4791 eodem
372 4732 701 4788 sanctuario
757 4731 1072 4796 substituit,
1123 4730 1321 4800 eisque
1365 4728 1705 4785 Mecalmum

0 4822 259 4892 praefecit
288 4821 573 4888 abbatem,
606 4820 912 4890 diplomate
956 4819 1028 4874 ad
1072 4819 1177 4874 hoc
1223 4816 1522 4886 confecto]
1577 4816 1707 4871 Haec

5 4913 184 4968 verba
215 4912 280 4966 D.
329 4909 615 4986 Emiliani.
670 4909 861 4978 Atque
895 4907 1081 4979 magis
1109 4913 1172 4962 ut
1203 4906 1414 4962 veritas
1459 4905 1705 4961 elusees~

6 5008 94 5057 cat
126 5000 271 5056 illud
295 4998 548 5069 diploma
573 5005 655 5053 est
681 4996 1092 5068 adjiciendum.

221 5138 374 5188 649
426 5133 632 5190 Charta
668 5129 1039 5185 restitutionis
1087 5129 1492 5183 monachorum.

0 5259 4 5340 ὲ
84 5289 105 5316 ι
169 5265 507 5323 Auxiliante
580 5278 845 5334 supernae
919 5260 1335 5333 propitiationis
1386 5260 1706 5328 clementia,

0 5349 113 5428 ego
142 5353 368 5420 Rorico,
395 5353 500 5410 etsi
539 5353 814 5423 indignus
844 5359 1054 5408 sanctae
1088 5349 1487 5406 Laudunensis
1518 5350 1709 5405 Eccle-

0 5447 107 5516 1siae
139 5443 519 5513 praesulatum
571 5442 860 5511 indeptus,
922 5439 1290 5495 considerans
1333 5438 1549 5494 ultimae
1586 5453 1714 5494 evo-

10 5531 252 5590 cationis
280 5539 510 5596 sortem,
546 5537 609 5586 ut
658 5530 893 5596 emeris,
929 5528 1067 5584 mihi
1114 5541 1346 5597 quoque
1373 5525 1708 5598 |imminere,

3 5627 380 5718 peccatorum
411 5633 643 5690 quoque
672 5632 927 5674 meorum
966 5631 1143 5688 quam
1161 5629 1383 5714 .magno
1409 5615 1712 5686 depressus

15 5703 385 5781 'gravaminel,
458 5705 601 5776 carpi
678 5707 832 5778 apud
903 5719 992 5761 me
1064 5703 1236 5761 tacita
1307 5704 1713 5761 deliberatione

1812 4554 2050 4624 septimo
2084 4551 2328 4609 Lotharii
2360 4551 2528 4623 regis.
2569 4573 2589 4600 ι

1884 4643 1970 4697 Ex
2006 4641 2204 4712 majori
2235 4639 2618 4702 Chartulario,
2651 4639 2746 4696 fol.
2788 4643 2835 4694 l.

1883 4731 2004 4798 Quo
2035 4744 2108 4786 ex
2139 4729 2446 4800 diplomate
2501 4728 2636 4784 bina
2680 4728 2944 4784 Ecclesiae
2988 4728 3514 4786 San-Vincentianze

1817 4817 2115 4890 privilegia
2162 4832 2277 4873 non
2309 4817 2576 4889 vulgaria
2629 4831 2860 4874 cernere
2898 4825 3018 4884 est;
3062 4817 3307 4873 alterum
3357 4816 3513 4886 quod

1813 4907 2232 4976 episcoporum,
2263 4905 2694 4973 canonicorum,
2756 4911 2886 4972 etc.,
2967 4904 3142 4960 fuerit
3202 4903 3516 4972 sepulturae

1817 4995 2009 5063 locus;
2043 4994 2287 5050 alterum
2328 5008 2463 5048 vero
2494 4993 2647 5064 quod
2671 4994 2925 5050 secunda
2951 4992 3024 5049 sit
3054 4992 3230 5059 sedes,
3267 4992 3373 5047 hoc
3409 5000 3512 5060 est,

1818 5083 2199 5155 praerogativa
2228 5082 2492 5150 donetur,
2539 5096 2658 5152 qua
2705 5081 2896 5139 Sancti
2937 5081 3226 5138 Vincentii
3281 5081 3518 5138 abbates

1819 5171 2078 5243 proxime
2122 5178 2244 5241 post
2287 5171 2620 5240 episcopum
2653 5170 2712 5226 in
2748 5171 3002 5226 Ecclesia
3056 5171 3420 5227 Laudunensi
3453 5186 3520 5227 ac

1816 5258 2047 5329 synodis
2076 5257 2382 5324 assideant,
2447 5257 2810 5327 debeantque
2851 5258 2970 5327 ipso
3000 5259 3232 5315 absente
3287 5273 3518 5315 sacrum

1817 5346 2144 5404 solemniter
2173 5360 2369 5416 agere;
2432 5346 2523 5402 SS.
2582 5346 2793 5403 Christi
2831 5361 3043 5416 corpus
3073 5346 3131 5403 in
3165 5347 3520 5417 processione

1819 5443 2055 5509 gestent,
2108 5442 2162 5492 et
2217 5435 2425 5506 populo
2483 5434 2598 5491 ritu
2651 5435 2891 5491 solemni
2932 5435 3289 5491 benedicant.
3333 5439 3520 5502 Quare

1815 5523 2067 5595 episcopi
2118 5523 2375 5579 eamdem
2435 5523 2745 5579 Ecclesiam
2812 5537 2927 5578 non
3001 5523 3171 5581 modo
3232 5524 3518 5578 secundum

1817 5614 2014 5682 sedem,
2092 5626 2291 5668 verum
2367 5619 2422 5668 et
2491 5601 2730 5682 primam
2800 5612 3178 5668 Laudunensis
3267 5611 3525 5667 Ecclesia

1818 5703 2011 5774 ﬁliam,
2039 5697 2469 5757 consueverunt
2516 5690 2786 5758 vocitare.
2821 5700 3072 5772 Hujusce
3101 5698 3183 5757 rei
3239 5699 3406 5754 fidem
3444 5697 3523 5755 fa-
