3930 6382
415 385 543 442 H71
1451 382 1541 437 AD
1579 380 1728 435 OPI’.
1772 379 1928 435 VEN.
1970 379 2301 436 GUIBERTI
2340 377 2435 435 DE
2476 374 2870 433 NOVIGENTO
3807 370 3928 426 117';

413 517 576 575 ciunt
605 514 959 572 chartularia
984 514 1077 570 fol.
1118 517 1164 569 l.
1199 514 1252 582 4,
1309 515 1430 581 352,
1477 519 1607 579 etc.,
1638 525 1743 568 nec
1783 526 1900 568 non
1933 518 2103 568 vetu-
2133 513 2175 567 Δ
2215 509 2502 581 regularis
2530 507 2846 580 disciplina
2876 512 3155 564 rexerunt
3196 505 3344 563 illud
3375 507 3752 574 asceterium,
3804 512 3928 560 atte

415 606 592 662 stiora
659 618 795 660 cum
873 600 1441 669 San-Vincentiana,
1525 607 1649 656 tum
1710 599 2113 657 Laudunensis
2220 613 2453 656 xamus.

417 693 686 751 Ecclesia
733 691 985 748 ritualia.
1035 689 1197 757 Quod
1252 688 1620 760 privilegium
1668 688 1949 746 hactenus
1980 702 2115 759 per-
2388 687 2666 743 Abbatum
2698 687 2755 742 S.
2792 683 3471 741 VincentiiLaudunensis
3492 684 3776 739 elenchus.

420 787 663 839 severat.
2295 775 2667 833 Melchalmus
2703 788 2772 830 ex
2821 772 3102 829 monacho
3162 771 3505 829 Floriacensi
3539 772 3782 843 primus
3833 784 3928 840 pos

492 870 592 925 Est
648 876 704 924 et
731 867 845 924 alia
877 865 1382 923 San-Vincentiani
1416 864 1659 934 abbatis,
1704 865 1861 922 haud
1891 862 2117 921 minimi
2227 863 2647 921 institutionem
2674 863 3090 918 monet-horum
3125 875 3220 916 an.
3265 861 3390 916 948.

425 957 585 1030 pensi
617 956 879 1013 habenda
915 954 1315 1026 prarogativa.
1345 953 1461 1011 Sua
1486 954 1763 1011 nimirum
1794 952 1854 1010 in
1883 953 2120 1010 ecclesia
2297 953 2369 1008 ΙΙ.
2409 951 2873 1009 Bellandus.sive
2892 950 3221 1006 Bellandus.
3256 949 3506 1020 Hujusce
3533 948 3729 1021 gratia
3788 947 3928 1004 AdaT

424 1046 753 1116 episcopum
800 1042 887 1116 (ut
949 1043 1069 1113 ipse
1116 1043 1480 1114 episcopatus
1530 1043 1942 1114 possessionem
1990 1042 2121 1098 adi-
2226 1041 2361 1098 bero
2399 1042 2772 1098 Laudunens.
2838 1039 3011 1110 episc.
3069 1037 3379 1096 Ecclesiam
3431 1038 3928 1109 Petrapontensen

428 1133 698 1205 piscatur)
726 1131 957 1201 excipit,
991 1144 1058 1187 ac
1095 1131 1460 1201 postmodum
1511 1130 1568 1186 in
1596 1131 1798 1187 urbem
1832 1130 2118 1199 conducit,
2229 1129 2433 1187 Sancto
2467 1128 2762 1188 Vincentio
2799 1127 3043 1200 largitus
3087 1134 3171 1184 est
3227 1141 3347 1185 una
3418 1141 3551 1184 cum
3608 1125 3927 1183 redditibu

428 1221 706 1292 offertque
754 1219 1156 1276 Laudunensis
1211 1219 1478 1275 Ecclesia
1505 1220 1777 1289 capitulo.
1821 1219 1911 1276 Sic
1940 1218 2123 1275 Char-

430 1310 641 1368 tularia
682 1309 1084 1378 Laudunense,
1150 1315 1205 1365 et
1265 1308 1865 1366 San-Vinceutianum
1912 1307 2121 1378 majus,

430 1397 526 1453 fol.
556 1399 675 1451 122.

501 1484 921 1541 Institutionem
950 1483 1366 1540 monachorum
1394 1496 1428 1539 a
1458 1483 1735 1540 Roricone
1799 1483 2124 1553 perfectam,

430 1573 633 1630 laudat
665 1573 967 1629 Lotharius
994 1587 1119 1641 rex,
1165 1572 1472 1643 diplomate
1524 1573 1857 1645 Compendii
1900 1581 2028 1630 acto
2072 1573 2129 1630 in

432 1659 592 1717 hunc
620 1659 875 1715 modum.

510 1770 532 1799 ι
566 1748 634 1805 In
659 1747 893 1804 nomine
919 1753 1132 1803 sancta
1147 1752 1202 1803 et
1227 1746 1541 1803 individua
1568 1747 1879 1804 Trinitatis.
1915 1748 2130 1804 Lotha-

436 1835 560 1893 rius
616 1835 812 1891 divina
862 1834 1210 1905 propitiante
1248 1834 1551 1891 clementia
1598 1836 1954 1893 Francorum
2005 1850 2128 1893 rex.
2160 1808 2202 1864 Β

437 1924 493 1981 Si
519 1924 775 1982 fidelium
835 1931 1163 1980 nostrorum
1218 1923 1358 1979 ratis
1407 1923 1802 1995 petitionibus,
1840 1932 1948 1982 etc.
1981 1925 2132 1993 Qua-

437 2020 667 2083 propter
693 2011 917 2069 cunctis
950 2011 1209 2083 ejusdem
1240 2019 1450 2068 sancta
1507 2013 1771 2069 Ecclesia
1804 2013 1951 2082 filiis,
2008 2013 2138 2070 fide-

437 2100 706 2170 libusque
776 2099 1005 2168 nostris,
1059 2106 1176 2155 tam
1232 2100 1611 2170 prasentibus
1669 2114 1847 2171 quam
1901 2102 2135 2169 futuris,

437 2188 659 2261 liquido
710 2195 901 2258 patere
928 2187 1216 2259 volumus,
1247 2189 1521 2259 quoniam
1570 2190 1937 2247 venerandus
1986 2191 2135 2246 Lau-

439 2277 668 2335 dunica
693 2277 853 2334 urbis
883 2275 1083 2333 Rorico
1109 2277 1411 2347 episcopus
1443 2284 1699 2334 nostram
1724 2279 2139 2349 {mansuetudi-

441 2381 573 2424 nem
644 2365 940 2423 humiliter
1004 2365 1316 2436 postulavit
1401 2374 1693 2436 quatenus
1748 2368 2137 2437 pretiosissimi

443 2455 714 2526 martyris
776 2453 986 2510 Christi
1064 2452 1352 2510 Vincentii
1424 2453 1673 2511 basilica
1741 2455 1799 2512 in
1860 2457 2140 2514 suburbio

442 2544 609 2601 dicta
653 2542 900 2599 civitatis
946 2556 1125 2613 supra
1167 2549 1419 2599 montem
1459 2544 1836 2613 'constructa,
1884 2546 2142 2617 adeoque

445 2634 757 2697 honorata,
788 2637 853 2686 ut
883 2630 1137 2687 secunda
1167 2630 1328 2687 sedes
1355 2644 1429 2686 ex
1458 2631 1700 2702 antiquo
1730 2633 1803 2690 sit
1832 2633 2137 2704 appellata,

443 2727 499 2777 et
536 2719 952 2789 episcoporum,
985 2718 1413 2775 canonicorum.
1447 2732 1514 2775 ac
1537 2720 1837 2790 nobilium,
1863 2721 2140 2779 laicorum

445 2807 621 2865 totius
667 2806 827 2863 urbis
864 2806 1037 2864 fuerit
1079 2807 1413 2878 sepultura;
1468 2807 1540 2864 ob
1602 2809 1885 2879 quasdam
1944 2825 2035 2867 res
2066 2811 2141 2867 ibi

446 2895 671 2953 noviter
699 2896 953 2953 fidelium
981 2896 1283 2969 largitione
1313 2904 1658 2969 aggregatas
1712 2906 1919 2955 nostra
1970 2900 2145 2972 regia

450 2985 811 3041 auctoritatis
840 2992 1188 3056 praceptum
1237 2998 1516 3042 renovare
1570 2985 1967 3057 dignaremur.
1999 2989 2143 3045 Nam

446 3072 630 3161 eidem
662 3072 817 3161 loco,
836 3080 1061 3161 petente
1110 3073 1525 3149 pranominato
1576 3074 1841 3144 prasule,
1883 3077 2144 3147 praecepti
2174 3105 2214 3161 ε

448 3160 629 3217 nostri
664 3160 1011 3232 jamdudum
1068 3161 1395 3217 cautionem
1446 3160 1968 3231 impertiveramus,
2013 3178 2145 3219 cum

446 3248 539 3305 ille
584 3248 661 3305 ibi
697 3248 758 3304 in
786 3263 972 3317 suam,
1031 3263 1393 3319 suorumque
1448 3257 1505 3305 et
1555 3249 1717 3305 urbis
1746 3251 1982 3307 tutelam
2025 3267 2145 3308 mo-

449 3337 728 3392 nasticam
760 3336 1141 3394 constituebat
1191 3342 1344 3392 650
1372 3337 1653 3409 regulam.
1708 3338 1888 3410 Cujus
1920 3340 2147 3410 petitio-

448 3439 581 3481 nem
604 3425 881 3496 quoniam
898 3426 1162 3481 idoneam
1189 3432 1245 3481 et
1274 3426 1589 3495 proflcuam
1612 3440 1733 3484 esse
1766 3429 2151 3499 comperimus

449 3514 522 3570 ob
571 3527 825 3569 amorem
874 3512 995 3581 Dei,
1028 3521 1085 3570 et
1136 3513 1638 3583 pracellentissimi
1703 3518 1971 3587 martyris
2024 3518 2149 3590 ejus

451 3600 761 3668 Vincentii,
788 3601 861 3657 ob
914 3602 1158 3659 salutem
1213 3609 1490 3671 nostram,
1548 3603 1832 3676 conjugis,
1863 3614 1919 3663 et
1953 3608 2146 3677 prolis,

452 3688 745 3760 totiusque
775 3696 981 3746 nostra
1010 3690 1385 3763 posteritatis;
1450 3693 1760 3750 statuimus
1789 3694 1895 3751 hoc
1943 3704 2150 3752 nostra

452 3778 828 3848 auctoritatis,
887 3794 991 3836 seu
1048 3781 1438 3838 renovationis
1489 3790 1775 3852 pracepto
1809 3783 1930 3853 jam
1987 3784 2151 3841 dicta

455 3867 721 3936 basilica,
750 3875 816 3925 ut
849 3868 990 3925 inibi
1031 3870 1384 3926 monasticus
1433 3871 1593 3937 ordo,
1656 3871 1770 3926 Deo
1809 3871 2148 3942 auxiliante,

457 3956 745 4027 perduret.
808 3956 1128 4013 Statuimus
1173 3958 1347 4013 etiam
1398 3964 1466 4014 ut
1518 3957 1699 4013 abbas
1753 3967 1808 4014 et
1862 3959 2149 4028 monachi,

453 4043 664 4100 ibidem
717 4045 963 4102 Domino
1018 4045 1346 4114 militantes,
1412 4045 1806 4115 militaturive,
1867 4047 2059 4118 quiete
2099 4054 2154 4103 et

452 4131 630 4188 libere
663 4139 890 4188 teneant
935 4146 1302 4203 quacunque
1355 4147 1427 4189 ex
1456 4132 1697 4205 antiquo
1728 4134 1801 4191 ad
1839 4134 2031 4206 ipsum
2072 4135 2151 4191 lo-

458 4234 591 4276 cum
628 4233 907 4289 possessa,
927 4228 1034 4275 etc.

535 4329 557 4357 »
590 4309 800 4363 Actum
830 4307 1180 4376 Compendio
1213 4307 1425 4377 palatio
1454 4308 1625 4380 regis,
1658 4322 1811 4367 anno
1832 4310 2156 4382 lDominica

2229 1225 2405 1289 atque
2433 1217 2795 1289 appenditiis.
2828 1214 2980 1273 Obiit
3008 1218 3132 1272 989.

2305 1307 2405 1362 III.
2442 1307 2782 1376 Lampertus
2802 1305 2892 1363 vel
2915 1305 3271 1362 Lambertus.

2307 1395 2404 1451 IV.
2439 1393 2721 1464 Seigerus.

2307 1483 2375 1540 V.
2410 1481 2645 1539 Cadros.

2309 1572 2406 1627 VI.
2439 1570 2739 1641 Rogierus.

2309 1660 2434 1718 VII.
2495 1659 2884 1725 Hercanneus,
2930 1656 3051 1714 sive
3089 1658 3392 1723 Hervaus;
3452 1657 3545 1714 cui
3580 1657 3928 1714 Henricus]

2244 1750 2596 1806 Francorum
2645 1761 2790 1814 rex,
2842 1760 2997 1803 anno
3045 1745 3200 1815 l031,
3249 1744 3491 1818 vectigal
3539 1746 3599 1801 in
3659 1745 3925 1802 suburbi

2242 1836 2538 1895 Semiliaco
2601 1836 2675 1893 ad
2784 1835 3005 1892 radices
3070 1835 3281 1892 montis
3354 1835 3618 1892 Laudun.
3704 1848 3928 1891 conccs

2243 1927 2336 1984 sit.

2315 2014 2470 2074 VIII.
2536 2011 2878 2085 Reginerius
2949 2012 3188 2069 Corbeia
3268 2011 3570 2069 oriundus.
3648 2012 3760 2068 Dat
3844 2010 3928 2080 ips

2246 2100 2570 2158 Elinandus
2620 2100 2854 2157 antistes
2911 2100 3175 2157 Laudun.
3236 2099 3415 2156 altare
3463 2099 3655 2157 Sancti
3709 2099 3928 2157 Gobini

2247 2189 2403 2261 quod
2432 2196 2488 2245 et
2519 2187 2577 2244 in
2600 2188 2921 2259 prioratum
2948 2188 3154 2247 erexit.

2316 2278 2416 2334 IX.
2477 2276 2532 2334 S.
2564 2276 2873 2345 Gerardus,
2910 2275 3105 2333 itidem
3148 2275 3403 2334 Corbeia
3448 2283 3638 2345 natus,
3691 2275 3755 2332 in
3787 2274 3923 2331 frati

2247 2365 2535 2438 Reginerii
2581 2365 2772 2422 locum
2816 2363 3092 2422 suffectus
3142 2372 3246 2434 est,
3302 2365 3394 2421 vir
3423 2364 3628 2435 pietate
3683 2378 3756 2420 ac
3785 2377 3928 2419 sanc

2248 2456 2407 2513 titate
2433 2452 2695 2526 insignis,
2729 2453 2887 2510 velut
2936 2455 3080 2509 Acta
3117 2452 3301 2523 ipsius
3331 2459 3629 2521 testantur,
3678 2466 3815 2523 qua
3844 2466 3928 2507 Sllf

2249 2544 2395 2615 stylo
2414 2550 2753 2613 prosecutus
2780 2549 2865 2599 est
2896 2542 3064 2613 Hugo
3113 2541 3370 2598 Menard.
3421 2540 3795 2613 Martyrolog.
3862 2540 3928 2594 Bc

2250 2632 2380 2688 ncd.
2437 2631 2734 2689 Observat.
2782 2631 2881 2687 lib.
2933 2646 2994 2697 ιι,
3034 2630 3105 2685 ad
3161 2630 3313 2687 diem
3366 2636 3395 2684 5
3448 2629 3707 2700 Aprilis:
3763 2636 3823 2685 et
3853 2643 3927 2683 no

2251 2720 2495 2792 integra,
2575 2719 2802 2776 favente
2840 2719 3083 2785 Christo,
3138 2733 3274 2775 cum
3325 2717 3452 2774 aliis
3516 2717 3928 2790 evulgabimus

2251 2809 2451 2867 Priora
2512 2807 2845 2865 monasterii
2901 2807 3070 2865 Silva
3124 2806 3357 2879 Majoris
3410 2806 3798 2863 fundamenta
3824 2806 3928 2877 jeci

2249 2911 2344 2954 an.
2384 2899 2540 2952 1079.
2914 2922 2917 2925 »
3466 2886 3471 2893 ’

2322 2986 2396 3043 Χ.
2426 2984 2726 3057 Bogerius.

2321 3075 2425 3131 XI.
2457 3073 2742 3131 Adalbero
2794 3072 3031 3144 perinde
3061 3073 3263 3130 doctus
3299 3087 3367 3130 ac
3396 3073 3632 3144 probus,
3677 3078 3869 3144 atque
3903 3070 3928 3125 ii

2256 3162 2578 3220 forensibus
2600 3161 2775 3218 rebus
2806 3160 2914 3218 fuit
2942 3176 3062 3217 non
3091 3160 3456 3218 mediocriter
3481 3167 3774 3216 versatus.
3824 3161 3928 3215 Reu

2256 3250 2632 3307 monasticam
2699 3247 3131 3319 perillustravit,
3194 3247 3360 3304 auxit
3389 3246 3689 3303 facultates
3742 3259 3928 3302 monas

2256 3337 2405 3393 terii.
2449 3337 2621 3392 Anno
2674 3336 2837 3403 1088,
2905 3336 3222 3405 prioratum
3274 3333 3328 3390 S.
3381 3332 3620 3391 Joannis
3667 3333 3842 3404 Bapt.
3890 3332 3928 3386 di

2255 3425 2554 3491 Vendolio,
2575 3438 2755 3494 supra
2786 3425 2993 3480 Faram
3024 3423 3097 3479 ad
3139 3423 3312 3479 Isara
3357 3422 3565 3492 ripam,
3597 3422 3922 3478 Adalberon

2257 3514 2456 3571 tribuit
2504 3513 2814 3570 Rabbodus
2843 3511 3205 3568 Noviomens.
3233 3510 3405 3581 episc.
3441 3511 3708 3581 ,Ecclesia
3769 3511 3925 3567 Sane!

2254 3602 2482 3660 Goberti
2507 3601 2577 3657 de
2614 3601 2742 3657 Alto
2774 3607 2965 3657 monte
3009 3599 3068 3655 in
3120 3599 3455 3667 Arduenna,
3514 3599 3675 3670 prius
3699 3598 3928 3670 jcanoni-

2256 3691 2360 3761 cis,
2379 3690 2563 3747 eidem
2592 3688 2785 3746 abbati
2830 3688 3069 3757 suisque
3108 3687 3365 3743 mandris
3405 3687 3737 3759 subjicitur.
3796 3687 3928 3742 Char

2261 3778 2538 3836 tularium
2560 3778 2776 3845 minus,
2807 3790 2940 3847 pag.
2975 3779 3058 3831 16.
3095 3784 3150 3833 et
3175 3791 3296 3847 seq.

2329 3867 2622 3935 Quantum
2670 3866 2782 3921 illis
2823 3864 3180 3936 temporibus
3206 3864 3404 3935 (verba
3459 3864 3733 3922 Emiliani
3790 3866 3860 3921 de
3906 3862 3928 3917 l:

2260 3955 2459 4027 Bigne)
2480 3968 2799 4025 propensus
2830 3955 2903 4010 ad
2952 3953 3220 4024 pietatem
3251 3962 3374 4010 erat
3415 3953 3696 4010 nobilium
3734 3953 3921 4010 animn

2260 4059 2334 4102 ex
2391 4058 2508 4099 uno
2552 4042 2782 4099 Ansello
2829 4043 2951 4098 sive
2988 4042 3257 4098 Anselmo
3301 4040 3717 4098 Ribodimontis
3761 4040 3928 4099 comiv

2261 4131 2636 4204 dignoscitur,
2670 4130 2771 4203 qui
2799 4145 2913 4187 non
2953 4131 3137 4188 solum
3195 4131 3468 4201 inclytam
3515 4129 3844 4201 Aquicincti
3900 4127 3927 4181 ii

2265 4236 2410 4294 pago
2458 4220 2853 4278 Cameracensi
2901 4219 3124 4277 dotasse
3178 4220 3489 4287 abbatiam,
3551 4236 3656 4277 nec
3697 4221 3925 4277 alteram

2262 4324 2469 4381 nempe
2497 4309 2687 4365 Sancti
2709 4308 2948 4377 Nicolai,
2982 4308 3055 4365 ad
3097 4309 3319 4366 castelli
3365 4309 3454 4365 sui
3502 4310 3723 4381 radices
3766 4322 3800 4364 a
3826 4307 3927 4362 funt

461 4393 881 4451 Incarnationis
949 4396 1072 4461 975,
1134 4408 1287 4451 anno
1341 4410 1511 4465 XXIl,’
1542 4405 1823 4470 regnante
1889 4398 2224 4458 LotbarioD
2262 4397 2545 4456 damentis
2617 4397 2869 4454 erexisse
2936 4404 3257 4466 contentus,
3340 4397 3622 4467 panitens
3675 4396 3928 4454 malorum

458 4497 611 4555 rege,
647 4501 673 4531 »
702 4489 807 4538 etc.

531 4573 622 4628 Ex
661 4570 1024 4628 Chartulario
1045 4586 1276 4644 magno,
1306 4572 1400 4629 fol.
1427 4576 1481 4628 3.

529 4660 748 4717 Summi
803 4675 1037 4731 quoque
1085 4661 1380 4730 pontifices
1466 4660 1661 4718 multis
1709 4668 1834 4733 post
1872 4662 2043 4719 annis
2101 4663 2155 4720 id

458 4749 751 4806 firmatum
808 4749 1042 4805 voluere
1082 4748 1404 4820 privilegii,
1468 4749 1741 4821 maxime;
1767 4750 2057 4807 Honorius
2088 4752 2155 4806 II.

462 4860 484 4889 ι
515 4839 581 4895 In
610 4837 825 4909 quibus
853 4836 953 4907 (ait
982 4836 1100 4908 ipse
1129 4837 1360 4894 bullatis
1407 4837 1611 4894 litteris
1648 4851 1786 4894 ann.
1844 4841 1979 4894 H35
2010 4840 2158 4896 datis

456 4927 747 4996 Laterani)
790 4925 1070 4983 duximus
1122 4927 1457 4983 nominibus
1511 4926 2155 4998 adnotauda,fsepultu-

455 5029 583 5072 ram
643 5015 1059 5084 episcoporum,
1110 5014 1564 5082 :canonicorum,
1649 5021 1995 5084 casatorum,
2046 5022 2152 5071 etc.

456 5102 746 5174 prohibita
802 5101 955 5158 infra
984 5115 1182 5158 muros
1212 5100 1460 5158 civitatis
1501 5100 1948 5174 (Laudunensis)
1999 5102 2155 5159 omni

454 5191 774 5261 sepultura,
823 5203 896 5246 ex
953 5204 1072 5261 quo
1122 5189 1265 5246 urbs
1306 5191 1431 5261 ipsa
1459 5204 1493 5245 a
1520 5190 1786 5262 ltempore
1816 5191 1878 5246 Β.
1914 5191 2155 5264 Remigii

457 5277 757 5349 prasulari
774 5278 1000 5347 meruit,
1013 5279 1454 5336 etinthronisari
1476 5279 1752 5338 cathedra
1775 5278 2108 5350 pontificali,
2129 5303 2149 5330 ι

453 5374 558 5423 etc.
612 5365 702 5422 Sic
754 5366 1041 5423 Honorius
1082 5367 1187 5423 PP.
1221 5376 1426 5439 agente
1454 5375 1579 5425 tum
1625 5369 1819 5426 Roma
1858 5369 2155 5426 Bartholo-

455 5467 597 5509 mao
626 5450 997 5510 Laudunensi
1028 5453 1312 5524 episcopo.

523 5541 788 5614 Superest
808 5548 873 5607 ut
904 5540 1179 5598 abbatum
1225 5541 1450 5611 seriem,
1503 5557 1623 5600 non
1669 5543 1989 5613 primorum
2016 5541 2156 5615 lqui-

454 5623 600 5700 dem,
627 5631 724 5688 sed
744 5631 1041 5688 duntaxat
1099 5634 1329 5697 eorum,
1354 5630 1454 5701 qui
1490 5639 1613 5701 post
1676 5631 2151 5687 instaurationem

2264 4500 2396 4557 qua
2432 4484 2709 4541 fratribus
2755 4484 2947 4541 Sancti
2977 4485 3263 4543 Vincentii
3304 4486 3483 4542 Laud.
3517 4492 3571 4542 et
3620 4498 3815 4542 eorum
3850 4482 3928 4536 ho-

2265 4574 2521 4630 minibus
2548 4572 2933 4641 inflixerat,in
2961 4587 3161 4630 eorum
3189 4573 3460 4644 capitulo,
3508 4574 3755 4643 scapulis
3784 4569 3927 4627 nuda

2265 4662 2336 4718 tis
2372 4662 2715 4732 comparuit,
2765 4668 2941 4732 atque
2988 4674 3023 4717 a
3052 4660 3350 4718 m’onacbis
3395 4676 3453 4718 se
3500 4660 3774 4733 ﬂagellari
3799 4656 3928 4719 fecit;

2264 4763 2329 4806 ac
2358 4749 2416 4806 in
2441 4751 2680 4822 jactura
2722 4763 2901 4820 quam
2949 4750 3185 4806 ecclesia
3217 4764 3383 4820 passa
3430 4749 3635 4819 fuerat,
3684 4760 3928 4807 remune-

2263 4839 2564 4906 rationem,
2628 4837 2911 4910 religiosis
2966 4846 3022 4895 et
3083 4838 3415 4895 hominibus
3470 4838 3596 4909 ejus
3669 4851 3769 4908 per
3820 4844 3928 4888 suae

2265 4935 2465 4995 terras,
2518 4926 2821 4983 Maccriam
2853 4925 3065 4982 scilicet
3099 4934 3155 4982 et
3185 4926 3665 4991 Ribodimontem,
3712 4925 3928 4981 liberum

2262 5015 2629 5089 Viomagium
2657 5021 2742 5071 est
2764 5014 3066 5085 elargitus,
3107 5022 3211 5071 etc.
3256 5015 3344 5071 Ita
3388 5015 3446 5070 in
3493 5014 3689 5071 eodem
3722 5014 3928 5071 Chartu-

2264 5102 2427 5159 lario.

2332 5191 2516 5259 Quam
2591 5190 2956 5248 donationem
3030 5190 3356 5247 Elinandus
3418 5190 3717 5262 episcopus
3787 5180 3928 5243 morti

2261 5279 2490 5335 vicinus
2527 5278 2939 5350 comprobavit.
2995 5279 3238 5336 Demum
3277 5278 3585 5348 ,Adalbero
3627 5276 3811 5335 carnis
3831 5282 3926 5329 sar-

2262 5366 2452 5424 cinam
2494 5367 2679 5436 exuit,
2736 5375 2919 5439 atque
2968 5367 3027 5424 in
3081 5367 3290 5424 sacello
3331 5367 3393 5424 Β.
3453 5366 3646 5425 Maria
3711 5357 3925 5435 Magdal.

2261 5456 2417 5526 quod
2499 5456 2617 5525 ipse
2668 5463 3096 5525 construxerat,
3147 5456 3415 5514 conditus
3468 5463 3570 5513 est.
3639 5456 3704 5511 In
3737 5445 3921 5511 tumulo

2225 5609 2228 5612 ,
2263 5543 2386 5613 hac
2414 5544 2633 5614 verba:

2880 5631 3153 5687 Adalbero
3178 5631 3347 5686 abbas
