3930 6428
92 403 258 458 1173

176 537 300 592 XII
352 536 597 594 Sifridus
640 537 984 594 Adalberoni
1018 539 1289 610 religione
1319 548 1374 596 et
1411 541 1670 597 doctrina
1701 556 1815 597 non
1844 547 1886 600 Α

82 625 328 696 impar,
377 627 758 683 observantia
807 627 1090 696 regularis
1136 629 1532 686 tenacissimus
1578 631 1815 686 exstitit.

85 716 180 782 Is,
219 717 454 784 opinor,
503 730 574 771 ex
609 716 800 786 priore
848 716 1037 771 Sancti
1085 717 1320 784 Nicolai,
1374 718 1486 788 (cui
1521 718 1818 788 epistolam

86 803 175 858 de
211 804 486 860 Buccella
522 805 683 860 Juda
725 805 877 872 data,
929 805 1219 875 inscripsit
1264 805 1575 862 Guibertus
1605 806 1817 878 noster)

85 892 300 948 abbas
354 893 571 949 exstitit
643 893 832 948 Sancti
890 893 1190 950 Vincentii.
1249 894 1674 950 Pramonstrati
1734 896 1818 951 lo-

81 993 272 1044 cum,
363 989 604 1052 rogante
681 981 996 1036 venerabili
1081 982 1496 1038 Bartholomao
1574 983 1817 1054 episcop.

79 1070 398 1124 concessit
449 1070 509 1124 Β.
563 1069 860 1125 Norberto.
898 1069 1120 1125 Littera
1178 1070 1233 1125 in
1269 1071 1417 1126 hanc
1469 1085 1589 1127 rem
1618 1086 1690 1128 ex
1727 1072 1819 1127 bi-

80 1155 407 1213 bliotheca
432 1157 982 1213 Pramonstratensi.

185 1275 208 1301 ι
246 1253 315 1308 In
349 1254 578 1309 nomine
604 1261 815 1310 sancta
849 1262 903 1310 et
933 1254 1247 1310 individua
1277 1255 1588 1322 Trinitatis,
1619 1264 1726 1312 etc.

189 1361 211 1388 ι
254 1342 379 1411 Ego
407 1343 859 1399 Bartholomaus
889 1344 988 1399 Dei
1025 1343 1210 1415 gratia
1243 1344 1640 1400 Laudunensis
1672 1359 1815 1414 pra-

86 1429 224 1486 sul.
261 1429 408 1487 Cum
460 1430 698 1486 ecclesia
738 1432 929 1487 Sancti
960 1433 1252 1488 Vincentii
1307 1434 1494 1488 locum
1528 1433 1628 1503 qui
1661 1433 1818 1490 Pra-

85 1525 475 1574 monstratus
499 1519 728 1587 dicitur,
760 1521 860 1590 qui
886 1521 956 1575 ad
983 1521 1272 1590 propriam
1298 1536 1553 1578 mensam
1569 1521 1817 1593 episcopi

89 1603 460 1672 pertinebat,
515 1617 588 1658 ex
645 1604 795 1659 dono
824 1603 1273 1673 Epradccessoris
1326 1604 1509 1660 nostri
1549 1605 1818 1661 Elinandi

85 1691 366 1762 episcopi
418 1691 665 1755 haberet,
697 1691 844 1748 sicut
887 1691 944 1746 in
991 1692 1289 1763 privilegio
1335 1692 1594 1763 ejusdem
1633 1694 1816 1749 eccle—

85 1780 209 1837 sia
232 1780 579 1849 continetur,
610 1781 873 1836 monachi
896 1781 1085 1836 locum
1115 1780 1278 1836 illum
1303 1781 1404 1837 diu
1430 1781 1813 1849 incoluerunt,

87 1876 156 1924 et
198 1883 302 1938 per
337 1869 546 1924 multos
567 1844 817 1936 labores,
851 1869 1078 1926 nullum
1108 1873 1251 1924 θει
1291 1871 1380 1925 vel
1413 1884 1658 1940 parvum
1691 1844 1812 1926 fru;
1849 1844 1888 1898 Β

87 1965 274 2013 ctum
318 1959 846 2028 consequebantur;
898 1959 1053 2029 quod
1102 1958 1231 2029 ego}
1255 1959 1574 2028 attendens,
1618 1959 1815 2030 rogavi

93 2047 540 2103 Adalberoncm
601 2047 904 2116 abbatem,
967 2050 1024 2103 et
1084 2049 1430 2114 monachos,
1497 2056 1560 2104 ut
1626 2047 1816 2104 locum

95 2134 279 2191 illum
310 2135 703 2205 supradictum
737 2135 877 2191 mihi
902 2136 1074 2192 libere
1103 2136 1498 2205 concederent,
1526 2144 1816 2207 quatenus

91 2225 437 2280 secundum
487 2225 843 2280 voluntatem
895 2239 1081 2280 meam
1121 2225 1189 2280 de
1228 2239 1294 2280 eo
1337 2225 1636 2294 disponere
1687 2239 1813 2294 pos-

90 2327 254 2368 sem.
308 2313 502 2368 Abbas
531 2320 722 2368 autem
775 2320 829 2368 et
885 2312 1170 2380 monachi,
1227 2312 1483 2382 petitioni
1544 2327 1682 2370 mea
1732 2327 1817 2369 as-

90 2401 440 2470 sentientes,
503 2401 785 2472 quidquid
821 2401 878 2456 in
925 2416 989 2456 eo
1037 2401 1156 2456 loco
1209 2401 1516 2468 habebant,
1566 2401 1704 2456 mihi
1747 2401 1813 2456 li-

91 2491 249 2545 bere
278 2495 334 2544 et
379 2489 500 2545 sine
539 2489 985 2544 contradictione
1033 2495 1455 2544 concesserunt.
1505 2489 1624 2560 Ego
1657 2504 1809 2557 vero,

92 2593 232 2634 non
303 2577 569 2649 ingratus
637 2593 837 2634 eorum
895 2578 1178 2634 voluntati
1253 2579 1503 2634 concessi
1560 2579 1812 2635 ecclesia

90 2666 309 2723 Sancti
365 2667 648 2724 Vincentii
699 2668 878 2723 altare
926 2667 995 2722 de
1057 2667 1294 2722 Bariaco
1327 2667 1382 2722 in
1432 2676 1809 2738 perpetuum,

88 2755 430 2825 salvojure
474 2757 696 2826 synodi,
749 2756 1098 2811 habendum.
1151 2756 1284 2812 Dedi
1314 2755 1394 2811 eis
1422 2756 1592 2812 etiam
1638 2757 1812 2811 dimi-

93 2845 274 2900 dium
311 2844 560 2899 modium
599 2844 871 2899 frumenti
911 2844 984 2898 ad
1013 2843 1424 2910 molendinum,
1455 2845 1610 2914 quod
1657 2845 1809 2914 apud

98 2933 316 2987 villam
349 2933 524 2987 situm
555 2940 657 2999 est,
691 2947 822 3003 qua
871 2932 1279 2988 Broincurtum
1327 2931 1553 2988 dicitur.
1601 2933 1813 2988 Videns

99 3028 307 3076 autem
360 3021 696 3090 pradictum
747 3021 954 3084 locum,
1007 3021 1106 3090 qui
1157 3021 1634 3077 Pramonstratus
1663 3021 1810 3076 dici-

98 3117 230 3172 tur,
283 3108 562 3178 religiosis
593 3109 733 3164 viris
777 3108 1170 3174 utilissimum,
1215 3109 1375 3164 fratri
1425 3108 1721 3174 Norberto,
1757 3116 1809 3163 et
1841 3141 1881 3194 ε

99 3196 361 3254 subditis
401 3203 455 3252 et
499 3198 758 3267 posteris,
793 3197 967 3253 libere
1011 3204 1067 3252 et
1099 3196 1220 3252 sine
1264 3197 1709 3252 contradictione
1753 3197 1808 3252 in

103 3291 456 3356 perpetuum
487 3285 738 3340 concessi
770 3285 1121 3341 habendum.
1160 3285 1360 3341 Frater
1389 3299 1524 3341 vero
1564 3285 1810 3342 Norber-

102 3384 227 3441 tus,
259 3372 406 3428 sicut
436 3373 516 3429 rei
538 3374 738 3430 aliena
765 3373 1000 3428 minime
1024 3374 1289 3444 cupidus,
1322 3373 1587 3444 primitus
1625 3373 1811 3430 noluit

105 3463 385 3532 recipere,
442 3462 620 3518 donec
668 3463 944 3519 Seifridus
986 3463 1164 3519 abbas
1204 3463 1394 3519 Sancti
1443 3463 1727 3519 Vincentii
1757 3471 1812 3520 et

107 3549 381 3606 monachi
413 3549 558 3619 ejus,
606 3551 821 3605 donum
855 3549 997 3605 illud
1046 3551 1427 3606 firmaverunt
1463 3549 1522 3604 in
1560 3551 1811 3621 capitulo

105 3637 405 3694 communi
437 3651 694 3693 assensu.
723 3637 860 3704 Qua
897 3651 1032 3693 vero
1075 3637 1381 3706 concessio,
1423 3639 1619 3708 aliquo
1647 3639 1812 3694 modo

107 3728 382 3796 deinceps
430 3740 501 3781 ne
560 3725 852 3781 immutari
914 3726 1107 3796 possit,
1173 3726 1545 3796 impressione
1602 3735 1811 3784 nostra

110 3815 403 3884 imaginis,
447 3821 500 3868 et
531 3814 717 3884 sigillo
769 3813 988 3870 Sancta
1021 3815 1214 3871 Maria
1249 3815 1654 3870 Laudunensis
1699 3816 1811 3871 Ec-

109 3903 315 3968 clesia,
373 3902 813 3973 sigillorumque
865 3903 1090 3958 Seifridi
1153 3903 1379 3960 abbatis
1425 3903 1615 3960 Sancti
1665 3904 1810 3962 Vin-

111 3991 308 4055 centii,
340 3991 681 4046 conﬁrmare
705 3992 1061 4046 curavimus.

191 4103 212 4129 ι
277 4079 513 4150 Signum
583 4079 982 4135 Bartholomai
1049 4079 1449 4136 Laudunensis
1509 4081 1683 4150 episc.
1753 4081 1807 4136 8.

114 4167 339 4225 Seil‘ridi
371 4167 595 4223 abbatis
625 4167 1170 4238 SanctijVincentii.
1205 4169 1254 4225 8.
1299 4169 1546 4225 Simonis
1588 4169 1812 4225 abbatis

114 4257 304 4312 Sancti
334 4255 547 4311 Nicolai
577 4256 644 4311 de
673 4255 844 4321 Silva,
878 4262 984 4311 etc.

191 4366 212 4393 ι
252 4343 456 4399 Actum
507 4343 794 4412 Lauduni,
837 4343 895 4398 in
924 4343 1175 4413 capitulo
1206 4344 1425 4400 Sancta
1453 4345 1646 4401 Maria
1668 4346 1811 4402 Lau-

115 4432 392 4488 dunensis
458 4431 757 4497 Ecclesia,
807 4445 960 4487 anno
1018 4431 1325 4489 Dominica
1389 4433 1879 4494 IncarnationisD

120 4520 412 4576 millesimo
441 4519 748 4575 centesimo
783 4519 1057 4591 vigesimo
1083 4521 1287 4590 primo.
1323 4543 1343 4568 ι

188 4618 394 4688 Sponte
444 4617 615 4672 etiam
681 4616 959 4674 Seilridus
1004 4617 1254 4674 mediam
1301 4625 1521 4689 partem
1567 4619 1695 4688 loci,
1749 4620 1808 4676 in

121 4721 235 4774 quo
298 4705 532 4761 ecclesia
584 4705 775 4761 Sancti
825 4705 1076 4768 Martini.
1135 4706 1322 4776 prima
1387 4708 1810 4766 Pramonstrati

122 4794 256 4860 tilia,
289 4793 392 4848 sita
421 4801 528 4862 est,
573 4795 728 4865 quod
770 4794 892 4865 juri
924 4795 1113 4850 Sancti
1148 4795 1433 4853 Vincentii
1464 4796 1808 4868 subjaceret,

123 4882 345 4938 obtulit.

194 4970 427 5027 Litteras
485 4970 933 5038 misit‘ZSeifrido
961 4970 1271 5040 {Honorius
1337 4987 1485 5043 papa
1528 4973 1598 5041 II,
1649 4974 1814 5045 queis

125 5060 389 5116 universa
437 5058 947 5116 San-Vincenti'ini
995 5060 1237 5116 canobii
1293 5061 1442 5116 bona
1487 5061 1810 5119 conﬁrmat.

124 5147 462 5218 Delungitur
510 5147 736 5203 circiter
783 5161 880 5202 an.
935 5150 1091 5215 II3I,
1143 5149 1403 5218 sepultus
1449 5149 1508 5205 in
1559 5150 1811 5208 inferiori

127 5243 281 5304 parte
310 5234 488 5290 chori.

196 5322 344 5378 XIII.
391 5322 698 5379 Anselmus
743 5336 817 5378 ex
861 5323 1208 5380 monasterio
1239 5323 1292 5380 8.
1342 5324 1593 5382 Medardi
1641 5326 1811 5384 Sues-

127 5409 394 5466 sionensis
460 5411 518 5466 in
587 5411 855 5468 abbatem
920 5425 954 5467 a
1010 5413 1309 5469 monachis
1369 5421 1453 5470 est
1518 5423 1815 5484 cooptatus

131 5497 285 5555 1131.
333 5499 629 5570 Religiose,
673 5499 842 5555 docte
885 5513 952 5555 ac
979 5501 1294 5570 prudenter
1345 5502 1494 5557 rexit
1526 5510 1815 5560 monaste-

133 5587 276 5642 rium
299 5602 480 5644 annos
513 5588 642 5658 plus
671 5587 864 5643 minus
893 5590 1313 5658 septemdecim.
1347 5591 1612 5659 Militum,
1644 5592 1816 5663 equi-

136 5683 382 5745 tumque,
436 5676 490 5731 vi
549 5690 616 5731 ac
664 5675 960 5744 tyrannice
1009 5677 1223 5748 pradia
1270 5678 1678 5746 aulerentium,
1721 5694 1816 5737 re-

1393 407 1612 466 DOMNI
1656 411 1710 463 L.
1757 409 2095 467 D'ACHERY
2136 411 2360 467 NOTIE.

3496 415 3634 470 1174

1924 543 2126 612 pressit
2197 544 2541 616 audaciam;
2623 553 2798 617 atque
2860 545 3040 601 fretus
3089 546 3406 604 Innocentii
3462 563 3622 619 papa

1930 633 1980 687 II
2041 633 2398 700 auctoritate,
2455 635 2555 704 qui
2621 635 2883 690 Lauduni
2918 643 3058 691 tunc
3124 636 3342 704 aderat,
3392 638 3626 694 reddere

1929 721 2110 792 coegit
2174 723 2386 777 omnia.
2451 726 2614 779 Anno
2686 726 2836 789 II33,
2907 724 3146 779 ecclesia
3213 725 3624 782 canonicorum

1929 810 2100 865 castri
2147 811 2215 866 de
2267 811 2577 867 Lescheriis
2609 810 2666 866 in
2716 825 2856 882 agro
2884 811 3180 879 Guisiano,
3217 813 3467 885 itemque
3514 815 3627 870 alia

1929 899 1988 954 in
2041 906 2228 955 castro
2293 900 2728 968 Montis-Acuti,
2781 901 2955 970 juxta
3015 901 3287 958 Latiense
3351 903 3623 961 sacellum

1928 987 2133 1044 collata
2164 988 2321 1044 fuere
2351 989 2404 1044 8.
2438 989 2757 1046 Vincentio.

1999 1078 2240 1134 Romam
2287 1077 2592 1148 profectus,
2625 1091 2659 1132 a
2691 1077 2980 1133 canonicis
3009 1079 3488 1150 Tornacensibus,
3521 1083 3623 1153 qui

1927 1165 2035 1220 hoc
2085 1167 2201 1235 ipso
2241 1173 2492 1237 tempore
2524 1167 2584 1222 in
2635 1167 2785 1224 Urbe
2833 1167 3081 1238 agebant
3107 1168 3177 1223 de
3208 1177 3434 1238 pastore
3477 1172 3624 1228 sub-

1929 1254 2203 1326 rogando,
2254 1256 2569 1326 ,episcopus
2631 1255 2884 1325 eligitur,
2954 1264 3012 1312 at
3070 1258 3188 1327 ipse
3242 1257 3536 1315 reluctans
3589 1273 3624 1315 a

1927 1356 2152 1398 summo
2187 1343 2452 1412 pontifice
2489 1357 2748 1399 annuere
2798 1343 2906 1400 sub
2956 1345 3340 1402 anathematis
3387 1347 3622 1403 vinculo

1927 1431 2259 1500 compulsus
2304 1439 2403 1488 est.
2442 1431 2626 1498 Quam
2674 1431 2946 1501 praclare
2993 1447 3052 1488 se
3096 1433 3332 1503 gesserit
3380 1435 3436 1489 in
3471 1435 3622 1491 hisce

1929 1525 2052 1573 tum
2114 1519 2358 1588 abbatis,
2416 1527 2537 1576 tum
2623 1521 2871 1590 episcopi
2949 1522 3290 1577 muneribus
3360 1522 3624 1591 indigitat

1929 1605 2314 1671 Hermannus,
2369 1604 2466 1660 lib.
2519 1620 2600 1671 III,
2650 1619 2775 1675 cap.
2821 1608 2889 1659 20
2925 1614 2980 1661 et
3031 1609 3120 1673 2t,
3180 1607 3239 1662 in
3271 1608 3617 1678 Appendicc.

1928 1693 2070 1750 Vide
2100 1693 2340 1749 Galliam
2373 1694 2579 1750 Christ.
2615 1693 2673 1749 in
2701 1694 2982 1764 episcopis
3009 1695 3249 1751 Tornac.

1998 1781 2147 1838 XIV.
2211 1783 2530 1839 Balduinus
2583 1783 2836 1854 regimen
2893 1783 3009 1854 egit
3057 1783 3412 1842 solummodo
3453 1786 3623 1842 annis

1925 1871 2204 1941 quinque.
2243 1872 2320 1927 De
2352 1887 2468 1942 quo
2509 1873 2718 1928 citatus
2753 1872 3117 1928 Hermannus
3148 1887 3213 1928 eo
3245 1873 3369 1930 loci.

1994 1960 2116 2017 XV.
2173 1959 2528 2016 Guillelmus.
2589 1960 2734 2015 Huic
2781 1961 2957 2017 donat
3009 1961 3276 2018 Galterus
3321 1963 3622 2034 episcopus

1925 2048 2190 2104 Laudun.
2235 2049 2530 2104 ecclesiam
2560 2048 2612 2105 8.
2661 2049 2876 2105 Iuliani
2923 2049 2980 2104 in
3024 2051 3210 2120 burgo
3243 2052 3422 2107 Laud.
3463 2056 3616 2122 II53,

1923 2150 2029 2192 nec
2061 2150 2176 2191 non
2213 2136 2511 2192 ecclesiam
2558 2137 2731 2192 castri
2779 2137 2848 2192 de
2897 2137 3201 2192 Nonavilla
3234 2137 3390 2208 (qua
3429 2145 3513 2194 est
3561 2139 3618 2194 in

1927 2225 2241 2293 prioratum
2266 2225 2472 2294 erecta)
2507 2225 2580 2280 ab
2631 2225 2894 2281 Helluino
2947 2225 3117 2296 Tyrio
3149 2235 3442 2298 erogatam
3483 2242 3616 2284 con-

1925 2313 2112 2368 tirmat
2142 2314 2375 2383 ipsemet
2405 2312 2725 2384 episcopus.

1994 2401 2145 2458 XVI.
2177 2401 2458 2457 Galterus.

1993 2489 2173 2546 XVII.
2231 2490 2399 2561 [Iugo
2457 2488 2714 2545 basilica.
2757 2488 2810 2544 S.
2865 2489 3172 2556 Vincentii,
3227 2505 3360 2561 qua
3410 2491 3618 2548 etiam-

1921 2593 2064 2634 num
2115 2585 2321 2645 exstat,
2366 2577 2504 2649 jecit
2553 2577 2956 2644 fundamenta,
3005 2593 3252 2648 eamque
3293 2581 3616 2650 complevit.

1921 2666 2320 2724 Controversia
2367 2667 2664 2738 Hugonem
2701 2666 2848 2722 inter
2894 2674 3069 2737 atque
3115 2669 3389 2724 Joannem
3441 2669 3616 2725 Novi-

1922 2755 2077 2827 genti
2143 2755 2440 2823 abbatem,
2511 2769 2664 2811 anno
2727 2759 2896 2823 It77,
2957 2755 3174 2812 arbitro
3233 2756 3615 2814 Codiciacensi

1921 2843 2241 2912 Rodulpho,
2292 2841 2475 2899 diluta
2529 2851 2631 2899 est.
2698 2843 2928 2899 Sacram
2988 2845 3278 2900 exstruxit
3333 2847 3508 2902 adem
3557 2847 3612 2902 8.

1920 2931 2241 2988 Genebaldo
2298 2931 2706 3001 protoantistiti
2760 2931 3129 2987 Laudunensi
3172 2932 3468 2988 duodecim
3514 2947 3615 2989 ca-

1921 3019 2282 3087 nonicorum,
2339 3033 2516 3090 quam
2546 3027 2601 3075 et
2647 3019 2880 3088 pradiis
2929 3020 3425 3076 San-Vincentiani
3465 3035 3615 3077 asce-

1921 3109 2046 3165 terii
2076 3108 2305 3164 ditavit.
2347 3109 2391 3163 E
2413 3107 2532 3164 vita
2557 3107 2813 3163 discessit
2845 3108 3014 3172 I200;
3049 3108 3379 3178 sepulcrum
3407 3109 3532 3180 ejus
3556 3110 3612 3164 in

1920 3197 2104 3253 medio
2132 3195 2291 3252 chori
2326 3196 2431 3251 hoc
2462 3195 2779 3251 adornatur
2805 3194 3111 3264 epitaphio.

1919 3288 2074 3351 Hugo
2106 3285 2230 3338 boni
2257 3286 2462 3350 forma,
2494 3284 2724 3336 claustri
2752 3285 2923 3350 rigor,
2950 3287 3092 3337 actio
3122 3288 3305 3352 cauta,

1919 3359 2086 3421 Regia
2127 3356 2306 3422 frons,
2359 3355 2617 3408 doctrina
2645 3357 2769 3420 fons
2800 3355 3002 3417 clarus,
3052 3355 3256 3421 largus,
3301 3355 3608 3425 abundans,

1918 3427 2194 3481 Abbatum
2215 3429 2312 3495 ﬂos
2341 3441 2452 3479 ecce
2474 3426 2647 3492 jacet;
2681 3427 2777 3494 qui
2805 3429 3000 3490 regnat
3025 3426 3224 3493 ubique

1919 3499 2059 3552 Huic
2089 3497 2178 3550 det
2207 3513 2309 3565 pro
2339 3498 2547 3550 meritis
2575 3501 2784 3549 aeterna
2813 3495 3020 3562 gaudia
3051 3499 3176 3550 vitae
3204 3512 3217 3550 :

1921 3569 2082 3634 Quem
2114 3572 2235 3636 post
2264 3568 2506 3632 Augusti
2534 3567 2766 3620 medium
2798 3568 2894 3620 lux
2929 3569 3090 3621 tertia
3121 3569 3338 3622 clausit.

1990 3656 2192 3712 XVIII.
2249 3655 2652 3726 Ingelrannus,
2718 3656 2872 3722 I208,
2930 3669 3162 3712 sacrum
3219 3656 3272 3712 S.
3326 3656 3610 3713 Vincentii

1921 3752 2085 3801 mart.
2132 3759 2194 3800 os
2226 3743 2479 3815 gutturis
2525 3744 2598 3799 ab
2640 3743 2899 3812 episcopo
2929 3743 3386 3811 Carcassonensi,
3421 3759 3488 3802 ac
3521 3745 3612 3802 Si-

1920 3847 2086 3888 mone
2117 3834 2184 3888 de
2217 3831 2537 3888 Monteforti
2570 3833 2635 3887 A.
2675 3832 2739 3886 Ι).
2783 3833 2916 3885 1215
2959 3831 3195 3887 solemni
3228 3834 3343 3889 ritu
3374 3834 3607 3904 accepit.

1919 3922 2132 3978 Eodem
2175 3935 2348 3992 prope
2382 3927 2634 3991 tempore
2684 3919 2862 3976 abbas
2890 3927 2946 3975 et
2989 3922 3253 3976 monachi
3294 3921 3614 3978 Castrensis

1921 4008 2184 4066 Ecclesia
2241 4009 2420 4080 (nunc
2461 4008 2840 4079 episcopatus)
2893 4009 2965 4064 ad
3014 4010 3424 4080 Ingelrannum
3473 4025 3612 4082 par-

1919 4103 2029 4152 tem
2075 4097 2297 4154 brachii
2326 4097 2582 4168 ejusdem
2612 4097 2885 4166 martyris
2917 4097 3299 4156 transmisere.
3334 4099 3424 4166 Et,
3461 4114 3613 4155 anno

1924 4187 2078 4254 I234,
2137 4186 2408 4242 sacellum
2467 4187 2529 4242 Β.
2583 4185 2777 4243 Maria
2834 4186 3128 4243 Latiensis
3183 4201 3217 4242 a
3262 4187 3508 4243 dominis
3545 4189 3614 4244 de

1920 4274 2067 4344 Apia
2110 4275 2235 4345 (qui
2283 4275 2340 4329 in
2381 4273 2912 4332 San-Vincentiano
2963 4276 3168 4346 templo
3199 4283 3336 4332 sunt
3379 4277 3610 4347 sepulti)

1921 4363 2147 4420 initium
2179 4362 2490 4434 sumpsisse
2520 4363 2730 4420 lerunt.

1989 4452 2144 4508 XIX.
2180 4451 2501 4508 Balduinus
2528 4453 2599 4508 II.

1985 4542 2112 4597 XX.
2138 4541 2401 4596 Joannes.

1988 4630 2144 4686 XXI.
2171 4628 2492 4684 Balduinus
2522 4629 2614 4684 III.

1988 4718 2174 4774 XXII.
2202 4718 2469 4772 Thomas.

1989 4807 2200 4862 XXIII.
2235 4805 2562 4862 Gosbertus.
2598 4806 2748 4860 Dum
2786 4804 2955 4874 jussu
2985 4805 3240 4876 Gregorii
3273 4819 3434 4876 papa
3460 4807 3510 4862 X
3543 4807 3614 4862 ad

1919 4896 2121 4952 concil.
2177 4895 2559 4966 Lugdunense
2608 4893 3082 4964 proficisceretur,
3129 4902 3312 4950 morte
3353 4901 3436 4950 est
3480 4910 3617 4964 pra-

1919 4991 2248 5053 occupatus,
2282 4983 2509 5039 circiter
2539 4997 2691 5037 anno
2726 4985 2882 5050 I273,
2910 4982 3001 5038 vel
3040 4984 3194 5037 1274.

1990 5071 2198 5127 XXIV.
2231 5070 2417 5126 Guido
2447 5071 2516 5126 de
2563 5070 2834 5126 Boveriis.
2873 5071 3084 5126 Eodem
3117 5071 3324 5127 abbate
3367 5070 3616 5141 jurisdi-

1920 5158 2124 5213 ctionis
2150 5158 2393 5215 abbatia
2424 5159 2630 5214 limites
2659 5159 2920 5214 recensiti
2953 5166 3090 5215 sunt
3127 5162 3277 5216 I280.

1991 5245 2172 5303 XXV.
2203 5247 2452 5303 Joannes
2482 5248 2550 5313 II,
2588 5262 2740 5303 anno
2774 5247 2924 5302 I300.

1992 5334 2201 5390 XXVI.
2247 5335 2492 5390 Joannes
2539 5335 2640 5398 III,
2690 5333 3030 5405 cognomine
3077 5333 3146 5392 de
3191 5335 3402 5392 Sancto
3448 5335 3620 5402 Quin-

1922 5418 2064 5475 tino.
2092 5420 2245 5475 Obiit
2281 5421 2434 5476 I345.

1992 5507 2229 5564 XXVII.
2283 5509 2484 5565 Petrus
2526 5509 2595 5566 de
2628 5509 2777 5567 Suisi
2827 5509 2947 5565 sive
2975 5509 3044 5565 de
3087 5510 3307 5568 Namur
3339 5512 3398 5568 Iit
3445 5512 3624 5569 abbas

1922 5597 2141 5651 Joanne
2173 5596 2242 5650 de
2273 5596 2325 5652 S.
2359 5595 2633 5662 Quintino
2659 5598 2912 5666 vivente,
2950 5601 3107 5654 I333.

1993 5689 2145 5738 es:
2201 5684 2451 5742 XXVIII.
2512 5685 2716 5744 Petrus
2780 5686 2852 5754 II,
2913 5685 2984 5743 de
3043 5686 3295 5756 Villiers,
3338 5688 3624 5746 Memora-
