3930 6398
301 301 435 354 H75

297 439 393 525 tur
449 435 509 492 in
575 446 740 508 pacto
801 455 937 499 cum
1000 447 1205 504 comite
1267 448 1336 505 de
1387 451 1588 522 Roucy
1624 451 1764 510 inito
1832 457 1986 525 1349,
2023 460 2065 515 Α

293 521 448 579 circa
508 526 802 596 quoddam
846 529 946 602 jus
991 531 1046 588 8.
1117 535 1399 593 Vincentii
1428 537 1489 594 in
1549 521 1874 601 molendino
1921 521 1992 601 de

295 611 458 667 Petra
467 622 656 683 ponte.

365 701 552 758 XXIX.
611 704 860 763 Joannes
907 709 1004 777 IV,
1057 711 1125 768 de
1173 713 1456 784 Nouelles,
1488 716 1558 772 de
1588 717 1785 776 Guisia
1816 721 1992 794 vulgo

293 800 692 862 nuncupatus,
745 798 902 851 1370.
954 800 1200 872 Egregie
1241 801 1442 860 litteris
1469 807 1755 865 excultus.
1807 810 1991 868 Colle-

296 879 545 936 ctarium
572 881 824 941 historia
856 885 1220 959 universalis,
1246 889 1408 948 libris
1433 903 1580 966 octo,
1612 897 1714 968 qui
1740 907 1995 970 quatuor

296 966 694 1026 voluminibus
750 975 1350 1050 comprehenduntur,
1402 966 1994 1045 distinctum-elucu-

299 1057 508 1114 bravit.
567 1059 857 1117 Ditissima
907 1063 1035 1132 fuit,
1093 1067 1311 1125 Joanne
1367 1071 1594 1140 abbate,
1654 1074 1998 1134 bibliotheca

299 1140 849 1213 San-Vincentiana;
899 1149 1168 1207 undecim
1216 1152 1493 1212 nimirum
1525 1157 1706 1215 millia
1742 1161 1996 1219 volumi-

299 1243 438 1320 num
503 1232 852 1320 continebat.
921 1236 1188 1297 Consedit
1239 1241 1299 1298 in
1364 1246 1603 1303 conbilio
1663 1250 1996 1320 Compendii

300 1317 492 1407 habito
523 1317 644 1388 (cui
691 1323 1032 1392 praesidebat
1065 1327 1267 1385 Petrus
1298 1329 1606 1390 Lessiensis
1631 1317 1834 1407 abbas)
1861 1352 1995 1394 cum

299 1405 427 1462 aliis
492 1407 964 1470 archimandritis
1043 1417 1646 1492 archiepiscopatuum
1707 1405 2000 1482 Remensis

299 1508 366 1550 ac
411 1494 770 1556 Senonensis.
821 1501 903 1558 Eo
944 1503 1003 1558 in
1049 1505 1289 1563 concilio
1337 1507 1494 1566 lecta
1533 1510 1734 1568 littera
1781 1514 1999 1572 Urbani

301 1585 378 1676 IV
407 1593 462 1642 et
506 1586 767 1676 Gregorii
803 1592 845 1646 Χ
875 1593 948 1648 ad
989 1595 1284 1667 episcopos
1330 1601 1666 1659 earumdem
1708 1613 2000 1676 metropo-

301 1672 430 1762 leon
461 1673 704 1744 scripta,
735 1676 952 1746 quibus
978 1680 1215 1739 abbates
1243 1683 1317 1740 ab
1345 1685 1745 1760 episcoporum
1770 1672 2002 1762 synodis

299 1761 660 1820 eximuntur.
706 1765 858 1824 Obiit
884 1769 1134 1828 Joannes
1179 1774 1316 1828 1396
1345 1775 1515 1846 cujus
1543 1761 1812 1848 sepulcro
1833 1779 1997 1837 disci-
2029 1764 2066 1818 Β

299 1849 421 1920 puli
452 1865 700 1922 sequens
728 1855 1528 1932 epitaphiumapposuerunt.

301 1949 600 2023 DeGuisia
626 1956 790 2008 natus
813 1953 964 2023 jacet
991 1957 1075 2012 hic
1105 1959 1204 2014 sub
1232 1966 1386 2016 caute
1411 1964 1641 2020 Joannes

371 2022 877 2099 JIistoriographus,
907 2032 1130 2097 arteque
1151 2031 1450 2099 juridicus.

299 2090 580 2167 Abbatum
608 2090 820 2162 primus
849 2090 1019 2153 mitra
1034 2090 1172 2167 'fuit'
1187 2103 1274 2158 hic
1299 2103 1602 2161 decoratus.

368 2161 662 2243 Inhumata
692 2173 874 2243 manet
891 2161 1066 2243 fama,
1090 2174 1396 2243 mirumque
1418 2181 1573 2231 canet

296 2233 448 2313 Mens
468 2233 1272 2313 pia,_mensrhumilis,'patria
1301 2233 1418 2313 iam,
1451 2248 1672 2302 Martha
1701 2249 1900 2306 labore.

367 2305 610 2382 Irradiet
631 2308 821 2374 functo
847 2312 967 2364 vita
999 2305 1155 2367 beata
1187 2315 1354 2382 Deus,

298 2375 458 2458 {tn-no
485 2378 722 2458 milleno,
751 2383 949 2458 quater
977 2387 1026 2436 et
1054 2387 1264 2458 centum
1296 2375 1400 2458 bis,
1429 2386 1536 2442 duo
1563 2387 1734 2458 demo,

299 2445 497 2500 Octavo
525 2451 722 2504 mensis
741 2445 872 2506 Idus
896 2451 1120 2509 decessit
1147 2456 1384 2525 Aprilis.

370 2543 515 2598 XXX.
537 2545 786 2603 Joannes
813 2547 864 2606 V
891 2549 962 2606 de
989 2549 1162 2620 Sylva
1184 2554 1338 2608 1396.
1372 2554 1525 2612 Obiit
1555 2558 1710 2612 1419.

370 2632 548 2688 XXXI.
581 2633 778 2691 Simon
809 2649 844 2691 a
867 2637 1055 2694 Porta.

371 2721 574 2776 XXXII.
607 2722 855 2780 Thomas
883 2725 1097 2783 Vastel.

373 2807 605 2864 XXXIII.
635 2809 884 2867 Joannes
903 2811 1000 2881 VI,
1033 2813 1312 2872 Corbeau.

373 2895 602 2955 XXXIV.
673 2897 862 2955 Helias
940 2901 1182 2959 d’Arson
1265 2907 1694 2975 protonotarius
1755 2913 1994 2982 apostol.

303 2983 530 3042 abbatis
558 2987 1030 3046 commendatarii
1061 2991 1228 3049 titulo
1255 2994 1447 3052 sedem
1479 2996 1721 3054 invadit.
1755 2997 1999 3055 Moritur

308 3076 461 3129 1502.

371 3164 568 3222 XXXV.
621 3167 1081 3240 Franciscuside
1139 3173 1558 3240 Frechencour,
1592 3189 1663 3230 ex
1723 3175 2004 3233 monacho

305 3249 366 3307 ﬁt
395 3251 590 3309 abbas.
621 3253 687 3308 In
719 3254 1055 3328 Necrologio
1084 3258 1260 3314 nobili
1293 3260 1413 3316 loco
1432 3261 1718 3318 oriundus
1743 3271 1998 3320 notatur.

307 3337 461 3395 Diem
487 3340 692 3398 clausit
722 3346 875 3413 l506,
905 3345 965 3400 in
994 3346 1168 3402 choro
1190 3347 1467 3416 sepultus.

375 3428 615 3486 XXXVI.
647 3429 887 3489 Carolus
931 3433 1130 3504 Morel,
1181 3443 1350 3492 antea
1382 3438 1538 3508 prior
1576 3437 1630 3494 S.
1670 3439 1905 3496 Joannis
1933 3440 2002 3497 de

304 3513 579 3574 Vendolio
616 3521 772 3574 1510.

373 3605 631 3664 XXXVII.
700 3607 949 3666 Joannes
1013 3610 1132 3677 Vll,
1199 3611 1594 3684 Charpentier,
1661 3631 1734 3672 ex
1802 3617 2002 3675 ordine

306 3694 618 3750 monastico
665 3695 844 3753 abbas
898 3699 1156 3756 ultimus.
1213 3702 1411 3758 Totam
1461 3703 1806 3762 instauravit
1852 3706 2002 3763 San-

306 3780 745 3863 Viincentianam
805 3785 1118 3856 ecclesiam,
1178 3791 1480 3862 multaque
1537 3792 1812 3850 beneficia
1860 3809 2000 3851 con-

305 3869 455 3926 tulit.
489 3871 672 3928 Medio
702 3873 762 3929 in
799 3874 974 3932 choro
995 3877 1166 3948 jacet,
1201 3879 1310 3934 hoc
1337 3879 1584 3938 d‘onatus
1613 3883 1890 3940 encomio.

375 3966 482 4045 l_lic
502 3967 653 4045 jacet
693 3969 918 4045 domnus
947 3971 1191 4045 Joannes
1224 3974 1590 4044 Charpentier
1632 3979 1927 4045 Remensis,

375 4037 504 4092 dum
530 4041 732 4110 eiceret
762 4042 926 4110 hujus
955 4043 1214 4099 Ecclesia
1251 4037 1622 4110 pientissimus
1653 4052 1878 4104 antistes
1911 4037 1924 4105 Ξ

377 4111 473 4186 qui
511 4109 765 4186 feliciter
819 4109 954 4186 obiit
999 4120 1150 4169 sexto
1203 4109 1336 4169 ldus
1397 4117 1662 4186 Septemb.
1735 4127 1931 4176 nostra

373 4180 571 4304 salutis
631 4183 913 4239 millesimo
983 4187 1412 4254 quingentesimo
1462 4180 1766 4256 'trigesimo
1833 4207 1928 4246 oc-

399 4265 518 4304 avo.

399 4265 518 4304 avo.

637 4341 683 4396 Α
697 4341 833 4396 BBA
844 4343 979 4399 TES
1016 4343 1422 4402 COMMENDA
1435 4345 1524 4402 TA
1535 4349 1650 4403 RH.

372 4435 656 4494 XXXVIII.
710 4438 948 4496 Carolus
1003 4440 1323 4498 Borbonius
1379 4445 1690 4502 cardinalis
1742 4447 1812 4504 de
1851 4438 1998 4505 Vin-

302 4523 524 4580 docino.

371 4614 588 4669 XXXIX.
654 4615 952 4686 Crispinus
1003 4617 1073 4674 de
1137 4618 1518 4677 Brichanteau
1576 4637 1648 4678 ex
1717 4623 1997 4680 monacho

303 4699 356 4757 S.
409 4701 666 4772 Dionysii
719 4702 776 4759 in
809 4705 1052 4762 Francia
1097 4707 1278 4763 abbas
1325 4708 1380 4764 8.
1436 4710 1742 4782 Vincentii,
1787 4719 1842 4770 et
1871 4713 1996 4784 epi-

299 4803 509 4861 se0pns
525 4791 978 4850 Silvanectensis.
996 4795 1236 4853 Moritur
1270 4799 1425 4854 1590.

369 4879 488 4936 XL.
549 4881 890 4940 Godefridus
935 4883 1004 4940 de
1037 4883 1186 4952 Billi,
1253 4887 1506 4956 primum
1568 4889 1888 4946 monachus
1935 4891 1988 4946 S.

2029 3067 2069 3122 C

2027 4367 2070 4422 Ι)

299 4967 572 5038 Dionysii,
617 4970 824 5028 deinde
869 4972 924 5030 8.
969 4973 1274 5041 Vincentii,
1325 4975 1618 5033 abbatiam
1666 4985 1843 5049 atque
1883 4979 1995 5050 epi-

295 5065 592 5127 scopatum
626 5060 1062 5118 Laudunensem
1102 5062 1352 5120 obtinuit
1405 5065 1670 5122 Diversas
1696 5068 1992 5125 monachis

295 5141 492 5200 intulit
544 5145 914 5204 calamitates.
965 5149 1239 5218 Priorem,
1302 5152 1620 5208 Antonium
1663 5153 1842 5210 Danis
1887 5168 1990 5212 no-

295 5229 469 5298 mine,
523 5232 594 5288 de
637 5233 1010 5292 adiﬁciorum
1064 5237 1384 5295 imminenti
1439 5239 1612 5296 ruina
1638 5233 1993 5313 conqueren-

297 5325 406 5374 tem
442 5321 780 5392 exagitavit,
829 5323 1052 5394 expulit
1077 5339 1110 5381 e
1141 5327 1486 5384 monasterio
1519 5341 1532 5384 :
1566 5343 1741 5398 quem
1786 5329 1991 5386 nihilo-

294 5406 489 5464 minus
517 5409 698 5468 abbas
727 5410 822 5468 ille
867 5412 1092 5469 decreto
1121 5415 1296 5471 curia
1331 5415 1664 5473 Parisiensis
1694 5431 1984 5487 revocare,

291 5509 644 5567 organorum
675 5513 1210 5572 campanarumque
1239 5502 1525 5573 applausu
1547 5505 1812 5576 excipere
1840 5521 1990 5564 com-

293 5585 496 5653 pulsus
525 5594 628 5644 est.
870 5621 878 5628 -

1341 299 1432 367 Αύ
1469 315 1620 372 ore.
1665 317 1817 373 VEN.
1858 321 2192 380 GUIBERTI
2233 325 2322 382 DE
2364 327 2752 386 NOVIGEN‘I‘O

3677 339 3842 397 1176

2173 461 2309 518 XLI.
2361 463 2708 522 Philibertus
2737 465 2806 524 de
2840 467 3245 540 Brichanteau,
3293 472 3536 546 adeptus
3584 491 3833 549 posses-

2099 551 2314 608 sionem
2348 554 2504 619 1612,
2539 568 2606 611 ac
2651 555 3015 625 postmodqu
3045 557 3384 632 episcopatu
3433 564 3838 623 Laudunensi

2100 638 2366 696 donatus.
2399 641 2478 698 De
2521 656 2638 713 quo
2672 643 2953 700 Robertus
2983 645 3040 700 in
3067 645 3347 719 episcopis
3386 650 3611 710 Laudu.
3655 675 3680 703 ε
3721 655 3836 710 Vir

2102 728 2299 784 multa
2328 730 2551 800 pietatis
2579 738 2634 788 et
2664 732 2985 802 prudentia
3021 750 3033 790 :

2210 855 2238 885 «
2267 835 2372 901 Qui
2400 851 2570 892 mores
2596 839 2868 892 hominum
2890 841 3181 897 multorum
3206 843 3346 899 vidit
3371 849 3422 900 et
3448 848 3628 904 urbes.
3667 868 3700 901 in

2173 940 2412 997 Omnem
2468 942 2706 1000 navavit
2746 959 2976 1014 operam
3017 945 3078 1002 in
3135 951 3499 1008 resarcienda
3543 955 3826 1026 regulari

2102 1026 2436 1102 disciplina;
2514 1031 2722 1088 idcirco
2798 1033 3390 1095 San-Vincentianum
3472 1044 3827 1101 coenobium

2103 1119 2533 1190 congregationi
2559 1120 2612 1176 8.
2647 1121 2831 1178 Mauri
2863 1127 3203 1196 aggregavit
3240 1129 3394 1183 1643.

2316 1235 2714 1291 Nonnullarum
2735 1237 2925 1294 Sancti
2949 1241 3181 1296 Joannis
3208 1239 3582 1302 Laudunensis

2523 1324 2927 1382 abbatissarum
2953 1331 3378 1388 nomenclatura.

2179 1435 2369 1493 Prima
2423 1437 2714 1496 abbatissa
2768 1447 2824 1497 et
2876 1440 3176 1500 fundatrix
3227 1444 3336 1502 fuit
3384 1445 3434 1502 S.
3490 1447 3827 1520 Salaberga

2106 1524 2278 1596 cujus
2319 1525 2504 1582 Vitam
2536 1542 2694 1584 nunc
2725 1528 2978 1600 primum
3026 1533 3428 1604 eventilamus,
3461 1537 3719 1609 reperies
3756 1538 3825 1596 in

2108 1612 2525 1670 Additamentis
2555 1614 2724 1673 infra.

2177 1702 2483 1759 Conditum
2539 1719 2676 1762 vero
2726 1706 2836 1764 fuit
2885 1707 3036 1766 istud
3085 1711 3496 1769 monasterium
3545 1714 3819 1786 Deipara:

2104 1787 2326 1859 Virgini
2364 1804 2614 1861 sacrum,
2648 1801 2773 1864 post
2805 1794 2994 1852 Sancti
3023 1798 3259 1856 Joannis
3302 1801 3534 1858 nomine
3558 1803 3816 1876 insigni-

2104 1883 2248 1945 tum,
2286 1892 2438 1935 anno
2467 1895 2598 1938 ara
2629 1881 2968 1941 Christianae
3001 1887 3133 1956 plus
3162 1887 3356 1944 minus
3393 1892 3546 1945 1640.

2175 1967 2230 2022 8.
2290 1967 2598 2026 Anstrudis
2639 1971 2700 2026 Β.
2753 1971 3076 2046 Salaberga
3128 1975 3264 2044 ﬁlia,
3323 1977 3397 2034 ab
3431 1977 3817 2038 incunabulis

2105 2056 2220 2112 Deo
2251 2070 2286 2112 a
2315 2059 2678 2116 sanctissima
2707 2062 2980 2133 genitrice
3019 2073 3372 2136 consecrata,
3419 2067 3514 2124 vix
3543 2068 3812 2126 duoden-

2105 2145 2195 2201 nis
2224 2159 2357 2202 cum
2406 2148 2625 2206 videret
2656 2163 2715 2206 se
2743 2151 2816 2207 ab
2864 2150 3250 2212 illustrissimo
3295 2155 3468 2212 simul
3491 2163 3545 2213 et
3571 2157 3816 2229 opulen-

2107 2234 2324 2291 tissimo
2367 2236 2584 2308 juvene
2639 2239 2710 2294 ad
2741 2240 2976 2311 nuptias
3019 2242 3230 2313 expeti,
3289 2245 3559 2318 conjugio
3605 2245 3722 2303 imo
3752 2255 3814 2304 et

2103 2323 2313 2381 saeulo
2341 2325 2702 2396 renuntians,
2737 2327 3098 2401 patriamque
3131 2331 3416 2400 deserens,
3452 2334 3811 2393 Laudunum

2105 2411 2282 2479 venit,
2313 2419 2369 2469 et
2411 2427 2624 2486 magno
2653 2415 2789 2472 cleri
2827 2430 2894 2474 ac
2919 2419 3118 2489 populi
3147 2434 3435 2478 concursu
3461 2431 3723 2494 excepta,
3751 2433 3808 2480 et

2105 2500 2178 2557 ad
2224 2503 2636 2560 monasterium
2678 2504 2923 2562 deducta
2956 2509 3340 2565 monasticum
3387 2509 3650 2568 habitum
3695 2514 3808 2570 sub

2105 2589 2370 2662 religiosa
2434 2600 2648 2650 sancta
2707 2594 2910 2651 matris
2973 2595 3276 2668 disciplina
3335 2601 3602 2670 suscepit.
3667 2601 3811 2658 Octo

2108 2686 2231 2750 post
2256 2680 2444 2744 annis,
2496 2681 2769 2739 defuncta
2801 2690 3002 2753 matre,
3047 2684 3105 2740 in
3136 2685 3484 2743 abbatissam
3515 2689 3692 2744 electa
3723 2699 3813 2746 est

2107 2781 2260 2825 anno
2302 2770 2486 2826 atatis
2545 2784 2666 2828 sua
2725 2771 3028 2844 vigesimo,
3077 2780 3133 2830 et
3166 2783 3460 2833 annuente
3506 2776 3810 2836 Clodovao

2106 2858 2358 2914 secundo
2402 2859 2757 2916 Francorum
2823 2875 2978 2932 rege.
3046 2862 3501 2922 acclamantibus
3553 2867 3811 2938 regionis

2109 2946 2438 3016 proceribus
2486 2948 2794 3019 universis,
2847 2963 2882 3006 a
2925 2951 3230 3022 Peregrino
3277 2951 3646 3010 Laudunensi
3678 2957 3810 3026 epi-

2105 3049 2278 3106 scopo
2343 3043 2467 3106 post
2527 3037 2872 3108 impertitam
2951 3039 3396 3097 benedictionem
3459 3042 3808 3100 instituitur.

2107 3122 2259 3178 Obiit
2315 3138 2469 3182 anno
2499 3123 2708 3182 Christi
2764 3128 2989 3184 circiter
3019 3130 3143 3198 707,
3193 3143 3312 3186 xvn
3357 3130 3654 3201 Octobris;
3690 3134 3813 3189 vir-

2111 3210 2330 3266 tutibus
2374 3218 2430 3268 et
2471 3212 2766 3270 miraculis
2797 3213 2856 3270 in
2907 3215 3030 3272 vita
3056 3223 3112 3273 et
3159 3224 3282 3288 post
3329 3226 3568 3276 mortem
3599 3220 3810 3278 claris-

2109 3299 2274 3356 sima.
2301 3301 2391 3357 Ex
2413 3301 2534 3358 vita
2559 3303 2816 3374 ejusdem
2847 3317 2954 3360 ms.

2180 3387 2497 3446 Adalsinda
2547 3391 2820 3449 successit
2877 3393 3056 3449 beata
3106 3393 3422 3469 Anstrudi;
3471 3397 3539 3454 de
3589 3412 3707 3470 qua
3742 3399 3807 3456 iit

2110 3477 2324 3534 mentio
2351 3479 2410 3534 in
2438 3479 2638 3536 eadem
2671 3480 2726 3537 S.
2756 3480 3066 3538 Anstrudis
3093 3483 3239 3546 Vita.

2179 3566 2373 3624 Adelis
2405 3581 2416 3622 :
2447 3569 2618 3638 cujus
2661 3569 2851 3626 obitus
2899 3576 3134 3628 notatur
3166 3572 3223 3628 in
3253 3573 3583 3646 Necrologio
3629 3578 3808 3634 veteri

2109 3670 2216 3711 ms.
2247 3656 2438 3714 Sancti
2470 3657 2756 3716 Vincentii
2785 3659 2858 3716 ad
2885 3675 2942 3715 Vl
2975 3659 3213 3717 Kalend.
3239 3661 3504 3734 Augusti.

2179 3745 2374 3802 Adelis
2407 3747 2662 3802 secunda
2711 3747 3048 3804 nominatur
3091 3749 3149 3805 in
3181 3751 3566 3810 vetustissimo
3613 3754 3806 3813 codice

2014 3905 2020 3912 _
2109 3832 2312 3890 litteris
2377 3833 2629 3891 Gothicis
2687 3842 2944 3906 exarato,
3015 3837 3117 3908 qui
3175 3839 3518 3898 Psalterium
3583 3841 3802 3901 Sancta

2111 3921 2433 3994 Salaberga
2473 3932 2889 3995 nuncupatur,
2939 3925 2998 3981 in
3026 3941 3180 3997 quo,
3241 3930 3554 3988 recentiore
3613 3939 3798 3988 tamen

2107 4011 2474 4081 charactere,
2563 4013 2890 4085 catalogum
2969 4023 3439 4074 ornamentorum
3512 4019 3794 4089 ecclesia,

2106 4111 2296 4154 coram
2346 4099 2618 4168 pradicta
2674 4100 2982 4168 abbatissa,
3035 4109 3161 4172 post
3201 4102 3420 4160 obitum
3469 4105 3798 4178 Walbnrgis

2107 4185 2484 4241 thesauraria
2517 4187 2951 4254 recensitorum,
2982 4202 3214 4246 cernere
3242 4200 3341 4246 est.

2177 4271 2361 4344 Ogina
2411 4274 2611 4346 regina
2659 4289 2806 4331 uxor
2854 4276 3042 4332 Caroli
3090 4277 3187 4344 III,
3236 4287 3612 4350 cognomento
3647 4279 3790 4337 Sim-

2107 4361 2284 4432 plicis.
2319 4362 2390 4418 Et
2422 4361 2542 4418 hac
2571 4369 2694 4418 erat
2741 4363 3022 4435 sacrilega
3051 4365 3245 4422 saculi
3280 4366 3456 4438 hujus
3493 4375 3790 4425 consuetu-

2106 4450 2198 4518 do,
2233 4465 2364 4522 qua
2394 4450 2466 4506 ab
2506 4465 2660 4508 anno
2691 4453 2796 4507 8&5
2847 4453 2906 4508 in
2936 4452 3179 4510 Galliam
3212 4454 3520 4526 irrepserat
3551 4471 3564 4510 :
3598 4471 3787 4527 nempe

2105 4552 2268 4608 reges
2317 4545 2488 4609 prout
2551 4539 2873 4608 collibebat,
2933 4541 3084 4599 aula
3144 4542 3371 4600 asseclis
3420 4543 3532 4599 imo
3577 4552 3630 4602 et
3672 4545 3786 4602 suis

2105 4625 2388 4681 uxoribus
2431 4627 2794 4698 sapesapius
2835 4628 3204 4686 conferebant
3261 4631 3622 4688 abbatiarum
3667 4647 3783 4703 pos-

2104 4706 2422 4772 sessiones.‘
2453 4715 2698 4773 Videndi
2748 4718 2944 4788 Lupus
2988 4719 3390 4789 Ferrariensis,
3438 4721 3600 4792 epist.
3640 4721 3706 4776 22
3730 4729 3783 4780 et

2105 4807 2206 4873 42;
2238 4803 2477 4874 Chopin.
2531 4803 2632 4862 lib.
2683 4821 2764 4874 ιιι,
2819 4821 2942 4877 cap.
2975 4809 3027 4875 8,
3077 4809 3156 4864 De
3205 4808 3472 4866 domanio
3519 4810 3778 4878 Francia,

2104 4891 2226 4956 tibi,
2253 4892 2322 4948 de
2375 4893 2562 4964 Ogina
2614 4908 2798 4950 uxore
2847 4894 3033 4953 Caroli
3074 4897 3153 4952 III
3183 4901 3238 4952 et
3287 4896 3575 4970 Gerbcrga
3615 4911 3782 4956 uxore

2102 4979 2376 5037 Ludovici
2407 4981 2506 5050 IV,
2541 4981 2664 5037 hac
2709 4983 2882 5040 habet
2915 4997 2928 5038 :
2970 5005 2992 5032 α
3031 4984 3302 5056 Legimus
3341 4984 3590 5056 corrupti
3639 4984 3783 5042 illius

2099 5069 2296 5125 saculi
2359 5068 2490 5127 labe
2554 5069 2811 5141 profanis
2897 5071 3110 5128 tradita
3175 5073 3522 5129 monasteria
3595 5073 3779 5132 Carolo

2099 5155 2352 5227 Simplici
2385 5172 2538 5230 rege,
2572 5165 2636 5215 ut
2662 5159 2763 5214 vix
2797 5174 3065 5231 unquam
3094 5160 3286 5218 Casar
3331 5161 3670 5219 Commodus
3691 5160 3778 5218 ἰη-

2097 5246 2473 5310 commodius,
2505 5246 2680 5318 quam
2709 5247 2956 5320 simplex
2989 5249 3092 5304 iste
3120 5248 3437 5319 simplicius
3465 5248 3776 5320 reipublica

2097 5341 2312 5390 statum
2379 5335 2766 5392 labefactavit.
2815 5337 2922 5403 Qui
2973 5337 3160 5394 Caroli
3219 5337 3372 5394 ﬁlius
3423 5337 3776 5395 Ludovicus?

2097 5420 2324 5478 Ademit
2353 5421 2445 5478 hic
2491 5422 2689 5494 Ogina
2720 5425 2998 5498 Augusta
3043 5425 3368 5482 canobium
3412 5425 3774 5484 Laudunense

2097 5509 2352 5580 Deipara
2411 5510 2636 5582 Virgini
2685 5525 2939 5582 sacrum,
2993 5513 3149 5584 quod
3195 5513 3396 5570 Carolo
3437 5513 3639 5570 marito
3680 5513 3773 5570 de-

2097 5595 2296 5654 functo
2347 5599 2852 5668 superinduxisset
2922 5602 3262 5658 Hcrbertum
3330 5602 3772 5661 Viromanduum
