3930 6388
116 369 262 422 1177

1395 370 1613 427 DOMNI
1652 373 1708 427 L.
1752 370 2094 428 D’AL’HERY
2138 370 2359 427 ΝΟΤίΕ.

3504 376 3633 428 H78

113 492 283 551 illius
321 493 690 565 parricidam.
726 495 935 552 Eodem
968 495 1171 554 deinde
1199 497 1457 555 coenobio
1486 490 1817 555 Ludovicus
1845 499 1891 551 A
1930 497 2299 566 monialibus,
2369 506 2736 568 occuparent.
2805 498 2929 566 Quo
2984 504 3221 569 statuto,
3273 513 3309 555 a
3367 502 3632 558 Matthan

113 582 475 655 Gerbergam
508 584 831 656 Augustam
862 584 1168 656 conjugem
1200 585 1454 642 donavit.
1494 606 1514 634 ι

192 670 408 728 Mansit
461 675 653 728 autem
696 671 881 745 Ogina
928 673 986 729 in
1031 674 1290 730 cmuobio
1336 674 1708 732 Laudunensi
1756 674 1826 731 ad

117 772 351 815 annum
382 763 504 815 951.

196 847 491 920 Gerberga
542 848 743 920 regina
786 863 940 906 uxor
989 850 1260 907 Ludovici
1321 851 1418 918 IV,
1454 858 1829 923 cegnomento

119 935 548 1004 Transmarini,
592 938 1027 1007 monasterium,
1060 939 1276 1007 eodem,
1310 954 1429 1011 quo
1464 939 1664 1012 regina
1694 939 1828 1012 Ogi-

121 1040 225 1093 na,
261 1026 428 1082 modo
460 1026 784 1096 usurpavit.

198 1114 523 1172 Abbatissae
562 1116 867 1187 cujusdam
907 1115 1096 1172 Sancti
1125 1116 1360 1173 Joannis
1406 1114 1828 1179 Laudunensis,

123 1217 439 1273 suppresso
473 1200 722 1273 nomine,
755 1205 1016 1262 meminit
1044 1205 1372 1262 Alexander
1402 1219 1551 1277 papa
1582 1205 1654 1273 Il,
1702 1205 1830 1276 epi-

122 1291 264 1348 stol.
316 1295 400 1359 12,
450 1293 536 1350 his
584 1293 807 1351 verbis:
863 1316 885 1343 ι
930 1293 1306 1351 Proclamatio
1336 1294 1523 1351 delata
1553 1300 1638 1350 est
1676 1294 1829 1364 quod

120 1377 424 1435 abbatissa
486 1380 888 1438 Laudunensis
947 1382 1279 1439 monasterii
1344 1382 1533 1439 Sancti
1597 1381 1832 1439 Joannis

120 1466 255 1522 sine
312 1467 592 1525 canonica
646 1469 959 1541 audientia,
1015 1486 1070 1528 et
1110 1471 1329 1543 judicio
1366 1470 1615 1543 episcopi
1660 1470 1750 1528 sui
1797 1485 1832 1526 a

120 1555 408 1626 regimine
464 1570 569 1613 suo
614 1559 901 1627 ejiciatur,
951 1567 1056 1616 etc.
1110 1560 1538 1617 Admonuimus
1597 1559 1831 1616 confra-

120 1651 277 1700 trem
312 1651 574 1701 nostrum
619 1646 970 1704 Elinandum
1000 1647 1330 1719 episcopum
1367 1647 1730 1703 Laudunens.
1768 1652 1830 1701 ut

122 1733 284 1789 hanc
327 1747 563 1791 causam
593 1735 897 1808 diligenter
923 1735 1191 1793 discutiat
1220 1744 1394 1807 atque
1424 1734 1698 1792 canonice
1734 1733 1831 1789 de-

1935 586 2247 644 Albauensi
2304 586 2571 657 episcopo
2628 586 2928 654 cardinali,
2991 588 3141 644 sedis
3197 589 3521 658 apostolicae
3578 590 3635 646 in

1936 675 2117 732 Gallia
2156 675 2362 747 legato,
2395 682 2539 743 tum,
2574 675 2680 731 hoc
2707 684 2789 732 est
2836 676 3033 732 eodem
3066 691 3218 733 anno
3256 677 3314 732 in
3346 687 3634 736 conventu

1937 762 2201 819 Remensi
2251 777 2318 819 ac
2366 762 2539 833 paulo
2584 771 2708 834 post
2755 777 2789 819 a
2828 779 3053 821 summo
3102 765 3367 823 Ecclesiae
3414 765 3634 823 hierar-

1934 854 2044 910 cha
2099 852 2430 908 Innocentio
2498 852 2549 907 II
2612 852 2971 921 conﬁrmato,
3027 869 3254 922 nonnae,
3309 869 3400 910 an.
3475 858 3630 922 H28,

1938 940 2096 1010 apud
2134 939 2719 997 Grandelani—villam
2754 942 2884 997 vitze
2917 942 3213 998 residuum
3262 951 3635 999 transactum:

1938 1028 2304 1101 ablegantur.

2186 1117 2448 1172 Ludovici
2481 1119 2555 1173 VI
2583 1119 2916 1173 Francorum
2943 1120 3088 1185 regis
3119 1118 3380 1188 diploma.

2016 1227 2037 1255 ι
2100 1205 2167 1261 In
2248 1205 2481 1262 nomine
2560 1215 2770 1263 sanctae
2841 1213 2896 1263 et
2950 1206 3264 1264 individuze
3323 1208 3632 1265 Trinitatis.

1941 1293 2145 1349 Amen.
2196 1294 2317 1365 Ego
2358 1294 2704 1363 Ludovicus,
2759 1294 2852 1351 Dei
2897 1295 3286 1352 misericordia
3338 1296 3395 1352 in
3442 1311 3635 1369 regem

1946 1383 2297 1438 Francorum
2365 1383 2731 1441 sublimatus.
2791 1383 3002 1440 Notum
3051 1383 3171 1440 ﬁeri
3224 1384 3354 1440 volo
3413 1384 3638 1441 cunctis

1942 1470 2220 1539 ﬁdelibus,
2276 1477 2392 1527 tam
2445 1472 2659 1529 futuris
2705 1487 2886 1543 quam
2935 1472 3304 1540 instantibus,
3369 1473 3524 1544 quod
3578 1472 3637 1528 in

1940 1566 2229 1615 conventu
2277 1575 2449 1630 quem
2502 1560 2684 1618 fidelis
2731 1570 2926 1618 noster
2977 1562 3295 1619 Bainaldus
3348 1561 3639 1618 secundus

1943 1648 2285 1705 venerabilis
2324 1650 2631 1707 Remorum
2673 1651 3154 1722 archiepiscopus,
3194 1651 3474 1708 Attrebati
3504 1666 3635 1706 cum

1945 1735 2233 1794 universis
2293 1737 2678 1810 suffraganeis
2730 1740 2851 1797 suis
2899 1739 3194 1810 episcopis,
3242 1747 3296 1796 et
3332 1739 3641 1796 abbatibus

122 1821 317 1890 ﬁniat,
376 1822 454 1879 ita
510 1800 728 1880 tamenv
760 1832 825 1881 ut
880 1825 1079 1881 eadem
1127 1800 1430 1893 abbatissa,
1490 1824 1829 1895 priusquam
1864 1800 1904 1854 Β
1945 1839 2000 1881 v1
2034 1826 2172 1882 Idus
2201 1826 2331 1883 Maii
2365 1800 2572 1895 tendit,
2608 1828 2707 1884 ubi
2736 1835 2791 1885 ct
2821 1800 3265 1898 nos-praes-entes
3298 1828 3636 1896 aderamus;

119 1910 411 1967 discussio
465 1911 585 1979 ﬁat,
637 1911 905 1984 regimini
971 1927 1097 1982 suo,
1146 1914 1295 1970 sicut
1375 1912 1524 1969 sacri
1585 1925 1832 1967 canones

122 1999 498 2070 praecipiunt,
529 2001 886 2068 restituatur,
920 2024 941 2051 ι
974 2009 1084 2058 etc.

204 2080 549 2145 Bainsendis
605 2089 899 2146 abbatissa
947 2098 1200 2161 tempore
1253 2089 1521 2147 Guadrici
1582 2088 1833 2160 episcopi

121 2177 557 2246 Laudunensis,
608 2178 716 2235 hoc
752 2186 837 2235 est
866 2193 1020 2235 anno
1068 2182 1203 2234 1112
1235 2179 1305 2235 de
1353 2193 1474 2250 qua
1503 2176 1828 2243 Guibertus,

120 2265 233 2322 lib.
271 2280 331 2321 ιιι
363 2266 443 2322 De
489 2266 621 2325 Vita
650 2282 777 2335 sua,
808 2281 931 2339 cap.
972 2270 1072 2323 14:
1119 2290 1140 2317 ‹
1177 2267 1614 2325 Solertissimam
1663 2264 1831 2322 femi-

119 2367 345 2410 narum
398 2354 747 2412 abbatissam
792 2355 982 2413 Sancti
1026 2356 1283 2424 Joannis,
1330 2371 1538 2427 genere
1586 2354 1832 2411 clarissi-

117 2456 308 2511 mam,
377 2443 628 2501 ecclesize
698 2445 1125 2515 provectricem,
1188 2445 1420 2502 nomine
1471 2444 1828 2511 Rainseudis,

117 2531 575 2589 Laudunensem
609 2532 940 2606 indigenam
973 2549 1116 2590 suus
1146 2530 1349 2591 servus
1371 2534 1605 2604 occidit;
1642 2532 1833 2605 quod-

119 2635 247 2691 que
269 2634 435 2690 passa
455 2628 558 2689 est,
586 2636 686 2691 pro
718 2622 983 2678 Ecclesiae
1014 2622 1124 2679 ﬁde
1149 2622 1556 2680 consustinuit.
1592 2643 1613 2671 ι

202 2708 397 2765 Adelis
453 2724 607 2766 anno
674 2710 901 2767 circiter
978 2714 1135 2767 1113.
1198 2711 1388 2782 Hujus
1444 2708 1835 2770 commeminit

120 2797 569 2855 Chartularium
618 2800 951 2856 monasterii
1017 2800 1208 2857 Sancti
1266 2799 1600 2857 Theodorici
1656 2812 1834 2869 prope

120 2888 358 2955 Remos,
435 2886 492 2943 iu
545 2888 905 2945 concessione
961 2888 1240 2945 nimirum
1308 2888 1614 2959 cujusdam
1668 2896 1833 2944 terra:

121 2990 238 3032 suo
268 2984 321 3031 et
351 2976 584 3046 capituli
613 2977 845 3033 nomine
872 2978 1106 3048 praefato
1133 2977 1390 3034 coenobio
1416 2978 1581 3033 facta.

1942 1910 2057 1980 ipse
2136 1918 2192 1967 et
2270 1912 2724 1969 Bartholomzeus
2804 1913 3172 1969 venerandus
3239 1911 3640 1968 Laudunensis

1939 1999 2241 2070 episcopus
2291 2001 2585 2058 humiliter
2633 2016 2739 2057 nos
2793 2008 3210 2068 convenerunt,
3266 2015 3400 2057 cum
3455 2001 3641 2057 multa

1940 2101 2177 2157 precum
2262 2089 2538 2146 instantia
2613 2089 2968 2160 postulantes
3045 2097 3110 2147 ut
3197 2089 3637 2146 Laudunensem

1942 2176 2120 2233 beatae
2166 2177 2380 2245 Mariae,
2413 2185 2469 2234 et
2517 2178 2663 2235 beati
2712 2179 2946 2235 Joannis
2986 2178 3319 2247 Ecclesiam,
3367 2193 3499 2249 quas
3543 2194 3638 2234 re—

1941 2265 2085 2336 galis
2132 2266 2365 2322 abbatia
2405 2274 2508 2334 est,
2548 2266 2687 2337 quia
2721 2266 3207 2334 sanctimoniales,
3259 2282 3391 2338 quae
3443 2266 3518 2322 ibi
3563 2266 3637 2322 ab

1939 2354 2180 2425 antiquo
2230 2354 2478 2421 fuerant,
2529 2354 2702 2411 nimis
2732 2355 2967 2426 indigne
3003 2364 3057 2412 et
3093 2356 3402 2412 enormiter
3438 2369 3497 2411 se
3528 2355 3638 2411 ha-

1941 2442 2170 2512 bebant,
2205 2444 2277 2499 ad
2316 2443 2606 2500 meliorem
2656 2444 2952 2515 religionis
2980 2451 3195 2500 statum
3226 2443 3380 2512 duci,
3416 2451 3473 2499 et
3509 2458 3636 2498 mo—

1939 2532 2154 2588 nachos
2194 2532 2405 2589 ibidem
2450 2532 2723 2589 substitui
2761 2533 3235 2602 concederemus;
3289 2545 3467 2602 quam
3514 2545 3639 2601 pro-

1940 2618 2080 2676 fecto
2132 2621 2462 2689 petitionem
2501 2621 2902 2678 rationabilem
2939 2628 2994 2677 et
3040 2621 3238 2677 utilem
3278 2634 3636 2691 cognoscen-

1942 2713 2041 2774 tes,
2080 2707 2361 2763 voluntati
2390 2722 2612 2775 eorum,
2660 2716 2717 2765 et
2760 2708 2997 2765 consilio
3026 2722 3324 2764 assensum
3352 2706 3635 2773 dedimus,

1940 2798 1994 2848 et
2042 2791 2099 2846 in
2133 2792 2404 2861 praedicta
2446 2794 2695 2850 Ecclesia
2738 2793 3005 2850 abbatem
3051 2800 3106 2850 et
3146 2793 3458 2850 monachos
3495 2792 3637 2847 sub—

1941 2886 2101 2943 stitui
2129 2895 2184 2943 et
2227 2886 2427 2944 haberi
2477 2887 2535 2942 in
2569 2896 2932 2958 perpetuum,
2968 2887 3125 2943 salvo
3161 2887 3236 2943 ibi
3280 2887 3339 2942 in
3369 2887 3639 2943 omnibus

1935 2974 2069 3045 jure
2102 2974 2279 3046 regio,
2311 2981 2365 3031 et
2413 2974 2707 3030 Adelaidis
2746 2974 2960 3045 reginae
2994 2972 3191 3029 uxoris
3222 2982 3431 3029 nostrae
3472 2974 3638 3029 dota-

202 3064 437 3121 Adelais
488 3066 711 3137 regina,
761 3065 1040 3122 Ludovici
1072 3066 1147 3124 VI
1187 3080 1357 3135 uxor,
1404 3080 1520 3122 non
1562 3063 1832 3136 equidem
1863 3101 1903 3155 Ο
1942 3062 2081 3130 litio,
2140 3062 2383 3133 benigne
2433 3063 2663 3133 quidem
2719 3063 3127 3129 concessimus,
3181 3063 3259 3118 ita
3305 3063 3352 3118 si
3402 3062 3635 3134 quidem

120 3154 440 3211 abbatissa:
474 3154 660 3223 titulo,
692 3156 790 3211 sed
826 3155 1046 3212 uxoriae
1071 3155 1218 3212 dotis
1231 3156 1364 3227 jure
1396 3155 1686 3212 abbatiam
1713 3168 1832 3224 pos-

119 3242 298 3301 sedit.
390 3243 550 3308 Quod
623 3243 856 3299 nefandi
920 3243 1244 3300 commercii
1300 3258 1484 3315 genus
1552 3243 1658 3298 hac
1712 3243 1832 3313 ipsa

119 3339 299 3389 aetate
355 3332 414 3387 in
474 3345 632 3388 more
704 3332 955 3402 positum
1006 3339 1148 3400 erat,
1203 3339 1267 3388 ut
1337 3331 1522 3388 dotem
1581 3344 1831 3387 uxorum

121 3436 297 3494 reges
353 3420 411 3477 in
459 3421 821 3477 monasteriis
872 3420 1231 3477 collocarent.
1286 3420 1442 3477 Patet
1495 3419 1551 3475 id
1607 3419 1832 3490 potissi-

123 3520 296 3564 mum
340 3519 415 3562 ex
461 3513 752 3562 conventu
795 3505 911 3573 illo,
953 3505 1024 3562 de
1074 3519 1192 3576 quo
1235 3504 1406 3572 infra,
1448 3504 1831 3562 Attrcbatensi

123 3594 523 3652 celeberrimo.

212 3684 505 3739 Hactenus
547 3682 617 3738 de
665 3680 1068 3738 Laudunensis
1118 3681 1310 3738 Sancti
1351 3681 1587 3739 Joannis
1630 3696 1834 3738 mona-

126 3771 292 3830 sterii
323 3770 666 3838 abbatissis:
706 3771 921 3841 quippe
952 3770 1048 3826 illo
1079 3769 1135 3826 iu
1169 3772 1429 3828 incendio
1468 3771 1630 3829 urbis
1656 3774 1833 3844 (quod

126 3861 449 3918 Guibertus
498 3859 627 3916 libr.
680 3874 741 3915 ιιι
781 3860 860 3915 De
909 3860 1035 3916 Vita
1075 3874 1200 3928 sua,
1251 3860 1534 3931 prolixius
1577 3862 1831 3933 exhibet)

128 3949 333 4008 omnia
361 3947 723 4019 antiquitatis
753 3955 1128 4004 monumenta
1158 3948 1395 4018 periere.

208 4036 680 4107 Haudquaquam
725 4042 916 4091 tamen
945 4043 1029 4091 est
1065 4037 1444 4095 omittendum
1495 4038 1649 4109 quod
1693 4053 1834 4095 con-

131 4123 393 4196 signavit
442 4129 644 4179 auctor
689 4137 1035 4192 anonymus,
1097 4123 1193 4179 sed
1237 4123 1551 4180 canonicus
1596 4124 1835 4180 Laudu-

131 4212 335 4269 nensis
378 4212 437 4267 in
485 4211 766 4268 Chronico
808 4211 1066 4267 nondum
1105 4226 1356 4268 excuso:
1395 4217 1572 4279 Anno,
1621 4213 1833 4284 inquit,

140 4299 369 4357 Domini
448 4301 605 4367 1095,
692 4300 996 4355 Elinandus
1067 4302 1348 4370 episcopus
1419 4301 1834 4372 (Laudunens.)

1939 3151 2096 3222 quod
2142 3150 2554 3221 subjectionem
2590 3151 2765 3220 illam,
2805 3165 2982 3221 quam
3013 3159 3231 3206 caetera:
3262 3151 3507 3207 abbatize
3535 3165 3637 3206 no-

1939 3248 2088 3309 strae,
2138 3255 2270 3310 quae
2309 3239 2366 3296 in
2402 3240 2734 3311 episcopatu
2779 3238 3152 3296 Laudunensi
3204 3247 3360 3307 sunt,
3407 3238 3638 3296 Laudu-

1940 3328 2100 3385 nensi
2143 3330 2405 3399 episcopo
2437 3328 2643 3385 debent
2689 3335 2746 3385 et
2793 3329 3085 3397 exhibent,
3136 3328 3371 3385 abbatia
3419 3328 3516 3383 illa
3561 3326 3640 3382 ei-

1939 3417 2068 3473 dem
2127 3417 2392 3488 episcopo
2444 3418 2569 3474 sine
2635 3416 2831 3488 aliquo
2886 3417 3037 3489 juris
3093 3417 3236 3489 regii
3296 3415 3638 3472 detrimento

1939 3506 2141 3564 debeat
2183 3515 2239 3563 et
2281 3507 2578 3577 exhibeat;
2618 3508 2773 3578 quod
2814 3522 2886 3564 ne
2930 3507 3119 3563 valeat
3147 3506 3436 3563 oblivione
3486 3505 3636 3562 dele-

1941 3596 1989 3652 ri
2020 3595 2231 3666 scripto
2276 3596 2829 3664 commendavimus,
2874 3604 2948 3664 et,
2989 3611 3061 3653 ne
3093 3595 3268 3667 possit
3307 3609 3342 3651 a
3400 3594 3640 3666 posteris

1942 3684 2242 3753 inﬁrmari,
2290 3685 2463 3756 sigilli
2512 3686 2693 3743 nostri
2744 3686 3086 3743 auctoritate
3130 3692 3185 3742 et
3224 3683 3474 3742 nominis
3513 3684 3640 3739 cha-

1943 3781 2161 3830 ractere
2197 3774 2779 3831 subterﬁrmavimus.
2831 3774 3041 3831 Actum
3083 3773 3368 3830 Attreba‘i
3413 3772 3639 3844 publice

1941 3876 2094 3919 anno
2136 3862 2427 3918 Incarnati
2460 3862 2630 3919 Verbi
2684 3865 2840 3929 H28,
2890 3862 3055 3931 regni
3100 3860 3280 3918 nostri
3312 3876 3410 3929 xx,
3457 3869 3641 3916 astan-

1945 3951 2097 4007 tibus
2140 3950 2199 4007 iu
2238 3950 2446 4020 palatio
2493 3958 2705 4019 nostro,
2748 3965 2996 4023 quorum
3046 3950 3282 4007 nomina
3328 3950 3640 4006 substituta

1942 4047 2079 4096 sunt
2108 4046 2162 4096 et
2189 4039 2371 4111 signa.

2016 4149 2043 4177 ιι
2092 4128 2335 4199 Signum
2382 4128 2656 4185 Ludovici
2695 4127 3054 4186 Buticularii.
3096 4128 3149 4185 8.
3204 4126 3463 4198 Hugonis
3503 4141 3638 4183 con-

1942 4215 2260 4273 stabularii.
2318 4215 2372 4272 S.
2440 4216 2687 4273 Alberici
2748 4216 3071 4280 camerarii,
3137 4215 3395 4286 dapiiero
3455 4215 3635 4283 nullo,

1943 4305 2078 4361 data
2123 4318 2222 4375 per
2252 4319 2491 4361 manum
2541 4305 2785 4362 Simonis
2817 4305 3164 4362 cancellarii.
3218 4304 3462 4375 Signum
3500 4303 3640 4361 Bai—

132 4392 414 4446 ecctesiam
473 4387 661 4445 Sancti
718 4390 941 4443 Joannis
981 4391 1041 4442 in
1093 4391 1289 4456 Burgo,
1347 4390 1620 4459 quondam
1666 4391 1834 4445 abba-
1864 4403 1906 4457 ι)
1943 4393 2101 4450 naldi
2149 4393 2519 4450 Remensium
2565 4394 3002 4465 archiepiscopi.
3037 4393 3091 4450 S.
3133 4393 3343 4451 Josleni
3378 4392 3640 4450 Suessio-

136 4484 275 4534 tiam
322 4479 661 4544 moniatium,
723 4476 799 4531 ad
840 4479 1004 4532 unius
1057 4477 1354 4533 sacerdotis
1401 4478 1837 4535 administratio-

133 4583 257 4621 nem
306 4565 605 4635 reductam,
663 4565 970 4635 prebendis
1012 4566 1293 4621 duodecim
1336 4569 1644 4635 insignivit.
1704 4569 1838 4626 Haec

134 4668 241 4709 nos
269 4651 540 4723 superius
572 4652 677 4708 col.
712 4655 868 4707 1151.
897 4653 1221 4709 retulimus.

133 4741 465 4799 Monialibus
527 4741 842 4796 amandatis
888 4757 916 4795 e
970 4744 1294 4797 monasterio
1351 4743 1545 4797 Sancti
1590 4743 1831 4811 Joannis,

654 4830 906 4885 monachi
932 4830 1324 4899 subrogantur.

204 4917 353 4986 Quid
382 4932 572 4975 causae
609 4918 1093 4976 Bartholomaeum
1128 4917 1564 4975 Laudunensem
1610 4919 1833 4988 episco-

133 5022 276 5079 pum
350 5014 640 5078 quatenus
713 5021 938 5064 nonnas
1006 5007 1338 5078 expelleret,
1403 5007 1832 5078 monachosque

133 5095 440 5161 sufﬁceret,
488 5094 804 5163 induxerit,
837 5095 1260 5153 animadvertes
1286 5103 1401 5151 tam
1438 5109 1512 5152 ex
1543 5094 1830 5151 Herman-

134 5198 209 5241 no
257 5183 540 5240 monacho
579 5183 677 5240 lib.
728 5199 807 5251 ιιι,
848 5198 968 5255 cap.
1016 5187 1083 5238 22
1124 5192 1178 5242 et
1215 5187 1305 5255 23,
1358 5191 1496 5241 tunc
1534 5184 1707 5241 etiam
1755 5196 1829 5239 ex

136 5267 410 5340 subjectis
445 5270 659 5327 chartis
723 5272 997 5329 tabularii
1044 5272 1236 5329 Sancti
1291 5273 1531 5331 Joannis
1586 5272 1826 5330 Laudu-

137 5356 351 5413 nensis.
420 5359 649 5416 Etenim
710 5360 770 5416 in
840 5361 1084 5418 comitiis
1157 5362 1469 5433 provincia;
1535 5361 1827 5418 Remensis

138 5446 416 5503 Attrebati
447 5462 507 5503 γι
551 5447 687 5503 Idus
734 5449 888 5516 Maii,
922 5464 1075 5505 anno
1108 5454 1266 5519 1128,
1301 5451 1532 5521 habitis,
1584 5452 1655 5509 ab
1701 5452 1828 5510 uni-

138 5535 318 5591 versis
370 5536 737 5606 praesulibus,
790 5552 923 5608 rege
980 5538 1225 5608 volente,
1281 5540 1576 5597 decretum
1623 5549 1709 5597 est
1761 5548 1826 5597 ut

136 5624 399 5680 monachi
455 5625 781 5687 emnobium
851 5627 1042 5682 Sancti
1095 5629 1348 5696 Joannis,
1407 5629 1567 5699 prius
1631 5628 1823 5701 ejectis

1945 4484 2139 4540 nensis
2175 4482 2445 4554 episcopi.
2499 4483 2551 4540 S.
2618 4483 3017 4540 Bartholomaei
3063 4481 3463 4540 Laudunensis
3513 4482 3641 4552 epi-

1945 4571 2209 4641 spiscopi.
2245 4570 2299 4627 S.
2334 4570 2579 4627 Simonis
2605 4570 3002 4627 Noviomensis
3027 4579 3081 4627 et
3120 4569 3497 4627 Tornacensis
3521 4568 3640 4639 epi-

1943 4660 2117 4731 scopi.
2178 4661 2232 4717 S.
2289 4659 2525 4716 Joannis
2586 4659 2924 4717 Morinensis
2979 4659 3244 4729 episcopi.
3322 4659 3377 4714 S.
3444 4656 3641 4714 Garini

1943 4748 2347 4806 Ambiauensis
2375 4747 2643 4818 episcopi.
2690 4747 2743 4804 S.
2782 4746 3012 4804 Roberti
3059 4744 3478 4803 Attrehatensis
3522 4744 3640 4815 epi-

1940 4835 2113 4906 scopi.
2175 4835 2228 4891 8.
2284 4834 2666 4892 Clarembaldi
2729 4834 3171 4891 Silvanectensis
3247 4832 3515 4905 episcopi.
3582 4832 3638 4888 S.

1942 4923 2093 4980 Petri
2123 4922 2484 4980 Belvacensis
2514 4923 2787 4994 episcopi.
2824 4945 2846 4972 ι

2048 5014 2323 5067 Decretum
2348 5013 2599 5068 Matthxi
2622 5012 2950 5068 Atbanensis
2981 5011 3238 5082 episcopi,
3274 5015 3323 5064 ct
3355 5011 3419 5066 S.
3453 5010 3529 5062 Α.

2693 5102 2881 5168 legati.

2015 5210 2036 5238 ι
2088 5189 2412 5248 ΜΑττιιιευε
2453 5189 2551 5247 Dei
2595 5189 2784 5262 gratia
2820 5188 3168 5245 Albanensis
3213 5186 3534 5258 episcopus,
3583 5193 3641 5242 et

1936 5278 2257 5348 apostolicae
2301 5278 2450 5335 sedis
2489 5278 2734 5351 legatus,
2793 5276 3080 5335 universis
3131 5276 3415 5343 lidelibus,
3487 5274 3640 5330 salu-

1935 5372 2070 5421 tem.
2102 5364 2264 5433 Quod
2294 5366 2353 5423 in
2392 5375 2685 5424 conventu
2733 5365 3139 5433 Attrebatensi,
3173 5371 3373 5421 sancto
3417 5362 3637 5434 Spiritu

1930 5462 2292 5524 cooperante,
2326 5469 2359 5511 a
2392 5456 2835 5513 venerabilibus
2876 5454 3157 5511 fratribus
3206 5453 3507 5509 Rainaudo
3536 5452 3644 5509 Re-

1931 5542 2111 5598 mensi
2209 5526 2655 5614 archiepiscopo,
2748 5542 3161 5600 Bartholomaeo
3238 5539 3644 5619 Laudunensi,

1930 5629 2172 5687 Gosleuo
2247 5631 2659 5699 Suessionensi,
2737 5633 3074 5702 caeterisque
3155 5629 3311 5686 illius
3379 5628 3645 5687 dioecesis
