3930 6428
255 402 390 458 1181

1536 407 1748 464 DOMNI
1796 407 1852 462 L.
1900 406 2243 462 D'ACIIEBY
2278 405 2494 461 NOTAE.

3626 406 3764 462 1182

249 533 765 590 Hermannusloco
807 532 994 590 citato.
1043 548 1150 605 cap
1195 537 1284 591 23.
1319 535 1536 593 litteras
1580 551 1732 595 anno
1788 539 1940 606 1147,
1975 540 2018 594 Α
2055 536 2310 608 elargitis
2370 536 2723 606 quibusdam
2772 534 3070 602 reditibus,
3130 534 3422 592 excitavit.
3478 537 3765 592 Fundavit

252 623 588 695 obsignasse
619 623 875 679 indicant
904 623 1162 694 antiquae
1191 626 1559 682 membranae.

325 712 426 766 III.
484 711 741 783 Bogerus
786 718 955 767 antea
1002 711 1194 768 Sancti
1234 714 1485 771 Medardi
1531 715 1955 772 Suessionensis

256 799 411 868 prior
446 801 600 854 1133.

327 889 426 944 IV.
463 889 660 944 Bruno
690 888 762 943 ad
793 901 1013 943 annum
1046 891 1200 944 1160.

328 977 396 1034 V.
432 976 818 1047 Ingelrannus
846 991 918 1033 ex
963 977 1168 1034 abbate
1202 979 1265 1034 B.
1297 978 1488 1036 Maria}
1518 980 1586 1036 de
1611 980 1951 1052 Novigcnto.

263 1069 589 1122 1160-1161.

331 1156 428 1212 VI.
459 1155 651 1212 Simon
685 1156 783 1211 vix
805 1169 958 1211 anno
977 1155 1206 1211 evoluto
1237 1159 1402 1214 cessit
1431 1174 1460 1214 c
1489 1157 1626 1214 vita.

332 1244 454 1300 VII.
491 1244 852 1314 Radulphus,
889 1245 1214 1302 1164-1163.

333 1332 478 1388 VIII.
514 1333 899 1404 Ingelrannus
929 1335 998 1401 II,
1033 1349 1128 1390 an.
1167 1338 1487 1390 1163-1182.

332 1421 431 1476 IX.
467 1420 785 1476 Balduinus
833 1422 883 1476 II
930 1423 1182 1492 primum
1235 1424 1425 1482 Sancti
1474 1423 1726 1493 Sepulcri
1755 1425 1960 1481 Came-

262 1509 537 1577 racensis,
581 1517 705 1580 post
737 1510 926 1566 Sancti
972 1513 1208 1568 Joannis
1238 1513 1506 1569 Laudun.
1547 1527 1699 1569 anno
1744 1515 1876 1568 1189
1907 1521 1962 1569 et

266 1600 420 1665 1193,
455 1613 521 1653 ac
580 1599 813 1654 tandem
867 1599 1046 1656 abbas
1099 1601 1158 1656 B.
1208 1601 1402 1657 Mariae
1449 1600 1695 1672 Signiaci
1744 1601 1963 1657 ordinis

260 1686 640 1744 Cisterliensis
663 1688 720 1743 in
745 1687 971 1744 dicecesi
1003 1689 1285 1745 Remensi.

331 1776 403 1830 X.
436 1775 728 1843 Nicolaus,
767 1777 1095 1832 1188-1196.

332 1865 434 1921 XI.
477 1865 693 1921 Ebalus
745 1865 907 1936 prius
951 1865 1143 1922 Sancti
1193 1867 1492 1922 Theodorii
1541 1874 1748 1934 asceta,
1798 1869 1960 1921 1200-

259 1951 425 2007 1201.

336 2042 462 2097 XII.
491 2043 656 2114 Hugo
705 2043 1024 2099 monachus
1052 2042 1104 2098 8.
1150 2044 1394 2115 Remigii
1436 2043 1724 2100 Remensis
1766 2043 1823 2098 in
1855 2043 1960 2100 Pa-

265 2137 407 2186 trem
447 2146 579 2186 eum
611 2140 918 2188 assumunt
941 2132 992 2188 S.
1027 2133 1265 2188 Joannis
1295 2132 1608 2188 coenobitze.

340 2220 490 2274 XIII.
537 2221 797 2274 Renerus
840 2233 913 2275 ex
959 2221 1260 2291 praeposito
1307 2221 1498 2276 Sancti
1544 2221 1780 2277 Joannis
1811 2235 1963 2290 prae-

268 2308 459 2364 ticitur
487 2309 824 2364 1210-1214.

338 2396 490 2453 XIV.
551 2397 834 2453 Bobertus
907 2397 1244 2467 praepositus
1313 2404 1483 2454 antea
1528 2398 1583 2454 S.
1631 2397 1960 2454 Theoderici

269 2499 444 2554 prope
475 2486 699 2550 Remos,
742 2489 1072 2541 1215-1235.

339 2573 463 2628 XV.
515 2574 718 2629 Petrus
781 2574 934 2628 1240.
998 2576 1114 2630 IIoc
1163 2575 1367 2631 abbate
1415 2589 1570 2630 anno
1608 2576 1741 2630 1247
1774 2574 1832 2630 in
1869 2573 1963 2629 vi-

269 2660 406 2731 gilia
436 2660 625 2718 Sancti
664 2662 900 2718 Joannis
939 2663 1205 2732 Baptistae
1255 2663 1595 2719 translatum
1643 2671 1727 2718 est
1755 2677 1965 2732 corpus

269 2748 330 2802 B.
367 2749 675 2805 Anstrudis
720 2751 983 2822 virginis,
1027 2751 1293 2807 secunda?
1343 2751 1585 2822 hujusce
1636 2750 1962 2806 monasterii

268 2836 591 2903 abbatissae,
620 2852 654 2894 a
701 2839 954 2895 Garnero
1004 2840 1270 2896 Laudun.
1320 2841 1600 2910 episcopo,
1650 2855 1681 2896 e
1728 2839 1964 2910 capsula

269 2925 460 2997 lignea
491 2927 550 2982 in
577 2927 1005 2998 elegantiorem,
1042 2928 1096 2983 in
1129 2942 1248 2997 qua
1287 2929 1565 2985 hactenus
1610 2935 1962 2984 asservatur.

341 3014 492 3070 XVI.
521 3016 686 3085 Hugo
720 3016 789 3080 II,
830 3017 1156 3073 1240-1277.

341 3104 520 3160 XVII.
549 3104 893 3174 Stephanus,
931 3108 1086 3160 1286.

344 3192 551 3250 XVIII.
589 3194 792 3249 Petrus
822 3195 890 3260 II,
933 3196 1086 3248 1299.

342 3279 496 3336 XIX.
531 3283 839 3335 Garncrus.

344 3369 471 3424 XX.
497 3369 760 3439 ngidius
783 3369 852 3424 de
881 3369 1141 3439 Dysiaco.

345 3457 500 3512 XXI.
536 3459 735 3513 Petrus
764 3458 841 3512 III
877 3458 945 3514 de
989 3457 1344 3528 Courpalayo
1386 3457 1474 3527 (de
1499 3458 1863 3528 Courpalais),
1896 3471 1970 3513 ex

275 3547 552 3602 monacho
575 3545 766 3602 Sancti
789 3547 1017 3602 Martini
1049 3546 1383 3602 Parisiensis
1403 3548 1579 3603 abbas
1599 3547 1786 3603 Sancti
1811 3548 1974 3604 Joan-

275 3635 366 3690 nis
393 3627 814 3702 Laudunensis,
859 3636 1220 3705 postmodum
1269 3635 1460 3692 Sancti
1511 3636 1778 3692 Germani
1829 3637 1971 3692 Pra-

276 3723 450 3778 tensis
497 3722 651 3778 I303.
703 3722 854 3779 Obiit
902 3722 1058 3777 1334.
1113 3725 1342 3779 Petrum
1378 3722 1578 3779 Iaudes
1602 3727 1974 3796 prosequitur

275 3819 467 3867 noster
489 3811 738 3866 Iacobus
779 3811 859 3867 du
888 3811 1079 3868 Breuil
1115 3812 1171 3866 in
1213 3812 1496 3869 Chronico
1536 3814 1792 3870 nondum
1822 3815 1972 3870 edito

277 3899 464 3955 Sancti
521 3899 789 3954 Germani
836 3913 871 3954 a
931 3899 1151 3954 Pratis:
1203 3922 1222 3948 ι
1281 3900 1484 3954 Petrus
1526 3900 1594 3956 de
1640 3901 1967 3971 Corpoleyo,

279 3989 486 4060 inquit,
539 3989 716 4044 abbas
748 3988 926 4058 hujus
974 3989 1301 4044 monasterii
1345 3989 1531 4045 locum
1570 3990 1882 4060 sepultura)
1914 3991 1972 4046 in

277 4081 449 4135 choro
482 4078 678 4148 templi
704 4092 880 4148 prope
930 4078 1261 4135 Morardum
1310 4079 1575 4134 abbatem
1609 4079 1830 4134 habuit.
1863 4079 1971 4145 Qui

278 4169 437 4224 vario
483 4168 668 4236 lapide
714 4167 971 4223 obtectus
995 4167 1274 4236 plurimas
1311 4169 1438 4238 ejus
1479 4168 1648 4224 laude
1694 4177 1969 4239 recenset,

280 4255 511 4321 scilicet,
562 4254 719 4324 quod
762 4253 933 4310 fuerit
963 4255 1199 4310 consilio
1241 4263 1451 4322 certus,
1506 4255 1662 4311 omni
1723 4255 1972 4312 bonitate

281 4344 544 4411 refertus,
601 4343 948 4412 pauperibus
1011 4342 1230 4414 largus,
1303 4344 1755 4413 circumspectus
1816 4345 1973 4402 velut

2063 634 2119 682 et
2149 625 2290 681 inibi
2339 625 2805 681 anniversarium
2845 625 2936 679 sui
2985 625 3176 680 obitus
3223 624 3390 679 diem.
3431 625 3768 680 Denascitur

2067 715 2303 772 Viennae
2317 713 2620 772 Ciaconius
2653 713 2945 770 Avenione
2983 714 3134 780 I311,
3167 728 3359 770 mense
3384 713 3676 769 Deccmbri
3708 713 3765 768 in

2064 803 2303 860 ecclesia
2343 803 2532 859 Sancti
2579 801 2816 858 Joannis
2859 816 3178 858 marmoreo
3228 801 3450 858 tumulo
3482 802 3758 871 sepultus,

2066 892 2159 948 cui
2187 891 2472 960 sculptum
2497 898 2581 946 est
2609 891 2952 960 ejuscemodi
2983 890 3359 960 epitaphium.

2209 983 2282 1034 De
2311 966 2648 1036 Suisi'natus
2677 980 2986 1048 Stephanus
3024 981 3161 1033 iacet
3193 981 3294 1033 huc
3321 980 3617 1033 tumulatus
3643 995 3657 1032 :

2211 1071 2316 1139 Qui
2341 1084 2397 1123 se
2423 1071 2586 1138 gessit
2617 1071 2698 1122 ita
2728 1069 2972 1135 vivendo,
3006 1068 3152 1138 quod
3179 1068 3499 1122 architwita

2211 1159 2502 1225 Burgensis
2528 1157 2764 1227 pridem,
2805 1172 2934 1210 mox
2953 1157 3312 1210 cancellarius
3342 1155 3484 1208 idem

2209 1247 2370 1300 Αυιω
2399 1246 2600 1313 regalis
2621 1247 2767 1309 fuit;
2788 1246 2984 1298 eL-hinc
3016 1244 3420 1311 carquedi'nalis

2213 1350 2248 1387 ii
2270 1335 2428 1389 semet
2457 1340 2507 1387 et
2539 1348 2568 1388 c
2596 1339 2677 1389 ter
2697 1348 2734 1389 v
2767 1333 2849 1387 bis
2875 1332 3037 1388 semel
3065 1347 3104 1400 ι,
3133 1347 3254 1385 nece
3281 1335 3412 1384 teter

2212 1427 2408 1478 Factus
2437 1421 2667 1478 decessit
2697 1422 2998 1491 Decembri,
3022 1423 3110 1475 cui
3138 1425 3348 1490 requies
3379 1421 3470 1473 sit.

2141 1512 2326 1567 XXIII.
2382 1511 2646 1582 IEgidius
2697 1510 2766 1566 de
2830 1511 3021 1565 PIatea
3081 1508 3396 1564 1333-]353
3463 1507 3556 1563 hic
3615 1520 3766 1562 anno

2073 1602 2227 1667 1342,
2262 1601 2480 1657 reditus
2511 1599 2815 1656 nonnullos
2869 1599 3056 1670 gratia
3105 1598 3422 1654 festivitatis
3456 1597 3509 1653 S.
3541 1596 3767 1652 Flocelli

2070 1691 2232 1760 pueri
2262 1689 2530 1758 martyris
2559 1688 3094 1760 Augustodunudie
3146 1691 3208 1741 17
3243 1685 3586 1757 Septembris
3622 1685 3767 1740 cele-

2074 1779 2309 1835 brandae
2339 1777 2619 1834 attribuit.

2145 1867 2331 1924 XXIV.
2379 1866 2667 1923 Gerardus
2722 1880 2824 1936 per
2877 1865 3292 1922 abdicationem
3349 1862 3560 1935 .Egidii
3608 1865 3762 1918 1353.

2139 1956 2291 2012 XXV.
2346 1954 2612 2010 Joannes.
2666 1955 2733 2010 In
2781 1955 2980 2010 charta
3037 1955 3205 2024 Hugo
3253 1952 3508 2022 proxime
3562 1952 3768 2007 subse-

2071 2059 2256 2115 quens
2283 2043 2495 2112 abbas;
2523 2043 2760 2098 Joannis
2783 2049 2839 2098 et
2867 2042 3104 2098 Gerardi
3135 2043 3497 2097 decessorum
3528 2054 3765 2095 suorum

2071 2132 2362 2198 meminit;
2421 2132 2740 2187 obtestatur
2807 2129 3069 2186 videlicet
3125 2128 3317 2184 ﬁdeles
3369 2135 3658 2198 quatenus
3695 2125 3766 2180 ad

2072 2222 2253 2276 Deum
2287 2234 2475 2289 preces
2509 2233 2610 2289 pro
2643 2219 2952 2274 animabus
2982 2232 3182 2274 eorum
3222 2216 3504 2272 emittant.

2142 2309 2317 2363 XXVI.
2351 2309 2517 2379 Hugo
2565 2309 2643 2364 III
2699 2309 2768 2364 de
2825 2307 3170 2364 Castillione.
3226 2307 3555 2370 1385-1103,
3589 2303 3768 2358 abbas

2071 2405 2370 2467 cooptatur
2403 2395 2670 2452 Belliloci.
2724 2396 3001 2452 Andraeas
3057 2395 3138 2451 du
3187 2394 3407 2451 Chcsne
3437 2393 3578 2448 Ilist.
3608 2391 3767 2462 ejus-

2071 2487 2199 2542 dem
2224 2486 2472 2553 Iamilize,
2514 2499 2644 2556 pag.
2671 2485 2793 2539 559.

2142 2575 2348 2631 XXVII.
2383 2574 2726 2640 Chatardus,
2763 2572 2918 2628 1407.

2142 2663 2380 2721 XXVIII.
2407 2664 2654 2718 Joannes
2700 2659 3028 2731 Jacqninot,
3074 2658 3248 2730 vulgo
3282 2661 3356 2714 La
3389 2656 3629 2714 Codasse
3662 2670 3766 2712 vo—

2072 2752 2300 2819 citatus,
2338 2751 2660 2807 1436-1456.

2138 2841 2314 2896 XXIX
2393 2841 2639 2896 Iacobus
2713 2839 2896 2907 Botin,
2963 2838 3296 2894 1461-1463.
3370 2835 3540 2899 Eum,
3599 2833 3768 2889 abdi-

2073 2937 2201 2984 cata
2242 2929 2492 2996 abbatia,
2533 2928 2666 2984 Pius
2709 2929 2760 2982 II
2808 2926 3061 2997 pontifex
3099 2925 3391 2982 maximus
3437 2923 3768 2994 episcopum

2075 3016 2569 3086 Hierapolitanum
2601 3016 2936 3085 inaugurat.

1996 3132 2036 3187 ο
2145 3106 2292 3160 XXX.
2351 3104 2636 3160 Antonius
2685 3103 2922 3173 Crespin
2974 3102 3227 3172 primum
3270 3100 3566 3171 episcopus
3615 3097 3770 3152 Lau-

2076 3193 2369 3259 dunensis,
2429 3199 2546 3248 tum
2620 3191 3085 3261 archiepiscopus
3153 3187 3542 3246 Narbonensis
3612 3189 3765 3248 1460,

2075 3297 2144 3338 ex
2178 3281 2483 3338 traditione
2512 3281 2703 3337 Jacobi
2738 3281 2811 3336 ab
2853 3280 3051 3336 eodem
3094 3292 3320 3334 summo
3370 3277 3631 3348 pontiﬁce
3674 3276 3770 3330 ab-

2078 3370 2290 3426 batiam
2322 3369 2536 3426 obtinet
2570 3370 2625 3425 in
2655 3369 3048 3424 commendam
3073 3382 3223 3422 anno
3257 3367 3412 3420 1461.

2149 3459 2320 3515 XXXI.
2367 3460 2613 3514 Joannes
2663 3457 2911 3513 Aubinet
2953 3471 3026 3512 ex
3086 3455 3302 3526 gremio
3356 3453 3768 3510 monachorum

2077 3547 2312 3618 eligitur
2343 3547 2400 3601 in
2430 3546 2716 3602 abbatem.
2744 3546 2970 3602 Primus
3001 3545 3277 3600 abbatum
3305 3542 3492 3598 Sancti
3512 3539 3768 3606 Joannis,

2081 3636 2328 3706 insignia
2386 3634 2734 3705 pontiﬁcalia
2789 3648 2823 3690 a
2870 3634 3028 3690 Sixto
3083 3646 3230 3704 papa
3286 3633 3363 3689 IV
3418 3637 3502 3687 est
3531 3630 3774 3699 adeptus

2081 3740 2230 3782 anno
2259 3725 2414 3779 I482.
2450 3724 2622 3780 Desiit
2652 3738 2844 3780 mense
2876 3722 3191 3792 Septembri
3217 3721 3377 3776 1491.

2149 3816 2355 3870 XXXII.
2392 3816 2630 3872 Carolus
2659 3815 2728 3871 de
2761 3814 3188 3885 Luxemburgo.
3223 3815 3391 3869 Hunc
3420 3819 3771 3882 postremum

2079 3905 2278 3960 sortito
2308 3919 2379 3959 ex
2410 3903 2688 3974 episcopis
2709 3903 3193 3959 Landunensibus
3222 3902 3539 3971 capitulum
3570 3899 3774 3968 accipit

2080 4008 2234 4050 anno
2270 3995 2434 4063 I472;
2488 4001 2614 4063 post
2660 3993 2894 4048 Joannis
2935 3991 3184 4048 Aubinet
3232 3991 3436 4047 funera
3491 3990 3551 4045 Iit
3595 3989 3775 4044 abbas

2078 4082 2620 4139 commendatarius.
2642 4082 2882 4137 Moritur
2906 4084 3060 4136 I509.

2150 4171 2387 4227 XXXIII.
2443 4172 2691 4227 Joannes
2763 4171 3008 4240 Moynet,
3079 4169 3234 4226 1510.
3292 4167 3538 4226 Ultimus
3597 4166 3774 4222 abbas

2079 4261 2429 4316 monasticen
2460 4260 2744 4330 professus
2772 4260 3109 4331 defungitur
3138 4259 3297 4314 1520.

2553 4349 2792 4404 Abbates
2829 4348 3294 4403 commendatarii.

281 4432 500 4502 Argus;
562 4445 736 4500 quem
789 4430 976 4486 clerus
1009 4431 1272 4499 charum,
1327 4445 1450 4500 rex,
1505 4432 1680 4502 plebs,
1745 4433 1965 4501 habuit,
2001 4431 2044 4484 Ι)
2151 4437 2392 4494 XXXIV.
2423 4438 2728 4494 Matthzeus
2760 4438 3060 4506 I’Evesque
3089 4437 3276 4493 dictus
3304 4436 3372 4492 de
3403 4435 3771 4503 Marconnay,

281 4519 698 4590 monarchique
760 4519 818 4574 in
883 4519 1052 4576 vultu
1102 4522 1345 4588 clarum,
1396 4520 1675 4589 sobrium,
1741 4536 1974 4591 corpore

281 4609 586 4665 mundum.
615 4609 832 4665 Caetera
859 4615 1139 4665 vetustate
1178 4608 1498 4680 attrituque
1542 4610 1752 4680 pedum
1791 4611 1974 4666 deleta

280 4698 388 4767 legi
431 4705 748 4768 nequeunt.
801 4699 864 4753 In
915 4699 1024 4754 Iine
1072 4705 1259 4754 tamen
1306 4699 1657 4768 praescriptio
1705 4700 1975 4769 temporis

278 4788 546 4856 praeclare
574 4794 832 4858 apparet,
883 4787 965 4842 sic
995 4801 1008 4843 :
1042 4788 1242 4843 Traxit
1273 4788 1483 4858 Aprilis
1511 4803 1644 4844 eum
1671 4795 1756 4844 ter
1783 4789 1975 4845 Nonas

273 4889 314 4928 Μ
346 4890 377 4930 c
419 4883 520 4942 ter,
552 4889 588 4930 χ
618 4883 722 4942 ter,
755 4889 772 4930 ι
803 4882 1028 4945 quater.
1060 4897 1080 4924 ι
1115 4875 1284 4931 Nunc
1309 4890 1443 4932 vero
1478 4876 1623 4946 lapis
1653 4877 1748 4932 ille
1775 4880 1972 4948 sepul-

274 4962 446 5018 cralis
474 4963 678 5019 visitur
708 4971 841 5018 ante
864 4964 1056 5034 majus
1077 4964 1257 5020 altare
1287 4964 1398 5020 sub
1427 4964 1717 5020 cancellis.

343 5051 528 5107 XXII.
565 5053 768 5107 Petrus
813 5051 889 5108 IV
919 5052 985 5104 de
1017 5053 1162 5121 Hoy.
1211 5051 1310 5108 His
1341 5054 1694 5123 temporibus
1735 5054 1970 5124 Stepha-

273 5154 384 5195 nus
425 5140 495 5196 de
543 5139 835 5209 Suisyaco,
885 5140 1099 5211 (Suisy)
1149 5141 1290 5197 villa
1333 5141 1392 5197 in
1439 5156 1578 5212 agro
1608 5143 1971 5200 Laudunensi

272 5231 420 5296 (qua:
477 5227 810 5285 monasterii
870 5227 1057 5285 Sancti
1095 5229 1330 5286 Joannis
1380 5230 1502 5301 juri
1554 5233 1828 5302 subjacet)
1877 5247 1970 5288 ar-

271 5316 644 5372 chidiaconus
689 5317 1000 5387 Burgensis
1041 5317 1177 5386 sive,
1225 5325 1290 5373 ut
1329 5318 1444 5386 alii,
1492 5319 1804 5390 Brugensis
1834 5320 1968 5391 (non

273 5404 608 5473 Biturensis,
641 5412 704 5461 ut
725 5405 898 5460 habet
927 5405 1272 5474 Ciaconius),
1313 5406 1520 5463 deinde
1564 5409 1818 5464 Franciae
1845 5423 1972 5464 can-

273 5492 556 5563 cellarius,
588 5507 654 5548 ac
683 5493 917 5549 demum
949 5493 1006 5549 S.
1043 5495 1107 5550 R.
1141 5495 1204 5550 Ε.
1237 5495 1548 5550 cardinalis
1589 5495 1737 5552 tituli
1779 5497 1966 5553 Sancti

273 5580 492 5650 Cyriaci
541 5581 600 5636 in
646 5581 940 5638 Thermis:
992 5595 1144 5637 anno
1209 5583 1433 5638 circiter
1500 5587 1636 5638 1310
1694 5585 1967 5641 sacellum

276 5669 452 5724 beata:
508 5669 766 5741 Virginis
813 5677 868 5725 et
932 5669 1120 5726 Sancti
1178 5670 1451 5741 Stephani
1509 5673 1964 5743 protomartyris,

2083 4527 2314 4583 natione
2361 4526 2723 4593 Pictavensis,
2774 4526 3073 4595 episcopus
3110 4525 3295 4595 Trojte
3333 4537 3584 4594 magnae;
3643 4536 3774 4590 pos-

2082 4615 2387 4670 sessionem
2420 4614 2546 4670 iniit
2582 4618 2755 4681 1120',
2785 4615 2966 4671 abbas
2993 4614 3164 4669 simul
3202 4614 3257 4669 S.
3297 4611 3511 4669 Nicolai
3555 4609 3777 4666 Bibodi-

2084 4703 2413 4770 montensis,
2441 4711 2496 4759 et
2534 4704 2587 4759 S.
2626 4703 2914 4759 Michaelis
2946 4703 3001 4757 in
3031 4703 3367 4758 Therascea.

2151 4791 2341 4845 XXXV.
2368 4792 2614 4848 Joannes
2640 4805 2674 4846 a
2714 4791 3104 4862 Lotharingia,
3153 4790 3350 4846 Renati
3393 4785 3776 4856 Lotharingize

2080 4875 2244 4932 ducis
2273 4885 2328 4934 et
2349 4878 2627 4949 Philippa:
2673 4879 2957 4935 Gueldrize
3005 4877 3177 4944 ﬁlius,
3227 4876 3634 4947 possessionem
3679 4886 3778 4944 per

2080 4964 2476 5022 Valerannum
2506 4967 2576 5023 de
2599 4967 2654 5024 Ia
2688 4968 2844 5037 Haye
2882 4967 3222 5022 canonicum
3253 4979 3319 5021 ac
3350 4965 3774 5020 thesaurarium

2081 5053 2346 5110 Laudun.
2379 5056 2496 5111 Hac
2529 5055 2585 5110 in
2628 5070 2688 5111 re
2736 5056 2892 5113 illius
2932 5062 3384 5126 procuratorem,
3427 5053 3668 5123 adeptus
3693 5059 3778 5108 est

2078 5155 2232 5197 anno
2266 5145 2399 5197 1533
2430 5143 2500 5198 ad
2534 5144 2691 5198 1535.

2148 5231 2386 5288 XXXVI.
2427 5234 2627 5288 Petrus
2665 5232 2935 5288 Cauchon
2993 5246 3095 5288 seu
3147 5231 3216 5287 de
3272 5232 3506 5301 Maupas
3539 5228 3674 5284 1535
3725 5235 3780 5285 et

2079 5333 2232 5374 anno
2264 5324 2397 5376 1566
2421 5321 2708 5378 abbatiam
2741 5321 2980 5378 Claudio
3011 5335 3285 5393 germano
3317 5320 3508 5376 tradit.

2147 5410 2401 5465 XXXVII.
2451 5410 2727 5467 Claudius
2793 5410 3085 5476 Cauchon,
3151 5410 3300 5466 Petri
3348 5411 3542 5477 frater,
3604 5407 3776 5464 simul

2076 5497 2257 5553 abbas
2303 5499 2356 5553 S.
2420 5498 2670 5568 Dionysii
2723 5499 3016 5554 Remensis
3067 5498 3227 5554 1566.
3283 5498 3582 5554 Claudioe
3629 5496 3778 5551 vivis

2077 5586 2324 5653 sublato,
2346 5587 2644 5643 Matthmus
2673 5587 2829 5643 Brice
2860 5601 3192 5643 mconomus
3218 5587 3555 5643 instituitur.

2144 5675 2434 5732 XXXVIII.
2502 5674 2828 5747 Stephanus
2899 5675 3072 5731 Penet
3133 5675 3426 5747 presbyter
3475 5673 3776 5744 religiosus
