3930 6434
169 391 299 447 1183

1213 396 1303 450 AD
1341 397 1494 451 OPP.
1538 397 1690 452 VEN.
1732 398 2069 455 GUIBERTI
2112 396 2202 453 DE
2243 396 2637 453 NOVIGENTO

3531 400 3676 451 H84

164 525 287 580 1601
316 538 333 594 ;
366 523 671 580 Mattheus
697 530 891 582 tamen
915 539 1245 583 (economus
1273 540 1388 582 non
1416 526 1629 584 destitit
1656 541 1857 584 curam
1888 530 1932 584 Α
1968 542 2041 584 ex
2065 526 2285 584 consilii
2331 524 2508 582 nostri
2565 524 2791 581 decreto
2842 525 2900 579 in
2950 524 3102 581 hanc
3132 524 3473 582 sententiam
3506 526 3678 583 decli-

158 627 354 685 gerere
379 613 730 669 monasterii.

228 702 454 757 XXXIX.
508 703 756 758 Joannes
810 704 1027 761 Aubert
1085 704 1281 761 doctor
1338 705 1639 777 theologus
1695 709 1850 775 1608,

159 791 467 847 defunctus
497 791 731 848 Parisiis
770 806 924 849 anno
958 795 1112 861 I626,
1140 792 1198 849 in
1228 793 1465 851 ecclesia
1494 794 1686 852 Sancti
1707 796 1854 852 Lan-

160 879 338 935 derici
369 880 691 937 funeratur.

229 968 342 1022 XL.
374 968 602 1024 Gabriel
631 969 1035 1040 Albaspinteus
1062 972 1511 1030 Aurelianorum
1536 974 1853 1045 episcopus,

162 1057 263 1127 qui
294 1057 520 1128 generis
544 1057 946 1115 claritudinem
978 1060 1175 1117 infulis
1220 1062 1575 1131 sublimavit,
1611 1079 1859 1121 exorna-

160 1148 243 1202 vit
295 1145 614 1202 infularum
680 1146 1019 1217 dignitatem
1074 1164 1373 1207 sacrorum
1432 1165 1744 1221 canonum,
1805 1160 1860 1209 ct

161 1236 503 1305 antiquioris
534 1235 833 1307 theologiae
878 1238 1099 1306 studiis,
1132 1239 1475 1311 scriptisque
1529 1241 1854 1297 illustravit.

162 1324 467 1380 Abbatiam
527 1324 581 1380 8.
625 1326 860 1381 Joannis
915 1336 1258 1385 consecutus
1298 1338 1381 1386 est
1430 1330 1656 1387 circiter
1699 1332 1856 1401 1627,

160 1418 215 1467 et
245 1425 397 1466 anno
426 1413 580 1478 I629,
611 1412 852 1469 exuitur
881 1416 1244 1472 mortalitate.

230 1497 363 1553 XLI.
393 1495 644 1566 [Carolus
701 1499 1105 1571 Albaspinaeus
1149 1503 1425 1560 Gabrielis
1473 1505 1667 1573 frater,
1698 1520 1859 1562 mar-

162 1586 289 1641 chio
326 1586 395 1642 de
453 1586 852 1645 Chateauneuf
908 1591 1079 1661 regiis
1140 1592 1343 1662 sigillis
1397 1594 1715 1663 praefectus,
1750 1602 1856 1651 etc.

162 1676 355 1730 Abbas
385 1677 598 1745 pariter
628 1676 682 1732 S.
718 1678 888 1749 Eligii
933 1680 1350 1750 Noviomensis,
1399 1683 1468 1739 de
1522 1684 1778 1740 Pratellis
1806 1691 1862 1740 et

158 1764 322 1835 Nigri
350 1764 563 1836 Lacus;
596 1766 689 1821 vir
717 1774 802 1822 est
835 1767 1033 1823 multis
1064 1768 1302 1840 integrae
1330 1784 1397 1826 ac
1427 1778 1679 1828 strenuae
1703 1772 1854 1840 vitae,

162 1867 475 1924 rerumque
532 1855 804 1924 prmelare
883 1864 1179 1927 gestarum
1261 1858 1535 1916 laudibus
1594 1859 1856 1932 insignis.
1891 1831 1932 1886 Β

162 1941 468 2011 Egregiam
516 1942 753 1999 navavit
801 1958 1033 2013 operam
1082 1953 1144 2002 ut
1186 1946 1491 2017 collapsam
1525 1949 1583 2004 in
1613 1949 1861 2019 praefatis

162 2031 521 2087 monasteriis
582 2031 635 2087 S.
680 2032 875 2105 Eligii,
936 2035 1312 2104 Pratellensis,
1358 2037 1572 2107 regulae
1623 2038 1863 2095 Benedi-

162 2118 327 2174 ctinae
356 2119 801 2191 observantiam,
836 2129 1007 2191 prout
1035 2123 1095 2179 in
1124 2126 1564 2196 congregatione
1586 2126 1641 2182 S.
1676 2126 1862 2183 Mauri

162 2206 358 2277 vigere
386 2208 770 2279 dignoscitur,
801 2212 1141 2279 restitueret,
1173 2222 1663 2285 propagaretque;
1692 2216 1862 2287 cujus

163 2295 244 2350 rei
296 2296 482 2365 gratia
539 2296 609 2352 ad
665 2297 719 2353 S.
782 2299 1019 2355 Joannis
1074 2301 1455 2359 Laudunense
1536 2305 1862 2361 ccenobium

162 2391 426 2440 evocatos
455 2384 528 2440 ab
558 2400 624 2441 eo
664 2387 859 2444 Patres
902 2388 1301 2445 Benedictinos
1341 2391 1493 2447 illius
1539 2406 1863 2464 congrega-

166 2471 335 2527 tionis
394 2471 818 2530 illustrissimus
899 2476 1249 2533 Philibertus
1331 2479 1400 2534 de
1482 2480 1865 2538 Brichanteau

166 2559 433 2615 Laudun.
463 2562 717 2629 antistes,
751 2563 1052 2621 celebratis
1079 2566 1389 2636 pontificali
1412 2569 1529 2625 ritu
1559 2570 1864 2628 missarum

164 2648 475 2715 solemniis,
524 2650 744 2720 excepit
790 2651 1064 2709 Kalendis
1109 2654 1394 2723 Januarii,
1443 2670 1539 2712 an.
1591 2666 1864 2728 reparatae

168 2736 371 2793 salutis
406 2741 558 2793 I648.

166 2836 240 2888 De
316 2837 643 2891 monasterio
700 2837 771 2912 S._
857 2839 1098 2892 Martini
1162 2841 1565 2912 Laudunensis,
1651 2844 1862 2900 ordinis

736 2910 1294 2967 Prwmonstratensis.

237 3003 472 3060 Tabulae
504 3004 827 3062 donationis
851 3006 1101 3063 ecclesiae
1132 3008 1184 3065 S.
1210 3008 1439 3066 Martini
1465 3011 1866 3069 Laudunensis

167 3091 360 3147 ordini
437 3094 966 3151 Praemonstratensi
1044 3110 1079 3152 a
1132 3098 1554 3179 Bartholomaeo
1600 3101 1863 3172 episcopo
1894 3135 1932 3188 ρ

167 3188 326 3247 actm,
360 3181 501 3237 mihi
533 3197 904 3253 nequaquam
939 3193 1077 3241 sunt
1108 3188 1608 3256 praetermittenda:
1641 3204 1653 3244 :
1680 3189 1861 3260 siqui-

169 3269 296 3325 dem
322 3270 685 3329 Hermannus
705 3272 881 3330 libros
902 3281 1014 3330 tres
1035 3276 1113 3332 De
1134 3276 1428 3334 miraculis
1444 3277 1624 3334 beatas
1648 3279 1861 3346 Mariae,

169 3356 432 3412 Laudun.
464 3358 533 3413 de
585 3362 896 3430 composito
943 3362 1140 3430 edidit,
1194 3372 1484 3434 quatenus
1532 3367 1866 3435 praeclaram

170 3443 383 3501 virtute
410 3453 464 3501 et
492 3446 791 3504 sanctitate
833 3450 1098 3518 praesulis
1150 3451 1305 3508 illius
1337 3453 1516 3509 vitam
1556 3455 1868 3526 consigna-

170 3539 255 3589 ret
284 3534 638 3603 posteritati;
692 3535 893 3592 iisdem
944 3552 1051 3609 ego
1105 3538 1319 3608 pariter
1373 3540 1493 3610 ipse
1548 3543 1870 3599 rationibus

170 3620 430 3689 allectus,
462 3623 753 3694 quidquid
781 3624 1013 3694 praefato
1034 3627 1289 3696 pontilici
1314 3629 1673 3699 splendorem
1693 3630 1869 3687 affer-

172 3717 275 3775 ret,
300 3710 345 3765 si
386 3710 596 3767 nostris
649 3712 1149 3772 observationibus
1177 3715 1484 3774 insererem
1540 3725 1702 3776 ratus
1753 3720 1871 3777 fore

171 3812 285 3853 non
308 3797 715 3869 injucundum.

174 3897 532 3964 Privitegium
588 3898 970 3974 Barthotomzi
1035 3903 1275 3972 episcopi
1347 3903 1746 3974 Laudunensis,
1805 3905 1873 3961 de

561 3968 901 4025 ordinatione
925 3968 1114 4028 domas
1135 3975 1195 4031 S.
1210 3968 1475 4031 Martini.

250 4082 270 4110 ι
302 4062 369 4118 In
419 4064 651 4122 nomine
698 4074 910 4123 sanctae
937 4075 992 4125 et
1036 4068 1349 4127 individuae
1392 4072 1708 4129 Trinitatis.
1750 4074 1871 4145 Ego

174 4150 624 4211 Bartholomzeus
652 4155 748 4211 Dei
780 4157 970 4227 gratia
997 4165 1211 4215 sanctae
1246 4159 1645 4218 Laudunensis
1674 4162 1872 4219 Eccle-

173 4239 271 4296 siae
306 4240 563 4298 minister
591 4242 886 4315 indignus.
923 4245 1072 4312 Quia
1100 4261 1171 4303 ex
1203 4247 1446 4319 injuncti
1475 4249 1646 4306 officii
1671 4264 1872 4307 neces-

174 4328 447 4396 situdine,
515 4330 611 4387 cui
666 4339 900 4389 auctore
969 4334 1082 4390 Deo
1148 4336 1524 4406 deservimus,
1582 4339 1870 4407 Ecclesiae,

1965 616 2233 672 navimus
2276 622 2339 671 ut
2386 614 2579 670 fratris
2629 614 2914 675 Norberti,
2973 614 3077 684 qui
3140 614 3198 669 in
3244 614 3473 686 Vosagii
3522 614 3676 671 silva

1965 705 2121 776 apud
2153 706 2659 760 Praemonstratum
2682 702 2894 770 locum,
2912 716 3046 759 cum
3068 716 3283 774 magna
3312 703 3668 760 famulorum

1967 794 2063 850 Dei
2119 808 2315 858 manu,
2378 792 2488 849 sub
2560 792 2839 849 canonica
2905 792 3250 862 professione
3313 792 3668 849 eremiticam

1965 884 2146 940 vitam
2201 881 2595 949 constituerat,
2652 896 2807 937 curae
2855 888 2910 937 et
2961 880 3316 952 dispositioni
3369 881 3666 938 ecclesiam

1966 971 2122 1028 illam
2178 970 2682 1026 committeremus.
2743 969 2851 1035 Qui
2924 984 3057 1025 cum
3124 970 3392 1040 precibus
3456 969 3669 1025 nostris

1968 1058 2368 1131 acquievisset,
2422 1059 2709 1114 sancitum
2763 1066 2846 1113 est
2893 1065 2975 1121 ut,
3036 1058 3185 1114 sicut
3238 1058 3330 1115 ille
3377 1058 3536 1114 locus
3590 1058 3666 1115 ab

1965 1149 2205 1219 antiquo
2238 1147 2297 1203 in
2324 1161 2502 1203 manu
2533 1147 3014 1216 praedecessorum
3066 1154 3396 1204 nostrorum
3425 1145 3667 1203 exstite-

1967 1245 2076 1306 rat,
2111 1238 2189 1293 ita
2209 1245 2265 1293 et
2294 1251 2453 1293 nunc
2481 1236 2538 1290 in
2571 1242 2769 1291 nostra
2796 1249 3308 1307 successorumque
3334 1243 3666 1292 nostrorum

1968 1335 2280 1396 remaneat,
2311 1327 2633 1396 fratresque
2653 1324 2756 1395 qui
2773 1324 2993 1381 adeum
3014 1339 3116 1395 pro
3130 1325 3315 1381 salute
3334 1326 3665 1381 animarum

1970 1418 2064 1489 pia
2093 1416 2393 1474 devotione
2424 1415 2779 1481 convenient,
2812 1413 3078 1470 ordinato
3099 1408 3437 1471 sibi'abbate
3467 1428 3668 1470 secun-

1968 1507 2105 1562 dum
2137 1506 2397 1576 regulam
2431 1503 2579 1560 beati
2619 1501 2931 1573 Augustini
2970 1502 3043 1558 ad
3082 1510 3332 1559 tenorem
3367 1502 3668 1558 Praemon-

1967 1594 2126 1651 strati
2170 1594 2276 1650 loci
2324 1593 2598 1649 canonice
2629 1592 2847 1646 vivant.
2879 1590 3039 1657 Quod
3065 1592 3109 1646 si
3147 1591 3288 1647 forte
3309 1591 3488 1648 abbas
3515 1590 3664 1646 beati

1968 1684 2215 1751 Martini,
2270 1683 2578 1753 inStigante
2620 1678 2866 1747 diabolo,
2916 1693 2950 1735 a
3002 1680 3216 1752 regulae
3270 1695 3390 1736 sum
3441 1679 3666 1736 tramite

1969 1772 2302 1841 deviaverit,
2360 1776 2798 1838 conventusque
2853 1766 2926 1823 ab
2978 1770 3241 1838 episcopo
3295 1766 3665 1824 Laudunensi

1969 1871 2144 1934 atque
2176 1859 2599 1919 Przemonstrati
2656 1861 2760 1918 loci
2803 1859 3030 1927 abbate,
3066 1856 3126 1912 in
3173 1856 3478 1928 praesentia
3510 1856 3665 1911 Lau-

1970 1951 2247 2008 dunensis
2292 1949 2576 2017 Ecclesiae,
2636 1949 2694 2004 in
2748 1945 3062 2021 pertinacia
3111 1953 3167 2001 et
3214 1945 3513 2000 aversione
3559 1957 3665 2000 sua

1971 2038 2366 2110 permanserit,
2400 2038 2726 2093 convocatis
2762 2036 3020 2108 ejusdem
3057 2033 3347 2104 religionis
3377 2030 3662 2088 coabbati-

1970 2127 2079 2183 bus
2133 2127 2289 2197 apud
2349 2127 2856 2181 Praemonstratum
2904 2124 2973 2179 de
3030 2122 3244 2193 regula:
3300 2119 3666 2176 exsecutione

1969 2216 2079 2272 sub
2113 2229 2314 2271 eorum
2354 2214 2748 2271 testificatione
2795 2211 3159 2276 discutiatur,
3190 2216 3365 2279 atque
3405 2207 3667 2277 corripia-

1970 2311 2088 2361 tur.
2121 2304 2176 2360 Si
2208 2318 2345 2359 vero
2376 2303 2435 2358 in
2476 2302 2626 2358 malo
2682 2316 2786 2358 suo
2838 2300 3181 2366 obstinatus,
3213 2305 3268 2355 et
3297 2298 3446 2354 sicut
3475 2297 3669 2352 confu-

1972 2399 2125 2448 tatus
2148 2389 2916 2460 incorrigibilisapparuerit,
2941 2388 3162 2457 absque
3182 2386 3302 2443 ulla
3329 2385 3669 2441 retractione

1971 2481 2044 2537 ab
2076 2480 2287 2536 eisdem
2309 2478 2617 2535 abbatibus
2646 2477 2963 2534 secundum
2986 2475 3282 2546 religionis
3301 2488 3421 2531 suae
3445 2473 3669 2529 institu-

1971 2570 2181 2625 tionem
2232 2568 2575 2637 deponatur,
2621 2566 2887 2636 aliusque
2928 2564 3195 2628 idoneus,
3254 2575 3457 2619 eorum
3513 2575 3667 2617 eom-

1972 2657 2133 2714 muni
2161 2655 2394 2713 consilio
2447 2663 2503 2711 et
2557 2655 2848 2721 electione,
2895 2654 2954 2708 in
3002 2652 3190 2707 locum
3241 2651 3367 2722 ejus
3398 2649 3668 2721 evestigio

1971 2746 2338 2816 subrogetur,
2370 2752 2424 2800 et
2449 2744 2521 2799 ab
2550 2744 2817 2814 episcopo
2848 2740 3215 2798 Laudunensi
3244 2738 3559 2795 ordinetur.

2050 2855 2071 2882 ι
2107 2832 2347 2904 Signum
2405 2829 2804 2887 Bartholomaai
2855 2827 3255 2885 Laudunensis
3305 2824 3575 2897 episcopi.
3608 2823 3663 2878 S.

1973 2921 2235 2979 Widonis
2284 2919 2485 2976 decani
2512 2926 2567 2975 et
2594 2916 2999 2974 archidiaconi.
3033 2916 3088 2971 S.
3122 2914 3349 2971 Radulﬂ
3379 2913 3666 2969 archidia-

1972 3010 2121 3066 coni.
2156 3010 2207 3065 8.
2243 3008 2467 3065 Seifridi
2495 3006 2721 3064 abbatis
2767 3006 2957 3063 Sancti
3001 3003 3306 3062 Vincentii.
3339 3004 3392 3059 S.
3429 3001 3671 3057 Simonis

1973 3098 2199 3156 abbatis
2222 3097 2413 3154 Sancti
2444 3096 2655 3152 Nicolai
2689 3095 2758 3150 de
2813 3093 2985 3150 Silva.
3020 3092 3075 3148 S.
3127 3090 3400 3147 Bernardi
3449 3088 3670 3145 abbatis

1972 3185 2322 3246 Clarevallis.
2394 3184 2450 3241 S.
2525 3183 2789 3241 Rainaldi
2846 3181 3072 3238 abbatis
3138 3178 3553 3237 Fnsniacensis.
3613 3177 3665 3233 S.

1975 3273 2239 3332 Blehardi
2291 3272 2563 3330 cantoris.
2610 3272 2665 3328 8.
2722 3270 3004 3341 Drogonis
3040 3266 3373 3338 presbyteri.
3420 3266 3476 3322 S.
3508 3265 3670 3321 Ebali

1974 3361 2334 3420 subdiaconi.
2376 3361 2429 3418 S.
2479 3360 2741 3417 Widonis
2793 3357 3151 3414 subdiaconi.
3198 3355 3252 3411 S.
3298 3355 3522 3412 Roberti
3549 3368 3673 3409 aco-

1976 3451 2097 3523 lyti.
2151 3452 2205 3507 8.
2251 3449 2477 3507 Roberti
2519 3448 2720 3505 decani
2776 3445 2967 3504 Sancti
3018 3445 3272 3501 Joannis.
3323 3444 3377 3500 S.
3413 3441 3676 3499 Gaufridi

1975 3538 2241 3596 cantoris.
2294 3538 2349 3595 8.
2417 3537 2714 3595 Haimonis
2775 3533 3136 3591 thesaurarii.
3196 3532 3250 3589 S.
3312 3530 3559 3589 Henrici.
3616 3529 3673 3586 S.

1975 3629 2325 3687 Guntranni.
2381 3628 2434 3684 S.
2496 3626 2770 3698 Hugonis.
2843 3624 2896 3681 S.
2956 3622 3337 3681 Clarembaldi
3393 3622 3462 3677 de
3528 3620 3673 3676 foro.

1978 3716 2032 3773 S.
2064 3716 2279 3773 Nicolai
2311 3715 2627 3773 castellani.

2052 3827 2074 3854 ι
2119 3805 2289 3861 Anno
2357 3805 2645 3860 Incarnat.
2709 3801 3021 3858 Dominicae
3084 3802 3255 3870 H24;
3320 3798 3515 3854 indict.
3570 3812 3675 3866 xu,

1976 3903 2158 3967 epact.
2192 3910 2292 3952 xx.
2332 3917 2379 3950 ι.

2189 3984 2446 4053 Syllabas
2476 3983 2732 4038 abbatum
2755 3982 2813 4039 S.
2846 3980 3075 4037 Martini
3105 3977 3503 4033 Laudunensis.

2051 4073 2096 4128 Ι.
2127 4072 2392 4129 Galterus
2417 4072 2639 4143 primus
2667 4071 2845 4128 abbas
2875 4070 2932 4125 in
2963 4070 3293 4139 episcopum
3326 4065 3683 4123 Laudunen-

1978 4176 2093 4218 sem
2124 4168 2209 4218 est
2254 4169 2605 4231 assumptus.
2640 4160 2792 4217 Obiit
2842 4158 3003 4226 1153,
3046 4165 3222 4227 atque
3272 4156 3334 4212 in
3390 4155 3683 4210 Praemon-

1979 4248 2245 4306 stratensi
2273 4248 2512 4305 ecclesia
2536 4248 2827 4319 sepelitur.

2052 4338 2124 4394 II.
2158 4338 2409 4395 Garinus
2434 4337 2614 4393 Britto
2636 4336 2709 4391 ab
2739 4349 2892 4390 anno
2930 4336 3066 4388 H49
3097 4331 3169 4387 ad
3206 4330 3358 4385 1170.

174 4429 354 4487 quam
382 4417 822 4489 gubernandam
853 4422 1226 4493 suscepimus,
1267 4425 1454 4484 debito
1483 4441 1641 4484 cura:
1683 4436 1868 4498 pasto-
1903 4433 1947 4488 D
2055 4428 2155 4483 III.
2201 4425 2652 4482 Bartholomaeus
2682 4424 2752 4480 de
2780 4424 2956 4486 Mons,
3003 4421 3332 4476 tl70-ll79.

174 4505 311 4561 ralis
337 4504 667 4577 obligamur
695 4522 767 4565 ne
805 4523 925 4565 una
978 4511 1369 4570 membrorum
1421 4528 1661 4571 suorum
1714 4524 1876 4586 parte

174 4593 399 4651 laboret
444 4594 681 4653 solerter
744 4597 1066 4670 invigilare,
1125 4600 1271 4658 bene
1322 4610 1504 4672 coepta
1566 4602 1627 4659 in
1670 4604 1875 4661 melius

177 4684 527 4753 provehere;
561 4692 637 4753 et,
669 4685 713 4742 si
745 4700 864 4756 qua
892 4687 1033 4745 forte
1062 4687 1444 4748 inconsultius
1474 4698 1602 4748 acta
1637 4692 1870 4762 fuerint,

176 4773 419 4830 Domino
474 4774 812 4845 cpitulante,
864 4790 965 4847 pro
1005 4776 1295 4835 facultatis
1322 4786 1378 4836 et
1408 4780 1622 4850 peritiae
1667 4789 1874 4838 nostrae

177 4861 429 4931 modulo,
464 4863 750 4937 corrigere
779 4865 1075 4923 debemus.
1107 4867 1321 4924 Notum
1354 4868 1532 4940 igitur
1554 4883 1675 4926 esse
1703 4869 1876 4926 volu-

176 4965 325 5016 mus,
363 4959 477 5008 tam
534 4955 916 5024 praesentibus
958 4969 1135 5027 quam
1178 4955 1414 5026 futuris,
1458 4957 1617 5027 quia,
1650 4972 1783 5014 cum
1815 4958 1875 5014 in

176 5039 412 5096 ecclesia
441 5040 633 5098 Sancti
669 5043 896 5100 Martini
925 5045 995 5100 de
1014 5045 1294 5103 suburbio
1315 5044 1708 5114 Laudunensi,
1744 5061 1876 5117 quae

181 5128 342 5197 prius
369 5130 737 5187 saecularium
765 5132 1127 5201 clericorum,
1156 5134 1397 5204 quidam
1431 5133 1637 5192 fratres
1668 5136 1877 5192 nostris

179 5214 529 5285 temporibus
549 5217 621 5273 ad
647 5218 994 5290 regulariter
1016 5221 1328 5278 vivendum
1344 5236 1402 5278 se
1426 5223 1872 5288 transtulissent,

178 5310 374 5374 atque,
401 5304 744 5375 aliquandiu
777 5305 920 5365 inibi
948 5319 1366 5367 commorantes
1394 5310 1465 5367 de
1491 5310 1582 5368 die
1611 5312 1670 5367 in
1701 5312 1872 5379 diem,

181 5391 427 5462 peccatis
471 5393 853 5465 exigentibus,
907 5397 1195 5468 imperitia
1233 5414 1301 5455 ac
1339 5399 1688 5471 negligentia
1718 5405 1874 5456 exte-

179 5480 356 5537 riores
431 5482 817 5550 possessiones
890 5486 1077 5557 magis
1155 5488 1459 5559 magisque
1532 5488 1874 5557 desererent,

180 5582 369 5638 neque
398 5568 660 5637 interius,
692 5572 782 5628 vel
810 5588 1071 5644 numero,
1105 5575 1193 5632 vel
1212 5576 1487 5649 religione
1504 5577 1845 5647 proﬁcerent
1856 5592 1874 5648 ;

182 5657 491 5714 novissime
520 5660 680 5717 anxii
713 5670 767 5717 et
796 5662 867 5718 de
920 5662 1023 5718 loci
1071 5663 1225 5719 illius
1266 5664 1577 5736 dejectione
1629 5664 1876 5733 solliciti,

2051 4515 2147 4573 Ν.
2178 4514 2443 4571 Galterus
2471 4514 2712 4579 Testart,
2744 4510 3074 4566 “80-1185.

2053 4604 2121 4662 ν.
2153 4603 2460 4670 Ticelinus,
2490 4601 2581 4658 vel
2618 4599 2967 4656 Thiscilinus
3021 4611 3198 4668 nepos
3228 4594 3396 4667 primi
3445 4591 3681 4659 Galteri,

1985 4692 2316 4749 “86-H89.

2053 4781 2149 4839 VI.
2179 4780 2366 4847 Wido,
2400 4778 2488 4835 vel
2518 4777 2700 4835 Guido
2745 4777 2815 4833 de
2844 4776 3152 4846 Spernaco,
3187 4771 3501 4828 1189-1191.

2055 4870 2178 4927 VII.
2211 4868 2475 4939 Egidius
2495 4868 2565 4924 de
2586 4866 2779 4935 Marsi,
2815 4867 2972 4921 1195.

2052 4957 2206 5014 VIII.
2247 4956 2515 5013 Oilardus
2543 4956 2612 5012 de
2651 4950 3157 5016 DomnoMartino,
3194 4949 3528 5005 1195-1201.

2054 5046 2140 5101 ΙΧ.
2166 5044 2485 5101 Wilbertus
2504 5041 2836 5111 Branensis,
2866 5043 3183 5096 12044207.

2051 5135 2112 5190 X.
2138 5132 2430 5190 Benaldus
2452 5134 2523 5189 de
2551 5131 2906 5198 Ribemonte,
2933 5128 3248 5185 1209-1210.

2052 5224 2138 5279 XI.
2164 5222 2458 5279 Walterus
2486 5221 2557 5278 de
2596 5220 2773 5292 Regia
2800 5219 2970 5288 valle,
3006 5218 3323 5275 12l2-I228.

2053 5311 2167 5366 XII.
2204 5311 2390 5381 Hugo.

2052 5400 2206 5455 XIII.
2238 5400 2486 5455 Joannes
2514 5397 2584 5454 de
2613 5396 2994 5466 Saisinqurte,
3036 5397 3184 5449 l2t3.

2049 5488 2188 5545 XIV.
2215 5487 2480 5544 Galterus
2509 5487 2579 5542 de
2599 5488 2815 5552 Duaco,
2855 5484 3011 5539 1243.

2053 5577 2180 5634 XV.
2209 5577 2455 5633 Joannes
2474 5575 2769 5647 quondam
2809 5574 2987 5632 abbas
3017 5568 3363 5631 Clarifontis.

2055 5665 2195 5721 XYI.
2217 5665 2465 5723 Joannes
2485 5664 2556 5721 de
2586 5662 2851 5720 Betunia.
