3930 6422
243 389 382 445 1185

307 518 489 576 XVII.
523 515 812 574 Gerardus
845 516 912 572 de
946 513 1235 581 Festieux,
1265 513 1589 568 1248-1254.

309 608 520 666 XVIII.
553 609 800 662 Joannes
828 605 896 660 de
927 603 1239 660 Reneuille.

309 699 464 755 XIX.
498 698 748 753 Joannes
773 695 842 750 de
871 694 1131 760 Burceio,
1165 693 1322 747 1261.

308 788 437 843 XX.
464 787 667 842 Petrus
692 785 760 840 de
785 785 1077 854 Petrigny,
1115 781 1444 837 1261-1267.

307 877 464 932 XXI.
499 874 845 930 Willielmus
874 874 943 928 de
973 871 1172 927 Maria.

309 964 494 1020 XXII.
522 964 774 1020 Joannes
806 963 1050 1028 Destres,
1081 960 1404 1016 1269-1286.

310 1052 522 1107 XXIII.
555 1051 688 1107 Milo
718 1050 787 1105 de
816 1049 1081 1119 Gurigni,
1107 1047 1450 1103 1300-1311.

312 1140 521 1196 XXIV.
586 1141 834 1195 Joannes
884 1137 953 1192 de
1004 1135 1369 1193 Castellione.
1430 1133 1533 1188 Hic
1585 1147 1737 1189 anno
1810 1132 1944 1188 1333

242 1229 458 1286 electus
506 1227 688 1284 abbas
740 1224 1336 1293 Praemonstratensis;
1393 1222 1499 1277 hoc
1554 1236 1793 1278 munere
1840 1223 1944 1277 de—

244 1317 448 1374 cennio
478 1318 751 1387 praeclare
797 1315 1031 1371 functus
1071 1314 1212 1370 obiit
1259 1327 1410 1368 anno
1443 1311 1604 1378 1343,
1637 1327 1761 1366 xvu
1816 1311 1941 1366 Kal.

245 1407 400 1468 Maii,
433 1406 642 1462 ibidem
667 1404 926 1475 sepultus
957 1410 1088 1460 ante
1109 1403 1298 1473 majus
1324 1401 1521 1457 altare.
1545 1400 1942 1471 Necrologium

245 1494 300 1550 S.
338 1493 590 1551 Martini.

315 1583 495 1639 XXV.
529 1583 778 1638 Joannes
809 1581 877 1637 de
909 1579 1164 1636 Brueriis
1195 1577 1352 1633 1340.

316 1671 524 1727 XXVI.
557 1672 804 1725 Joannes
834 1670 902 1725 de
933 1667 1228 1735 Malbodio,
1263 1665 1589 1723 1347-1348.

314 1759 546 1816 XXVII.
580 1757 934 1814 Bertrandus
965 1757 1034 1812 de
1069 1757 1290 1822 Roseto,
1331 1754 1487 1808 1358.

318 1847 583 1905 XXVIII.
611 1848 860 1903 Joannes
892 1844 1252 1911 Benedictus,
1285 1843 1610 1900 1392-1404.

316 1936 523 1992 XXIX.
560 1936 808 1990 Ioannes
839 1934 1128 1998 Vairetus,
1156 1931 1481 1988 1415-1430.

314 2019 498 2075 XXX.
531 2018 851 2074 Balduinus
883 2015 1207 2072 Branensis.

313 2108 523 2164 XXXI.
562 2107 763 2164 Petrus
789 2107 858 2161 de
893 2106 1085 2173 Ponte,
1121 2103 1436 2159 1447-1461.

313 2197 552 2252 XXXII.
588 2195 836 2251 Jacobus
864 2194 914 2250 le
941 2193 1097 2260 Noir,
1128 2192 1283 2248 1480.

315 2285 584 2340 XXXIII.
620 2286 868 2339 Joannes
897 2280 1224 2337 Poulallier.

310 2373 527 2430 XXIV.
557 2373 804 2428 Joannes
830 2371 1076 2440 Buquet,
1107 2367 1446 2424 1524-1526.

312 2461 548 2517 XXXV.
583 2460 875 2515 Adrianus
907 2458 1183 2524 Pelletier,
1227 2458 1559 2512 1527-1529.

311 2548 548 2605 XXXVI.
581 2549 826 2603 Amatus
851 2547 919 2602 de
952 2547 1149 2611 Fonte,
1185 2545 1515 2601 1530-1545.

310 2638 588 2694 XXXVII.
643 2636 883 2694 Carolus
926 2634 1240 2690 cardinalis
1276 2648 1310 2689 a
1343 2632 1734 2703 Lotbaringia,
1788 2636 1941 2688 1548.

311 2726 632 2782 XXXVIII.
666 2723 993 2780 Anthonius
1018 2721 1365 2790 Viscontius,
1406 2722 1729 2776 1565-1588.

310 2813 577 2869 XXXIX.
611 2812 891 2869 Claudius
925 2810 1115 2866 Basin.

309 2903 428 2958 XL.
461 2902 732 2958 Nicolaus
762 2901 813 2956 le
852 2901 1036 2972 Saige,
1075 2901 1234 2966 1615,
1294 2900 1432 2957 obiit
1456 2901 1634 2968 {1645,
1665 2902 1728 2953 13
1758 2898 1939 2968 April.

310 2991 457 3047 XLI.
480 2991 667 3047 Julius
691 2990 963 3046 Mazarini
994 2989 1322 3057 eardinalis,
1361 2991 1496 3044 1645
1527 2988 1656 3059 (61).

239 3098 554 3153 Itiustrium
601 3097 962 3169 quorumdam
1009 3099 1073 3154 S.
1136 3099 1363 3152 Martini
1420 3097 1800 3151 Lauduuensis
1851 3111 1940 3150 ca-
1973 3105 2015 3162 C

759 3172 1076 3223 nonicorum
1105 3169 1404 3224 indicatus.

310 3281 606 3338 Galterum
671 3283 740 3338 de
800 3281 1150 3338 Mauritania
1209 3296 1282 3338 ex
1345 3282 1564 3336 decano
1616 3280 1943 3350 episcopum

244 3373 708 3439 Lauduuensem,
747 3379 866 3442 post
902 3371 1244 3426 canonicum
1279 3371 1470 3426 Sancti
1501 3369 1730 3426 Martini
1763 3370 1946 3426 exsti-

242 3461 374 3517 tisse
425 3460 747 3516 subinferre
817 3460 1050 3516 videtur
1113 3459 1516 3530 Necrologium
1586 3458 1766 3529 ipsius
1831 3460 1946 3514 Ec—

241 3549 424 3606 clesize
474 3563 487 3602 :
549 3571 570 3598 ι
632 3564 670 3604 ιι
711 3548 850 3604 Idus
887 3547 1024 3603 Julii
1069 3547 1207 3604 obiit
1263 3547 1534 3603 dominus
1583 3547 1846 3603 Galterus
1877 3548 1946 3604 de

243 3645 591 3702 Mauritania
671 3645 853 3716 hujus
937 3644 1208 3700 Ecclesize
1275 3644 1588 3700 canonicus
1651 3645 1944 3714 quondam

241 3735 547 3805 episcopus
581 3733 1005 3802 Lauduuensis,
1044 3754 1064 3780 ι
1122 3741 1228 3788 etc.
1263 3734 1328 3788 In
1360 3733 1557 3789 eadem
1607 3733 1946 3790 Son-Marti-

245 3823 422 3879 niana
453 3823 692 3879 ecclesia
723 3822 831 3878 hoc
860 3822 1150 3893 epitaphio
1183 3821 1455 3878 donatur.

241 3966 345 4020 Hic
368 3969 485 4031 tego
517 3965 816 4031 Galterum,
845 3963 994 4033 quod
1020 3966 1226 4030 detego,
1258 3968 1515 4033 mutaque
1545 3969 1708 4032 petra

243 4037 500 4090 Praesulis
526 4042 651 4089 acta
678 4037 887 4105 loquor,
912 4051 1014 4104 pro
1046 4037 1237 4104 lingua
1261 4039 1386 4088 sunt
1410 4035 1550 4088 mihi
1577 4041 1765 4090 metra.

244 4107 502 4174 Consilio,
536 4109 783 4175 monitis,
816 4106 1137 4173 virtutibus,
1170 4107 1264 4160 hoc
1301 4106 1458 4160 modo
1486 4108 1632 4160 vitae.

247 4179 430 4244 Rexit,
466 4180 705 4231 correxit
735 4180 930 4240 erexit,
953 4192 1072 4231 oves
1093 4182 1142 4231 et
1163 4178 1316 4230 ovile.

241 4249 419 4313 Infuit
457 4247 581 4302 huic
613 4251 813 4317 pietas,
841 4250 955 4302 sale
984 4248 1080 4303 sed
1111 4247 1333 4302 condita
1362 4249 1586 4315 rigoris,

246 4317 490 4387 Ter-piata
527 4334 593 4372 ne
621 4321 773 4387 ﬁeret
800 4322 976 4372 virtus
1005 4323 1055 4372 et
1086 4334 1252 4384 egena
1278 4321 1516 4387 saporis.

239 4389 491 4444 Abstulit
509 4391 648 4444 hunc
678 4390 877 4444 mundo
907 4391 1108 4444 divisio
1138 4389 1548 4458 discipulorum.

245 4461 408 4515 Vivat
430 4463 488 4514 in
516 4465 775 4516 aternum
800 4463 1011 4515 meritis
1036 4460 1263 4530 adjutus
1292 4476 1492 4515 eorum.

307 4599 686 4656 Godescaclus
737 4599 1051 4654 canonicus
1096 4598 1285 4654 Sancti
1319 4598 1550 4654 Martini
1584 4597 1942 4654 Lauduuen-

240 4687 335 4754 sis,
383 4695 506 4744 tum
569 4687 776 4743 Montis
828 4687 1018 4742 Sancti
1068 4687 1297 4743 Martini
1349 4688 1548 4755 abbas,
1595 4701 1662 4743 ac
1714 4687 1940 4744 tandem

239 4775 535 4846 episcopus
567 4775 1001 4832 Attrebatensis.
1026 4775 1430 4846 Necrologium
1458 4791 1470 4830 :
1509 4799 1529 4824 ι
1563 4791 1638 4831 vn
1669 4775 1743 4831 id.
1788 4776 1939 4847 Aug.

241 4864 528 4920 Godescali
562 4863 977 4919 Attrebatensis
1019 4863 1269 4933 episcopi
1327 4863 1505 4933 hujus
1536 4861 1796 4918 Ecclesize
1841 4876 1942 4917 ca-

240 4952 449 5019 nonici,
484 4953 584 5023 qui
621 4953 770 5008 inter
807 4960 1012 5008 catera
1055 4952 1330 5008 beneiicia
1358 4950 1702 5021 episcopalia
1768 4951 1943 5007 vesti-

241 5048 450 5108 menta,
477 5041 711 5096 calicem
743 5054 1008 5108 aureum,
1052 5042 1242 5110 pelves
1296 5049 1618 5112 argenteas,
1661 5041 1936 5105 urceolos,

239 5129 584 5185 candelabra
621 5129 784 5185 nobis
842 5130 1016 5194 dedit,
1067 5131 1174 5185 sub
1213 5131 1580 5186 anathemate
1634 5130 1942 5200 prohibens

240 5217 467 5288 nequis
496 5233 563 5273 ea
593 5219 666 5274 ab
690 5218 926 5274 ecclesia
961 5218 1256 5274 alienaret.
1317 5239 1338 5266 ι
1401 5218 1682 5274 Baronius
1728 5219 1918 5275 Annal

241 5315 370 5363 tom.
399 5307 522 5374 XII,
553 5307 624 5362 ad
656 5321 877 5363 annum
912 5310 1068 5372 1148,
1120 5307 1373 5376 locuples
1416 5307 1585 5363 habet
1633 5307 1702 5363 de
1745 5309 1940 5380 ,Gode-

239 5395 422 5451 scalco
462 5395 874 5451 testimonium.

307 5483 700 5538 Concordatus
730 5483 791 5539 tit
845 5483 1149 5554 episcopus
1196 5482 1496 5539 Eduensis.
1536 5482 1834 5555 Necrolog.
1867 5483 1940 5539 ad

242 5587 302 5628 ιιι
331 5571 456 5626 Kal.
495 5571 727 5640 Aprilis.

1504 380 1724 437 DOMNI
1765 381 1825 436 L.
1869 380 2212 438 D'ACIIERY
2249 384 2472 439 ΝΟΤίΕ.

3612 395 3751 450 1186

1975 516 2020 568 A
2130 513 2421 570 Arnoldus
2461 516 2760 588 episcopus
2792 518 3098 575 Caurensis
3147 520 3202 575 in
3242 520 3599 593 Philippinis.
3634 524 3749 580 Ne-

2047 602 2261 672 crolog.
2287 617 2385 658 vu-
2416 603 2489 658 id.
2525 605 2839 662 Februarii.

2121 701 2427 770 Gregorius
2469 703 2599 758 VIII
2655 705 2906 773 pontifex
2957 721 3111 762 max.
3153 722 3224 764 ex
3278 710 3554 765 canonico
3602 711 3753 767 San-

2053 788 2412 844 Martiniano.
2494 793 2572 846 Ita
2649 793 3095 864 Necrologium:
3179 819 3198 843 α
3275 798 3752 854 Cominemoratio

2053 879 2396 934 veneranda“:
2427 880 2713 936 memorim
2763 882 3020 953 Gregorii
3059 899 3221 955 papze
3269 886 3447 958 hujus
3485 887 3752 944 Ecclesiae

2052 979 2336 1021 canonici.
2364 987 2390 1018 »

2121 1063 2368 1119 Joannes
2385 1065 2710 1122 Comnenus
2737 1067 2808 1122 im
2821 1076 3046 1138 perator
3065 1072 3749 1142 Constantinopolitanus.

2052 1151 2232 1221 Cujus
2263 1152 2332 1207 ad
2371 1153 2525 1210 hunc
2559 1156 2790 1212 modum
2842 1157 3119 1214 meminit.
3161 1159 3563 1230 Necrologium
3610 1184 3631 1210 ι
3680 1178 3754 1218 xv

2060 1240 2184 1296 Kal.
2228 1241 2360 1296 Maii
2393 1245 2856 1300 commemoratio
2883 1247 3118 1302 Joannis
3148 1248 3510 1318 imperatoris
3571 1250 3750 1322 hujus

2054 1328 2306 1384 ecclesize
2333 1330 2528 1387 fratris
2561 1332 2632 1388 ad
2677 1335 3160 1390 succurrendum.
3198 1357 3218 1384 ι
3271 1336 3510 1392 Sacrum
3553 1339 3750 1393 Domi-

2056 1418 2200 1472 nica:
2227 1419 2416 1474 crucis
2445 1419 2690 1491 lignum,
2711 1422 2864 1492 quod
2890 1422 3098 1479 visitur
3118 1423 3420 1495 hodieque,
3443 1426 3517 1480 im
3529 1435 3756 1497 perato-

2057 1519 2186 1561 rum
2221 1506 2548 1565 Graecorum
2587 1510 2846 1566 iconibus
2874 1525 3046 1582 super
3079 1515 3413 1583 operculum
3443 1514 3757 1572 eﬂ‘ormatis

2061 1595 2304 1665 insigne,
2336 1599 2642 1654 contulisse
2683 1599 2834 1654 fama
2862 1608 2964 1656 est.

2132 1694 2313 1749 Guido
2353 1695 2530 1751 abbas
2577 1697 2768 1753 Sancti
2815 1699 3102 1756 Vincentii
3151 1700 3415 1756 Laudun.
3476 1723 3504 1750 «
3562 1702 3760 1757 Frater

1981 1814 2024 1869 Β
2065 1781 2171 1837 fuit
2196 1784 2267 1838 ad
2293 1787 2752 1842 succurrendum
2785 1787 2964 1858 hujus
2991 1789 3260 1845 ecclesize.
3300 1812 3320 1838 ι
3355 1777 3650 1862 Necrolog.
3685 1793 3756 1848 ad

2065 1885 2122 1926 III
2154 1871 2279 1927 Kal.
2306 1872 2627 1944 Septembr.

2130 1969 2210 2024 De
2257 1972 2532 2036 fratribus
2583 1974 2658 2028 ad
2704 1975 3126 2030 succurrendum
3174 1976 3400 2047 egimus
3463 1992 3642 2048 supra
3699 1978 3756 2032 iu

2053 2057 2569 2130 observationibus,
2601 2062 2708 2118 col.
2749 2063 2900 2118 1139.

2127 2156 2409 2213 Robertus
2453 2159 2712 2228 regulam
2783 2159 3414 2219 Przemonstratensium
3471 2164 3760 2234 professus

2057 2243 2114 2298 in
2159 2245 2412 2301 claustro
2457 2246 2975 2316 Sun-Martiniano,
3033 2250 3253 2320 primus
3301 2251 3480 2307 abbas
3524 2253 3760 2323 eligitur

2055 2332 2260 2389 insulae
2317 2333 2496 2390 beata:
2548 2335 2740 2390 Mariae
2790 2337 2845 2390 in
2874 2337 3116 2393 Geldria.
3165 2340 3382 2396 Ferunt
3440 2341 3751 2397 Robertum

2058 2421 2285 2478 Henrici
2315 2422 2466 2493 regis
2495 2423 2816 2493 Anglorum
2845 2434 3176 2495 cognatum.

2125 2527 2243 2598 (‘0’)
2283 2531 2417 2585 UAP.
2470 2529 2594 2585 VII.
2663 2559 2732 2571 -
2797 2533 2968 2598 Vulgo
3015 2533 3237 2588 bacones
3289 2539 3502 2588 vocant.
3559 2536 3629 2591 Et
3655 2551 3760 2591 nos

2053 2615 2197 2672 Galli
2247 2632 2424 2682 nunc,
2473 2618 2745 2687 jambons.
2799 2620 3094 2676 Baconum
3149 2622 3410 2678 meminit
3454 2623 3760 2680 Matthzeus

2055 2706 2214 2761 Paris
2243 2707 2302 2761 in
2339 2707 2582 2762 Henrico
2613 2707 2691 2762 III
2729 2721 2861 2778 pag.
2893 2709 3021 2778 404,
3077 2710 3293 2766 ultimae
3322 2711 3456 2768 edit.
3517 2734 3538 2761 ι
3590 2713 3760 2769 Missa

2053 2801 2187 2849 sunt
2233 2795 2425 2850 decem
2470 2795 2649 2851 millia
2698 2811 3059 2853 summarum
3102 2797 3398 2868 frumenti,
3458 2808 3513 2856 et
3565 2800 3758 2857 decem

2053 2883 2232 2938 millia
2277 2897 2492 2951 avenae,
2541 2898 2675 2940 cum
2722 2885 2953 2941 totidem
2984 2886 3318 2943 baconibus.
3354 2909 3374 2936 ι
3439 2889 3760 2944 Vernacule

2053 2969 2112 3024 in
2147 2970 2515 3040 Lotharingia
2544 2979 2597 3026 et
2623 2971 2781 3038 alibi,
2842 2973 3059 3043 bacons,
3087 2975 3269 3030 solent
3301 2976 3536 3032 vocitari
3591 2976 3760 3032 baco-

2054 3074 2184 3128 nes;
2250 3074 2454 3130 nempe
2528 3073 2630 3130 pro
2697 3061 2994 3128 lateribus,
3081 3064 3374 3134 tergisque
3454 3080 3758 3135 porcorum

2053 3147 2372 3204 salitnrum.
2448 3148 2801 3205 Glossarium
2872 3149 2929 3205 in
2985 3150 3100 3206 fine
3171 3152 3434 3208 Historia
3503 3153 3763 3224 ejusdem

2053 3236 2324 3292 Matthzei.

2125 3340 2240 3411 ('03)
2273 3341 2407 3397 CAP.
2443 3343 2596 3399 VIII.
2637 3373 2695 3384 —
2756 3346 3044 3398 Percussus
3088 3345 3355 3400 occubuit.
3421 3347 3550 3402 Dies
3597 3349 3754 3404 necis

2053 3431 2300 3487 Galdrici
2341 3431 2590 3501 episcopi
2622 3431 2678 3486 in
2710 3431 3042 3503 Necrologio
3074 3435 3443 3490 Lauduuensi
3503 3451 3753 3492 comme-

2056 3527 2333 3577 moratur.
2377 3543 2397 3568 ι
2443 3523 2613 3576 Sexto
2661 3521 2902 3578 Kalend.
2934 3523 3280 3579 Maiiobitus
3323 3524 3599 3580 Waldrici
3645 3526 3760 3596 epi-

2055 3609 2232 3679 scopi.
2275 3616 2382 3664 etc.
2423 3609 2526 3664 Hic
2548 3609 2638 3665 vir
2687 3610 2881 3681 magni
2913 3611 3130 3680 cordis,
3159 3619 3213 3668 et
3256 3620 3529 3669 strenuus
3558 3614 3616 3668 in
3649 3629 3757 3670 saa-

2055 3697 2375 3764 cularibus,
2426 3697 2527 3768 qui
2568 3697 2783 3754 civium
2825 3698 3093 3770 exigente
3145 3700 3435 3771 superbia,
3483 3701 3604 3758 suis
3635 3703 3760 3772 qui-

2057 3785 2299 3841 busdam
2348 3786 2569 3856 legibus
2616 3786 2859 3856 privatis
2911 3787 3258 3858 regentium,
3332 3804 3432 3858 per
3480 3790 3760 3847 illustrem

2057 3873 2312 3928 Francia
2367 3887 2558 3944 regem
2618 3873 3034 3944 ,_aliosque......
3092 3875 3506 3933 Lauduuenses
3552 3892 3758 3948 procu-

2057 3962 2206 4018 ravit
2258 3962 2472 4017 cassari
2523 3962 2934 4028 communiam,
2968 3973 3004 4011 ἰ
3061 3967 3166 4019 etc.
3202 3965 3270 4019 Et
3299 3965 3600 4035 descriptis
3630 3981 3761 4037 quae

2055 4065 2089 4105 a
2123 4051 2394 4107 Guiberto
2426 4059 2798 4119 enarrantur,
2823 4051 3108 4108 subinfert
3136 4052 3281 4107 idem
3310 4053 3713 4125 Necrologium
3747 4069 3760 4109 :

2062 4162 2082 4188 ι
2129 4140 2260 4195 Haec
2302 4147 2356 4194 et
2404 4139 2518 4195 alia
2545 4140 2981 4210 quamplurima
3011 4141 3083 4196 ad
3120 4148 3234 4196 tam
3290 4141 3540 4198 immane
3578 4143 3764 4199 scelus

2058 4228 2420 4298 pertinentia,
2481 4236 2833 4284 memoratus
2894 4229 3074 4285 abbas
3127 4230 3482 4301 (Guibertus)
3523 4232 3624 4302 qui
3675 4232 3764 4287 his

2055 4316 2258 4372 diebus
2287 4331 2537 4386 praesens
2561 4318 2760 4374 aderat
2786 4317 2952 4387 plena
2979 4318 3087 4374 ﬁde
3118 4326 3173 4375 et
3221 4319 3458 4376 veritate
3506 4320 3762 4376 conscri-

1973 4406 2016 4460 ι)
2057 4407 2186 4476 psit.
2225 4406 2288 4460 In
2317 4406 2496 4476 hujus
2529 4406 2708 4477 igitur
2738 4407 2880 4463 tanti
2910 4421 2976 4463 ac
3001 4415 3117 4463 tam
3169 4408 3513 4464 miserabilis
3559 4409 3762 4480 ﬂagitii

2057 4494 2478 4550 lamentabilem
2530 4495 2884 4563 memoriam,
2947 4503 3228 4553 statutum
3270 4504 3353 4552 est
3408 4498 3464 4552 in
3511 4498 3764 4566 capitulo

2054 4587 2246 4634 nostro
2277 4578 2742 4635 anniversarium
2773 4579 2908 4636 dicti
2956 4579 3260 4650 pontiﬁcis,
3319 4579 3565 4651 singulis
3593 4581 3764 4635 annis

2054 4665 2361 4723 celebrare.
2397 4685 2424 4718 ι)

2127 4771 2241 4845 (¹⁰⁶)
2301 4772 2436 4830 CAP.
2495 4773 2612 4831 .IX.
2676 4804 2742 4813 —
2806 4774 3148 4828 Prominenti
3201 4789 3403 4840 eorum,
3467 4790 3632 4842 quam
3683 4778 3762 4830 sic

2051 4865 2292 4918 vocitant
2343 4879 2493 4932 repa.
2557 4864 2772 4933 Repam
2813 4870 3217 4918 ornamentum
3275 4863 3566 4933 quoddam
3619 4879 3764 4921 auro

2054 4959 2366 5022 argentove
2405 4951 2749 5017 confectum,
2790 4951 3076 5007 coronidis
3124 4951 3324 5019 instar,
3359 4952 3604 5008 tumulis
3645 4958 3766 5010 sive

2054 5041 2256 5096 loculis
2285 5049 2618 5096 sanctorum
2644 5041 2987 5110 appositum,
3031 5040 3085 5096 S.
3130 5039 3444 5096 Audoenus
3495 5041 3763 5097 subindi-

2053 5143 2184 5184 care
2241 5129 2471 5184 videtur
2509 5128 2608 5183 lib.
2656 5143 2694 5184 ι.
2745 5128 2889 5186 Vitae
2936 5128 2992 5182 S.
3045 5129 3215 5198 Eligii
3256 5143 3380 5198 cap.
3409 5128 3500 5184 32.
3547 5151 3566 5177 ι
3613 5131 3765 5187 Fecu

2053 5231 2289 5287 quoque
2329 5217 2570 5288 (Eligius
2612 5223 2666 5272 et
2695 5230 2889 5286 repam
2933 5217 2992 5272 in
3032 5217 3152 5272 loco
3185 5216 3489 5272 anterioris
3531 5219 3762 5285 tumuli,

2051 5313 2106 5361 et
2139 5305 2316 5361 altare
2356 5319 2521 5361 secus
2560 5307 2630 5362 ad
2664 5306 2834 5375 pedes
2863 5305 2913 5360 S.
2951 5305 3231 5374 martyris
3261 5304 3583 5361 fabricavit.
3626 5327 3646 5353 ι
3693 5311 3766 5362 At

2052 5409 2188 5451 vero
2237 5408 2430 5463 repam
2508 5409 2575 5449 ac
2646 5408 2874 5462 erepam
2912 5393 3216 5464 synonima
3259 5395 3375 5449 fore
3424 5395 3765 5450 subdubitat

2053 5484 2302 5550 animus,
2355 5483 2638 5554 siquidem
2668 5483 2759 5538 ille
2803 5482 2921 5553 ipse
2953 5482 3268 5538 Audoenus
3299 5482 3396 5537 lib.
3440 5498 3476 5537 II
3499 5498 3624 5553 cap.
3672 5483 3761 5550 39,

2057 5573 2166 5628 sub
2195 5572 2384 5640 finem,
2412 5571 2624 5641 profert
2675 5571 2781 5627 ista
2831 5571 2899 5626 de
2929 5570 2984 5626 S.
3019 5569 3278 5626 Baihilde
3307 5585 3320 5624 :
3355 5591 3384 5620 «
3409 5572 3587 5626 Iussit
3615 5577 3766 5626 05:!

311 5691 420 5762 (Gl)
463 5691 797 5748 Numericas
825 5707 1111 5748 annorum
1149 5701 1336 5761 notas,
1373 5700 1542 5763 prout
1573 5692 1624 5747 in
1661 5692 1878 5749 chartis
1903 5693 2356 5765 Mortuologiive
2391 5693 2784 5763 perhibentur,
2815 5694 3210 5764 apposuiiuus.
