3930 6388
217 353 352 409 1187

1247 353 1341 408 AD
1379 352 1535 409 OPP.
1579 352 1744 411 VEN.
1785 353 2123 411 GUIBERTI
2163 354 2253 411 DE
2294 354 2698 414 NOVIGENTO

3591 365 3745 419 1188

211 490 487 556 praterea
539 493 771 552 crepam
830 494 905 537 ex
950 493 1098 537 auro
1159 488 1333 551 atque
1384 488 1623 551 argento
1677 480 1919 538 mirifice
1947 484 1984 538 Δ
2027 481 2272 552 desuper
2299 483 2606 541 utebatur:
2650 497 2799 555 pane
2826 485 2947 552 vix,
2982 485 3121 543 vino
3157 493 3350 545 autem
3418 503 3743 563 nunquam

210 572 515 641 fabricare,
561 584 739 642 quam
790 583 967 639 supra
1018 569 1353 626 confessoris
1396 568 1613 640 (Eligii)
1654 570 1913 627 membra

212 662 494 733 deponere
547 659 797 717 deberet.
848 680 869 707 ι
921 658 1137 714 Iterum
1173 670 1294 727 cap.
1340 671 1459 727 seq.
1521 657 1723 714 initio:
1763 681 1784 708 α
1826 659 1913 714 Ιη-

210 750 504 822 grediente
528 762 664 820 ergo
700 746 1168 817 Quadragesima,
1205 745 1637 815 pracinxerunt
1679 760 1909 817 crepam

212 838 610 911 hujuscemodi
665 835 925 903 sindone,
1012 845 1077 891 ut
1133 834 1307 889 moles
1361 833 1644 890 radiantis
1690 835 1906 891 metalli

209 930 400 987 velata
458 933 673 999 tegeret
717 925 921 980 diebus
978 922 1349 994 panitentia,
1391 943 1412 970 ι
1448 931 1553 979 etc.
1587 921 1811 990 Quibus
1834 939 1904 980 ex

207 1018 403 1076 verbis
422 1029 671 1086 crepam,
706 1012 962 1069 loculum
994 1011 1115 1068 sive
1142 1025 1354 1068 urnam
1406 1010 1639 1068 feralem
1702 1026 1908 1069 sonare

209 1123 374 1166 nemo
423 1120 536 1163 non
569 1103 743 1160 videt.
796 1101 949 1158 Num
1003 1100 1233 1156 tandem
1288 1099 1348 1156 in
1394 1100 1571 1156 verbo
1631 1102 1800 1169 Rapa,
1851 1106 1911 1157 et

210 1199 400 1267 Crepa,
423 1193 635 1250 incidat
661 1198 715 1247 et
741 1189 1047 1245 Freda?de
1076 1202 1191 1259 quo
1222 1188 1495 1244 Herricus
1523 1188 1903 1245 Antissiodor.

212 1286 356 1342 lib.t
399 1296 523 1353 cap.
556 1282 622 1334 27
676 1278 875 1335 mirae.
935 1276 989 1333 S.
1036 1276 1307 1333 Germani
1350 1292 1363 1331 :
1402 1298 1430 1327 «
1462 1276 1748 1333 Clotarius
1776 1275 1907 1333 Cro-

212 1374 366 1432 tildis
427 1371 579 1426 filius
630 1376 883 1437 tempore
934 1365 987 1421 S.
1051 1365 1325 1421 Desiderii
1393 1364 1905 1422 Autissiodorensis

200 1459 470 1533 episcopi,
557 1457 776 1514 frcdam
860 1453 1155 1525 regalibus
1235 1453 1502 1523 expensis
1582 1452 1903 1524 composuit

198 1565 341 1608 auro
413 1554 768 1620 argentoque
839 1544 1125 1612 decoram,
1201 1542 1303 1599 ubi
1360 1550 1662 1598 auctorum
1737 1548 1903 1597 erant

198 1638 472 1709 inscripta
532 1634 786 1691 nomina.
852 1652 879 1682 ι›
932 1631 1022 1687 Nil
1077 1631 1215 1688 certi
1268 1630 1640 1687 statuendum
1697 1644 1899 1687 occur-

200 1727 298 1786 rit.

272 1849 386 1923 ('05)
418 1853 552 1906 CAP.
598 1848 699 1904 1X.
738 1875 812 1888 —
856 1848 927 1901 Et
967 1844 1157 1900 Sancti
1189 1845 1429 1899 Joannis
1474 1844 1748 1899 ecclesiam
1785 1857 1902 1899 suc-

195 1941 442 1997 cendens.
498 1935 911 1994 Monasterium
972 1933 1044 1988 ab
1103 1933 1224 2003 ipsa
1276 1932 1630 2000 fundatione,
1683 1932 1901 1988 sancti-

194 2028 555 2094 monialium,
615 2024 772 2095 quod
826 2021 1095 2093 pluribus
1138 2020 1342 2077 deinde
1390 2020 1615 2077 saculis
1667 2019 1895 2091 elapsis,

192 2116 443 2188 episcopi
495 2113 893 2169 Laudunensis
940 2108 1342 2166 Bartholomai
1408 2108 1577 2180 jussu
1629 2107 1899 2164 monachi

193 2204 247 2261 S.
328 2202 614 2262 Vincentii
678 2200 935 2272 ejusdem
1025 2199 1189 2255 urbis
1256 2197 1500 2253 incolere
1577 2203 1894 2266 coeperunt.

194 2295 559 2350 Hermannus
586 2289 904 2347 monachus
934 2288 1031 2343 lib.
1068 2301 1148 2353 lli,
1183 2300 1307 2355 cap.
1340 2286 1431 2351 22,
1478 2286 1558 2341 De
1606 2284 1898 2341 miraculis

193 2383 253 2438 Β.
305 2382 518 2438 Maria.
556 2380 626 2436 Et
689 2376 1030 2434 Guillelmus
1089 2374 1421 2445 Nangiacus
1468 2374 1539 2429 ad
1576 2387 1672 2428 an.
1732 2373 1893 2429 1128.

190 2491 219 2519 κ
282 2469 550 2528 Lauduni
596 2468 656 2523 in
698 2465 949 2522 Ecclesia
993 2465 1047 2520 S.
1086 2462 1339 2530 Joannis,
1382 2461 1615 2518 consilio
1643 2462 1897 2517 Francia

189 2560 341 2631 regis
370 2566 426 2614 et
464 2555 812 2628 principum,
867 2552 1232 2618 monialibus,
1261 2565 1391 2621 qua
1432 2549 1670 2605 infames
1707 2556 1893 2617 erant,

189 2649 402 2719 ejectis,
462 2645 523 2701 in
564 2645 687 2701 loco
745 2642 1004 2712 ipsarum
1066 2638 1332 2696 monachi
1383 2638 1679 2694 substituti
1728 2644 1893 2705 sunt;

189 2736 291 2794 ubi
315 2736 502 2806 Drogo
531 2731 807 2804 religione
827 2745 895 2787 ac
922 2728 1193 2786 facundia
1215 2727 1559 2783 venerabilis
1595 2740 1629 2782 a
1661 2725 1897 2781 Bartho-

189 2824 388 2880 lomao
419 2819 788 2878 Laudunensi
827 2817 1001 2888 episc.
1060 2816 1282 2886 primus
1322 2814 1501 2870 abbas
1545 2813 1890 2870 ordinatur:

188 2912 291 2984 qui
322 2909 685 2982 postmodum
711 2922 745 2963 a
778 2920 929 2977 papa
978 2904 1310 2961 Innocentio
1343 2904 1411 2970 ΙΙ,
1445 2903 1637 2959 Roma
1671 2900 1891 2958 Ostien-

187 2999 263 3057 sis
289 2999 537 3070 episcop.
588 2994 917 3051 cardinalis.
958 3014 977 3040 ι
1034 2993 1112 3047 De
1143 2991 1199 3047 S.
1246 2990 1484 3047 Joaunis
1514 2988 1774 3046 coenobio
1807 2987 1888 3043 nil

186 3085 705 3157 imprasentiarum
761 3090 963 3153 prater
1029 3080 1221 3138 Vitam
1275 3087 1486 3135 sancta
1560 3077 1883 3147 Salaberga
1917 3075 1959 3131 C

183 3180 388 3246 (quam
419 3174 626 3231 damus
655 3170 712 3228 in
743 3170 952 3241 lucem)
999 3169 1272 3240 suppetit.
1307 3167 1584 3224 Occurret
1611 3168 1671 3223 in
1701 3168 1887 3225 Addi-

193 3263 478 3320 tamentis.

256 3379 366 3451 (ιοσ)
420 3380 557 3435 Ιθιι).
622 3408 692 3418 -
748 3375 1032 3445 Hadulphi
1111 3374 1423 3443 discophori
1472 3373 1881 3430 monacharum.

182 3468 425 3527 Nomine
488 3465 827 3537 Discophori
894 3476 1278 3529 oeconomum,
1344 3461 1485 3528 sive,
1545 3469 1610 3517 ut
1653 3470 1881 3531 vocant,

183 3562 639 3627 procuratorem,
678 3553 773 3608 cui
803 3564 1000 3607 rerum
1029 3550 1414 3621 gerendarum
1446 3556 1501 3605 et
1542 3548 1884 3607 facultatum

181 3659 324 3701 cura
378 3652 434 3701 et
494 3640 915 3699 administratio
1001 3638 1406 3707 demandatur,
1466 3637 1675 3706 .venire
1742 3639 1884 3695 mihi

180 3732 414 3790 suadeo.
466 3729 843 3800 Radulphum
898 3727 1113 3798 pariter
1168 3725 1416 3797 episcopi
1469 3725 1882 3796 discopborum

180 3818 504 3877 nominavit
534 3817 843 3873 Guibertus
868 3814 1031 3871 initio
1054 3828 1180 3883 cap.
1219 3816 1302 3869 lo.

253 3931 364 4005 (10⁷)
424 3933 564 3990 Ιεω.
623 3962 693 3971 -
731 3931 841 3987 Sub
886 3930 1034 3985 birro
1082 3930 1421 3984 liberatiom‘s
1476 3943 1644 3984 causa
1687 3930 1877 3996 ferret.

179 4022 412 4079 Birrum
445 4034 625 4092 supra
655 4020 871 4091 pileum
908 4017 1317 4089 exposuimus;
1341 4017 1435 4074 hic
1466 4032 1603 4074 vero
1639 4017 1881 4088 pallium

177 4125 279 4168 seu
336 4110 700 4181 chlamydem
744 4107 1081 4179 significari,
1148 4106 1339 4163 verbis
1391 4106 1882 4177 subsequentibus

176 4200 334 4256 haud
364 4199 607 4256 obscure
638 4197 948 4253 innuitur:
1004 4218 1027 4245 ι
1076 4195 1372 4252 Parasitus
1417 4203 1610 4251 autem
1667 4195 1881 4265 aliquis

175 4288 225 4343 ei
245 4286 474 4343 obviam
497 4286 703 4352 factus,
749 4284 892 4355 quid
924 4283 1033 4340 sub
1062 4297 1246 4353 cappa
1285 4287 1537 4353 portaret
1572 4282 1813 4353 aspexit.
1852 4304 1873 4332 ι

176 4375 450 4433 Videlicet
483 4373 658 4431 verbo
683 4372 988 4443 antiquato
1017 4385 1199 4442 cappa
1227 4385 1330 4442 pro
1360 4372 1661 4442 chlamyde
1686 4371 1876 4442 amplo
1906 4376 1947 4431 D

175 4463 460 4520 sumenda
510 4463 619 4518 hoc
676 4461 822 4526 loco,
876 4475 995 4532 qua
1033 4475 1170 4517 voce
1227 4461 1546 4518 etiamnum
1594 4460 1653 4516 in
1684 4459 1876 4516 rebus

171 4548 567 4607 ecclesiasticis
625 4547 897 4620 pluviale,
968 4548 1298 4616 (vernacule
1368 4549 1592 4618 chappe)
1644 4546 1876 4617 sapius-

171 4639 300 4695 cule
338 4646 563 4695 vocant.
593 4637 944 4707 Quanquam
987 4651 1021 4693 a
1067 4637 1252 4707 capite
1280 4649 1525 4706 cappam
1562 4635 1729 4706 periti
1772 4634 1877 4691 lin-

172 4742 302 4799 gua
333 4727 525 4785 latina
556 4727 863 4797 scriptores
904 4726 1210 4782 deducant.
1258 4724 1505 4801 Consule
1541 4722 1875 4794 Spelmanni

169 4816 617 4887 archaologum,
659 4824 714 4872 et
766 4814 1007 4873 Vosium
1056 4815 1136 4869 De
1191 4812 1346 4869 vitiis
1429 4811 1728 4868 sermonis.
1796 4812 1874 4868 De

170 4904 326 4961 birro
375 4905 453 4962 ita
508 4905 823 4961 cauonicus
878 4900 1279 4959 Laudunensis
1326 4899 1384 4954 in
1442 4898 1721 4955 Chronico
1764 4913 1871 4956 ms.

173 5016 195 5044 ι
252 4995 452 5051 Petrus
497 4993 736 5050 eremita
790 4992 861 5048 de
919 4989 1202 5047 territorio
1254 4988 1647 5055 Ambianensi,
1691 4987 1875 5058 primo

168 5083 491 5140 monachus
520 5082 676 5152 apud
711 5081 765 5137 S.
803 5080 1135 5151 Rigaudum
1169 5080 1227 5134 in
1286 5077 1531 5145 Foresio,
1571 5084 1694 5149 post
1722 5090 1871 5148 pra-

167 5171 387 5228 dicator
431 5169 687 5235 effectus,
748 5168 919 5239 capit
974 5175 1135 5224 tanta
1192 5166 1542 5238 populorum
1601 5164 1873 5222 multitu-

169 5260 303 5315 dine
326 5257 553 5323 vallari,
602 5259 776 5313 tantis
823 5256 1167 5312 muneribus
1205 5255 1429 5318 donari,
1466 5254 1639 5311 tantis
1667 5254 1872 5310 sancti-

167 5348 299 5405 tatis
379 5345 679 5417 praconiis
736 5343 1045 5402 acclamari
1115 5352 1181 5401 ut
1250 5343 1448 5400 multa
1508 5350 1703 5399 aetates
1755 5355 1871 5398 non

163 5434 535 5492 meminerint
587 5432 804 5490 honore
879 5430 1051 5486 simili
1132 5430 1460 5503 quempiam
1508 5428 1729 5486 haberi.
1789 5428 1871 5485 Pii

162 5524 232 5580 de
251 5524 379 5595 ejus
410 5521 566 5578 mulo
597 5536 699 5593 pro
730 5517 996 5590 reliquiis
1010 5520 1402 5590 rapiebantur.
1436 5520 1629 5576 Tanea
1676 5520 1873 5575 tunica

161 5612 231 5667 ad
274 5624 510 5681 purum,
540 5610 767 5666 cuculla
823 5617 1008 5673 super
1043 5608 1306 5677 utrisque
1357 5606 1657 5670 talaribus,
1716 5606 1873 5662 birro

2020 578 2123 627 aut
2164 572 2315 642 pisce
2347 572 2629 641 alebatur,
2667 595 2688 623 ι
2725 580 2834 630 etc.

2089 657 2202 731 (³0⁸)
2256 661 2393 717 ΙΒιι).
2434 692 2500 703 -
2570 662 2664 717 Ad
2697 662 2753 719 S.
2802 664 3044 718 Mariam
3107 665 3552 722 Versiliacensem
3604 669 3740 726 sive

2017 748 2459 808 Vesselicensem
2556 751 2831 822 (Vezetay)
2919 753 3337 811 monasterium
3424 758 3733 827 quondam

2018 837 2366 894 Benedictini
2413 838 2630 895 ordinis
2663 838 2721 895 in
2748 840 3123 912 jBurgundia,
3181 843 3252 899 ab
3315 844 3439 915 ipsa
3493 846 3731 917 origine

2017 923 2364 981 monialibus
2420 926 2697 981 traditum
2738 926 2998 996 perhibet
3049 935 3454 987 testamentum
3498 934 3732 990 comitis

2014 1011 2250 1069 Gerardi
2288 1013 2357 1070 de
2416 1013 2747 1083 Rossilione,
2796 1023 2972 1086 atque
3015 1017 3217 1074 uxoris
3250 1019 3491 1089 Bertha,
3545 1022 3729 1093 cujus

2012 1101 2281 1171 equidem
2331 1102 2654 1159 testamenti
2701 1103 2959 1160 tabulam
3005 1119 3220 1177 magna
3257 1121 3331 1163 ex
3378 1109 3570 1179 marte,
3622 1111 3725 1166 di-

2013 1190 2313 1260 versisque
2352 1190 2411 1247 in
2463 1190 2600 1247 locis
2660 1190 2902 1248 inseruit
2959 1194 3080 1249 suis
3166 1195 3601 1264 probationibus
3641 1198 3723 1255 ad

2012 1278 2293 1349 originem
2343 1278 2574 1335 familia
2641 1280 2821 1336 Alsat.
2896 1280 3261 1338 doctissimus
3317 1283 3628 1355 Vignerius
3686 1300 3723 1342 e

2011 1367 2451 1438 congregatione
2502 1374 2645 1424 orat.
2707 1367 3022 1439 presbyter.
3063 1368 3178 1426 Nos
3222 1384 3359 1427 vero
3408 1372 3563 1428 haud
3611 1387 3723 1443 per

2012 1464 2201 1526 partes
2230 1456 2325 1512 sed
2368 1456 2607 1512 solidam
2657 1455 2815 1525 dare,
2862 1471 2983 1513 una
3019 1458 3235 1514 Nicolai
3266 1460 3310 1528 Ι,
3345 1474 3507 1530 papa
3538 1469 3721 1533 atque

2011 1544 2196 1601 Caroli
2225 1544 2383 1601 Calvi
2413 1559 2539 1601 eam
2574 1546 2958 1616 approbantes
2987 1546 3206 1603 litteras
3249 1548 3550 1619 subjicere,
3596 1566 3719 1608 non

2010 1646 2207 1703 grave,
2268 1632 2382 1688 imo
2428 1646 2710 1703 perquam
2767 1641 3064 1704 acceptum
3115 1635 3235 1692 fore
3281 1636 3423 1693 viris
3470 1639 3721 1695 eruditis

2015 1720 2364 1776 censuimus.
2399 1721 2614 1778 Ferunt
2645 1720 2826 1791 igitur
2857 1722 2978 1779 hac
3003 1723 3215 1779 verba:

1937 1781 1979 1837 Β
2020 1811 2433 1877 Testamentum,
2474 1812 2588 1865 sive
2637 1811 2986 1878 fundationis
3018 1813 3206 1867 tabula
3260 1817 3717 1872 monasteriorum

2399 1898 2801 1955 Pultheriensis
2829 1905 2881 1955 et
2913 1902 3317 1957 Vezetiacensis.

2083 2008 2105 2036 ι
2141 1985 2423 2043 Omnibus
2467 1986 2678 2044 Christi
2712 1987 2977 2045 fidelibus
3008 1989 3228 2059 pietate.
3288 2005 3502 2059 amore,
3555 1993 3716 2050 desi-

2007 2075 2284 2146 derioque
2315 2076 2557 2132 ferventi
2610 2077 2834 2133 beatam
2876 2078 3056 2135 vitam
3105 2081 3595 2149 exspectantibus,
3653 2090 3713 2139 et

2007 2162 2066 2217 in
2119 2160 2338 2219 unitate
2386 2162 2836 2220 Christianitatis
2883 2164 2992 2221 sub
3037 2165 3361 2223 obedientia
3391 2178 3709 2240 pracepto-

2007 2264 2139 2307 rum
2165 2251 2263 2306 Dei
2296 2251 2513 2322 ubique
2539 2253 2930 2320 manentibus,
2965 2253 3085 2310 sive
3134 2255 3221 2310 his
3250 2256 3351 2326 qui
3391 2266 3703 2328 praesentes

2004 2347 2160 2408 sunt,
2194 2340 2313 2397 sive
2335 2340 2425 2397 his
2453 2340 2554 2411 qui
2586 2340 2789 2405 futuri,
2842 2348 3017 2412 atque
3051 2343 3109 2399 in
3160 2358 3438 2416 compage
3467 2354 3522 2402 et
3570 2347 3703 2403 vin-

2004 2429 2135 2486 culo
2160 2428 2458 2485 charitatis
2487 2430 2719 2498 victuri,
2748 2438 2803 2487 et
2825 2444 3013 2501 usque
3051 2432 3122 2487 ad
3155 2435 3707 2491 consummationem

2003 2517 2194 2573 saculi
2258 2516 2315 2573 in
2386 2516 2639 2572 Ecclesia
2708 2525 3040 2574 sanctorum
3117 2519 3224 2575 sibi
3272 2520 3517 2579 invicem
3567 2531 3709 2581 sunt

2002 2606 2340 2662 successuri.
2387 2606 2507 2676 Ego
2553 2606 2869 2675 Gerardus,
2920 2606 3133 2664 divina
3185 2609 3411 2679 pietatis
3465 2625 3709 2667 munere

2002 2694 2158 2765 apud
2205 2693 2511 2765 gloriosam
2563 2695 2813 2763 regalem
2901 2697 3401 2753 mansuetudinem
3481 2699 3707 2755 comitis

2003 2783 2216 2839 honore
2255 2781 2618 2851 sublimatus,
2652 2791 2744 2849 {ex
2775 2784 3088 2852 communi,
3137 2792 3269 2842 voto
3324 2793 3379 2842 et
3425 2786 3705 2845 desiderio

2001 2869 2380 2926 dilectissima
2409 2868 2673 2941 conjugis
2694 2884 2835 2926 mea
2866 2878 3042 2941 atque
3081 2872 3512 2931 amantissima.
3573 2875 3710 2931 Ber-

2001 2959 2134 3026 tha,
2167 2972 2232 3013 eo
2263 2958 2416 3029 quod
2468 2958 2635 3014 nobis
2662 2959 2882 3029 pariter
2918 2960 3412 3033 unanimiterque,
3460 2963 3703 3021 Domino

2000 3047 2338 3117 inspirante,
2385 3046 2815 3116 complacuerit,
2896 3055 2962 3104 ut
3039 3048 3108 3104 de
3169 3049 3343 3106 rebus
3380 3051 3587 3107 nostris
3642 3058 3701 3107 et

1998 3134 2419 3207 possessionum
2444 3142 2635 3191 nostra
2646 3149 2774 3192 rum
2799 3135 2999 3203 titulis,
3032 3138 3354 3208 perennem!
3368 3139 3699 3195 memoriam

1997 3223 2242 3280 Domino
2293 3223 2425 3291 Deo,
2470 3230 2681 3291 nostro,
2735 3224 2835 3280 ubi
2888 3224 3016 3281 laus
3066 3224 3192 3295 ejus
3238 3226 3469 3283 assidua
3516 3227 3694 3297 fieret,

1994 3319 2399 3369 statueremus.
2455 3312 2541 3377 Et,
2600 3311 2878 3382 quoniam
2930 3312 3333 3384 largitionibus
3371 3314 3478 3385 piis
3506 3315 3696 3371 domi-

1994 3414 2224 3466 norum,
2282 3408 2338 3456 et
2368 3400 2660 3456 seniorum
2718 3409 3069 3470 nostrorum,
3127 3403 3230 3473 qui
3256 3406 3372 3463 .‘nos
3415 3403 3696 3459 liberalis-

1994 3488 2136 3547 sime
2202 3489 2520 3547 honoribus
2580 3496 2635 3546 et
2678 3488 3061 3561 dignitatibus
3123 3491 3569 3562 ampliaverunt,
3635 3493 3695 3549 id

1991 3585 2075 3634 est
2150 3579 2462 3649 imperator
2532 3585 2589 3633 et
2671 3578 2864 3635 senior
2943 3587 3137 3636 noster
3218 3580 3696 3638 clementissimus

1991 3664 2337 3733 Ludovicus,
2410 3672 2465 3721 et
2508 3664 2756 3736 gloriosa
2811 3666 3043 3723 domina
3118 3674 3175 3724 et
3225 3667 3427 3740 regina
3471 3669 3689 3737 Judith,

1992 3754 2263 3825 ﬂliusque
2293 3754 2544 3823 ipsorum
2569 3768 2735 3823 aque
2760 3755 2969 3823 senior,
3001 3762 3180 3827 atque
3210 3756 3479 3814 dominus
3504 3765 3695 3814 noster

1992 3858 2096 3899 rex
2176 3842 2435 3909 Carolus,
2520 3841 2791 3912 plurima,
2878 3844 3221 3913 possidenda
3294 3854 3689 3915 accreverunt,

1986 3931 2303 4003 justissime
2333 3930 2500 3987 nobis
2534 3931 2725 3987 visum
2765 3939 2851 3987 est
2905 3939 2970 3988 ut
3007 3946 3206 3989 eorum
3238 3946 3433 3990 amore
3473 3934 3692 3992 incitati

1990 4019 2180 4076 locum
2225 4008 2474 4076 ecclesia
2531 4019 2720 4089 ipsum
2773 4019 3155 4077 fundaremus
3198 4020 3298 4078 ubi
3358 4036 3462 4093 pro
3514 4023 3691 4094 gratis

1988 4107 2332 4164 muneribus
2388 4106 2663 4176 ipsorum,
2723 4115 2871 4164 esset
2924 4108 2982 4163 in
3027 4108 3387 4165 orationibus
3424 4109 3689 4166 solemnis

1989 4204 2043 4252 et
2067 4197 2225 4267 jugis
2248 4196 2592 4266 supplicatio
2631 4197 2786 4266 apud
2817 4197 3019 4260 Deum,
3055 4196 3333 4254 continua
3362 4212 3465 4268 pro
3506 4198 3686 4253 salute

1988 4298 2191 4340 eorum
2220 4283 2567 4340 exhortatio.

2059 4393 2081 4423 ι
2114 4371 2240 4429 Non
2281 4372 2641 4427 immemores
2698 4371 2868 4427 etiam
2920 4385 3124 4429 sumus
3151 4387 3349 4429 eorum
3385 4374 3539 4430 circa
3582 4389 3682 4430 nos

1984 4459 2394 4516 benevolentia
2417 4460 2690 4529 ipsorum,
2722 4459 2775 4515 id
2801 4467 2885 4515 est
2903 4459 3389 4532 dominilsenioris
3415 4461 3677 4518 Ludovici

1982 4548 2253 4620 Augusti,
2307 4548 2505 4604 Iudith
2568 4547 2815 4603 domina
2872 4552 3021 4602 654
3093 4556 3148 4604 et
3203 4549 3435 4619 regina,
3495 4549 3679 4606 Caroli

1983 4636 2085 4693 ﬁlii
2115 4636 2370 4706 ipsorum
2412 4636 2674 4692 similiter
2700 4635 2914 4691 domini
2946 4644 3002 4693 et
3054 4636 3314 4704 senioris,
3353 4637 3454 4707 qui
3524 4652 3676 4695 nunc

1981 4733 2241 4797 superest
2276 4739 2562 4796 regnans;
2607 4725 2703 4781 sed
2755 4733 2809 4781 et
2865 4725 3099 4796 dignam
3145 4726 3519 4797 rependentes
3588 4742 3677 4798 ge-

1980 4814 2265 4871 nitoribus
2356 4828 2421 4869 ac
2478 4813 2819 4884 parentibus
2890 4813 3427 4882 honorificentiam,
3498 4814 3554 4871 id
3604 4823 3682 4871 est

1980 4902 2289 4959 Leuthardi
2320 4910 2377 4958 et
2406 4901 2703 4972 Gymuldis
2765 4899 2883 4973 [al.,
2914 4900 3255 4969 Grimildis],
3317 4910 3495 4973 atque
3548 4916 3681 4974 gra-

1979 4989 2330 5046 tissimorum
2358 4988 2620 5060 Hugonis
2674 4996 2729 5044 et
2781 4990 2974 5057 Dava,
3028 4989 3501 5060 amabilibusque
3558 4989 3684 5046 filiis

1979 5084 2036 5132 et
2067 5076 2295 5133 filiabus
2346 5076 2622 5147 ipsorum,
2672 5078 2796 5133 sive
2850 5077 2951 5147 qui
2982 5076 3105 5148 jam
3158 5077 3590 5134 obdormierunt
3627 5077 3682 5134 in

1981 5164 2247 5235 Domino,
2304 5164 2424 5221 sive
2493 5165 2595 5235 qui
2649 5164 2844 5221 adhuc
2898 5165 3127 5234 vivunt,
3164 5165 3677 5237 consanguinitate.

1981 5252 2278 5320 affinitate,
2336 5261 2393 5310 et
2443 5253 2872 5323 propinquitate
2924 5253 3096 5311 etiam
3144 5254 3312 5311 nobis
3350 5254 3588 5326 junctis.
3631 5254 3684 5309 id

1979 5349 2063 5397 est
2119 5340 2382 5397 Leufredi
2436 5349 2491 5398 et
2556 5342 2849 5408 Adalardi,
2910 5342 3183 5399 comitum
3235 5342 3687 5412 praeclarissimo-

1981 5443 2135 5497 rum,
2187 5436 2250 5485 ut
2297 5443 2400 5498 pro
2454 5429 2537 5485 eis
2596 5428 2926 5485 intercessio
2969 5437 3026 5487 et
3083 5429 3310 5486 assidua
3374 5429 3684 5499 deprecatio

1981 5517 2157 5583 fieret,
2192 5520 2246 5573 et
2269 5525 2630 5587 peccatorum
2669 5531 2870 5574 eorum
2901 5518 3302 5589 acquireretur
3330 5518 3680 5589 propitiatio:

1980 5614 2035 5661 et
2068 5605 2125 5660 in
2158 5604 2277 5660 loco
2310 5605 2445 5676 ipso,
2488 5619 2661 5676 quem
2712 5605 2959 5676 juvante
3005 5606 3230 5663 Christo
3289 5606 3679 5675 fundaremus,
