3930 6402
111 353 246 405 1189

1377 342 1588 397 ΒΟΜΝΙ
1631 343 1685 396 L.
1731 339 2078 397 D’ACIIERY
2117 339 2339 396 ΝΟΤᾸΞ.

3476 341 3610 400 1190

95 480 538 554 succedentibus
587 477 943 547 temporibus
1007 482 1152 532 esset
1216 489 1416 530 eorum
1468 476 1879 543 permanensA
1920 472 2153 528 domina
2186 479 2240 528 et
2297 472 2544 543 gloriosa
2573 472 2769 529 Judith
2804 473 3019 544 regina,
3072 481 3277 544 agente
3321 481 3376 530 et
3431 475 3609 545 impe-

99 567 440 624 recordatio.
470 569 671 636 Itaque
705 573 759 620 et
787 564 1018 619 illorum
1052 578 1286 633 quoque
1317 562 1798 632 propinquorum,

99 656 316 725 quibus
377 664 430 710 et
493 653 850 708 hzeretlitario
912 651 1045 721 jure
1093 652 1304 706 eisdem
1343 652 1400 706 in
1446 651 1618 706 rebus
1663 664 1801 704 suc-

100 744 391 810 cessimus,
454 756 558 798 nec
597 756 710 796 non
766 748 820 796 et
881 739 1239 809 reliquorum
1286 739 1568 805 omnium,
1622 737 1718 792 sed
1748 743 1804 792 et

99 832 441 897 amicorum,
522 837 846 885 nostrorum
931 829 1358 895 universorum,
1395 815 1480 882 'et
1545 825 1800 880 ﬁdelium

101 919 444 990 generaliter
490 917 752 973 omnium
797 916 1145 986 perpetualis
1198 916 1435 971 duraret
1503 913 1798 979 memoria,

104 1008 300 1078 ibique
355 1021 455 1076 per
521 1020 711 1062 aevum
768 1019 870 1075 pro
940 1004 1211 1060 omnibus
1259 1003 1416 1059 ﬁeret
1477 1001 1802 1059 communis

102 1092 303 1147 oratio.

183 1203 203 1229 α
239 1180 360 1250 Ego
391 1179 571 1250 igitur
622 1177 930 1241 Gerardus.
985 1183 1040 1232 et
1082 1177 1298 1247 conjux
1329 1175 1499 1230 simul
1540 1175 1801 1246 gratissi-

106 1281 223 1332 ma,
307 1267 401 1335 pia
450 1273 505 1322 et
563 1264 715 1320 ﬁdeli
790 1265 1092 1320 devotione
1149 1263 1574 1330 constituimus,
1631 1271 1803 1333 atque

105 1354 546 1411 construximus
577 1354 1013 1421 monasterium,
1049 1359 1104 1409 et
1152 1352 1547 1408 habitaculum
1601 1366 1802 1407 servo-

103 1459 235 1499 rum
272 1443 393 1510 Dei,
445 1449 578 1511 apto
617 1442 1072 1511 competentique
1121 1441 1259 1508 loco,
1293 1448 1347 1496 et
1397 1455 1470 1496 ex
1500 1440 1802 1510 largitione

101 1541 280 1602 atque
308 1531 596 1586 oblatione
629 1529 917 1586 facultatis
954 1538 1009 1586 et
1039 1544 1233 1586 rerum
1265 1538 1594 1586 nostrarum
1627 1529 1802 1599 quid-

104 1621 248 1691 quid
309 1620 378 1674 ad
439 1619 917 1675 sustentationem
977 1619 1307 1674 eorumdem
1368 1619 1480 1673 Deo
1511 1617 1804 1673 famulan-

100 1710 270 1774 tium,
303 1707 589 1778 quidquid
649 1709 718 1762 ad
780 1708 1078 1778 religionis
1132 1708 1352 1762 cultum
1415 1706 1801 1762 necessarium

98 1773 437 1866 exstat,-pia
468 1773 552 1850 ac
607 1796 795 1852 solerti
848 1773 1200 1864 providentia
1250 1796 1423 1865 juxta
1455 1795 1618 1858 vires.
1654 1807 1800 1865 quas
1829 1773 1872 1829 Β

100 1887 256 1941 Deus
278 1884 498 1951 tribuit,
534 1884 998 1953 procuravimus,
1021 1891 1325 1952 menteque
1356 1883 1799 1953 promptissima,

98 1974 298 2029 cadent
331 1972 472 2042 ipsa,
498 1986 628 2041 quae
656 1972 724 2026 de
753 1986 932 2027 manu
965 1971 1145 2041 ipsius
1194 1972 1538 2041 accepimus,
1590 1970 1804 2042 gratias

100 2062 392 2117 beneﬁciis
419 2061 571 2116 illius
600 2059 902 2116 offerentes
935 2060 1270 2116 obtulimus.

177 2173 196 2199 ε
233 2151 531 2205 Fundatus
563 2149 741 2218 igitur
791 2157 966 2218 atque
999 2148 1265 2203 conditus
1299 2155 1383 2203 est
1441 2147 1600 2202 locus
1628 2148 1804 2203 devo-

102 2239 274 2294 tionis
305 2245 510 2292 nostrae
547 2238 600 2291 in
636 2237 852 2292 honore
904 2236 1130 2291 Domini
1181 2237 1355 2291 nostri
1389 2237 1518 2291 Jesu
1569 2236 1802 2301 Christi,

100 2333 155 2380 et
185 2327 581 2380 venerationes
641 2325 1103 2380 beatissimorum
1151 2325 1540 2394 apostolorum
1581 2323 1726 2380 Petri
1753 2331 1806 2379 et

103 2414 287 2480 Pauli,
348 2428 523 2482 super
577 2427 806 2468 amnem
881 2412 1160 2482 Sequanae
1225 2412 1684 2482 praeterfluentis,
1747 2411 1805 2466 in

101 2517 243 2574 agro
269 2502 602 2572 respiciente
639 2502 710 2556 ad
765 2501 982 2565 villam,
1012 2515 1188 2572 quam
1221 2515 1293 2556 ex
1324 2501 1564 2570 antiquo
1613 2500 1806 2556 Pulta-

104 2591 222 2646 rias
253 2591 554 2646 nominant
587 2591 640 2645 in
675 2604 822 2660 pago
865 2589 1163 2656 Laticensi,
1198 2590 1255 2644 in
1314 2603 1490 2659 regno
1530 2589 1808 2659 Burgun-

104 2680 235 2745 dize,
288 2686 353 2734 ut
406 2679 484 2734 ibi
545 2679 868 2734 venerabile
915 2679 1190 2734 orationis
1251 2677 1604 2753 domicilium
1660 2677 1808 2733 votis

102 2781 168 2822 ac
207 2767 728 2838 supplicationibus
787 2767 1038 2822 ﬁdelium
1073 2767 1469 2836 frequentetur
1497 2779 1808 2821 conversa—

104 2857 300 2926 tioque
330 2856 578 2911 coalestis
611 2856 719 2911 sub
765 2855 1018 2925 regulari
1075 2854 1445 2921 districtione,
1480 2861 1535 2908 et
1573 2854 1809 2910 institu—

101 2945 255 3000 tione
288 2944 440 2999 beati
488 2943 773 2999 Benedicti
825 2941 1166 3010 viventium,
1228 2942 1386 2996 omni
1445 2941 1726 2997 desiderio
1755 2947 1808 2996 et

1912 568 2100 616 trante
2126 560 2280 630 apud
2315 560 2581 629 piissimze
2605 561 2891 616 memoria)
2921 561 3217 616 dominum
3247 569 3302 617 et
3331 562 3609 618 seniorem

1911 656 2171 704 nostrum
2224 649 2582 704 Ludowcum
2632 649 3056 718 imperatorem,
3117 650 3402 720 quidquid
3459 651 3604 706 idem

1912 737 2396 793 clementissimus
2455 737 2767 806 imperator
2793 738 2861 792 ad
2890 739 3152 793 eamdem
3181 739 3379 794 villam
3428 739 3613 809 respi-

1911 826 2066 882 ciens
2121 827 2229 881 sub
2286 825 2557 896 praecepli
2600 827 2689 881 sui
2758 826 3191 882 conﬁrmatione
3268 828 3613 884 condonavit

1911 915 2191 984 nobisque
2252 914 2512 982 contulit,
2579 929 2710 984 quae
2774 914 3108 985 ubicunque
3176 915 3489 985 respiciunt
3539 916 3608 970 ad

1907 1004 2166 1058 eamdem
2240 1003 2438 1058 villam
2512 1003 2874 1072 pertinentia,
2925 1004 3193 1072 praedicto
3251 1003 3610 1074 [monasterio

1908 1092 2396 1163 consignavimus.
2424 1091 2632 1147 Villam
2660 1092 2910 1161 denique
2942 1091 3363 1159 Dorviciacum,
3395 1092 3608 1161 lvillam

1908 1180 2196 1237 Cisternas
2246 1181 2510 1235 fontanas
2557 1189 2732 1250 atque
2791 1180 3132 1248 Molintium,
3193 1181 3278 1235 vel
3322 1180 3610 1250 quidquid

1911 1270 1967 1324 in
1995 1269 2288 1324 nominato
2328 1283 2475 1339 pago
2515 1268 2807 1335 Avalensi,
2861 1268 2946 1323 vel
2977 1268 3396 1325 Tornodorensi
3422 1269 3614 1339 acqui-

1909 1358 2171 1425 sivimus,
2253 1372 2386 1413 cum
2465 1357 2751 1412 universis
2820 1356 3166 1426 appenditiis
3255 1357 3612 1426 supradicta-

1911 1461 2041 1502 rum
2077 1446 2328 1516 illarum,
2364 1445 2702 1515 ubicunque
2729 1445 2816 1502 vel
2851 1446 2906 1500 in
2939 1460 3292 1517 quocunque
3321 1459 3468 1516 pago
3497 1445 3612 1502 fue-

1910 1537 2042 1592 rint.

1987 1645 2006 1669 ι
2039 1622 2242 1678 Totum
2286 1636 2421 1692 ergo
2449 1635 2522 1677 ex
2569 1622 2788 1692 integro
2822 1617 3120 1692 quidquid
3144 1621 3200 1676 in
3232 1622 3603 1692 supranomi-

1911 1707 2062 1763 natis
2088 1709 2240 1765 villis
2289 1709 2376 1764 vel
2423 1709 2579 1779 agris
2618 1709 3054 1778 acquisivimus,
3087 1718 3140 1765 et
3187 1709 3490 1781 acquirere
3518 1726 3616 1781 po-

1912 1795 2148 1864 tuimus,
2196 1797 2598 1852 sacratissimis
2647 1797 2801 1865 locis,
2834 1804 2887 1852 et
2935 1798 3295 1854 monasteriis
3324 1800 3614 1855 coaduna-

1911 1885 2123 1953 vimus,
2154 1894 2208 1942 et
2245 1884 2634 1953 unanimitati,
2663 1894 2838 1956 atque
2872 1887 3102 1942 utilitati
3133 1901 3354 1955 eorum,
3387 1888 3489 1958 qui
3533 1889 3610 1944 ibi

1912 1971 2025 2026 Deo
2053 1973 2374 2042 servierint,
2407 1973 2464 2028 in
2493 1982 2766 2043 perpetuo
2796 1975 3176 2030 conneximus
3193 1991 3210 2044 ;
3239 1983 3463 2031 tantum
3504 1991 3612 2032 no-

1913 2061 1999 2115 bis
2023 2060 2162 2115 dum
2207 2075 2508 2117 manemus
2563 2062 2619 2117 in
2646 2062 2783 2129 vita,
2829 2077 3028 2118 earum
3062 2078 3172 2118 usu
3225 2064 3608 2120 fructuarium

1912 2157 2292 2205 reservantes.
2325 2150 2649 2206 Tuitionem
2681 2165 2915 2220 quoque
2946 2159 2999 2207 et
3039 2152 3425 2208 defensionem
3459 2168 3607 2222 pra)-

1911 2237 2194 2292 dictorum
2245 2238 2722 2293 monasteriorum
2757 2240 2865 2294 sub
2914 2247 3107 2294 nostra
3135 2254 3277 2295 cura
3307 2240 3606 2298 habentes.

1913 2325 2116 2394 Itaque
2146 2326 2434 2396 quidquid
2462 2327 2698 2396 praefato
2746 2328 3092 2382 monasterio
3119 2336 3316 2384 nostra
3349 2329 3614 2399 religiosa

1913 2412 2200 2468 oblatione
2244 2415 2516 2470 collatum
2555 2421 2658 2482 est,
2696 2414 2981 2484 quidquid
3025 2416 3080 2470 in
3133 2417 3308 2471 rebus
3353 2417 3472 2472 sive
3503 2432 3612 2472 scr-

1914 2502 2068 2557 vitiis
2097 2502 2547 2572 quibuscunque
2596 2504 2916 2572 speciebus,
2952 2504 3069 2558 Deo
3104 2505 3440 2574 inspirante,
3474 2519 3610 2560 con-

1918 2590 2190 2646 traditum
2249 2592 2628 2662 additumque
2680 2593 2870 2660 fuerit,
2935 2603 3036 2648 aut
3082 2608 3116 2648 a
3161 2594 3614 2664 quibuscunque

1917 2678 2180 2735 ﬁdelibus
2208 2680 2748 2750 quolibetunquam
2799 2689 3048 2752 tempore
3079 2683 3359 2749 oblatum,
3395 2683 3615 2753 absque

1919 2766 2454 2838 ulliszexterioribus
2482 2769 2796 2839 obsequiis,
2831 2779 2884 2826 et
2922 2770 3333 2840 obsequiorum
3357 2771 3616 2826 exactio-

1917 2855 2112 2923 nibus,
2141 2857 2275 2912 solis
2306 2871 2508 2913 eorum
2563 2858 2876 2927 stipendiis,
2909 2865 2966 2914 et
2994 2859 3330 2914 necessariis
3371 2858 3613 2928 sumpti-

1917 2944 2045 3010 bus,
2082 2946 2184 3014 qui
2217 2945 2328 3001 illic
2361 2946 2597 3001 Domino
2628 2946 2908 3013 serviunt,
2937 2947 3064 3016 jugi
3098 2946 3393 3015 praesentis
3436 2945 3617 3002 nostri

104 3036 311 3090 ardore
343 3034 542 3090 intimo
575 3033 950 3104 perquiratur
971 3039 1026 3088 et
1055 3039 1368 3102 expetatur.
1431 3032 1638 3102 Ibique
1665 3046 1806 3086 con-
1838 3070 1879 3128 ρ
1919 3033 2244 3088 testamenti
2300 3032 2568 3089 ﬁrmitate
2619 3043 2950 3104 permaneat
3001 3035 3306 3090 illibatum.
3367 3036 3616 3104 Excepto

108 3122 348 3178 tulimus
384 3123 548 3177 villas
575 3123 698 3189 has,
753 3122 930 3190 ipsam
976 3121 1370 3190 eamdemque,
1425 3120 1525 3176 ubi
1555 3134 1586 3175 e
1613 3121 1801 3175 vicino

109 3209 524 3266 monasterium
584 3210 758 3265 situm
811 3216 916 3278 est,
974 3208 1279 3276 Pultarias,
1345 3208 1631 3279 quidquid
1681 3207 1801 3278 [al.,

109 3295 214 3370 ibi]
248 3301 356 3356 erit
389 3313 461 3354 ex
513 3298 866 3365 haereditate,
935 3297 1217 3368 quidquid
1251 3297 1519 3367 przecepti
1577 3298 1664 3352 sui
1698 3311 1802 3352 au-

108 3388 370 3444 ctoritate
410 3387 600 3443 senior
659 3395 853 3443 noster
895 3386 1134 3444 Carolus
1172 3400 1274 3442 rex
1305 3386 1632 3441 nobisinibi
1661 3401 1803 3441 con-

108 3475 258 3544 tulit,
319 3476 610 3547 quidquid
694 3477 806 3531 alio
860 3474 1120 3546 legitimo
1168 3482 1334 3545 pacto
1375 3475 1549 3530 rebus
1596 3473 1806 3530 nostris

107 3566 360 3633 accessit,
423 3579 555 3621 cum
626 3565 913 3621 universis
964 3564 1310 3634 appenditiis
1365 3564 1504 3631 suis,
1569 3571 1623 3620 et
1671 3579 1804 3634 quae

107 3651 446 3724 ubicunque
475 3653 546 3709 ad
605 3653 728 3723 ipsa
771 3654 1131 3724 respicientia
1177 3660 1333 3710 sunt.
1369 3653 1431 3708 In
1490 3667 1637 3722 pago
1669 3667 1804 3709 vero

107 3739 385 3799 Senonico
411 3750 632 3798 sextam
671 3758 802 3799 cum
834 3743 1106 3798 omnibus
1141 3743 1213 3798 ad
1261 3756 1388 3797 eam
1443 3741 1803 3812 respicienti-

107 3826 235 3894 bus,
261 3837 317 3886 et
379 3830 668 3886 universis
713 3829 1086 3901 appenditiis;
1139 3830 1484 3886 mannistam
1543 3829 1806 3885 similiter

106 3929 238 3971 cum
293 3919 564 3974 omnibus
609 3918 681 3974 ad
729 3933 855 3974 eam
910 3917 1363 3988 respicientibus,
1415 3925 1468 3974 et
1520 3917 1805 3974 universis

109 4005 453 4073 appenditiis
497 4007 634 4074 suis,
669 4021 872 4063 verum
927 4006 1096 4062 etiam
1148 4014 1204 4062 et
1259 4005 1461 4062 villare
1489 4007 1544 4061 in
1599 4021 1802 4076 supra-

110 4089 259 4148 dicto
291 4108 462 4166 pago,
493 4109 626 4150 cum
679 4095 950 4151 omnibus
997 4095 1171 4150 rebus
1223 4095 1294 4150 ad
1323 4109 1420 4151 eas
1453 4095 1805 4165 respicienti-

109 4177 235 4247 bus,
294 4189 350 4238 et
408 4183 754 4253 appenditiis
799 4197 1022 4240 earum.
1068 4182 1338 4239 Similiter
1391 4191 1446 4240 et
1491 4185 1548 4238 in
1609 4183 1805 4238 eodem

108 4279 274 4336 pago,
304 4267 364 4323 in
413 4269 553 4325 villa
601 4284 733 4340 quae
779 4270 992 4325 dicitur
1047 4269 1374 4338 Piscatoria,
1409 4278 1648 4340 quaeest
1699 4270 1806 4325 sita

1920 3121 2074 3192 quod
2114 3136 2214 3191 pro
2245 3122 2634 3178 benedictione
2663 3123 2832 3178 annis
2859 3129 3010 3177 655
3060 3123 3304 3193 singulis
3347 3124 3418 3178 ad
3450 3137 3605 3178 reve-

1912 3209 2150 3265 rendam
2203 3210 2393 3266 sedem
2439 3210 2735 3266 beatorum
2784 3211 3196 3280 apostolorum,
3225 3213 3317 3266 cui
3351 3211 3472 3265 loca
3514 3225 3617 3266 ea-

1909 3297 2036 3352 dem
2069 3297 2452 3365 subdidimus,
2487 3298 2677 3353 Romze
2711 3296 3028 3352 offerantur
3050 3296 3214 3352 beato
3240 3297 3494 3367 pontiﬁci
3521 3298 3620 3354 Ur-

1911 3385 1998 3440 bis
2027 3385 2186 3441 librae
2226 3386 2446 3456 argenti
2476 3385 2626 3441 duae.

1987 3497 2007 3523 ι
2041 3476 2109 3530 Ει
2138 3476 2278 3545 quia
2308 3475 2570 3530 ultronea
2599 3474 2894 3530 voluntate
2931 3474 3248 3540 charitatis,
3277 3481 3451 3545 atque
3483 3474 3618 3539 hu-

1906 3564 2196 3619 manitatis
2222 3562 2426 3628 oflicio,
2481 3563 2818 3633 quotidiana
2859 3563 3132 3619 beneﬁcia
3184 3563 3384 3620 docent
3440 3578 3615 3620 exer-

1910 3652 2110 3717 cenda,
2143 3651 2308 3708 liberi
2342 3659 2530 3708 tamen
2557 3651 2629 3707 ab
2676 3652 2801 3706 aliis
2830 3652 3286 3708 exhibitionibus
3351 3651 3618 3708 monachi

1911 3741 2020 3796 sub
2047 3741 2240 3812 quieto
2270 3741 2501 3797 servitio
2533 3740 2875 3811 regulariter
2903 3741 3124 3809 vivant,
3159 3741 3435 3798 orationis
3463 3741 3620 3797 obse-

1910 3829 2049 3898 quia
2099 3828 2429 3884 solemniter
2475 3828 2776 3884 offerentes
2816 3830 2948 3896 Deo,
3006 3843 3108 3898 pro
3193 3829 3619 3900 gloriosissimis

1911 3917 2161 3973 dominis
2198 3924 2252 3972 et
2281 3917 2605 3973 senioribus
2645 3917 2853 3972 nostris
2906 3917 3196 3972 Ludovico
3226 3918 3512 3988 Augusto,
3563 3923 3617 3972 et

1910 4004 2112 4061 Carolo
2157 4004 2284 4075 ejus
2332 4004 2465 4071 ﬁlio,
2502 4012 2556 4060 et
2600 4005 2974 4074 praecellentis
3013 4002 3302 4059 memoriae
3354 4004 3616 4059 domina-

1912 4093 2022 4148 bus
2080 4093 2297 4160 Judith,
2327 4099 2502 4162 atque
2534 4093 2982 4157 Hermentrude;
3034 4093 3129 4148 sed
3154 4099 3209 4148 et
3253 4092 3620 4162 praeclarissi-

1912 4181 2176 4236 mreitem
2217 4180 2621 4236 recordationis
2668 4180 2992 4252 genitorum
3035 4180 3501 4252 genitricumque
3559 4180 3619 4235 ﬁ-

1913 4269 2242 4338 liorumque
2300 4268 2576 4338 ipsorum,
2611 4269 2714 4339 qui
2746 4269 2864 4324 sive
2912 4270 3138 4334 vivunt,
3191 4269 3311 4324 sive
3344 4269 3464 4339 jam
3495 4268 3622 4324 dor-

105 4366 281 4423 super
313 4357 554 4415 Hionem
588 4358 854 4426 fluvium,
902 4366 1084 4415 totum
1123 4366 1178 4415 et
1211 4360 1281 4415 ad
1315 4359 1606 4430 integrum
1642 4360 1802 4430 quid-
1834 4369 1881 4426 ι)
1919 4359 2170 4414 mierunt
2201 4357 2258 4412 in
2286 4355 2545 4425 Domino,
2581 4370 2682 4426 pro
2713 4357 2878 4412 nobis
2909 4357 3081 4413 etiam
3134 4357 3400 4426 ﬁliisque,
3455 4370 3521 4412 ac
3548 4356 3621 4411 ﬁ-

107 4443 248 4510 quid
307 4447 512 4503 de......
561 4448 808 4505 vassallo
865 4448 1152 4504 dominico
1205 4449 1683 4520 conquisivimus,
1753 4455 1808 4505 et

106 4531 394 4603 quidquid
438 4537 509 4593 ad
557 4536 736 4607 ipsam
771 4537 1141 4594 Piscatoriam
1191 4537 1411 4607 aspicit,
1449 4537 1505 4592 in
1537 4537 1809 4594 omnibus

105 4615 471 4680 duntaxatin
503 4625 718 4696 quibus
750 4625 960 4681 ibidem
1011 4632 1206 4680 nostra
1261 4625 1494 4681 videtur
1513 4624 1803 4692 ldomina-

109 4704 204 4771 tio,
240 4709 332 4764 vel
370 4725 492 4769 esse
523 4713 704 4769 scitur
723 4721 992 4783 potestas,
1042 4721 1098 4769 et
1129 4713 1417 4784 quidquid
1457 4715 1529 4770 ad
1583 4716 1682 4786 jus
1710 4729 1810 4769 no-

109 4799 293 4850 strum
323 4797 381 4854 in
413 4815 559 4874 pago
589 4801 911 4858 Tricassino
936 4801 1198 4871 pertinet.

184 4883 361 4940 «Pari
417 4890 590 4946 etiam
645 4891 847 4947 ordine
899 4890 1275 4947 fundavimus
1316 4891 1474 4947 aliud
1523 4898 1806 4948 monaste-

108 4967 278 5038 rium,
320 4976 517 5035 eodem
542 4979 753 5046 studio,
781 4979 1101 5049 eademque
1158 4979 1478 5048 devotione,
1539 4987 1604 5036 ut
1645 4980 1808 5036 habi-

108 5058 363 5149 taculum
398 5067 748 5123 ancillarum
779 5067 875 5123 Dei
903 5067 1013 5122 sub
1045 5067 1301 5138 regulari
1351 5067 1720 5135 districtione,
1755 5078 1808 5123 et

107 5145 467 5208 institutione
496 5155 680 5211 sancti
701 5155 987 5212 Benedicti
1034 5155 1355 5211 viventium
1398 5155 1555 5210 ﬁeret
1585 5155 1641 5210 in
1698 5157 1808 5211 ho-

108 5241 245 5286 nore
275 5234 500 5296 Domini
546 5243 722 5298 nostri
778 5243 913 5298 Jesu
963 5242 1193 5310 Christi,
1237 5241 1295 5296 in
1354 5241 1474 5296 loco
1531 5240 1620 5296 vel
1670 5256 1808 5312 agro

109 5317 207 5382 (illi
239 5319 451 5381 dicitur
483 5330 837 5398 Virziliacus,
898 5330 957 5386 in
999 5344 1146 5400 pago
1197 5329 1489 5396 Avalensi,
1528 5329 1583 5383 in
1629 5343 1807 5400 regno

110 5401 480 5496 Burgundim,
535 5419 632 5474 ubi
691 5425 746 5474 et
791 5418 1145 5474 contulimus
1178 5417 1345 5472 villas
1377 5418 1499 5472 has.
1531 5418 1807 5472 Eamdem

114 5503 312 5563 Ipsam.
366 5500 425 5556 in
465 5520 582 5575 qua
646 5507 820 5563 situm
850 5514 933 5563 est
961 5521 1190 5563 sacrum
1223 5513 1277 5561 et
1323 5505 1656 5562 venerabile
1688 5521 1807 5562 mo-

115 5585 450 5657 nasterium,
501 5593 892 5661 Virziliacum,
923 5607 1103 5664 quam
1153 5594 1638 5651 commutavimus
1675 5609 1809 5652 cum

1914 4446 2105 4502 liabus
2148 4443 2497 4512 viventibus,
2557 4445 2676 4500 sive
2709 4445 3012 4512 defunctis,
3047 4445 3388 4516 cunctisque
3418 4444 3620 4502 amicis

1914 4535 2144 4600 nostris,
2183 4533 2562 4603 omniumque
2589 4533 2844 4588 ﬁdelium’
2872 4533 3264 4590 multitudine.

1990 4642 2018 4674 ‹‹
2051 4624 2168 4680 Hoc
2215 4636 2348 4678 vero
2382 4621 2815 4688 monasterium,
2849 4621 2969 4678 sive
3001 4622 3156 4677 aliud
3214 4635 3392 4691 supra
3440 4621 3620 4677 nomi-

1915 4719 2138 4780 natum,
2173 4725 2304 4766 cum
2336 4709 2605 4765 omnibus
2634 4709 2806 4764 rebus
2863 4709 2939 4764 ibi
2997 4709 3237 4776 collatis,
3275 4708 3621 4764 beatissimis

1915 4800 2185 4870 apostolis
2214 4799 2370 4868 apud
2399 4799 2635 4854 Romam
2667 4797 3053 4864 subdidimus,
3087 4797 3151 4869 let
3195 4798 3620 4853 testamentario

1915 4889 2105 4945 libello
2135 4889 2267 4944 dato
2297 4896 2506 4943 zeterne
2557 4886 2926 4956 pontificibus
2978 4886 3146 4943 Urbis
3193 4886 3365 4953 illius,
3391 4885 3494 4956 qui
3525 4886 3618 4941 vi-

1913 4993 1976 5034 ce
2009 4977 2319 5048 apostolica
2346 4976 2515 5031 annis
2561 4976 2940 5046 sequentibus
2971 4975 3163 5032 sedem
3204 4975 3513 5043 tenuerint,
3547 4975 3620 5030 ad

1915 5067 2252 5136 regendum,
2294 5064 2704 5131 ordinandum,
2763 5078 2878 5118 non
2929 5071 3121 5119 tamen
3161 5071 3223 5119 ut
3253 5063 3618 5119 beneﬁciaria

1915 5162 2206 5224 potestate.
2245 5156 2508 5222 Cumque
2547 5152 2724 5207 dandi
2755 5159 2857 5208 aut
2912 5153 3349 5222 procaminandi
3386 5152 3618 5209 licentia

1917 5242 1989 5298 sit
2026 5242 2401 5312 disponenda,
2437 5249 2710 5312 perpetuo
2732 5242 3147 5310 commisimus,
3179 5249 3244 5298 ut
3268 5256 3470 5298 eorum
3502 5243 3620 5298 sol-

1917 5331 2084 5387 licitis
2131 5331 2356 5397 studiis,
2398 5337 2452 5386 et
2501 5331 2662 5402 vigili
2735 5331 3076 5401 provisione,
3123 5329 3296 5400 juxta
3362 5340 3617 5387 nostram

1917 5420 2296 5486 devotionem,
2331 5420 2530 5491 religio
2561 5420 2783 5490 pietatis
2834 5427 2888 5475 et
2917 5421 3232 5476 honestatis
3259 5421 3345 5488 {ad
3375 5420 3618 5491 gloriam

1918 5507 2016 5564 Dei
2049 5522 2270 5577 semper
2299 5508 2374 5563 ibi
2400 5517 2711 5574 excrescat,
2746 5516 2801 5565 et
2827 5508 3053 5565 fructus
3091 5510 3246 5579 apud
3287 5510 3466 5565 Deum
3501 5523 3624 5578 pro-

1918 5595 2151 5666 pensior
2194 5603 2523 5667 generetur.
2551 5596 2701 5653 Illud
2748 5605 3023 5668 perpetue
3061 5597 3293 5654 ﬁrmum
3325 5597 3618 5663 volumus,
