3930 6384
316 363 446 420 1191

1364 355 1455 409 ΑΙ)
1491 353 1643 409 ΟΡΡ.
1687 351 1843 406 VEN.
1881 346 2214 404 GUIBERTI
2253 346 2343 401 DE
2383 343 2778 402 NOVIGENTO

3705 350 3859 404 1192

306 508 370 559 ut
401 499 628 572 quoties
653 497 833 553 abbas
876 494 967 552 vel
1015 493 1308 550 abbatissa
1338 490 1407 547 de
1450 487 1705 561 praefatis
1734 491 2015 543 monaste-
2044 484 2088 539 Α
2126 481 2317 572 baldi.
2356 481 2409 572 SA.
2453 481 2712 572 Zenonis.
2856 479 3150 538 Odolardi.
3202 481 3257 539 8.
3289 483 3574 544 Odeberti.
3615 490 3673 548 S.
3729 491 3857 549 Au-

308 589 409 647 riis
440 593 704 658 respectu
739 584 936 641 divino
966 597 998 638 a
1056 581 1335 652 religione
1386 584 1583 634 nostra
1637 575 1856 632 sanctis
1884 586 2019 644 apo-

314 678 471 735 stolis
491 674 850 741 contraditis,
902 686 973 729 ex
1010 671 1117 727 hac
1151 670 1278 726 luce
1324 666 1727 739 migraverint,
1784 678 2022 736 congre-

312 766 571 838 gationes
602 763 755 833 ipsae,
791 775 938 833 quas
967 760 1035 816 de
1064 756 1494 815 venerabilibus
1530 753 1670 811 locis
1717 755 1871 810 Deus
1900 767 2020 809 esse

312 853 579 920 voluerit,
633 852 884 907 habeant
939 861 1267 905 concessam
1340 844 1451 902 sibi
1506 850 1840 916 potestatem
1886 857 2018 898 cum

316 940 783 1011 interrogatione,
822 947 1275 1006 sanctorumque
1317 934 1580 989 virorum
1626 932 1885 1000 consilio,
1933 931 2016 986 al-

313 1037 501 1086 ternm
555 1028 641 1085 vel
697 1029 936 1083 alteram
996 1025 1160 1080 bona;
1216 1023 1351 1079 vitae
1402 1029 1458 1078 et
1498 1021 1633 1077 boni
1686 1018 2014 1088 testimonii,

314 1117 631 1175 auxiliante
684 1113 1040 1177 Domino,ex
1095 1126 1200 1168 suo
1249 1111 1536 1167 consortio
1566 1117 1742 1181 atque
1782 1108 2020 1180 collegio

315 1206 559 1263 electum
580 1202 669 1259 vel
718 1202 956 1258 electam
988 1200 1356 1272 praeficiendi,
1405 1205 1786 1270 prosequente
1840 1198 2022 1269 ponti-

316 1292 436 1350 fici:
462 1305 635 1361 super
662 1291 769 1346 hac
797 1303 858 1345 re
891 1288 1246 1360 probatione,
1274 1287 1374 1359 qui
1425 1287 1617 1343 sedem
1648 1285 2019 1357 apostolicam

318 1389 461 1438 tunc
489 1378 762 1449 temporis
793 1377 1093 1434 meruerit.

383 1490 415 1521 ‹‹
437 1467 543 1524 Sed
567 1474 623 1524 et
639 1480 835 1522 rerum
866 1464 1163 1537 quantitas
1216 1463 1275 1519 in
1304 1462 1681 1532 suscipiendis
1719 1461 2017 1519 fratribus.

311 1557 400 1615 vel
417 1556 711 1612 sororibus
740 1568 965 1624 semper
984 1553 1335 1620 attendatur,
1368 1567 1439 1607 ne
1470 1551 1763 1621 superﬂuo
1810 1566 2021 1608 nume-

312 1661 375 1703 ro
425 1643 898 1716 congregationes
946 1642 1084 1713 ipsae
1142 1641 1323 1712 (quod
1354 1640 1521 1710 absit)
1572 1640 1715 1697 forte
1766 1648 2020 1711 gravatae

312 1734 676 1792 delabantur.
706 1731 866 1802 illlud
906 1744 1139 1802 quoque
1192 1744 1556 1799 summopere
1597 1743 1914 1796 monemus,
1965 1736 2019 1785 et

314 1821 424 1877 sub
473 1818 849 1876 obtestatione
900 1817 1075 1874 etiam
1131 1816 1462 1872 inhibemus
1515 1830 1586 1871 ne
1641 1815 1733 1872 cui
1792 1815 2018 1885 pietatis

314 1916 524 1965 nostrae
552 1914 753 1963 votum
783 1905 950 1962 liceat
977 1905 1047 1960 “in
1106 1914 1445 1975 perpetuum
1505 1910 1879 1973 commutare,
1928 1903 2019 1959 vel

313 2003 658 2068 praepostero
703 1994 903 2052 ordine
935 1993 1307 2064 irrumpendo
1333 1992 1702 2064 jperturbare.
1766 1992 1927 2059 Quod
1973 1992 2020 2048 si

314 2085 464 2156 quis,
510 2083 686 2153 {quod
730 2096 846 2138 non
897 2081 1186 2138 credimus
1238 2081 1522 2146 futurum,
1594 2082 2023 2152 praesumpserit

314 2173 531 2230 domini
563 2179 619 2228 et
666 2171 908 2227 senioris
954 2170 1136 2226 nostri
1173 2170 1360 2227 Caroli
1409 2169 1490 2225 Pii
1541 2170 1692 2241 regis
1738 2172 2021 2240 praecepto

313 2262 640 2328 damnatus,
662 2260 900 2315 Domino
932 2259 1044 2314 Deo
1074 2266 1268 2314 nostro
1285 2258 1521 2329 dignam
1553 2258 1685 2314 facti
1714 2258 1805 2313 sui
1840 2259 2019 2314 vicem

311 2350 363 2407 ei
394 2350 684 2415 reddente,
711 2362 784 2404 ex
828 2346 1113 2403 sententia
1154 2347 1336 2402 sancti
1389 2346 1691 2416 pontiﬁcis,
1738 2346 1920 2415 vobis,
1969 2354 2025 2403 et

312 2436 628 2508 sacrilegus
655 2442 711 2491 et
744 2448 1043 2490 sacrarum
1076 2448 1272 2489 rerum
1311 2433 1628 2501 fraudator,
1658 2448 1692 2491 a
1738 2443 1890 2492 coetu
1920 2450 2023 2506 po—

316 2524 436 2596 puli
471 2524 571 2580 Dei
600 2530 915 2580 extraneus
946 2535 1172 2592 poenam
1215 2527 1510 2589 aeternam,
1558 2520 1668 2577 nisi
1702 2521 2021 2592 resipuerit,

317 2613 599 2670 incurrat.

394 2722 415 2751 ι
452 2700 557 2757 Sed
585 2706 641 2756 et
684 2713 788 2755 vos
825 2712 1041 2766 omnes,
1089 2696 1431 2754 sanctissimi
1473 2700 1668 2754 Patres
1714 2705 1769 2755 et
1807 2699 2025 2770 episco-

317 2790 397 2862 pi,
460 2803 563 2860 per
602 2789 1038 2859 Redemptorem
1097 2786 1404 2845 Dominum
1447 2795 1707 2844 nostrum
1762 2787 2027 2858 depreca-

320 2893 475 2945 mur,
567 2886 634 2935 ut
683 2877 823 2934 huic
871 2883 1081 2934 nostra:
1157 2876 1478 2933 devotionis
1543 2892 1768 2947 semper
1816 2876 2027 2948 digne-

317 2968 459 3024 mini
510 2975 828 3034 exactores,
877 2974 931 3023 et
984 2966 1276 3037 adjutores
1333 2964 1390 3020 in
1437 2965 1706 3021 omnibus
1757 2965 2023 3022 existere.

2127 570 2322 627 storici
2378 569 2431 626 S.
2465 569 2799 626 Amalberti.
2832 591 2853 617 ι

2197 661 2412 719 Nicolai
2460 675 2622 730 papae
2658 661 2691 715 Ι
2737 658 3075 731 conﬁrmatio
3122 660 3467 728 fundationis
3510 672 3854 724 monasterii

2778 748 3183 805 Vizeliacensis.

2204 860 2225 887 ι
2259 837 2528 894 Nicolaus
2554 836 2871 907 cpiscopus,
2926 852 3132 894 servus
3178 853 3481 899 servorum
3513 845 3635 915 Dei,
3696 847 3855 904 reli-

2128 926 2321 999 giosae,
2357 934 2412 983 et
2441 927 2558 982 Deo
2598 925 2820 994 dicatae,
2853 940 2985 996 quae
3040 926 3238 984 divino
3287 937 3459 1001 nutu,
3510 933 3856 1005 divinaque

2128 1015 2487 1087 providentia
2518 1015 2576 1070 in
2600 1020 2750 1069 αδδ
2786 1014 3133 1071 monasterio
3183 1016 3354 1074 fuerit
3403 1021 3748 1090 constituta,
3826 1045 3849 1071 ι

2126 1112 2235 1161 etc.
2305 1106 2437 1160 Vide
2503 1107 2646 1161 inter
2700 1104 2957 1174 epistolas
3014 1108 3065 1159 et
3129 1104 3436 1176 diplomata
3515 1111 3747 1167 Νίσοιαί
3800 1113 3851 1178 Ι,

2129 1194 2452 1263 Patrologiz
2491 1199 2532 1249 t.
2564 1195 2751 1251 CXIX.

2127 1287 2276 1338 06?
2311 1283 2569 1353 Diploma
2622 1282 2804 1339 Caroli
2844 1282 2999 1339 Calvi
3041 1282 3423 1349 fundationem
3460 1288 3852 1358 approbantis

2595 1372 2979 1427 Vizeliacensis
3017 1376 3357 1429 monasterii.

2205 1482 2227 1510 ι
2276 1461 2343 1516 In
2391 1459 2622 1516 nomine
2660 1466 2872 1516 sanctae
2923 1466 2978 1516 et
3008 1460 3325 1518 individuae
3354 1463 3676 1522 Trinitatis.
3712 1467 3844 1524 Ca-

2130 1549 2290 1605 rolus
2314 1549 2410 1604 Dei
2438 1549 2625 1620 gratia
2652 1562 2780 1604 rex.
2821 1548 2876 1604 Si
2906 1549 3185 1606 nobilium
3217 1558 3271 1607 et
3300 1551 3635 1622 illustrium,
3669 1576 3692 1604 ι
3720 1564 3842 1612 etc.

2136 1638 2273 1694 Vide
2287 1641 2429 1691 inter
2441 1638 2741 1707 diplomata
2761 1638 2944 1693 Caroli
2964 1638 3120 1694 Calvi
3133 1639 3474 1708 Patrologiae,
3503 1646 3541 1697 ι.
3568 1645 3842 1699 CXXIV.

2198 1732 2349 1782 058
2381 1726 2615 1797 Aliquot
2645 1734 2771 1796 post
2824 1726 3014 1795 annis,
3046 1728 3602 1787 'sanctimonialibus
3624 1745 3843 1788 aman-

2126 1815 2294 1879 datis,
2330 1816 2389 1870 in
2434 1815 2825 1873 Vezeliacense
2884 1815 3209 1872 ctenobium
3259 1831 3578 1875 successere
3622 1833 3846 1875 mona-

2127 1905 2257 1971 chi;
2292 1903 2395 1975 qui
2419 1904 2649 1960 tandem
2676 1903 2940 1973 pluribus
2968 1904 3194 1960 saeculis
3221 1904 3427 1975 elapsis
3467 1920 3620 1963 anno
3655 1908 3846 1963 nimi-

2129 2007 2259 2049 rum
2301 1995 2452 2059 l537,
2492 1992 2740 2048 obtentis
2760 1992 2890 2048 dolo
2919 2006 2954 2049 a
2979 2007 3206 2049 summo
3237 1994 3502 2063 pontiﬁce
3531 1995 3712 2052 Paulo
3763 1997 3845 2051 Ill

2129 2082 2332 2139 litteris
2364 2081 2614 2149 bullatis,
2646 2080 2942 2137 cucullum
2991 2081 3427 2151 abdicaverunt,
3490 2098 3556 2140 ac
3586 2084 3840 2141 saecula-

2130 2171 2281 2228 rium
2311 2170 2724 2227 canonicorum
2755 2184 2942 2226 mores
2958 2178 3012 2227 et
3043 2179 3223 2227 vestes
3253 2172 3507 2229 induere.

2203 2256 2321 2330 (“’9)
2369 2259 2503 2316 CAP.
2564 2258 2665 2314 IX.
2713 2287 2784 2299 -—
2829 2259 3016 2313 Abbas
3072 2264 3259 2330 autem
3314 2261 3504 2316 Sancti
3559 2263 3844 2317 Vincentii

2133 2348 2423 2404 Adalbero.
2457 2346 2634 2414 Quem
2662 2361 2839 2417 supra
2868 2347 3034 2404 seriei
3091 2348 3368 2407 abbatum
3418 2350 3488 2409 ’8.
3544 2350 3836 2407 Vincentii

2133 2436 2532 2495 Laudunensis
2558 2435 2979 2503 accensuimus,
3018 2444 3219 2508 estque
3249 2438 3609 2496 undecimus.

2201 2524 2320 2598 (“0)
2367 2524 2502 2583 CAP.
2547 2523 2619 2579 X.
2666 2553 2736 2566 —
2779 2526 2859 2581 Et
2895 2524 3136 2581 Salbano
3175 2528 3498 2597 superjecto.
3544 2530 3696 2601 Lege
3732 2531 3837 2585 Sa-

2134 2616 2290 2670 bano.
2339 2615 2460 2678 Quo
2532 2612 2708 2669 verbo
2747 2626 2887 2669 usus
2928 2620 3015 2669 cst
3061 2622 3264 2671 auctor
3299 2623 3501 2672 noster
3552 2615 3702 2672 libro
3749 2617 3835 2672 De

2133 2703 2486 2775 virginitate,
2524 2715 2650 2772 cap.
2683 2702 2773 2756 10.
2821 2721 2850 2751 ‹‹
2878 2700 3224 2773 Sabanoque
3270 2717 3337 2760 ac
3362 2704 3622 2761 vestibus
3681 2718 3753 2760 ac
3786 2705 3837 2760 si

2133 2792 2556 2851 somnolentum
2608 2789 2841 2860 operiri.
2879 2811 2907 2840 »
2942 2791 3047 2847 Pro
3076 2791 3249 2848 linteo
3279 2799 3618 2863 usurpatur,
3673 2793 3842 2850 velut

2135 2880 2361 2951 antiqui
2390 2878 2695 2949 scriptores
2739 2885 3061 2948 exponunt.
3113 2878 3310 2935 Victor
3355 2880 3632 2936 Uticensis
3689 2880 3840 2937 libro

2136 2969 2302 3028 tertio
2330 2975 2464 3024 ante
2520 2966 2799 3022 medium.
2852 2965 3088 3023 Muritta
3124 2966 3403 3024 diaconus
3440 2968 3839 3038 Elpidoforum

313 3057 471 3123 Quod
507 3056 565 3113 in
596 3056 765 3112 finem
796 3055 1147 3112 monendum
1180 3054 1252 3110 sit
1281 3054 1390 3124 piis
1428 3061 1483 3111 et
1507 3053 1859 3111 charissimis
1916 3068 2027 3109 no—
2056 3084 2093 3142 ε
2136 3057 2475 3117 Christianae
2516 3054 2808 3125 religionis
2855 3054 3220 3122 desertorem,
3254 3069 3321 3112 ac
3359 3057 3650 3113 crudelem
3705 3071 3840 3128 per-

315 3146 447 3202 stris
476 3146 659 3203 servis
684 3145 783 3202 Dei
832 3145 891 3201 in
930 3143 1290 3200 monasteriis
1334 3150 1494 3200 tanto
1539 3142 1729 3200 studio
1773 3156 1806 3199 a
1856 3142 2023 3199 nobis

316 3234 587 3303 fundatis,
626 3232 990 3305 degentibus,
1022 3239 1076 3289 et
1108 3232 1205 3303 pia
1251 3238 1307 3287 et
1336 3230 1497 3303 vigili
1520 3244 1663 3287 cura
1704 3230 2023 3288 devotionis

314 3330 369 3379 et
396 3322 687 3394 religionis
712 3322 803 3391 sit,
846 3344 866 3372 ‹
902 3329 1078 3392 atque
1102 3321 1161 3375 in
1202 3320 1473 3377 omnibus
1500 3334 1560 3376 se
1588 3318 1901 3376 exhibeant
1938 3319 2023 3375 si-

315 3419 413 3468 cut
438 3411 534 3468 Dei
570 3411 881 3479 ministros,
920 3409 1140 3465 nemini
1173 3408 1374 3464 dantes
1432 3408 1612 3465 ullam
1651 3407 2023 3465 offensionem

315 3500 685 3571 vituperandi
720 3499 817 3571 (II
847 3500 966 3556 Cor.
997 3513 1075 3565 vi,
1137 3496 1191 3567 3)
1248 3518 1269 3546 ›
1305 3497 1797 3567 religiosissimum
1846 3504 1901 3553 et
1932 3510 2025 3553 sa-

314 3602 477 3644 crum
522 3588 785 3644 ordinem
844 3586 1179 3643 monasterii
1225 3585 1336 3653 sui,
1385 3593 1450 3642 ut
1498 3586 1824 3655 apostolica:
1874 3586 2025 3642 sedis

315 3676 571 3746 pontifex
597 3676 671 3732 sit
693 3676 775 3731 eis
805 3682 994 3732 rector
1034 3674 1323 3740 assiduus,
1371 3673 1698 3730 consolator
1729 3682 1784 3731 et
1835 3680 2022 3745 tutor;

315 3770 607 3835 quatenus
658 3764 882 3835 corpori
938 3770 993 3820 et
1048 3762 1323 3819 membris
1356 3761 1622 3818 Ecclesiae
1693 3762 2028 3819 fidelissima

314 3852 594 3908 charitate
624 3860 680 3908 et
727 3850 1161 3923 religiosissima
1218 3850 1543 3908 obedientia
1588 3850 1798 3921 juncti,
1851 3850 2022 3907 etiam

317 3940 488 4011 capiti
515 3940 691 3998 totius
728 3940 1004 4015 corporis,
1041 3939 1199 4011 quod
1224 3948 1309 3997 est
1348 3939 1630 4008 Christus,
1693 3947 2028 3997 mereantur

317 4043 593 4101 compage
632 4029 861 4086 sociari.

393 4138 414 4167 ι
463 4118 579 4174 Hoc
626 4126 819 4175 autem
877 4124 1288 4174 testamentum
1337 4116 1507 4188 plena
1540 4130 1575 4171 a
1623 4115 1791 4173 nobis
1821 4116 2027 4187 pietate

316 4212 372 4261 et
414 4205 720 4262 devotione
780 4204 1125 4273 confectum,
1164 4212 1227 4261 ut
1247 4204 1403 4261 omni
1433 4211 1696 4273 tempore
1725 4203 2029 4274 irrefraga-

319 4293 489 4349 bilem
518 4294 775 4350 obtineat
808 4293 1159 4361 firmitatem,
1206 4293 1380 4349 etiam
1437 4306 1649 4348 manus
1713 4300 1941 4360 nostrae,
1972 4298 2028 4348 et

2132 3154 2469 3211 secutorem,
2503 3157 2675 3214 quem
2715 3157 2746 3199 e
2774 3155 2938 3205 sacro
2969 3143 3123 3199 fonte
3170 3151 3519 3214 susceperat,
3582 3145 3842 3216 alloqui-

2131 3245 2275 3294 tur:
2336 3255 2358 3283 ο
2412 3232 2567 3290 Clam
2606 3230 2764 3288 furto
2800 3231 3186 3289 nescientibus
3249 3233 3472 3289 cunctis
3537 3234 3843 3305 bajulabat

2132 3324 2249 3391 illa,
2281 3322 2498 3393 quibus
2526 3334 2660 3377 eum
2705 3320 3023 3391 suscipiens
3052 3320 3121 3377 de
3149 3321 3301 3378 fonte
3347 3322 3572 3379 dudum
3612 3331 3841 3380 texerat

2134 3411 2369 3467 sabana.
2405 3429 2433 3461 ι)
2470 3410 2539 3464 Ει
2588 3408 2740 3464 infra
2788 3409 2928 3479 quid
2974 3408 3261 3466 sabanum
3303 3410 3571 3480 explicat.
3631 3433 3653 3460 ι
3703 3412 3838 3467 Haec

2132 3507 2269 3557 sunt
2300 3497 2654 3565 linteamina,
2685 3497 3027 3567 Elpidofore,
3053 3512 3185 3568 quae
3207 3505 3258 3554 te
3284 3499 3661 3568 accusabunt,
3693 3494 3863 3555 dum

2133 3590 2402 3659 majestas
2434 3587 2656 3643 venerit
2694 3585 3028 3656 judicantis.
3072 3607 3093 3635 ι
3129 3586 3352 3643 Videsis
3400 3595 3665 3644 sanctum
3695 3587 3835 3644 Gre-

2134 3677 2359 3749 gorium
2403 3689 2630 3746 papam,
2685 3674 2830 3731 libro
2878 3689 2953 3743 tv,
3011 3675 3231 3747 Dialog.
3283 3690 3409 3746 cap.
3442 3678 3533 3744 55,
3574 3676 3642 3733 de
3683 3676 3835 3734 Cen-

2133 3764 2491 3823 tumcellensi
2546 3763 2894 3833 presbytero,
2946 3772 3214 3820 sanctum
3286 3764 3643 3822 Bonifacium
3708 3765 3833 3821 Mo-

2135 3860 2299 3926 gunt.
2328 3852 2492 3923 epist.
2530 3849 2595 3907 tO
2621 3858 2677 3908 et
2715 3851 2824 3906 145
2872 3851 2934 3908 in
2961 3851 3102 3921 line;
3138 3852 3385 3909 Paulum
3434 3867 3644 3924 papam
3680 3854 3723 3920 Ι,
3760 3853 3835 3909 ad

2136 3941 2443 4012 Pippinum
2495 3954 2710 4011 regem,
2779 3946 2929 3996 tomo
2986 3940 3067 3996 IIl
3134 3940 3277 3997 Hist.
3321 3943 3526 3997 Franc.
3593 3941 3834 3998 Andreae

2135 4031 2437 4088 Duchesne
2469 4043 2599 4100 pag.
2628 4031 2755 4083 746.

2207 4118 2324 4190 (ιιι)
2372 4120 2505 4173 lBID.
2554 4146 2625 4157 --
2671 4118 2892 4172 Delatus
2940 4116 3017 4172 ad
3056 4118 3352 4187 ecclesiam,
3403 4126 3511 4175 etc.
3562 4118 3833 4185 —Quare

2136 4207 2196 4262 in
2242 4205 2480 4263 ecclesia
2529 4204 2642 4261 San
2685 4204 3069 4262 Vincentiana
3108 4206 3371 4276 sepultus
3398 4206 3570 4263 fuerit
3611 4206 3833 4264 Galdri-

2137 4310 2240 4351 cus
2269 4308 2355 4365 ep.
2388 4293 2669 4350 rationem
2701 4293 2965 4350 dedimus
2993 4294 3052 4348 in
3074 4293 3390 4350 summario
3413 4294 3556 4351 Hist.
3583 4288 3828 4365 ejusdem

318 4379 637 4436 illustrium
667 4380 925 4437 virorum
957 4380 1479 4452 subscriptionibus
1521 4380 1825 4438 sanximus
1856 4380 2022 4437 robo-
2049 4389 2098 4444 ι)
2137 4382 2506 4452 monasterii;
2534 4382 2690 4453 quod
2724 4381 3002 4438 nimirum
3042 4381 3279 4438 ecclesia
3304 4381 3403 4438 illa
3445 4383 3827 4453 episcoporum

318 4465 590 4522 randum.

394 4576 417 4603 ι
472 4554 525 4610 8.
593 4554 830 4612 Gerardi
917 4557 1160 4627 comitis,
1224 4556 1277 4613 8.
1336 4558 1558 4614 Berthze
1597 4555 1864 4629 conjugis
1928 4557 2031 4628 qui

321 4643 469 4699 hanc
497 4644 843 4702 oblationem
877 4647 991 4702 Deo
1020 4660 1122 4717 pro
1166 4646 1416 4703 remedio
1448 4645 1656 4703 animze
1695 4660 1815 4703 suae
1856 4646 2033 4703 obtu-

319 4730 529 4800 lerunt,
562 4740 619 4789 et
675 4740 1014 4791 testamento
1044 4734 1219 4805 “facto
1262 4734 1664 4803 ﬁrmaverunt,
1721 4742 1897 4807 atque
1928 4734 2030 4792 [ir-

318 4821 467 4875 mari
502 4821 827 4892 jusserunt.

393 4930 420 4957 «
454 4909 507 4964 8.
561 4911 698 4967 Evze
734 4911 862 4968 filize
924 4912 1182 4982 ipsorum
1223 4925 1355 4983 quae
1405 4910 1761 4967 voluntatem
1815 4925 2030 4981 paren-

320 5002 464 5058 tum.
495 5004 549 5053 et
578 4998 923 5056 oblationem
956 5001 1069 5056 Deo
1099 5000 1327 5068 factam,
1362 4999 1649 5055 audiendo
1673 5006 1729 5055 et
1788 4999 2031 5057 firman-

320 5084 392 5139 do
421 5086 741 5154 consentiit,
766 5087 1175 5145 consentiendo
1203 5087 1601 5159 fconﬁrmavit.

397 5194 417 5220 α
454 5171 507 5227 8.
564 5173 850 5230 Sanvarii.
908 5176 962 5232 8.
1024 5176 1291 5233 Simonis.
1320 5176 1374 5231 S.
1431 5175 1665 5245 Fanvel,
1700 5174 1754 5232 S.
1797 5176 2028 5234 Bauna-

324 5259 395 5313 ri.
446 5259 501 5314 8.
556 5261 848 5318 Widerici.
909 5263 965 5319 S.
1017 5263 1276 5319 Gerardi.
1310 5265 1364 5320 S.
1400 5264 1655 5321 Rotardi.
1687 5264 1742 5321 S.
1789 5265 2024 5322 Abonis.

324 5346 377 5402 S.
432 5349 721 5419 Auzgarii.
778 5351 833 5407 S.
868 5351 1093 5421 Optadi.
1146 5352 1198 5408 S.
1258 5352 1490 5410 Galfari.
1527 5353 1581 5409 S.
1635 5354 1896 5410 Athonis.
1969 5353 2024 5410 S.

324 5435 564 5491 Ardulli.
627 5437 681 5493 S.
741 5439 1051 5495 Bercharii.
1110 5440 1164 5495 S.
1226 5442 1588 5512 Raganaudi.
1626 5442 1679 5498 S.
1726 5442 2021 5499 Leuderci.

326 5522 381 5578 S.
412 5524 650 5581 Alverti.
693 5526 746 5582 S.
805 5526 1152 5582 Fredeberti.
1208 5528 1262 5583 S.
1298 5529 1609 5599 Radulphi.
1657 5529 1711 5584 S.
1765 5529 2023 5587 Gerardi.

326 5611 379 5666 S.
433 5612 717 5683 Sigiberti.
787 5614 841 5670 8.
911 5613 1224 5670 Gislemari.
1300 5616 1355 5670 8.
1417 5615 1731 5672 Gauzelini.
1781 5618 1833 5673 S.
1892 5619 2029 5687 Λπ-

2142 4470 2618 4528 Laudunensium
2650 4471 2825 4527 fuerit
2868 4471 3277 4528 coemeterium.
3314 4471 3676 4542 Epitaphium
3712 4471 3829 4527 Gal-

2140 4559 2284 4616 drici
2322 4574 2463 4630 pene
2500 4559 2851 4615 obiteratum
2894 4565 3111 4630 prostat
3160 4566 3291 4616 ante
3348 4559 3528 4616 altare
3558 4558 3621 4629 VS.
3664 4559 3823 4614 Bene.

2139 4647 2274 4705 dicti
2300 4647 2359 4703 in
2394 4647 2516 4703 haec
2534 4646 2741 4703 verba:

2210 4783 2443 4837 Fructus
2468 4796 2725 4849 amorque
2745 4780 2947 4848 gregis,
2980 4782 3265 4849 utriusque
3305 4780 3571 4836 modestia
3600 4781 3743 4849 legis.

2287 4855 2478 4909 Vivere
2498 4852 2628 4907 dum
2656 4853 2812 4906 licuit
2849 4852 3161 4906 Waldricus
3188 4855 3291 4906 iste
3314 4853 3446 4918 fuit.

2207 4924 2426 4979 Praesul
2440 4922 2736 4993 prudentis
2763 4937 2928 4991 super
2963 4922 3084 4978 alta
3101 4925 3318 4989 negotia
3335 4925 3542 4978 mentis.

2277 4996 2525 5051 Ecclesiae
2544 4995 2762 5065 clypeus
2788 4997 2863 5049 sit
2890 5008 3020 5049 suus
3050 4993 3177 5048 inde
3212 4994 3378 5048 Deus.

2210 5108 2223 5121 .
2305 5104 2320 5120 .
2400 5106 2412 5119 .
2496 5105 2508 5119 .
2587 5106 2598 5120 .
2676 5105 2690 5120 .
2772 5104 2785 5119 .
2868 5104 2882 5119 .
2963 5105 2975 5118 .
3056 5105 3070 5119 .
3155 5064 3684 5133 Vimterrarecepit

2213 5174 2226 5190 .
2306 5176 2321 5191 .
2402 5174 2415 5190 .
2495 5175 2509 5190 .
2590 5175 2607 5192 .
2683 5154 2730 5190 .·
2782 5177 2794 5190 .
2874 5136 3495 5204 .Pastoremjugulavit
3533 5138 3661 5190 ocis.

2205 5267 2327 5338 (¹¹²)
2367 5266 2497 5324 CAP.
2547 5266 2648 5323 XI.
2700 5297 2770 5307 —
2832 5269 3094 5324 Thomam
3142 5270 3285 5323 enim
3333 5267 3739 5335 Codiciacensis,
3767 5272 3827 5322 ut

2136 5356 2362 5421 dicitur,
2417 5358 2614 5425 ﬁlium.
2668 5356 2802 5412 Late
2839 5356 3010 5412 etiam
3064 5356 3341 5412 nefandos
3389 5356 3619 5411 Thomae
3655 5369 3824 5412 mores

2134 5443 2259 5499 suis
2308 5443 2596 5499 coloribus
2645 5444 2908 5516 depingit
2954 5444 3235 5516 Sugerius
3274 5446 3333 5500 in
3382 5445 3513 5501 Vita
3575 5444 3823 5501 Ludovici

2135 5532 2346 5596 Grossi,
2403 5546 2533 5604 pag.
2584 5536 2674 5589 97.
2719 5534 2860 5591 Hist.
2910 5536 3115 5590 Franc.
3162 5541 3297 5591 tom.
3348 5534 3444 5601 IV,
3507 5533 3578 5589 ab
3622 5534 3824 5591 Andrea

2137 5620 2456 5676 Dueliesne.
2488 5621 2818 5691 Alijuando
2857 5621 3235 5677 nihilominus
3262 5621 3423 5678 illum
3460 5620 3647 5692 ipsum
3686 5623 3824 5679 Tho-
