3930 6414
163 347 303 401 1193

1428 339 1643 396 DOMNI
1681 341 1744 394 L.
1795 337 2141 393 D'ACHERY
2180 334 2406 392 NOTAE.

3534 338 3669 391 1194-

142 489 303 530 mam
348 472 644 544 religionis
698 471 977 528 cultorem
1041 469 1346 538 exstitisse,
1405 470 1856 540 exhibuisseque
1887 477 1928 529 A
1966 467 2099 524 duci
2131 467 2354 538 opinor.
2388 471 2461 524 At
2493 469 2787 538 quodnam
2817 468 3186 524 instrumenti
3225 469 3345 525 sive
3387 469 3668 526 machina

151 563 382 636 pietatis
410 561 686 618 exercitia
725 561 1080 616 demonstrat
1110 561 1469 630 subsequens
1491 560 1692 614 charta
1722 574 1734 612 :

233 693 253 719 ι
289 672 354 726 In
397 669 628 725 nomine
697 666 900 729 Patris,
953 674 1009 721 et
1050 665 1196 733 Filii,
1263 673 1319 722 et
1365 666 1612 735 Spiritus
1656 665 1858 721 sancti.

147 761 276 830 Ego
308 760 556 814 Thomas
587 756 685 812 Dei
735 755 923 826 gratia
968 755 1384 810 Codiciacensis
1413 755 1702 821 dominus,
1728 769 1864 823 per-

150 848 412 918 pendens
455 852 677 916 quanta
706 852 919 900 sancta
961 843 1228 898 Ecclesia
1286 843 1608 899 reverentia
1651 843 1863 899 debea-

156 945 277 1004 tur,
323 952 454 1006 qua
495 935 601 989 sub
647 934 760 987 Deo
803 933 968 986 Patre
1020 931 1200 986 Mater
1245 939 1440 986 nostra
1486 939 1772 997 vocatur;
1806 930 1862 984 in

155 1039 278 1094 qua
321 1038 421 1093 per
470 1021 826 1090 baptismatis
874 1028 1303 1076 sacramentum
1351 1032 1782 1089 regeneramur,
1812 1025 1866 1073 et

155 1128 233 1169 ex
263 1126 380 1182 qua
412 1110 482 1166 ad
514 1108 972 1179 supercmlestem
1006 1108 1324 1164 Jerusalem
1364 1115 1613 1163 nostram
1646 1105 1866 1176 princi-

157 1201 367 1270 paliter
412 1206 656 1253 matrem
704 1195 1065 1266 colligimur:
1118 1196 1415 1250 ecclesiam
1457 1196 1632 1250 beata
1672 1194 1864 1251 Maria

157 1287 468 1357 Novigenti
519 1285 628 1341 sub
677 1293 871 1340 nostro
917 1291 1040 1353 post
1079 1284 1258 1339 Deum
1312 1283 1649 1354 patrocinio,
1694 1291 1749 1339 et
1797 1283 1866 1338 de

159 1375 375 1430 nostris
406 1373 698 1430 beneficiis
740 1372 1131 1439 constitutam,
1175 1373 1522 1442 prospiciens
1549 1371 1865 1442 plurimum

159 1477 195 1518 a
226 1463 419 1519 debita
477 1462 738 1517 libertate
796 1460 1143 1526 claudicare,
1192 1468 1247 1516 et
1309 1460 1707 1517 ministrorum
1757 1474 1866 1514 no-

158 1558 413 1607 strorum
449 1549 928 1619 usurpationibus
960 1547 1360 1605 miserabiliter
1389 1550 1706 1620 subjacere,
1741 1548 1862 1613 tali,

165 1640 279 1694 Deo
309 1638 646 1708 inspirante,
683 1638 1062 1707 prarogativa
1102 1637 1354 1706 disposui
1394 1638 1704 1707 insignire;
1738 1650 1865 1692 eam

157 1728 316 1783 enim
378 1727 779 1793 reverentiam,
833 1740 1010 1796 quam
1070 1726 1142 1782 ab
1201 1727 1658 1781 antecessoribus
1726 1725 1868 1779 meis

1970 571 2154 628 genus
2177 557 2350 613 fuerit
2380 557 2681 613 siccatoria
2711 559 2971 614 nondum
3002 557 3134 628 legi.

2041 645 2157 715 (¹¹⁴)
2189 645 2319 701 CAP.
2355 645 2507 702 XIV.
2539 675 2605 686 -—
2637 647 2748 712 Quo
2795 647 3093 712 decedente,
3136 649 3237 700 iste
3267 647 3519 713 legitime.
3567 645 3672 701 Per

1969 746 2029 788 se
2061 739 2214 801 patet
2243 731 2695 788 demonstrativo
2723 735 2824 786 iste
2873 732 3376 800 Bartholomaum,
3407 731 3509 802 qui
3544 733 3670 787 Hu—

1971 820 2104 891 goni
2145 821 2438 886 successit,
2485 821 2558 876 ab
2603 828 2836 876 auctore
2885 821 3256 892 subintelligi.
3302 821 3381 876 De
3430 835 3547 890 quo
3591 820 3672 875 sic

1971 908 2314 964 Guillelmus
2357 909 2691 980 Nangiacus
2718 909 2775 964 iu
2818 909 2958 964 Hist.
2995 925 3098 965 ms.
3152 924 3247 964 an.
3293 911 3447 963 1113.
3494 931 3514 957 ι
3551 907 3672 974 Quo

1973 996 2256 1068 (Hugone)
2303 1004 2429 1068 post
2476 1006 2690 1067 septem
2741 1012 2963 1052 menses
3000 1004 3252 1065 mortuo,
3304 998 3395 1054 vir
3433 998 3674 1054 illustris

1971 1083 2424 1140 Bartholomaus
2472 1085 2544 1140 ad
2575 1085 2970 1154 episcopatum
3024 1084 3374 1140 Laudunica
3423 1085 3674 1141 civitatis

1970 1173 2346 1242 provehitur;
2405 1173 2576 1244 cujus
2627 1173 2913 1229 industria
2986 1173 3326 1244 episcopalis
3411 1174 3669 1242 ecclesia,

1972 1275 2104 1330 qua
2134 1261 2368 1316 incensa
2409 1261 2616 1329 fuerat,
2674 1261 2732 1318 in
2788 1262 2948 1317 brevi
3006 1271 3293 1332 reparata,
3351 1271 3504 1331 est,»
3564 1272 3668 1319 etc.

1971 1349 2139 1405 Gesta
2194 1349 2590 1406 Bartholomai
2642 1359 2897 1406 recenset
2939 1351 3306 1406 Hermannus
3349 1351 3406 1406 in
3437 1353 3672 1422 Appen-

1971 1437 2132 1507 dice;
2189 1438 2313 1508 qui,
2365 1439 2520 1508 quod
2570 1439 2718 1494 inter
2774 1447 2980 1496 catera
3040 1439 3111 1494 ab
3155 1439 3353 1495 eodem
3410 1439 3674 1510 episcopo

1971 1527 2244 1595 praclare
2299 1536 2425 1583 acta
2489 1528 2782 1583 abbatiam
2841 1529 3282 1584 Fusniacensem
3351 1541 3674 1599 congrega—

1971 1614 2142 1670 tionis
2171 1615 2556 1671 Cisterciensis
2598 1616 2918 1672 condidisse
2957 1617 3222 1684 affirmet,
3274 1630 3462 1686 pauca
3512 1617 3675 1686 ejus-

1972 1702 2100 1758 dem
2145 1703 2499 1760 fundationis
2545 1719 2618 1760 ex
2682 1705 2921 1774 ipsomet
2971 1705 3340 1761 Fusniacensi
3387 1705 3675 1762 tabulario

163 1816 348 1871 eidem
382 1814 634 1870 ecclesia
680 1775 998 1882 impensam
1044 1813 1314 1883 comperi,
1373 1814 1603 1882 scripto,
1655 1822 1704 1868 et
1753 1826 1866 1868 au-
1898 1775 1937 1828 Β
1976 1789 2206 1857 haus”,
2237 1799 2494 1847 ΓθίθΧθΓθ
2520 1791 2746 1848 libitum
2777 1799 2896 1848 θεῖε

163 1905 428 1960 ctoritate
464 1912 675 1970 nostra,
720 1911 774 1958 et
819 1917 1123 1973 procerum
1168 1910 1494 1958 nostrorum
1542 1901 1866 1958 testimonio

166 1993 444 2050 roborare
470 1991 716 2047 decrevi.

247 2123 267 2150 σ
307 2101 467 2155 Intra
496 2099 835 2155 constitutos
882 2097 1059 2169 igitur
1091 2098 1366 2153 terminos
1410 2097 1692 2154 ambitum
1718 2096 1867 2152 villa

169 2187 352 2258 ipsius
395 2187 473 2244 ita
502 2187 745 2243 liberum
777 2200 898 2241 esse
941 2186 1146 2242 debere
1189 2188 1542 2254 censuimus,
1579 2193 1641 2242 ut
1671 2186 1870 2241 nullus

168 2277 446 2332 clientum
495 2275 585 2330 vel
634 2276 1072 2345 praepositorum
1119 2283 1448 2331 nostrorum
1495 2277 1645 2331 intra
1688 2274 1870 2345 ipsius

169 2365 469 2429 terminos,
503 2377 608 2418 nec
639 2363 947 2428 hominem,
997 2378 1102 2418 nec
1146 2363 1365 2433 aliquid
1407 2378 1610 2434 capere
1639 2364 1867 2431 audeat,

171 2453 261 2508 vel
303 2452 625 2523 quidquam
672 2466 706 2506 a
748 2465 1045 2522 quoquam
1095 2452 1248 2508 ullus
1295 2452 1616 2520 hominum,
1667 2460 1872 2522 prater
1948 2489 1969 2509 .

167 2541 437 2597 abbatem
464 2547 519 2596 et
551 2541 879 2607 monachos,
933 2547 1242 2609 prasumat
1293 2539 1570 2595 violenter
1618 2539 1867 2610 exigere,

164 2630 267 2685 sed
297 2643 331 2684 a
353 2629 578 2685 cunctis
617 2629 1034 2684 invasionibus.
1072 2642 1138 2684 ac
1162 2629 1206 2684 si
1240 2637 1520 2694 sacratus,
1555 2628 1626 2683 sit
1654 2627 1871 2684 immu-

165 2718 441 2774 nislocus
491 2718 629 2787 ipse.
673 2716 945 2772 Homines
970 2715 1074 2772 loci
1119 2716 1300 2786 ipsius
1348 2724 1556 2786 prater
1589 2717 1869 2787 quinque,

165 2820 318 2876 quos
364 2807 507 2862 mihi
551 2804 788 2873 retinui,
839 2805 953 2861 Deo
989 2813 1044 2861 et
1075 2805 1340 2862 Ecclesia
1372 2806 1690 2861 servituros
1718 2806 1875 2861 dere-

167 2893 336 2964 liqui,
371 2909 517 2965 quos
564 2893 695 2949 nolo
740 2893 946 2950 amodo
993 2909 1096 2964 pro
1132 2909 1256 2950 meo
1293 2894 1544 2957 servitio.
1592 2894 1700 2949 nisi
1739 2909 1872 2950 cum

164 2982 394 3038 abbatis
420 2989 476 3038 et
505 2981 750 3038 fratrum
785 2981 1015 3038 licentia
1047 2989 1102 3037 et
1134 2982 1431 3038 voluntate
1463 2981 1680 3052 urgeri.
1713 2979 1872 3048 Quod

167 3070 216 3126 si
249 3071 382 3141 quis
409 3084 610 3126 eorum
641 3084 789 3140 quos
815 3069 955 3125 mihi
987 3071 1204 3126 retineo
1221 3070 1293 3124 ad
1323 3084 1412 3125 me
1440 3070 1635 3124 venire
1666 3069 1873 3124 nolue-
1903 3072 1942 3126 C

169 3160 266 3225 rit,
302 3174 436 3215 cum
467 3174 600 3215 eum
623 3173 725 3229 per
764 3159 1094 3216 ministrum
1137 3173 1330 3215 meum
1362 3158 1731 3224 mandavero,
1762 3157 1870 3212 ab-

170 3248 286 3304 bati
315 3254 679 3318 suggeretur,
712 3247 803 3302 vel
836 3247 1030 3317 priori,
1065 3255 1166 3302 aut
1196 3246 1517 3316 praposito,
1548 3253 1612 3301 ut
1639 3259 1773 3301 eum
1797 3244 1869 3299 ad

170 3351 260 3392 me
291 3336 484 3392 venire
511 3335 698 3392 faciat.
746 3335 802 3391 Si
852 3343 1082 3405 propter
1115 3335 1382 3390 abbatem
1428 3334 1624 3390 venire
1671 3334 1867 3389 nolue—

170 3424 264 3490 rit,
301 3438 608 3494 nunquam
660 3437 762 3494 per
792 3422 1046 3493 aliquem
1079 3423 1380 3479 hominum
1416 3437 1673 3478 meorum
1721 3422 1873 3477 intra

169 3513 493 3569 districtum
531 3511 800 3568 territorii
847 3511 1098 3566 ecclesia
1144 3511 1424 3580 capietur.
1479 3510 1585 3566 Sed
1629 3517 1693 3568 ut
1720 3510 1872 3566 intra

168 3599 494 3655 districtum
526 3598 698 3654 castri
734 3599 843 3654 mei
871 3599 1078 3667 valeat,
1111 3607 1492 3668 exspectetur.

246 3727 266 3754 ι
308 3706 377 3761 Et
401 3705 449 3760 si
481 3705 553 3760 ab
584 3705 692 3760 hac
722 3705 811 3761 die
839 3705 897 3760 in
921 3713 1212 3775 posterum
1243 3705 1456 3776 aliquis
1488 3713 1764 3762 externus
1794 3703 1871 3760 ibi

171 3795 432 3851 habitare
472 3793 739 3861 voluerit,
774 3795 818 3850 si
859 3794 1234 3864 probabiliter
1263 3794 1408 3850 liber
1455 3803 1556 3860 est,
1607 3794 1873 3852 Ecclesia

167 3883 405 3940 servitio
468 3895 526 3938 se
565 3883 897 3952 mancipare
947 3882 1171 3952 poterit.
1223 3881 1492 3938 Similiter
1529 3890 1584 3938 et
1627 3883 1871 3939 advena.

169 3971 330 4038 Quod
361 3971 407 4024 si
448 3969 697 4042 alicujus
750 3970 933 4027 sancti
981 3985 1112 4027 eum
1161 3985 1283 4027 esse
1325 3971 1659 4040 constiterit,
1711 3985 1875 4030 meus

175 4061 302 4116 erit.
337 4081 357 4106 ι

244 4165 376 4236 (τίν)
411 4165 545 4220 Iam.
596 4195 665 4204 -—-
712 4165 886 4219 Facta
926 4171 1053 4220 sunt
1095 4165 1223 4231 hac,
1268 4172 1374 4221 etc.
1427 4165 1747 4223 Consimilis
1791 4176 1876 4224 est

175 4253 298 4309 istis
327 4254 585 4309 canonici
636 4253 1036 4310 Laudunensis
1063 4255 1352 4310 enarratio
1382 4269 1392 4308 :
1426 4275 1454 4304 α
1491 4257 1656 4311 Anno
1678 4257 1875 4312 Domi-

173 4343 233 4398 ni
285 4345 440 4410 H12,
498 4342 857 4398 Waldericus
915 4343 1314 4399 Laudunensis
1379 4345 1677 4414 episcopus
1742 4360 1874 4402 cum

173 4431 330 4487 cives
356 4431 536 4502 ipsius
583 4431 745 4486 urbis
782 4445 815 4486 a
866 4439 1227 4488 sacramento
1267 4437 1419 4486 659
1461 4432 1672 4502 jurata
1724 4449 1878 4489 com-

177 4519 474 4576 munitatis
502 4519 817 4576 studuisset
855 4534 1146 4588 revocare,
1188 4521 1409 4576 civibus
1453 4521 1510 4575 in
1541 4522 1876 4578 seditionem

174 4608 375 4676 versis,
392 4623 524 4663 cum
538 4607 890 4677 quibusdam
906 4608 1169 4665 fidelibus
1181 4609 1301 4664 suis
1313 4608 1604 4665 nobilibus
1614 4613 1661 4665 ei
1677 4611 1881 4665 subve-

177 4696 300 4753 nire
319 4696 667 4763 volentibus,
701 4695 881 4752 armis
917 4711 1115 4762 eorum
1152 4698 1419 4768 nequiter
1456 4705 1540 4754 est
1583 4699 1881 4755 confossus

177 4784 316 4842 feria
345 4785 552 4854 quinta
605 4785 976 4842 hebdomada
1020 4785 1329 4855 paschalis,
1378 4801 1476 4842 vm
1513 4785 1765 4853 (Guibert
1799 4793 1877 4853 Ill)

180 4873 304 4930 Kal.
340 4873 489 4941 Maii,
525 4875 584 4928 in
633 4873 834 4930 litania
862 4874 1104 4944 majori:
1143 4875 1296 4931 unde
1333 4875 1572 4932 confusa
1611 4877 1881 4934 multitu-

178 4961 310 5018 dine
353 4949 747 5018 tum'ultuante
803 4963 1178 5018 succenditur
1234 4963 1473 5020 ecclesia
1536 4965 1882 5021 cathedralis

178 5064 309 5106 cum
357 5050 524 5106 domo
561 5049 897 5120 episcopali;
954 5065 1231 5108 succensa
1281 5060 1364 5108 est
1423 5053 1595 5108 etiam
1645 5055 1882 5110 ecclesia

181 5140 242 5194 Β.
301 5137 538 5194 Joannis
590 5138 855 5208 Baptista
911 5139 969 5194 in
1035 5139 1270 5196 abbatia
1333 5141 1695 5210 monialium,
1748 5159 1880 5199 cum

180 5225 365 5280 aliisQ
404 5225 656 5281 ecclesiis
703 5239 734 5280 e
784 5225 972 5281 vicino
1021 5225 1502 5296 appendentibus.
1560 5227 1884 5285 Ludovicus

182 5327 283 5369 rex
315 5313 671 5368 Francorum
718 5320 835 5368 tam
866 5327 1063 5369 severe
1113 5313 1300 5370 scelus
1333 5314 1486 5370 istud
1533 5315 1591 5371 in
1620 5325 1882 5372 auctores

181 5401 471 5458 seditionis
502 5401 661 5457 ultus
688 5408 790 5469 est,
819 5409 886 5458 ut
923 5409 1043 5458 tam
1090 5401 1318 5458 futuros
1349 5417 1528 5473 quam
1578 5413 1884 5474 prasentes

181 5491 380 5549 debeat
404 5490 737 5560 exemplum
757 5504 792 5550 a
820 5491 990 5548 simili
1024 5491 1236 5548 scelere
1276 5499 1509 5548 terrere.
1535 5513 1562 5542 ι

253 5596 371 5668 (ιη)
404 5595 541 5652 Iam.
577 5626 646 5635 —
689 5597 842 5663 Quod
891 5600 1209 5653 siccatorias
1261 5603 1470 5652 vocant.
1505 5597 1552 5653 A
1601 5599 1750 5655 sicca
1779 5599 1882 5655 de-

538 5687 810 5752 Pnnon.
864 5688 1068 5755 CLVI.

1974 1891 2047 1942 De
2074 1903 2131 1942 eo
2157 1888 2300 1956 quod
2343 1889 2765 1943 Barthotomaus
2810 1891 3092 1958 episcopus
3143 1893 3203 1943 in
3265 1891 3373 1944 loco
3419 1893 3520 1960 qui
3567 1891 3670 1944 Fu-

2275 1962 2494 2014 suiacus
2524 1961 2732 2014 dicitur
2757 1960 3038 2014 abbatiam
3059 1963 3386 2015 construxit.

2049 2073 2078 2104 α
2107 2053 2173 2109 In
2212 2054 2442 2110 nomine
2489 2063 2702 2112 sancta
2733 2063 2787 2112 et
2837 2055 3153 2112 individua
3195 2056 3508 2112 Trinitatis.
3556 2057 3677 2128 Ego

1977 2142 2430 2199 Bartholomaus
2477 2143 2575 2200 Dei
2632 2144 2821 2213 gratia
2889 2144 3292 2200 Laudunensis
3352 2145 3674 2214 episcopus,

1977 2238 2178 2287 notum
2208 2245 2329 2286 esse
2362 2231 2632 2288 volumus
2665 2241 2782 2288 tam
2821 2233 3200 2303 prasentibus
3234 2249 3412 2304 quam
3443 2233 3674 2301 futuris,

1979 2319 2134 2389 quod
2183 2319 2504 2376 Fusniacus
2545 2329 2669 2377 erat
2707 2321 2965 2377 alodium
3015 2321 3208 2378 Sancti
3257 2322 3567 2386 Michaelis,
3599 2330 3674 2390 et,

1979 2421 2112 2463 cum
2143 2407 2301 2464 locus
2332 2408 2422 2464 ille
2455 2423 2568 2464 non
2599 2409 2848 2465 multum
2886 2418 3031 2465 esset
3061 2411 3218 2466 utilis
3259 2410 3442 2466 eidem
3493 2411 3677 2465 eccle-

1981 2495 2098 2562 sia,
2150 2495 2588 2566 impetravimus
2631 2498 2702 2553 ab
2752 2497 2982 2553 Elberto
3034 2497 3240 2554 abbate
3282 2505 3336 2554 et
3383 2499 3680 2554 monachis

1982 2582 2088 2638 loci
2121 2583 2293 2648 illius,
2319 2591 2381 2639 ut
2415 2583 2577 2640 illum
2609 2585 2796 2641 locum
2818 2586 2984 2641 nobis
3008 2587 3250 2642 liberum
3273 2595 3326 2642 et
3349 2587 3677 2643 absolutum

1983 2671 2263 2739 redderet,
2287 2672 2360 2727 ad
2385 2673 2712 2729 faciendum
2739 2674 3027 2745 quidquid
3047 2675 3178 2731 inde
3192 2675 3374 2731 facere
3386 2675 3676 2732 vellemus.

1981 2759 2096 2815 Nos
2125 2768 2317 2815 autem
2352 2762 2619 2817 eumdem
2652 2763 2862 2832 locum,
2888 2777 3127 2820 assensu
3169 2763 3424 2835 pradicti
3455 2763 3678 2819 abbatis

1982 2854 2037 2902 et
2065 2847 2298 2916 capituli
2325 2849 2470 2918 ejus,
2507 2849 2801 2906 Bernardo
2830 2857 2884 2906 et
2913 2848 3211 2906 monachis
3240 2849 3309 2904 de
3337 2848 3674 2917 Claravalle,

1983 2934 2229 2990 liberum
2288 2945 2343 2992 et
2375 2937 2704 2992 absolutum
2751 2937 3124 3004 reddidimus,
3168 2944 3232 2992 ut
3270 2936 3346 2991 ibi
3387 2936 3676 2992 abbatiam

1983 3022 2434 3091 constituerent,
2475 3032 2530 3080 et
2575 3025 2750 3081 libere
2793 3032 2847 3081 et
2891 3025 3083 3095 quiete
3121 3027 3236 3081 Deo
3302 3025 3678 3080 deservirent.

2056 3133 2077 3160 ι
2113 3112 2322 3168 Actum
2356 3126 2509 3169 anno
2540 3113 2766 3168 Domini
2809 3113 3112 3170 millesimo
3157 3113 3467 3169 centesimo
3513 3112 3678 3183 vige-

1980 3200 2123 3256 simo
2155 3201 2359 3270 primo.
2401 3222 2422 3250 ι

2050 3288 2232 3344 Multa
2269 3297 2324 3345 et
2369 3289 2482 3344 alia
2515 3289 2760 3346 contulit
2803 3289 3080 3346 beneﬁcia
3133 3289 3504 3346 Fusniacensi
3551 3303 3679 3344 mo-

1981 3385 2228 3433 nasterio
2255 3378 2406 3434 idem
2450 3379 2794 3435 venerabilis
2827 3379 3080 3436 antistes.
3134 3378 3405 3449 Sepultus
3440 3380 3591 3450 jacet
3621 3377 3679 3432 in

1973 3466 2238 3537 ejusdem
2261 3467 2502 3523 coenobii
2533 3468 2762 3538 templo,
2798 3468 2857 3524 in
2898 3483 3015 3539 quo
3062 3468 3363 3540 sequentia
3409 3467 3526 3524 duo
3553 3466 3674 3537 epi-

1985 3554 2180 3625 taphia
2209 3564 2534 3612 cernuntur

2051 3662 2414 3731 Epitaphium
2474 3663 2918 3718 renerendissimi
2981 3663 3234 3732 prasalis
3297 3664 3682 3719 Bartholomai

2511 3735 2890 3790 Laudunensis
2910 3737 3149 3807 episcopi

1982 3839 2204 3908 Regum
2234 3838 2428 3908 stirpe,
2463 3838 2678 3894 ducum
2707 3847 3018 3910 generatus
3047 3840 3349 3910 sanguine.
3371 3841 3542 3898 claris

2055 3909 2287 3966 Clarum
2321 3924 2527 3964 nomen
2569 3909 2740 3965 habet
2762 3909 3213 3965 Bartholomaus
3251 3911 3396 3967 avis.

1982 3981 2285 4050 Promptus
2310 3981 2380 4034 ad
2411 3994 2574 4035 arma
2605 3981 2713 4037 fuit
2740 3981 2880 4038 dum
2895 3980 3096 4051 junior
3126 3981 3231 4036 iret
3266 3982 3324 4036 in
3355 3983 3575 4038 hostem

2055 4051 2235 4106 Multa
2265 4051 2522 4119 trophaa
2553 4051 2704 4118 tulit,
2738 4051 2836 4106 vix
2865 4052 3036 4107 habet
3067 4067 3254 4122 usque
3285 4066 3500 4121 parem.

1983 4121 2056 4177 At
2088 4122 2239 4176 Deus
2266 4123 2322 4176 in
2356 4135 2607 4190 praceps
2639 4122 2881 4178 retrahit
2910 4121 3216 4179 miseratus
3245 4125 3466 4179 euntis:

2053 4192 2168 4264 Nec
2199 4206 2379 4264 mora,
2404 4201 2594 4264 castra
2624 4193 2790 4264 fugit,
2823 4193 3050 4264 projicit
3080 4207 3242 4249 arma
3269 4195 3452 4250 ducis.

1983 4261 2236 4320 Clericus
2256 4263 2387 4318 inde
2417 4263 2609 4319 Remis
2627 4261 2895 4334 sequitur
2925 4261 3137 4320 virtute
3160 4265 3502 4332 Manassem,

1902 4373 1946 4428 Β
2056 4335 2175 4388 lmo
2195 4347 2389 4414 senem
2417 4335 2629 4390 fessum
2661 4335 2884 4405 fertque
2913 4337 3182 4417 subitque
3212 4337 3414 4393 vicem.

1986 4404 2256 4459 Laudunt
2283 4412 2499 4459 interea
2523 4419 2689 4459 sacra
2711 4414 2994 4459 mactatus
3027 4422 3084 4459 in
3116 4407 3237 4459 ade

2031 4403 2256 4459 auduni
2283 4404 2499 4460 interea
2523 4419 2689 4460 sacra
2711 4403 2994 4462 mactatus
3027 4403 3102 4462 in'
3116 4407 3237 4462 ade

2058 4475 2295 4548 Prasul,
2319 4475 2437 4530 obit
2462 4475 2696 4548 subito;
2729 4491 2982 4548 moxque
3014 4485 3253 4533 vacante
3281 4478 3432 4547 sede,

1988 4545 2288 4619 Huncsibi
2313 4553 2596 4619 pastorem
2627 4547 2836 4619 clerus,
2866 4545 3230 4618 populusque
3264 4545 3571 4619 requirunt
3597 4564 3612 4618 ;

2057 4616 2485 4688 Abducuntque
2508 4617 2714 4684 Remis,
2750 4633 2816 4673 ac
2848 4616 2956 4674 sibi
2988 4616 3338 4688 praeficiunt.

1986 4686 2086 4760 Sic_
2110 4687 2250 4760 bene
2281 4688 2584 4760 pontificis,
2634 4686 3025 4759 meritumque
3067 4698 3120 4745 et
3155 4704 3364 4746 nomen
3403 4690 3681 4760 adeptus;

2055 4757 2224 4830 Quod
2249 4757 2600 4830 geritofticii,
2637 4760 2877 4829 perlicit,
2911 4757 3106 4830 implet
3136 4773 3301 4829 opus.

1988 4827 2267 4902 Exemplo
2305 4829 2612 4902 verboque
2629 4827 2858 4902 gregem
2886 4827 3050 4902 regit,
3082 4827 3273 4886 omnia
3306 4829 3493 4886 factus

2056 4898 2355 4966 Omnibus,
2392 4909 2454 4956 ut
2481 4898 2706 4956 Christo
2735 4898 3052 4957 feneret'ex
3076 4902 3300 4957 ovibus.

1988 4969 2258 5042 Protinus
2288 4970 2420 5042 hinc
2442 4971 2631 5026 Maria
2660 4986 2936 5027 succensa
2968 4972 3274 5028 recondere
3309 4972 3522 5042 templa

2057 5040 2183 5095 Non
2219 5041 2443 5114 tardat;
2479 5049 2705 5111 reparat
2731 5051 2993 5114 tectaque
3029 5043 3328 5112 prasulea.

1987 5110 2146 5184 Tum
2174 5123 2338 5184 sacra
2373 5110 2642 5184 Baptista
2683 5110 2981 5169 monachis
3020 5110 3166 5184 dans
3191 5115 3466 5182 claustra,
3503 5113 3688 5184 perire

2058 5180 2310 5236 Crimina
2341 5190 2395 5256 et
2422 5182 2546 5256 ipsa
2577 5183 2728 5256 facit,
2763 5185 3034 5256 scandala
3063 5183 3379 5256 srufl‘ugere.

1991 5251 2188 5324 Postea
2217 5251 2540 5308 canobidm
2581 5254 2772 5309 Maria
2805 5255 2913 5310 sub
2947 5255 3177 5311 nomine
3208 5251 3436 5324 fundat,

2060 5323 2364 5378 Consecrat
2393 5325 2512 5396 ipse
2549 5325 2662 5380 Deo
2693 5325 3162 5396 Fusniacumque
3192 5335 3376 5382 vocat.

1991 5392 2178 5468 Fusus
2209 5401 2273 5449 ut
2297 5395 2493 5468 eccelo
2516 5396 2687 5450 castis
2717 5397 2774 5451 in
2805 5392 3082 5468 cordibus
3105 5397 3255 5468 ignis

2061 5464 2300 5538 Ardeat,
2325 5465 2568 5538 incaleat
2600 5467 3044 5537 pectoribusque
3075 5464 3201 5538 piis.

1991 5533 2396 5616 thue‘tribus
2419 5537 2572 5616 _votis
2600 5533 2874 5616 triplicem
2906 5533 3343 5616 quasi'funibus
3364 5538 3583 5596 hostem

2063 5605 2338 5675 lmplicet,
2368 5607 2439 5663 ad
2472 5605 2730 5677 pugnam
2760 5605 2956 5678 dirigit
2987 5609 3079 5666 hic
3118 5609 3315 5666 aciem.

3300 5704 3384 5762 38
