3930 6450
351 390 486 444 H95

346 521 436 578 Sic
463 521 623 576 decet
649 527 778 576 et...
815 519 984 575 funes
1015 518 1342 589 dissolvere,
1375 520 1557 577 fastus

417 593 698 657 Sternere,
731 591 1058 646 mundanos
1083 591 1324 648 tundere
1355 595 1544 647 carnis
1565 607 1718 649 acus.

345 663 636 731 Boheryas
659 663 908 732 condens
936 662 1212 717 scelerum
1243 661 1465 732 spineta
1496 665 1734 727 revellit.

415 733 710 803 Terraque
737 731 847 804 fert
879 732 1102 804 fructus
1130 731 1306 804 quam
1341 735 1500 801 prius
1532 737 1650 804 ipse
1670 735 1824 792 colit.

344 802 631 860 Mentibus
649 803 880 872 expellit
911 803 1191 867 tenebras,
1214 802 1528 874 lucemque
1555 802 1872 862 refundens

416 876 524 930 Dat
556 874 771 930 Vallem
803 874 1048 941 Claram,
1083 873 1317 929 luminis
1345 873 1510 930 arma
1539 877 1743 933 ferens.

344 945 633 1015 Lampada
659 960 730 1018 ne
758 958 998 1018 vacuam
1024 945 1186 1014 virgo
1215 944 1381 1018 ferat,
1415 955 1590 1018 auget
1625 947 1798 1016 oliva,

415 1014 804 1072 MOnstrolium
836 1014 1121 1084 plantans,
1157 1015 1398 1084 pullulet
1428 1014 1739 1074 un'deolea.

343 1087 496 1160 Dans
525 1089 1051 1160 Pramonstratum,
1091 1099 1190 1154 per
1246 1087 1414 1160 devia
1436 1089 1713 1146 euntibus
1739 1097 1937 1160 aptum

412 1159 683 1212 Monstrat
714 1156 842 1222 iter,
869 1157 1136 1226 sequitur
1156 1159 1308 1226 quod
1333 1173 1523 1214 novus
1543 1161 1684 1217 ordo
1705 1156 1964 1218 Patrum.

344 1227 588 1297 Legibus
625 1227 934 1282 instituens
957 1227 1221 1283 Norberti
1266 1227 1640 1287 Martinianos

413 1298 727 1370 Urbicolas,
756 1311 942 1370 mores
971 1299 1206 1370 corrigit
1238 1297 1393 1355 hisce
1417 1301 1612 1356 malos.

337 1368 694 1444 Quissiacum
721 1369 942 1444 jaciens
969 1368 1156 1444 quatit
1186 1383 1406 1444 arcum,
1429 1372 1540 1426 tela
1569 1379 1862 1444 retorquet

408 1440 713 1508 Daemonis,
738 1453 804 1496 ac
836 1440 1047 1495 animis
1076 1441 1250 1495 noxia
1271 1449 1480 1497 cuncta
1505 1453 1713 1499 movet.

339 1511 593 1580 Forcipe,
626 1510 937 1575 Thenaliis,
968 1519 1198 1580 sumpto
1223 1511 1472 1568 carbone
1500 1512 1708 1570 labella

407 1582 666 1654 Mundat,
699 1590 753 1636 et
780 1589 844 1637 ut
872 1580 1171 1654 Cherubin
1192 1589 1350 1637 casta
1377 1583 1476 1654 dat
1500 1584 1749 1654 eloquia.

333 1651 483 1726 Clari
517 1653 686 1726 fontis
715 1665 898 1726 aquas
926 1653 1268 1726 facientibus
1297 1653 1550 1726 exhibet,
1589 1651 1794 1726 hisque

405 1723 660 1795 Turbida
692 1723 1002 1779 mundanae
1033 1723 1275 1795 ﬂumina
1305 1724 1447 1780 tollit
1473 1739 1660 1795 aquae.

334 1794 601 1868 Buccilici
633 1794 848 1868 bellum
869 1794 1215 1868 vitiis‘quasi
1247 1794 1494 1868 buccina
1513 1794 1748 1868 clangit,

404 1865 637 1934 Oraque
667 1865 882 1920 divinis
906 1863 1180 1920 laudibus
1205 1874 1341 1934 apta
1373 1865 1525 1922 facit.

335 1937 542 1991 Fessus
571 1935 839 2005 episcopii
866 1936 1098 1991 tandem
1127 1935 1236 1992 sub
1269 1937 1536 2005 pondere,
1579 1937 1821 1993 honores

407 2007 642 2070 Deserit,
675 2020 740 2062 ac
771 2005 1011 2079 clerum,
1045 2020 1315 2079 prospera
1345 2016 1574 2073 cuncta,
1608 2017 1849 2079 etopus.

335 2078 680 2150 Fusniacum
714 2078 872 2146 petit,
897 2077 1036 2150 inde
1055 2078 1225 2132 simul
1261 2079 1688 2150 quodvenerat,
1719 2077 1914 2150 implet
1943 2097 1956 2146 ;

403 2147 613 2217 Sponte
645 2147 706 2202 fit
729 2154 786 2203 et
816 2147 1135 2219 monachus
1157 2147 1388 2218 praesul,
1419 2149 1621 2219 ibique
1648 2150 1802 2206 latet.

329 2218 399 2274 Ut
427 2219 572 2275 liber
604 2226 764 2274 vacet
795 2218 886 2274 ille
917 2219 1049 2282 Deo,
1078 2226 1346 2288 totusque
1375 2218 1549 2276 saluti

399 2289 747 2345 Incumbens
776 2291 1040 2358 propriae.
1069 2290 1282 2360 gaudet
1309 2304 1509 2346 amara
1533 2291 1668 2360 pati.

324 2357 541 2432 Occidit
573 2357 1095 2432 oppires’sus’senio,‘
1109 2360 1473 2431 dignumque
1491 2357 1742 2432 sepulcri

396 2431 650 2502 Marmor
679 2430 850 2486 habet
875 2444 1109 2502 corpus,
1137 2445 1298 2502 mens
1328 2430 1466 2500 petit
1491 2430 1606 2488 alia
1639 2433 1770 2502 poli.

325 2505 478 2572 suo
507 2501 714 2572 Sicque
747 2515 855 2556 sua
882 2501 1062 2572 partis
1089 2500 1306 2557 fruitur
1333 2503 1549 2560 virtute
1577 2500 1838 2559 coronis:

395 2571 664 2642 Cingitur
681 2579 737 2627 et
765 2573 947 2628 ternis
977 2571 1135 2627 frons
1159 2585 1267 2628 sua
1294 2571 1579 2629 laureolis.

823 2683 998 2739 Aliud
1029 2687 1177 2740 circa
1203 2687 1488 2741 tumulum.

323 2790 429 2858 Qui
454 2791 608 2862 jacet
636 2791 729 2847 hic
758 2790 968 2862 praesul
995 2791 1310 2847 Marianam
1336 2791 1590 2862 condidit
1610 2791 1786 2850 aedem

395 2861 677 2931 Lauduni,
704 2861 1033 2932 pariterque
1053 2863 1254 2918 domos
1277 2861 1544 2919 antistitis
1567 2871 1742 2920 ustas.

321 2932 556 3004 Templa
581 2933 772 2989 decem
813 2932 1126 3004 instruxit;
1159 2933 1461 2990 Benedicto
1499 2935 1742 2992 contulit
1788 2950 2014 2992 unum:

390 3003 682 3060 Bernardo
703 3011 991 3075 quatuor;
1022 3003 1322 3060 Nortberto
1351 3005 1614 3076 quinque
1642 3006 1841 3077 piavit.

387 3111 560 3168 Addit
605 3118 660 3168 et
703 3110 990 3166 Guillelm.
1037 3110 1106 3166 de
1134 3109 1354 3182 Nangis
1387 3111 1598 3168 Hister.
1646 3126 1774 3168 ms:
1807 3134 1837 3163 «
1869 3113 2016 3170 Bar-
2045 3139 2084 3193 ο

319 3199 654 3256 tholomaeus
683 3199 1086 3256 Laudunensis
1113 3199 1288 3270 episc.
1324 3213 1478 3256 anno
1525 3215 1743 3257 xxxvni
1773 3201 1864 3258 sui
1892 3204 2012 3272 epi-

313 3295 602 3357 scopatus,
681 3293 1023 3356 comtempto
1103 3286 1308 3342 mundi
1387 3287 1677 3344 schemate
1751 3289 2015 3346 Fusniaci

314 3373 580 3431 induitur
611 3374 812 3430 habitu
841 3373 1184 3430 monachali.
1218 3395 1247 3424 ››

383 3465 538 3520 Inter
567 3464 763 3520 beatos
805 3469 1141 3518 accensetur
1187 3461 1246 3517 in
1299 3461 1618 3534 Menologio
1665 3462 2012 3522 Cistertiensi

310 3552 382 3608 ad
441 3561 672 3608 sextum
738 3551 978 3606 Kalend.
1041 3549 1218 3618 Julii;
1299 3560 1534 3608 auclore
1613 3553 2012 3624 Chrysostomo

310 3641 652 3711 Henriquez.
687 3640 766 3695 De
797 3637 1210 3694 Bartholomaao
1257 3649 1442 3710 agunt
1471 3648 1735 3699 auctores
1777 3643 2012 3713 plurimi

308 3743 454 3803 quos
475 3729 734 3784 referunt
766 3727 915 3783 idem
947 3727 1274 3798 Henriquez
1300 3728 1372 3785 ad
1403 3729 1460 3784 id
1480 3729 1593 3786 diei
1627 3745 1640 3784 :
1671 3738 1726 3788 et
1755 3732 2010 3804 Angelus

305 3816 608 3888 Manrique
628 3815 835 3872 Annal.
871 3815 1006 3872 Cist.
1037 3828 1132 3870 an.
1173 3817 1329 3884 “20,
1379 3831 1506 3888 cap.
1549 3821 1602 3886 2,
1635 3833 1693 3874 n.
1738 3821 1788 3888 1,
1813 3828 1877 3878 et
1907 3835 2004 3877 an.

305 3909 462 3971 “4'2,
495 3919 620 3976 cap.
653 3909 700 3972 l,
735 3919 794 3960 n.
825 3903 880 3959 3.

374 3993 486 4066 (ηδ)
523 3994 655 4051 CAP.
713 3993 866 4050 XIV.
914 4022 984 4034 —
1043 3992 1114 4046 Ab
1162 3994 1404 4066 archiep.
1449 3997 1615 4051 totius
1671 3998 1916 4052 Francia?
1955 4003 2006 4052 et

299 4087 564 4154 episcopis
611 4083 956 4138 anathemate
1019 4081 1368 4152 pulsabatur.
1437 4085 1780 4154 Expressius
1826 4085 2006 4142 abbas

298 4171 576 4244 Sugerius
601 4171 658 4226 in
687 4171 821 4229 Vita
841 4171 1117 4226 Ludovici
1163 4169 1352 4228 Grossi
1385 4171 1485 4228 ubi
1515 4186 1730 4242 supra:
1769 4193 1798 4225 ei
1821 4173 2002 4244 Cujus

297 4261 569 4330 (Thomas)
602 4259 944 4316 intolerabili
990 4259 1232 4332 fatigata
1276 4260 1556 4326 molestia,
1591 4276 1724 4318 cum
1781 4263 2000 4319 sederet

297 4348 520 4404 Belvaci
548 4349 605 4403 in
637 4348 889 4418 generali
923 4356 1214 4404 conventu
1255 4347 1552 4405 Gallicana
1587 4349 1862 4418 Ecclesia,
1887 4359 1992 4407 etc.

1393 393 1482 447 AD
1520 393 1672 448 OPl’.
1715 395 1870 451 VEN.
1911 395 2245 452 GUIBEBTI
2286 394 2376 452 DE
2417 396 2823 456 NOVIGENTO

2071 530 2115 584 Α
2154 540 2338 584 annos
2369 527 2574 585 iterum
2605 539 3040 588 commoverunt
3062 533 3385 604 urbem;ac
3401 539 3622 596 saniem
3643 542 3864 602 vulnus

3731 413 3866 466 H96

2149 615 2557 672 recrudescens
2624 617 2778 674 foras
2820 620 3032 690 erupit.
3111 623 3294 680 Testis
3358 633 3442 682 est
3517 629 3860 700 szepiuscule

2150 704 2464 776 productus
2498 707 2892 764 Laudunensis
2922 711 3274 768 canonicus:
3318 736 3340 762 ι
3381 715 3550 772 Anno
3585 719 3721 774 H77
3761 721 3859 777 hoc

2149 793 2336 848 mines
2371 793 2440 850 de
2469 793 2834 852 Laudunesio
2864 796 2924 852 in
2957 798 3360 869 praajudicium
3393 803 3636 877 episcopi
3667 809 3856 866 Eccle-

2149 881 2248 937 siae
2295 882 2719 948 Laudunensis,
2767 885 2903 940 data
2969 886 3092 958 regi
3140 889 3432 948 Ludovico
3479 895 3854 955 mstimatione

2149 971 2427 1040 pecuniae,
2477 973 2866 1030 communiam
2922 975 3338 1036 ordinaverunt
3396 979 3626 1051 habere,
3668 993 3724 1042 et
3771 988 3852 1042 sic

2148 1073 2446 1129 perperam
2479 1060 2814 1130 cogitantes,
2840 1075 2875 1118 a
2910 1063 3055 1134 jugo
3097 1068 3392 1124 servitutis
3436 1073 3686 1130 cervices
3713 1089 3851 1132 suas

2145 1153 2202 1202 et
2255 1161 2494 1204 suorum
2549 1149 2842 1206 [Heredum
2913 1161 3184 1210 excutere
3232 1155 3496 1214 arbitrati
3568 1169 3722 1219 sunt.
3781 1169 3850 1220 At

2147 1233 2426 1306 Bogerius
2471 1237 2736 1308 egregius
2795 1239 3196 1298 Laudunensis
3245 1243 3548 1316 episcopus
3603 1263 3702 1319 per
3753 1266 3846 1318 se,

2145 1337 2246 1394 per
2295 1325 2524 1394 amicos,
2573 1327 2726 1398 regis
2762 1329 3126 1398 praesentiam
3168 1331 3330 1398 adiit,
3375 1342 3430 1390 et
3469 1343 3533 1392 ut
3579 1337 3846 1397 Ecclesiae

2145 1425 2266 1468 suae
2295 1413 2682 1482 misereretur,
2715 1417 3102 1474 communiam
3135 1433 3437 1478 servorum
3471 1437 3708 1483 suorum
3738 1429 3846 1484 de-

2146 1499 2352 1568 ﬂendo,
2385 1502 2570 1558 modis
2605 1503 2878 1560 omnibus
2916 1508 3199 1564 exoravit.
3246 1509 3368 1566 Rex
3401 1525 3557 1580 vero,
3593 1522 3658 1571 ut
3704 1515 3854 1572 dici—

2146 1595 2262 1657 tur,
2307 1590 2601 1659 sponsioni
2653 1593 2913 1663 pecuniaa
2973 1593 3198 1652 haerens
3251 1597 3580 1670 episcopum
3630 1610 3686 1659 et
3715 1618 3854 1661 suos

2145 1691 2260 1733 non
2304 1679 2547 1736 audivit.
2585 1681 2897 1752 Episcopus
2937 1697 3095 1748 vero,
3139 1691 3204 1740 ut
3246 1694 3372 1743 erat
3415 1693 3848 1762 magnanimus,

2143 1766 2346 1822 videns
2375 1781 2432 1823 se
2467 1770 2624 1839 apud
2669 1784 2862 1841 regem
2915 1785 3060 1841 saepe
3110 1773 3454 1843 requisitum
3507 1791 3621 1833 non
3667 1781 3853 1849 profi-

2066 1831 2108 1885 Β
2143 1867 2290 1923 cere,
2337 1858 2631 1925 proprium
2679 1872 2864 1928 genus
2911 1873 3083 1916 suum
3131 1861 3479 1930 sollicitavit,
3519 1873 3586 1922 ut
3624 1831 3726 1937 per
3751 1881 3855 1924 eos

2141 1941 2210 1996 de
2239 1943 2420 1998 servis
2457 1944 2562 2000 sibi
2611 1945 2856 2016 ingratis
2899 1955 2956 2003 et
2995 1948 3276 2006 rebellare
3321 1951 3648 2010 volentibus
3693 1955 3850 2010 ulci-

2139 2037 2416 2088 sceretur.
2456 2032 2900 2092 Conﬂuentibus
2933 2037 3194 2108 undique
3227 2037 3300 2094 ad
3329 2053 3464 2096 eum
3497 2041 3586 2098 sui
3617 2045 3850 2114 generis

2138 2119 2500 2190 principibus
2539 2137 2672 2178 cum
2723 2123 2852 2180 aliis
2918 2125 3139 2193 amicis,
3211 2129 3564 2198 necessariis,
3633 2131 3848 2189 Jacobo

2137 2207 2352 2264 scilicet
2374 2209 2608 2266 domino
2636 2209 2707 2266 de
2735 2211 3008 2281 Avennis,
3041 2219 3096 2269 et
3123 2215 3331 2272 comite
3364 2216 3434 2272 de
3465 2217 3732 2275 Rostolio.

2217 2316 2239 2344 ι
2270 2295 2408 2352 Pars
2443 2305 2637 2355 autem
2682 2299 2927 2356 adversa
2971 2315 3087 2357 non
3120 2301 3344 2372 ignara,
3393 2317 3592 2361 eorum
3624 2306 3842 2364 adven-

2134 2389 2258 2440 tum
2299 2399 2431 2442 cum
2484 2387 2606 2443 suis
2655 2387 3022 2459 adjutoribus
3081 2391 3528 2460 praestolabatur
3587 2404 3835 2453 armata.

2132 2471 2426 2530 Venerant
2461 2475 2544 2531 eis
2571 2475 2628 2531 in
2659 2476 2967 2546 auxilium,
3010 2491 3082 2535 ex
3133 2478 3260 2536 aliis
3299 2483 3665 2550 communiis,
3695 2485 3833 2554 plu-

2132 2561 2284 2628 rimi,
2317 2561 2569 2620 Galfrido
2614 2563 3043 2634 Silvanectensi,
3088 2573 3230 2624 tunc
3277 2568 3645 2628 Laudunensi
3679 2586 3834 2642 prae-

2133 2650 2332 2719 posito,
2375 2659 2743 2721 procurante.
2785 2651 2891 2709 Sed
2919 2667 2993 2710 ex
3041 2655 3194 2726 regis
3245 2665 3532 2728 praecepto
3570 2659 3834 2718 homines

2129 2737 2320 2794 Sancti
2377 2739 2631 2796 Medardi
2679 2741 3103 2798 Suessionensis
3167 2745 3240 2801 ad
3289 2759 3492 2802 eorum
3539 2749 3827 2806 auxilium

2127 2825 2556 2885 conﬂuxerunt.
2589 2828 2932 2886 Communia
2959 2831 3029 2888 de
3071 2830 3354 2902 Crespeio,
3385 2837 3716 2893 communia
3759 2839 3831 2894 de

2127 2913 2270 2970 Velli
2317 2915 2374 2971 in
2427 2930 2628 2974 eorum
2689 2918 2978 2975 auxilium
3053 2931 3467 2980 convenerunt.
3518 2924 3832 2996 Apparatis

2126 3001 2323 3074 itaque
2353 3003 2490 3060 hinc
2517 3005 2648 3062 inde
2681 3006 2860 3076 copiis
2903 3014 3280 3077 armatorum,
3317 3017 3434 3066 tota
3459 3009 3556 3067 illa
3582 3013 3829 3068 rustica-

2123 3105 2200 3147 na
2223 3092 2554 3160 multitudo,
2583 3094 2700 3151 solo
2740 3096 2972 3152 nomine
3011 3097 3260 3154 militum
3299 3099 3401 3169 qui
3434 3112 3832 3160 convenerant

2126 3181 2342 3249 territa,
2378 3180 2575 3253 fugam
2599 3183 2909 3240 consuluit.
2945 3184 3103 3242 Caesa
3131 3185 3239 3243 fuit
3266 3187 3342 3244 ibi
3378 3189 3689 3246 multitudo
3712 3205 3830 3248 non

2126 3269 2370 3336 modica,
2402 3271 2501 3327 sed
2528 3284 2727 3329 eorum
2775 3272 2880 3344 qui
2921 3272 2981 3328 in
3021 3275 3192 3346 aquis
3233 3275 3529 3346 perierunt
3572 3277 3832 3336 incertus

2123 3371 2420 3415 numerus.

2199 3469 2218 3496 ι
2258 3447 2391 3504 Haec
2418 3455 2635 3505 autum.
2673 3457 2801 3506 acta
2847 3457 2984 3507 sunt
3017 3451 3271 3508 secunda
3313 3452 3451 3510 feria
3501 3462 3625 3525 post
3661 3457 3824 3512 Invo-

2119 3539 2265 3591 cavit
2293 3553 2380 3592 me
2426 3539 2498 3594 ad
2527 3538 2922 3595 molendinum
2969 3539 3161 3598 Sancti
3201 3542 3430 3599 Martini
3467 3543 3826 3601 Laudunen-

2118 3625 2216 3694 sis,
2261 3625 2357 3682 cui
2389 3641 2598 3684 nomen
2627 3635 2711 3684 est
2757 3630 3083 3699 Comporte.
3141 3645 3314 3702 quem
3369 3631 3558 3688 locum
3590 3631 3824 3691 fuerant

2116 3713 2446 3784 depraedati.
2488 3715 2760 3788 Sequenti
2789 3731 2926 3774 vero
2975 3725 3170 3776 astate
3215 3719 3470 3790 ejusdem
3517 3721 3678 3789 anni,
3713 3737 3820 3778 rex

2114 3801 2444 3861 Ludovicus
2472 3804 2663 3860 ultum
2697 3804 2778 3860 ire
2809 3813 2973 3876 parat
3011 3814 3261 3878 stragem
3303 3807 3532 3865 illorum
3563 3809 3632 3866 de
3663 3809 3818 3867 Lau-

2115 3889 2374 3957 dunesio,
2425 3893 2485 3948 in
2528 3892 2764 3949 fratrem
2815 3893 3066 3965 episcopi
3113 3895 3456 3952 Reinaldum
3513 3897 3814 3954 dominum

2113 3976 2184 4034 de
2213 3978 2417 4036 Roscio
2465 3980 2716 4052 (Rosoy).
2763 3981 3030 4038 Pervenit
3059 3982 3132 4038 ad
3175 3990 3431 4040 castrum
3482 3985 3706 4041 comitis
3745 3987 3816 4042 de

2111 4065 2310 4124 Roscio
2361 4068 2588 4140 (Roucy)
2645 4070 2739 4126 cui
2789 4084 2997 4126 nomen
3054 4070 3194 4140 Nisi,
3250 4071 3372 4140 ubi,
3431 4073 3628 4129 amicis
3673 4073 3814 4130 dicti

2111 4153 2330 4211 domini
2376 4156 2445 4212 de
2493 4158 2694 4214 Roscio
2741 4158 3228 4216 satisfacientibus
3269 4161 3411 4232 regi,
3457 4175 3558 4231 pro
3605 4175 3670 4218 eo
3713 4163 3813 4218 in-

2107 4245 2356 4302 tervenit
2406 4246 2834 4318 reconciliatio;
2886 4247 2964 4304 ita
3012 4254 3204 4304 tamen
3245 4256 3311 4305 ut
3347 4257 3602 4306 castrum
3631 4265 3809 4308 suum

2106 4332 2180 4389 ab
2200 4347 2266 4389 eo
2295 4333 2565 4404 deinceps
2593 4343 3025 4407 recognosceret
3069 4337 3404 4394 tenendum.
3451 4339 3808 4396 Venerabilis

294 4437 654 4494 Venerabilis
685 4437 736 4492 S.
772 4438 838 4494 R.
875 4437 940 4492 E.
977 4437 1204 4508 legatus
1233 4437 1407 4506 Cono,
1461 4439 1847 4496 Praenestinus
1884 4454 1915 4496 e

2180 4435 2243 4478 ro
2289 4422 2591 4494 episcopus
2643 4424 2786 4480 iram
2849 4424 3002 4496 regis
3054 4424 3352 4482 declinans
3406 4427 3562 4498 apud
3616 4427 3804 4486 Galte-

291 4541 500 4597 scopus
529 4525 969 4582 innumerarum
1009 4527 1273 4596 pulsatus
1302 4527 1562 4583 molestia
1601 4528 1994 4598 querelarum,

287 4622 413 4682 etc.,
449 4614 814 4670 anathemate
855 4614 1108 4686 generali
1139 4615 1512 4680 detruncans,
1543 4615 1848 4687 cingulum
1880 4616 1995 4673 mi—

291 4702 510 4760 litarem
571 4702 620 4758 ei
673 4701 802 4759 licet
855 4701 1080 4758 absenti
1131 4700 1402 4773 decingit,
1453 4703 1526 4758 ab
1575 4703 1730 4758 omni
1777 4705 1994 4762 honore

287 4802 567 4864 tanquam
621 4791 985 4860 sceleratum,
1030 4789 1396 4858 infamatum,
1449 4789 1760 4849 Christiani
1805 4793 1989 4848 nomi-

285 4883 374 4938 nis
403 4879 1006 4943 inimicum.omnium
1025 4879 1250 4951 judicio
1279 4878 1533 4950 deponit,
1571 4902 1592 4929 ι
1632 4888 1740 4936 etc.
1775 4881 1991 4937 Auctor

283 4969 631 5041 Appendicis
667 4969 834 5026 editae
878 4969 950 5024 ad
995 4968 1366 5039 Sigibertum,
1418 4969 1648 5024 Thomee
1693 4968 1987 5026 funestum

285 5057 456 5114 ﬁnem
487 5057 728 5114 strictim
750 5056 1017 5114 ostendit.
1057 5077 1085 5106 ι‹
1116 5058 1228 5113 An.
1256 5060 1413 5124 H30,
1444 5057 1692 5114 Thomas
1717 5057 1786 5114 de
1807 5057 1987 5114 Maria

284 5146 342 5202 in
371 5161 478 5202 suo
509 5145 735 5216 proprio
763 5145 1052 5202 conductu
1085 5145 1470 5217 negotiatores
1499 5145 1626 5202 dolo
1654 5145 1906 5218 capiens,
1951 5160 1987 5202 a

281 5248 414 5306 rege
457 5233 745 5290 Ludovico
787 5249 920 5290 cum
949 5235 1210 5292 exercitu
1249 5234 1584 5306 impetitur;
1615 5242 1671 5290 et
1699 5248 1734 5290 a
1761 5234 1984 5291 Radul-

281 5324 394 5392 pho
436 5322 960 5378 Viromanduorum
1011 5323 1252 5390 comite,
1311 5323 1369 5379 in
1418 5323 1696 5380 ultionem
1750 5322 1980 5380 Henrici

281 5409 474 5466 fratris
503 5409 614 5478 sui,
646 5408 990 5466 vulneratus
1013 5418 1069 5466 et
1098 5418 1324 5480 captus,
1359 5411 1626 5468 Lauduni
1656 5411 1924 5467 moritur.
1955 5432 1974 5459 ι

351 5497 468 5568 (ίίσ)
513 5499 650 5554 Iam.
706 5528 780 5540 —
822 5499 948 5552 Post
1011 5501 1290 5564 funestum
1353 5500 1561 5555 excidii
1607 5499 1980 5555 Laudunensis

276 5592 536 5644 evmtum.
590 5587 716 5644 Non
762 5585 1033 5656 equidem
1085 5587 1176 5642 hic
1220 5593 1428 5644 metam
1479 5587 1830 5644 facinoribus
1873 5601 1978 5658 po-

275 5687 440 5731 suere
461 5676 916 5739 Laudunenses;
949 5673 1097 5728 ultra
1123 5675 1404 5744 progressi
1426 5682 1584 5730 sunt.
1616 5675 1979 5746 Postaliquot

2103 4523 2236 4566 rum
2288 4519 2428 4568 tunc
2481 4511 2900 4584 Lingonensem
2947 4513 3281 4584 episcOpum
3333 4514 3502 4573 latuit
3539 4515 3598 4572 in
3651 4517 3799 4574 Bur-

2103 4603 2346 4674 gundia.
2384 4622 2412 4656 ι)

2173 4695 2291 4768 (¹¹⁷)
2315 4698 2448 4756 CAP.
2481 4699 2595 4758 XV.
2635 4728 2708 4741 —
2753 4702 3160 4757 Matricularios
3202 4707 3412 4758 uocant.
3451 4703 3557 4769 Qui
3585 4703 3642 4760 in
3669 4704 3797 4760 sin—

2098 4787 2252 4859 gulis
2278 4788 2530 4844 ecclesiis
2565 4789 2888 4846 matriculze
2933 4803 3254 4860 pauperum
3301 4803 3504 4847 curam
3545 4791 3798 4863 agebant

2095 4884 2151 4932 et
2181 4891 2380 4933 eorum
2422 4877 2710 4948 stipendia
2745 4878 3174 4948 dispensabant,
3225 4879 3394 4936 hodie
3429 4881 3796 4948 Marguillt'ers

2094 4965 2270 5022 Plura
2296 4966 2426 5022 vide
2455 4965 2516 5022 in
2568 4974 2686 5024 not.
2729 4966 2944 5023 clariss.
2983 4981 3050 5023 ac
3083 4967 3389 5024 doctissimi
3422 4969 3682 5040 Bignonii
3719 4970 3795 5025 ad

2092 5061 2312 5111 veteres
2359 5054 2613 5110 Formul.
2651 5055 2996 5126 Marculphi,
3027 5071 3158 5129 pag.
3193 5057 3319 5126 615,
3366 5071 3425 5122 ιι,
3456 5065 3512 5114 et
3527 5056 3792 5114 Vossium

2091 5143 2172 5198 De
2195 5141 2351 5198 vitiis
2371 5143 2652 5200 sermonis
2672 5157 2805 5216 pag.
2830 5145 2958 5200 496.

2161 5229 2280 5304 (ηδ)
2309 5232 2445 5288 IBtD.
2471 5262 2542 5272 —
2585 5233 2638 5287 Is
2674 5238 2863 5288 contra
2909 5233 3062 5288 datis
3101 5233 3336 5288 uadibus
3369 5233 3502 5288 bello
3548 5234 3788 5304 pugilla-

2091 5326 2246 5374 turus
2279 5323 2530 5391 impetiit.
2566 5321 2658 5377 Nil
2684 5321 2954 5378 usitatius
2981 5321 3138 5392 apud
3166 5323 3439 5392 antiquos
3467 5323 3784 5393 scriptores,

2087 5409 2567 5480 frequentiusque
2613 5411 2694 5466 nil
2743 5411 2802 5467 in
2836 5411 3130 5468 veteribus
3175 5411 3400 5467 schedis
3435 5410 3659 5479 (media:
3687 5425 3785 5481 po-

2088 5498 2372 5554 tissimum
2422 5499 2630 5568 aetatis)
2657 5498 2928 5566 occurrit,
2970 5511 3148 5570 quam
3197 5497 3409 5566 duello,
3443 5499 3563 5555 sive
3591 5499 3786 5570 singu-

2086 5585 2190 5642 lari
2236 5588 2550 5643 certamine
2605 5601 2692 5643 res
2743 5595 3144 5644 controversas
3195 5587 3438 5644 diluere.
3493 5587 3585 5654 At,
3643 5589 3784 5658 quia

2083 5674 2410 5744 complures
2437 5683 2849 5747 argumentum
2877 5675 3028 5734 istud
3070 5683 3511 5747 pertractarunt,
3547 5675 3622 5732 ab
3656 5676 3782 5745 hoc,
