3930 6394
150 416 281 471 H97

1410 409 1625 467 DOSINI
1667 412 1727 464 L.
1777 408 2127 466 D'ACHEBY
2166 410 2386 466 ΝΟΤᾸΞ.

3520 420 3653 471 1198

139 551 244 607 etsi
278 548 467 606 multa
496 564 616 621 prae
645 547 919 604 manibus
946 547 1284 615 habeamus,
1319 552 1637 617 temperare
1657 545 1847 602 visum
1881 549 1919 601 Α
1963 546 2181 603 vientes
2213 547 2324 615 sui,
2376 547 2500 604 sine
2547 560 2788 605 assensu
2837 555 3030 605 nostro
3072 555 3129 605 et
3164 549 3499 607 ofﬁcialium
3546 566 3655 607 no-

139 647 255 709 est;
282 653 353 694 ne
386 638 549 709 periti
580 637 806 693 lectoris
835 637 1198 692 stomachum
1231 651 1382 706 saepe
1420 635 1631 705 saepius
1676 649 1844 704 repe-

145 728 249 782 lita
280 727 594 799 ingerendo
629 725 700 781 ad
734 739 1010 782 nauseam
1053 739 1240 795 usque
1273 738 1628 779 moveamus.
1666 724 1847 794 Legas

150 815 351 871 Pithmi
379 815 732 872 Glossarium
764 815 835 869 ad
868 813 1251 883 Capitularia;
1283 812 1682 879 Sirmundum,
1714 812 1842 867 Not.

148 905 222 959 ab
262 903 358 959 lib.
394 919 452 959 ιιι
490 902 728 973 epistola
780 904 884 972 28;
936 900 1172 957 Goll'ridi
1217 901 1432 971 Vindo;
1481 900 1747 969 Bosquet.
1787 898 1847 954 iu

149 993 282 1048 libri
331 1008 369 1048 ιι
412 992 707 1061 epistolam
744 993 872 1056 l36;
926 990 1221 1045 Innocent.
1268 989 1377 1057 IlI;
1436 988 1847 1057 Spelmannum

151 1083 207 1136 in
255 1079 561 1147 Glossario,
606 1078 800 1135 verbis
834 1092 1118 1147 :campus,
1163 1077 1420 1144 duellum,
1452 1084 1508 1132 et
1549 1076 1845 1145 judicium.

219 1173 362 1223 ecl
403 1167 596 1223 Unum
625 1180 698 1222 ex
746 1165 945 1221 multis
990 1164 1226 1236 seligere
1274 1165 1459 1235 placet
1517 1163 1847 1234 exemplum

148 1254 397 1326 insignis
425 1253 622 1318 duelli,
663 1268 736 1309 ex
773 1253 1124 1309 membranis
1154 1266 1357 1323 nempe
1395 1252 1639 1323 hujusce
1681 1242 1851 1308 chari

150 1342 462 1413 tophylacii
514 1341 706 1398 Sancti
738 1340 1006 1397 Germani
1047 1340 1401 1405 Parisiensis,
1444 1355 1560 1410 quo
1608 1338 1667 1395 in
1714 1339 1852 1395 Gal—

155 1431 232 1487 lia
305 1430 719 1486 monomachia:
791 1428 1294 1500 quamdiutissime
1369 1442 1540 1484 usum
1598 1428 1855 1498 viguisse

156 1518 453 1574 advertere
484 1526 586 1575 est.
620 1518 801 1574 Habet
830 1518 910 1574 ita
940 1531 955 1573 :

231 1629 252 1655 ε
285 1606 350 1662 In
410 1605 620 1663 Christi
680 1605 931 1673 nomine,
995 1620 1100 1676 ego
1150 1603 1465 1660 Gaufridus
1515 1604 1616 1660 Dei
1668 1604 1855 1675 gratia

153 1695 334 1751 abbas
396 1695 586 1751 Sancti
643 1694 911 1751 Germani
970 1694 1324 1758 Parisiensis,
1381 1701 1436 1749 et
1466 1694 1593 1765 ejus
1648 1707 1853 1749 mona-

151 1785 309 1840 sterii
366 1791 705 1849 conventus,
744 1790 950 1840 notum
991 1797 1111 1839 esse
1166 1783 1437 1839 volumus
1491 1781 1855 1838 universitati

154 1873 527 1944 prmsentium
576 1847 792 1943 pariter
832 1879 887 1928 et
940 1872 1291 1937 futurorum,
1337 1870 1491 1941 quod
1534 1870 1857 1940 Stephanus
1887 1847 1926 1901 Β

151 1964 222 2019 de
268 1962 548 2019 Mathiaco
600 1962 748 2031 cepit
786 1961 1098 2032 quemdam
1140 1960 1429 2016 hominem
1458 1967 1721 2015 nostrum
1754 1959 1856 2015 In-

150 2050 500 2121 gelrannum
542 2050 611 2105 de
657 2049 1040 2119 Antogniaco,
1076 2048 1355 2120 quoniam
1394 2048 1511 2119 ipse
1545 2047 1720 2118 juxta
1755 2062 1857 2118 pu-

148 2137 361 2194 blicam
414 2144 656 2192 stratam
728 2136 998 2192 fossetum
1071 2136 1364 2207 quoddam
1428 2134 1689 2198 faciebat,
1755 2134 1854 2191 ubi

155 2226 305 2281 idem
353 2225 676 2295 Stephanus
724 2233 778 2280 et
827 2223 1177 2279 Eustachius
1221 2223 1290 2279 de
1331 2224 1553 2290 Bivera,
1613 2237 1855 2278 consan-

156 2314 407 2385 guineus
454 2314 600 2385 ejus,
662 2312 907 2369 mediam
963 2320 1180 2383 partem
1234 2310 1462 2366 vicariae
1533 2323 1591 2365 se
1645 2309 1857 2366 habere

153 2403 499 2459 clamabant.
531 2402 657 2458 Non
687 2409 879 2458 autem
911 2401 1061 2456 hanc
1107 2399 1380 2471 injuriam
1418 2412 1595 2469 super
1641 2398 1857 2469 injusta

156 2493 421 2562 captione
470 2491 719 2547 hominis
767 2489 947 2546 nostri
993 2488 1160 2545 nobis
1213 2488 1427 2544 illatam
1458 2487 1687 2542 domino
1736 2487 1858 2558 regi

160 2579 536 2636 ostendimus.
569 2581 694 2650 Ipse
726 2592 860 2634 vero
892 2592 992 2648 per
1029 2576 1514 2633 submonitionem
1544 2575 1604 2630 in
1635 2575 1856 2632 curiam

161 2667 379 2738 regiam
442 2666 699 2733 veniens,
767 2679 966 2721 omnes
1040 2672 1241 2731 terras,
1313 2675 1521 2733 praeter
1572 2676 1861 2733 arpennos

157 2763 328 2811 extra
380 2754 577 2810 villam
635 2753 998 2831 Antogniaci,
1052 2760 1107 2808 et
1162 2760 1328 2808 extra
1386 2752 1555 2808 villas
1607 2751 1680 2807 ad
1732 2764 1858 2807 eam

162 2843 528 2915 pertinentes,
575 2843 645 2900 de
694 2841 912 2898 vicaria
959 2855 1137 2912 quam
1190 2840 1475 2897 clamabat
1523 2854 1646 2897 esse
1708 2853 1857 2895 asse-

160 2933 353 3003 rebat;
384 2936 440 2988 et
469 2933 593 2988 ideo
626 2932 964 3002 praedictum
996 2930 1286 2986 hominem
1336 2936 1599 2985 nostrum
1642 2928 1859 2998 absque

158 3036 265 3077 suo
299 3034 535 3076 assensu
563 3034 729 3076 secus
768 3019 919 3074 viam
964 3018 1267 3074 fodientem
1320 3024 1568 3087 ceperat.
1625 3015 1859 3072 Dicebat

162 3111 398 3179 insuper
437 3109 590 3180 quod
642 3118 804 3179 pater
850 3122 1010 3166 suus.
1043 3113 1098 3162 et
1136 3106 1252 3176 ipse
1296 3112 1419 3176 post
1464 3113 1706 3176 patrem,
1756 3119 1858 3160 va-

160 3198 258 3253 dia
286 3197 434 3267 belli,
470 3197 516 3253 si
551 3197 812 3268 quinque
857 3196 913 3251 in
940 3195 1080 3251 villa
1120 3193 1462 3265 Antogniaci
1512 3193 1856 3259 evenissent,

160 3282 232 3338 ad
264 3281 617 3338 voluntatem
656 3294 820 3337 suam
849 3294 921 3336 ex
951 3278 1365 3336 consuetudine
1414 3277 1569 3348 apud
1612 3277 1860 3332 Matbia-

160 3385 293 3428 cum
327 3379 382 3426 et
410 3370 568 3442 apud
596 3368 909 3425 Colliacum
940 3368 1250 3423 duxerant.
1295 3367 1381 3423 Ad
1421 3366 1577 3437 quod
1605 3367 1861 3437 proban-

164 3459 303 3514 dum
334 3457 479 3513 duos
508 3455 768 3511 homines
795 3454 1079 3510 exhibuit.

243 3568 264 3594 ε
300 3546 474 3601 Porro
523 3558 629 3599 nos
683 3543 804 3598 haec
846 3542 1039 3598 omnia
1084 3555 1189 3612 pro
1233 3540 1475 3597 ecclesia
1523 3548 1720 3597 nostra
1762 3555 1862 3596 ne-

164 3643 384 3707 gantes,
437 3647 537 3703 per
588 3632 934 3688 Landricum
985 3631 1055 3687 de
1094 3631 1450 3701 Antogniaco
1527 3644 1717 3687 unum
1794 3631 1863 3686 de

164 3723 569 3794 probatoribus
623 3721 763 3784 suis,
833 3720 1151 3776 secundum
1206 3719 1574 3776 Lambertum
1628 3718 1698 3776 de
1747 3718 1863 3776 Ma-

164 3811 377 3878 thiaco,
407 3811 466 3866 in
513 3810 924 3880 approbatione
974 3807 1233 3864 facienda
1279 3821 1455 3879 quam
1502 3807 1863 3878 promiserat,

167 3901 508 3958 mendosum
537 3913 659 3955 esse
712 3898 1180 3954 monstravimus.
1233 3898 1436 3969 Igitur,
1475 3896 1742 3966 pluribus
1771 3896 1866 3952 in-

168 3987 627 4047 tercurrentibus
658 3985 993 4054 intervallis,
1036 3985 1107 4041 ad
1153 3985 1301 4041 diem
1333 3998 1367 4040 a
1411 3984 1642 4041 domino
1679 3991 1866 4041 statu-

167 4085 294 4134 tum
332 4075 489 4132 venit
519 4074 671 4130 idem
705 4072 1052 4143 Stephanus,
1102 4087 1236 4128 cum
1260 4087 1364 4128 suo
1412 4072 1615 4144 pugili,
1658 4072 1718 4128 in
1761 4087 1870 4128 cu-

169 4166 319 4224 riam
344 4163 562 4219 domini
615 4162 767 4233 regis
813 4161 1087 4229 Parisius,
1130 4160 1231 4217 ubi
1275 4160 1479 4216 fratres
1531 4160 1708 4216 nostri
1743 4160 1872 4216 Bai-

168 4252 390 4311 nardus
419 4259 474 4308 et
521 4249 835 4321 Philippus,
889 4263 923 4305 a
952 4248 1117 4305 nobis
1155 4247 1443 4316 destinati,
1493 4247 1617 4304 loco
1666 4247 1868 4317 nostri,

169 4344 322 4400 sicut
351 4342 422 4397 ad
451 4340 706 4398 duellum
742 4339 885 4395 bene
910 4337 1121 4395 muniti
1144 4337 1477 4393 adfuerunt.

1954 643 2226 700 strorum,
2281 636 2564 693 debebant
2591 637 2663 693 de
2706 638 2840 709 jure
2880 645 3148 694 metretas
3192 638 3261 695 de
3300 639 3439 696 villa
3491 640 3658 711 Pyro-

1954 723 2047 778 dio
2078 723 2147 778 ad
2179 723 2411 793 {rectum
2455 739 2682 795 parare.
2727 726 3087 797 lngelbertus
3135 736 3327 785 autem
3378 729 3447 785 de
3485 729 3661 785 Anto-

1955 812 2160 882 gniaco
2217 812 2321 868 uni
2387 814 2617 870 illorum
2673 814 3000 881 hominum,
3061 815 3245 872 Odoni
3299 826 3654 887 nuncupato,

1954 899 2368 969 contradicens,
2418 901 2807 959 testimonium
2859 903 3038 973 ipsius
3085 919 3260 975 super
3290 906 3397 962 hoc
3446 906 3658 962 falsum

1954 1002 2077 1044 esse
2114 1002 2173 1044 se
2211 989 2593 1058 probaturum
2635 990 2863 1060 publice
2906 994 3191 1062 asseruit;
3228 1001 3284 1050 et
3321 994 3420 1060 sic,
3474 994 3662 1049 vadiis

1958 1074 2090 1130 belli
2147 1077 2295 1132 inter
2347 1091 2442 1133 eos
2496 1078 2835 1143 commissis,
2888 1079 2960 1135 ad
3033 1080 3291 1137 duellum
3333 1081 3661 1138 faciendum

1955 1161 2154 1217 eadem
2201 1162 2321 1219 dies
2379 1164 2618 1234 praefixa
2676 1166 2803 1223 fuit.
2865 1165 3130 1237 Cumque
3188 1168 3431 1225 victoria
3478 1171 3663 1239 primo

1958 1249 2143 1321 pugili
2174 1259 2384 1320 nostro,
2417 1252 2566 1309 sicut
2591 1254 2929 1323 praedictum
2971 1262 3075 1324 est,
3108 1256 3384 1325 cessisset,
3438 1260 3660 1329 przefati

1961 1337 2165 1395 fratres
2211 1340 2390 1396 nostri
2440 1341 2769 1399 Rainardus
2814 1351 2869 1400 et
2912 1343 3214 1415 Philippus
3266 1353 3528 1404 nostrum
3560 1364 3663 1419 pu-

1958 1427 2148 1497 gilem,
2207 1428 2423 1485 scilicet
2479 1430 2890 1502 Ingelbertum,
2951 1446 3085 1488 cum
3138 1433 3438 1491 obsidibus
3491 1436 3662 1493 bonis

1961 1516 2019 1571 in
2052 1516 2306 1572 medium
2337 1517 2704 1585 adducentes,
2737 1518 3074 1576 obtulerunt
3100 1520 3399 1591 judicibus
3429 1537 3564 1580 eum
3589 1526 3662 1582 ad

1963 1603 2322 1674 probandum
2350 1606 2503 1676 quod
2538 1607 2878 1676 promiserat
2909 1623 2923 1662 :
2956 1615 3015 1664 at
3034 1609 3375 1679 saepedictus
3416 1610 3661 1683 Stepha-

1963 1706 2074 1748 nus
2131 1707 2379 1762 praesens
2421 1693 2627 1751 ibidem
2683 1711 2799 1752 non
2845 1696 2972 1763 fuit,
3014 1710 3120 1752 nec
3166 1698 3423 1769 pugilem
3465 1714 3659 1770 suum,

1964 1781 2112 1836 sicut
2142 1795 2264 1837 mos
2288 1790 2391 1850 est,
2437 1797 2570 1839 cum
2619 1785 2919 1841 obsidibus
2967 1787 3320 1856 pra-laxatis,
3367 1788 3665 1859 judicibus

1962 1869 2247 1926 exhibuit.
2326 1871 2488 1927 Unde
2552 1872 2718 1929 iidem
2789 1874 3013 1945 judices
3083 1875 3363 1933 fratribus
3431 1878 3659 1945 nostris,

1965 1958 2256 2014 Rainardo
2303 1967 2359 2015 et
2409 1960 2687 2031 Philippo,
2734 1977 2868 2018 cum
2922 1963 3218 2034 pugilibus
3266 1972 3321 2021 et
3368 1966 3665 2024 obsidibus

1966 2045 2175 2102 nostris
2206 2047 2489 2104 dederunt
2546 2048 2831 2105 licentiam
2899 2050 3199 2107 recedendi
3257 2065 3292 2107 a
3350 2052 3533 2109 curia.
3594 2056 3670 2111 Et

1965 2147 2095 2188 cum
2129 2133 2232 2204 ipsi
2269 2134 2494 2205 judices
2531 2150 2566 2192 a
2600 2136 2765 2193 curia
2793 2146 3073 2194 exeuntes
3105 2138 3253 2195 irent
3291 2138 3364 2194 ad
3406 2140 3659 2211 propria,

1967 2222 2380 2290 praenominato
2453 2223 2737 2294 Stephano
2796 2226 3199 2294 obviaverunt,
3295 2242 3489 2298 quem,
3561 2243 3664 2299 pro

1965 2303 2189 2360 defectu
2218 2304 2525 2376 utriusque
2556 2306 2730 2362 duelli
2763 2314 3020 2377 captum,
3054 2323 3188 2364 cum
3218 2309 3339 2365 suis
3368 2310 3666 2381 pugilibus

1966 2399 2020 2448 et
2047 2392 2343 2449 obsidibus
2371 2393 2429 2449 in
2460 2394 2689 2451 castello
2721 2405 3058 2466 posuerunt.
3097 2419 3117 2445 ι

2036 2476 2154 2551 (¹¹⁹)
2203 2481 2342 2536 Ιιιιι).
2399 2510 2473 2523 -
2527 2482 2686 2539 Sacri
2736 2484 2918 2538 laticis
2955 2485 3189 2552 judicio.
3246 2486 3326 2542 De
3378 2485 3664 2556 ejusmodi

1968 2569 2424 2639 probationibus,
2477 2586 2634 2642 aqua
2679 2571 2867 2628 calida
2914 2586 2982 2628 ac
3031 2573 3178 2629 ferro
3207 2575 3496 2644 candenti,
3527 2590 3663 2632 con-

1968 2656 2193 2712 sulendi
2242 2666 2503 2714 auctores
2549 2659 2718 2715 modo
2776 2659 2954 2727 citati,
3001 2676 3105 2716 nec
3146 2676 3262 2717 non
3309 2663 3547 2719 Juretus
3592 2665 3663 2720 ad

1972 2745 2162 2801 lvonis
2212 2746 2377 2816 epist.
2433 2748 2503 2801 ’73
2569 2755 2623 2803 et
2686 2748 2805 2804 l68.
2870 2749 3385 2807 Verumenimvero
3464 2752 3664 2822 prohi-

1971 2832 2146 2889 buere
2178 2833 2370 2889 duclla
2409 2841 2463 2890 et
2500 2835 2722 2905 judicia
2763 2836 3087 2906 Stephanus
3119 2838 3223 2893 PP.
3260 2838 3327 2895 V.
3360 2842 3413 2907 2,
3456 2849 3661 2910 quaest.

1969 2922 2001 2975 5
2044 2920 2426 2991 Consuluisti;
2469 2922 2749 2980 Ccelestin.
2805 2925 2907 2991 ΙΙΙ,
2961 2926 3149 2995 capite
3199 2926 3353 2983 Cura
3391 2930 3689 2999 suscepti:

1970 3010 2048 3065 De
2077 3017 2308 3079 purgat.
2363 3010 2557 3081 vulg;
2598 3011 2893 3068 Innocent.
2940 3013 3041 3075 III,
3091 3027 3215 3084 cap.
3251 3015 3337 3070 Ex
3366 3015 3569 3073 litteris
3598 3018 3667 3073 de

1967 3097 2298 3153 excessibus
2340 3098 2594 3168 praelat.;
2638 3099 2928 3156 Honorius
2965 3101 3065 3170 ΙΙΙ,
3121 3103 3305 3173 capite
3348 3104 3571 3173 Dilecti,
3611 3113 3665 3162 et

1967 3185 2123 3241 alibi.

2036 3274 2162 3330 Non
2209 3274 2452 3345 vulgare
2492 3281 2576 3331 est
2613 3276 2769 3347 quod
2817 3277 3054 3347 protulit
3097 3277 3383 3349 judicium
3432 3280 3665 3354 (insigni

1971 3363 2250 3419 miraculo
2286 3364 2712 3435 consignatum)
2759 3363 2813 3420 S.
2847 3365 3085 3422 Pontius
3117 3366 3296 3422 abbas
3334 3367 3385 3423 S.
3423 3370 3667 3427 Andreae

1970 3451 2369 3508 Andaonensis
2421 3453 2594 3523 juxta
2645 3452 3019 3522 Avenionem,
3082 3454 3207 3512 ideo
3248 3455 3341 3511 hic
3386 3457 3666 3514 adnotan-

1970 3540 2149 3607 dum;
2180 3554 2385 3610 nempe
2430 3548 2605 3611 caput
2645 3542 2712 3596 lO
2744 3541 2889 3600 Vitae
2922 3542 3179 3613 ejusdem
3230 3544 3475 3613 abbatis,
3518 3560 3665 3603 non-

1972 3629 2108 3685 dum
2150 3629 2303 3699 typis
2348 3630 2653 3701 evulgatae,
2710 3633 2767 3686 et
2790 3631 2863 3686 ab
2908 3631 3120 3701 aequali
3166 3634 3523 3705 conscriptis,
3569 3636 3666 3692 de-

1973 3717 2386 3774 scribendum:
2450 3739 2478 3768 ‹‹
2535 3718 2650 3775 Nec
2716 3720 3203 3788 praetereundum,
3272 3736 3376 3778 nec
3442 3722 3667 3781 silentio

1970 3806 2379 3863 occultandam
2430 3806 2675 3878 dignum
2727 3807 2844 3863 fore
2893 3808 3274 3878 decernimus,
3326 3811 3481 3881 quod
3540 3812 3669 3868 illo-

1973 3908 2106 3951 rum
2137 3894 2322 3951 relatu
2366 3894 2468 3965 qui
2499 3902 2807 3965 praesentes
2856 3896 3096 3952 aderant
3132 3897 3479 3955 audivimus.
3512 3899 3667 3967 Qua-

1972 3984 2107 4039 dam
2140 3997 2394 4053 namque
2422 3983 2513 4039 dle
2555 3983 2646 4039 vir
2676 3983 2891 4039 domini
2934 3983 3216 4056 (Pontius)
3248 3989 3671 4045 transeundum

1975 4072 2318 4129 Rhodanum
2351 4085 2452 4142 pro
2481 4072 2827 4143 quibusdam
2849 4072 2938 4128 sni
2974 4074 3287 4145 magisterii
3312 4075 3555 4146 negotiis
3579 4078 3673 4134 di-

1976 4166 2291 4232 sposuerat.
2348 4160 2670 4216 Matulinali
2720 4160 2916 4231 itaque
2950 4160 3243 4235 [tempore]
3293 4168 3674 4222 sacrosanctis

1978 4249 2262 4319 mysteriis
2287 4248 2606 4304 secundum
2622 4263 2796 4305 suum
2820 4263 3033 4306 morem
3058 4250 3352 4308 humiliter
3374 4255 3676 4322 persolutis

1978 4337 2358 4394 descendebat
2387 4337 2460 4392 ad
2514 4336 2698 4407 ripam
2738 4352 2872 4394 cum
2912 4339 3179 4408 pluribus
3222 4340 3410 4410 sociis,
3453 4344 3675 4400 statim-

210 4455 270 4491 ,ε
308 4430 570 4496 Proinde,
628 4435 978 4499 pertractata
1023 4440 1198 4483 causa
1252 4425 1312 4481 iu
1358 4424 1661 4496 praesentia
1710 4424 1940 4508 Pari-D
1979 4440 2094 4496 que
2158 4432 2291 4482 ante
2317 4439 2452 4482 eum
2512 4425 2835 4483 adveniunt
2899 4434 3066 4483 terra;
3119 4428 3308 4485 cultor
3369 4438 3425 4486 et
3488 4439 3679 4489 custos

172 4519 450 4577 siensium
500 4517 935 4588 praepositorum
990 4513 1278 4571 Guillelmi
1325 4512 1394 4569 de
1420 4513 1684 4583 Gornaio,
1729 4512 1871 4569 Bai-

173 4608 334 4666 noldi
371 4608 441 4663 de
499 4606 863 4669 Bellomonte,
921 4603 1190 4660 Balduini
1244 4602 1631 4671 Flandrensis,
1678 4602 1870 4659 locum

175 4697 397 4753 domini
426 4695 577 4767 regis
620 4693 962 4759 tenentium,
1013 4706 1145 4749 cum
1194 4706 1312 4748 non
1340 4698 1525 4761 posset
1571 4691 1723 4748 inter
1768 4704 1873 4746 nos

174 4793 231 4842 et
253 4785 590 4856 praedictum
629 4777 981 4853 Stephanum
1014 4794 1131 4852 pax
1181 4781 1420 4848 firmari,
1446 4780 1735 4837 adductus
1786 4786 1871 4836 est

178 4876 238 4931 in
270 4874 454 4930 medio
493 4881 737 4942 uterque
783 4870 944 4943 pugil
999 4877 1054 4927 et
1101 4862 1700 4926 ad'conflictatiouem
1759 4877 1877 4925 sta-

174 4971 366 5029 tutus;
429 4974 682 5031 cumque
740 4960 909 5015 ambo
964 4958 1066 5015 diu
1127 4957 1497 5028 multumque
1548 4957 1877 5013 conﬂictas-

173 5058 324 5120 sent,
352 5058 407 5107 et
436 5063 554 5106 sese
586 5048 831 5104 invicem
852 5047 1192 5119 gravissime
1222 5045 1585 5113 afﬂixissent,
1628 5047 1876 5115 tandem,

177 5142 294 5197 Deo
346 5138 687 5205 auxiliante,
738 5136 903 5208 pugil
979 5143 1190 5205 noster,
1251 5134 1647 5191 adversarium
1706 5148 1879 5190 suum

174 5228 421 5286 viriliter
444 5233 500 5283 et
533 5225 811 5282 audacter
848 5224 1148 5292 invadens,
1190 5223 1427 5280 oculum
1463 5223 1521 5278 ei
1568 5222 1802 5292 eripuit,
1827 5229 1883 5278 et

176 5324 338 5373 tanto
380 5314 683 5370 conamine
728 5326 862 5369 eum
892 5312 1178 5382 gravavit,
1212 5311 1388 5381 quod,
1438 5310 1533 5365 illo
1580 5311 1883 5381 profitente

178 5420 238 5462 se
268 5404 487 5461 victum
518 5416 656 5469 esse,
692 5400 932 5456 victoria
962 5400 1069 5455 sibi
1100 5400 1284 5455 cessit.

255 5515 283 5546 α
347 5492 630 5547 Praeterea
689 5489 887 5545 eadem
964 5488 1056 5543 die
1125 5487 1496 5558 supradictus
1554 5486 1880 5557 Stephanus

181 5582 505 5640 adduxerat
530 5578 675 5633 duos
732 5576 992 5632 homines
1047 5575 1106 5631 in
1158 5576 1432 5642 medium,
1484 5589 1586 5646 per
1633 5589 1885 5646 quorum

186 5666 577 5728 testimonium
637 5664 882 5735 probare
945 5662 1171 5719 volebat
1235 5663 1391 5733 quod
1453 5664 1569 5733 ipse
1623 5662 1715 5719 vel
1774 5676 1889 5719 ser-

1982 4515 2156 4572 boum
2207 4528 2468 4583 suorum,
2521 4514 2581 4570 in
2654 4527 2833 4571 manu
2885 4524 3085 4572 tenens
3130 4530 3441 4583 vomerem,
3514 4521 3680 4577 alter-

1979 4596 2162 4659 cando
2187 4617 2321 4659 cum
2359 4601 2510 4659 socio
2549 4616 2676 4671 suo,
2706 4602 3114 4672 proclamando
3162 4603 3328 4661 illum
3359 4605 3679 4678 latronem;

1980 4690 2267 4762 siquidem
2319 4690 2535 4748 nudius
2579 4690 2785 4748 tertius
2822 4691 2971 4747 idem
3020 4705 3219 4748 vomer
3257 4707 3373 4750 non
3414 4694 3581 4767 longe
3610 4697 3682 4757 ab

1983 4786 2175 4835 aratro
2207 4778 2317 4836 sub
2345 4786 2498 4835 terra
2529 4779 2601 4836 ab
2628 4780 2826 4836 eodem
2876 4786 3102 4837 aratore
3129 4789 3433 4851 coopertus
3473 4782 3680 4856 fuerat,

1984 4867 2212 4923 nemine
2262 4875 2537 4937 praesente
2585 4865 2678 4922 vel
2726 4865 2975 4935 vidente,
3040 4866 3149 4923 nisi
3206 4880 3312 4923 suo
3361 4870 3530 4937 socio,
3582 4873 3681 4942 qui

1980 4956 2152 5026 juxta
2208 4956 2426 5012 aderat.
2472 4955 2805 5026 Requisitus
2852 4959 3004 5009 ωλι
3060 4954 3119 5010 ἱιι
3170 4955 3509 5027 crastinum,
3570 4974 3687 5018 non

1985 5051 2069 5101 est
2115 5031 2384 5101 inventus
2430 5057 2533 5114 per
2562 5044 2843 5100 triduum.
2891 5042 3017 5110 Qua
3065 5043 3134 5099 de
3189 5058 3251 5100 re
3298 5044 3444 5102 alter
3488 5057 3689 5106 contra

1988 5132 2231 5188 alterum
2264 5131 2689 5202 conquerendo,
2716 5130 3040 5201 iimpetebat
3089 5145 3245 5187 unus
3278 5131 3460 5191 alium
3502 5134 3688 5195 furem

1990 5220 2237 5277 vomeris
2289 5219 2718 5291 proclamando.
2779 5219 2981 5276 Aiebat
3035 5233 3194 5291 ergo,
3244 5220 3537 5293 inquiens,
3588 5228 3690 5298 qui

1991 5309 2369 5366 absconderat
2401 5324 2413 5363 :
2443 5308 2604 5364 nullo
2660 5316 2955 5378 praesente,
3003 5322 3108 5363 nec
3155 5308 3212 5364 in
3255 5313 3520 5380 proximo
3562 5317 3694 5372 exi-

1992 5404 2193 5464 stente,
2237 5404 2472 5467 excepto
2514 5403 2564 5451 te
2604 5396 2743 5463 solo,
2790 5395 2900 5452 fuit
2941 5404 3109 5452 terrae
3153 5400 3507 5471 suppositus,
3558 5419 3694 5474 pro-

1996 5495 2121 5557 pter
2173 5484 2329 5557 quod
2382 5492 2435 5540 te
2487 5484 2648 5540 illum
2702 5483 3007 5540 abstulisse
3061 5485 3330 5543 dicimus.
3384 5489 3698 5552 Prasdictus

1994 5576 2168 5631 etiam
2236 5574 2325 5628 vir
2384 5572 2613 5629 Domini
2673 5571 3067 5642 supradiclam
3134 5583 3266 5631 ante
3331 5591 3391 5633 se
3454 5580 3698 5639 audiens

1999 5661 2443 5733 querimoniam,
2529 5658 2812 5716 ambobus
2888 5659 3193 5717 subridens
3266 5664 3415 5721 hanc
3491 5667 3699 5726 indixit
