3930 6440
316 377 454 433 H99

1345 373 1455 429 AD.
1497 372 1649 430 OPP.
1688 372 1845 429 VEN.
1888 332 2225 429 GUfBERTI
2262 371 2354 428 DE
2392 370 2785 429 NOVIGENTO

3690 375 3834 430 I200

312 507 697 567 sententiam:
764 505 1029 565 Mittatur
1105 519 1283 576 prope
1357 503 1547 574 ripam
1610 503 1761 560 sicut
1832 503 2014 560 videri
2044 512 2087 565 A
2197 503 2309 575 (⁸³³)
2351 503 2484 561 CAP.
2528 503 2683 560 XIX.
2725 533 2799 546 —
2836 502 2930 558 Ad
2972 508 3174 559 sancta
3206 506 3626 561 conversationis
3665 508 3829 562 habi-

312 600 484 671 possit
530 612 731 655 vomer
782 597 841 652 in
900 610 1055 667 aqua
1102 593 1386 663 Rhodani,
1444 600 1498 650 et
1544 592 2017 665 consignabimus

313 704 442 747 eam
470 688 530 745 in
556 689 793 744 nomine
837 685 1085 742 Domini.
1125 683 1288 751 Quod
1320 682 1430 738 viri
1470 682 1570 739 Dei
1600 682 1816 738 dictum
1867 682 2016 737 facto

314 786 399 836 est
427 777 686 834 celeriter
723 775 1121 845 adimpletum.
1162 773 1325 828 Tunc
1362 784 1618 842 namque
1654 770 1746 827 vir
1789 766 2016 827 Domini

316 869 483 939 signo
537 873 751 923 sancta
817 862 1006 921 crucis
1064 875 1280 932 aquam
1332 859 1721 928 sanctiﬁcans,
1775 859 2012 930 inquit:

316 954 561 1013 Nudatis
603 952 855 1010 brachiis
909 951 999 1007 ille
1044 950 1113 1006 de
1153 965 1270 1021 quo
1310 950 1443 1021 plus
1493 949 1817 1018 dubitatur,
1862 946 2016 1018 prior

317 1045 390 1100 ab
449 1056 605 1113 aqua
648 1054 937 1097 vomerem
986 1039 1184 1108 elevet,
1215 1046 1272 1095 et
1295 1039 1341 1094 si
1371 1053 1506 1095 reus
1553 1037 1692 1095 furti
1740 1037 1830 1104 sit,
1864 1037 2017 1093 Deus

313 1134 506 1205 justus
543 1137 598 1187 et
626 1142 827 1197 verax,
874 1128 981 1184 hoc
1016 1142 1124 1185 sua
1163 1128 1413 1184 bonitate
1452 1126 1684 1183 revelet.
1724 1126 2015 1182 Audacter

318 1225 511 1291 itaque
540 1218 650 1276 sibi
682 1217 819 1274 furti
849 1217 1114 1273 conscius
1145 1217 1217 1273 ad
1256 1216 1681 1272 extrahendum
1722 1227 2010 1271 vomerem

315 1324 388 1368 ex
434 1322 591 1379 aqua
630 1320 871 1363 manum
931 1305 1142 1369 intulit,
1192 1319 1370 1376 quam
1421 1305 1575 1360 velut
1630 1304 1688 1359 in
1734 1303 2013 1360 cacabum

318 1396 611 1455 bullientis
649 1408 817 1465 aqua
847 1394 1113 1462 misisset,
1156 1402 1496 1461 crematum,
1527 1400 1582 1449 et
1620 1392 1742 1448 sine
1782 1404 2014 1447 vomere

316 1486 529 1543 retulit.
565 1485 711 1542 Mira
740 1484 935 1554 itaque
963 1497 1055 1540 res
1095 1498 1200 1539 nec
1237 1481 1446 1539 nostris
1474 1480 1700 1538 saculis
1737 1481 2015 1536 hactenus

318 1575 537 1632 audita.
592 1572 763 1643 Aqua
811 1571 964 1628 enim
1016 1571 1361 1627 naturaliter
1408 1569 1621 1642 frigida
1660 1569 1731 1625 ad
1770 1569 2010 1625 demon-

318 1662 616 1719 strandam
674 1660 755 1717 rei
814 1660 1093 1730 pollutam
1149 1658 1303 1715 furto
1382 1657 1809 1724 conscientiam,
1869 1655 2014 1711 furis

318 1751 624 1808 cremando
654 1749 977 1816 brachium,
1013 1747 1281 1804 vindicta
1323 1747 1451 1803 fecit
1481 1747 1776 1813 indicium,
1822 1744 2013 1801 homi—

2128 596 2258 647 tum.
2304 592 2521 649 Auctor
2548 591 2804 663 ipsemet,
2839 592 2933 648 lib.
2966 608 2984 648 ι
3014 593 3157 650 Vita
3186 608 3324 662 sua,
3361 607 3487 665 cap.
3518 594 3555 651 8
3587 609 3600 649 :
3643 617 3664 645 ι
3711 595 3831 651 Su-

2125 690 2316 752 scepto
2399 690 2612 738 sancta
2696 681 3144 738 conversationis
3220 682 3422 739 habitu
3497 685 3831 753 perenniter

2127 770 2366 826 Domino
2387 770 2725 827 deserviere.
2766 791 2788 820 »
2824 771 2910 826 Ita
2940 772 3187 843 Magnus
3215 771 3542 844 Gregorius,
3573 772 3823 844 Dialog.,

2126 858 2224 915 lib.
2259 874 2316 929 ιι,
2349 872 2475 930 cap.
2511 863 2530 914 l
2566 866 2701 916 ante
2744 858 2894 915 med.
2928 875 2941 914 :
2971 882 2992 909 ι
3031 860 3576 931 Eique(Benedicto)
3609 869 3827 918 sancta

2125 947 2582 1003 conversationis
2620 947 2881 1004 habitum
2931 948 3182 1005 tradidit.
3220 970 3242 998 ι
3274 950 3661 1021 Perantiquus
3706 964 3827 1007 Iau-

2123 1043 2245 1092 ctor
2274 1036 2419 1093 Vita
2470 1036 2526 1092 S.
2558 1036 2870 1104 Geremari,
2900 1052 3048 1108 ,cap.
3102 1038 3157 1106 3,
3191 1037 3342 1095 infra
3387 1039 3537 1095 inter
3589 1038 3827 1095 Addita-

2124 1130 2361 1180 menta:
2397 1146 2419 1174 ι
2486 1124 2783 1182 Construit
2839 1127 3340 1198 congregationem
3405 1129 3824 1185 monachorum

2122 1211 2231 1268 sub
2273 1220 2473 1269 sancta
2521 1216 2953 1272 conversatione
3000 1216 3354 1287 degentium.
3391 1236 3419 1269 ιο
3477 1216 3635 1273 Unde
3679 1216 3823 1272 olim

2123 1302 2369 1372 majores
2398 1302 2595 1370 nostri,
2630 1302 2730 1359 ubi
2769 1303 2838 1359 de
2868 1304 3226 1361 institutione
3266 1304 3581 1361 monastica
3631 1318 3825 1360 sermo

2123 1390 2453 1458 haberetur,
2485 1405 2713 1448 summa
2760 1407 2893 1448 cum
2937 1393 3303 1450 veneratione
3341 1393 3497 1464 loqui
3536 1393 3820 1450 solebant.

2121 1478 2355 1535 Concilii
2413 1479 2473 1535 in
2522 1481 2733 1550 palatio
2790 1482 3067 1539 Vernensi
3117 1496 3242 1553 cap.
3298 1484 3351 1550 5,
3403 1483 3644 1538 ordinem
3687 1497 3821 1538 san-

2122 1572 2304 1638 ctum;
2354 1567 2777 1626 Suessionensis
2825 1584 2920 1626 an.
2970 1570 3097 1639 744,
3146 1585 3272 1642 cap.
3326 1576 3380 1641 3,
3418 1573 3662 1639 regulam
3700 1586 3826 1626 san-

2120 1660 2290 1722 ctam;
2325 1658 2580 1728 Mogunt.
2616 1659 2724 1715 sub
2755 1661 2936 1715 Leone
2966 1673 3115 1730 papa
3144 1659 3246 1729 III,
3273 1674 3399 1732 cap.
3448 1662 3530 1729 li,
3570 1666 3825 1716 sanctam

2122 1746 2365 1811 regulam
2393 1746 2685 1816 appellant
2710 1747 2924 1804 Patres.

317 1839 611 1909 nibusque
651 1851 725 1893 ex
764 1836 873 1892 hoc
901 1837 1049 1893 facto
1102 1835 1468 1903 mirantibus,
1502 1848 1569 1890 ac
1612 1832 1723 1888 viri
1758 1832 1850 1888 Dei
1890 1846 2013 1887 san-
2041 1825 2083 1879 Β
2192 1833 2299 1889 Sed
2331 1841 2386 1890 et
2431 1834 2670 1893 Carolus
2716 1837 2933 1907 Magn.,
2966 1844 3245 1908 pracepto
3289 1837 3725 1894 membranaceo
3748 1838 3823 1893 ad

318 1927 499 1984 ctitati
561 1940 812 1997 prasens
865 1924 1215 1981 miraculum
1258 1923 1697 1990 ascribentibus,
1759 1920 1839 1977 ait
1893 1920 2013 1990 ipse

319 2031 451 2073 cum
480 2015 750 2085 precibus
779 2029 792 2069 :
833 2035 855 2063 ι
888 2014 1216 2069 Laudemus
1245 2012 1305 2067 in
1357 2012 1478 2068 suis
1505 2011 1717 2067 sanctis
1743 2009 2015 2079 operibus

315 2105 625 2161 Dominum
673 2104 841 2175 (Psal.
875 2116 1089 2169 χχχιχ,
1122 2102 1230 2171 19),
1267 2122 1288 2149 ι
1327 2100 1608 2171 siquidem
1646 2121 1666 2149 ι
1714 2100 1831 2169 ipse
1879 2097 2014 2153 facit

314 2192 603 2250 mirabilia
653 2192 810 2249 solus
859 2192 1027 2261 (Psal.
1071 2205 1226 2257 LXXI,
1273 2190 1384 2260 18),
1422 2211 1443 2238 ι
1480 2189 1629 2245 sicut
1682 2188 1818 2245 dicit
1875 2187 2015 2242 Pro-

314 2283 484 2352 pheta
555 2281 864 2338 veridicus.
923 2279 1132 2335 Nullus
1210 2278 1415 2349 utique
1481 2277 1811 2333 mortalium
1884 2275 2015 2332 fecit

312 2385 574 2441 unquam
607 2368 894 2425 mirabilia
924 2368 1033 2424 nisi
1074 2368 1225 2424 Deus
1265 2368 1434 2424 homo
1472 2366 1657 2423 factus
1698 2366 1758 2422 in
1786 2365 2015 2437 virgine

311 2459 513 2515 Maria.
548 2458 648 2514 Ille
678 2458 855 2529 igitur
880 2457 1170 2525 laudetur,
1199 2457 1514 2512 honoretur
1541 2462 1595 2511 et
1627 2453 2011 2526 glorificetur:

313 2547 443 2602 fecit
467 2538 622 2602 enim
662 2546 829 2602 nobis
867 2558 975 2602 sua
1019 2545 1229 2615 pietate
1266 2543 1584 2615 cognitum,
1625 2543 1781 2614 quod
1811 2540 2017 2597 nostris

311 2635 494 2691 oculis
542 2634 814 2690 manebat
858 2632 1280 2689 absconditum.
1329 2632 1434 2689 Cui
1466 2639 1551 2688 est
1606 2631 1790 2688 honor
1816 2637 1871 2686 et
1900 2629 2017 2701 glo-

312 2723 401 2778 ria
424 2723 490 2783 in.
508 2723 719 2779 sacula
750 2721 1116 2778 saculorum.
1152 2721 1357 2777 Amen.
1385 2742 1406 2770 ι

386 2809 499 2883 (¹²⁰)
532 2811 666 2868 CAP.
710 2811 893 2868 XVII.
940 2839 1014 2853 —
1063 2812 1529 2880 Dispensationem
1583 2810 1714 2864 Filii
1775 2810 2016 2877 Virginis

307 2901 641 2971 phantasma
675 2915 786 2955 esse
820 2901 1088 2967 fatentur,
1134 2901 1237 2956 etc.
1284 2897 1735 2956 Manichaorum
1779 2899 1888 2955 hoc
1932 2906 2017 2956 est

310 2987 772 3045 deliramentum.
845 2988 1241 3058 Inspiciendus
1298 2987 1360 3043 B.
1420 2987 1734 3060 Augustini
1780 2987 1880 3045 lib.
1937 2988 2018 3044 De

309 3076 646 3144 haresibus,
677 3078 818 3148 Tcap.
867 3078 937 3132 46
977 3085 1099 3147 post
1140 3076 1432 3145 medium;
1475 3075 1530 3132 S.
1575 3077 1703 3145 Leo,
1737 3090 1944 3132 sermo.
1981 3078 2012 3129 5

309 3165 388 3221 De
423 3166 644 3237 jejunio
685 3166 888 3222 decimi
938 3166 1168 3233 mensis,
1221 3165 1330 3222 sub
1378 3165 1528 3222 med.
1544 3180 1562 3236 ;
1612 3179 1818 3222 sermo.
1859 3165 1895 3220 4
1933 3166 2012 3222 De

308 3252 778 3326 Quadragesima,
821 3261 953 3311 ante
996 3253 1190 3322 finem,
1231 3260 1286 3310 et
1332 3253 1460 3325 ejus
1495 3254 1661 3324 epist.
1701 3253 1771 3309 93
1811 3261 2014 3310 contra

310 3341 782 3412 Priscillianistas,
840 3356 966 3413 cap.
1035 3346 1097 3409 7;
1165 3341 1608 3399 Pradestinatus
1663 3342 1865 3399 baresi
1918 3342 2011 3413 46,

307 3430 377 3485 60
410 3437 464 3486 et
494 3430 580 3485 70.

379 3518 450 3574 At
472 3519 626 3574 enim
658 3518 716 3574 in
748 3517 950 3586 Gallia,
980 3531 1097 3573 non
1126 3517 1297 3573 modo
1343 3525 1650 3589 postquam
1684 3518 1869 3589 sopita
1901 3519 2015 3575 ha-

308 3606 450 3663 resis
513 3607 946 3678 Barengariana
1005 3613 1111 3672 est,
1195 3606 1545 3664 territorium
1607 3606 2012 3665 Suessionense

309 3694 482 3750 hacce
532 3694 802 3764 pestifera
848 3694 1144 3752 Clementii
1200 3695 1399 3766 (quem
1443 3696 1718 3753 tuebatur
1766 3697 2013 3753 Joannes

306 3781 514 3853 comes)
533 3782 662 3839 labe
691 3782 963 3840 infectum
1004 3792 1107 3850 est,
1143 3786 1257 3840 imo
1291 3783 1349 3840 in
1378 3784 1745 3841 Armonicam
1776 3800 2013 3857 quoque

308 3870 665 3940 provinciam
701 3870 823 3942 ipsa
851 3873 1051 3928 eadem
1092 3880 1427 3943 tempestate
1469 3873 1727 3930 diversas
1769 3874 2014 3931 hareses

305 3959 546 4029 serpisse
601 3960 762 4017 docet
825 3961 991 4033 Hugo
1043 3961 1521 4032 Rothomagensis
1569 3963 1845 4033 archiep.,
1894 3968 2010 4018 tra-

305 4048 468 4099 ctatu
498 4043 575 4099 De
602 4042 939 4110 haresibus,
977 4043 1082 4114 qui
1111 4043 1323 4099 idcirco
1352 4044 1603 4114 primum
1637 4059 1796 4101 nunc
1832 4045 1948 4101 luci
1978 4060 2013 4102 a

305 4130 472 4186 nobis
497 4132 825 4201 exponitur.
851 4132 1123 4202 Reperies
1146 4132 1296 4189 inter
1315 4132 1724 4189 additamenta.

376 4216 488 4291 (“1)
519 4220 656 4276 IBID.
697 4250 767 4261 —
804 4223 1019 4276 Interea
1058 4225 1399 4291 perreximus
1438 4222 1515 4276 ad
1554 4221 1839 4278 concilium
1875 4222 2011 4279 Bel-

305 4323 548 4363 vacense.
580 4307 687 4365 Cui
726 4308 998 4379 prasedit
1026 4312 1178 4366 Cono
1209 4309 1433 4382 legatus
1464 4310 1751 4367 Paschalis
1787 4312 1860 4381 II,
1911 4325 2006 4368 an.

2123 1922 2491 1981 Benedictum
2546 1926 2783 1981 Aniana
2838 1926 3105 1983 abbatem
3164 1926 3233 1983 de
3282 1926 3585 1982 donatione
3635 1926 3827 1984 Cella-

2121 2010 2313 2079 Nova,
2367 2019 2527 2068 etc.:
2577 2035 2598 2061 ο
2649 2014 2992 2084 Supradicta
3038 2015 3163 2070 loca
3205 2014 3417 2071 habere
3461 2014 3826 2086 dignoscitur

2122 2099 2507 2170 (Benedictus)
2571 2102 2762 2159 denuo
2820 2117 2922 2173 per
2986 2110 3195 2159 nostra
3258 2102 3613 2160 auctoritatis
3677 2118 3825 2174 pra-

2122 2195 2374 2259 ceptum,
2407 2189 2457 2246 ei
2489 2197 2543 2247 et
2573 2191 2868 2247 monachis
2900 2192 3021 2248 suis
3052 2191 3192 2248 inihi
3220 2192 3330 2249 sub
3372 2199 3570 2249 sancta
3615 2192 3823 2262 regula

2121 2277 2585 2346 consistentibus,
2641 2279 2972 2349 plenissima
3017 2280 3444 2348 deliberatione,
3500 2294 3601 2351 pro
3659 2295 3807 2337 mer-

2123 2365 2256 2422 cede
2289 2366 2498 2423 anima
2548 2376 2756 2425 nostra
2812 2370 3009 2426 cedere
3070 2376 3126 2426 et
3182 2370 3523 2426 confirmare
3577 2369 3819 2427 debere-

2122 2467 2274 2521 mus,
2308 2475 2331 2505 ι
2381 2462 2487 2511 etc.
2529 2455 2663 2511 Pius
2711 2456 3039 2513 Ludovicus
3079 2456 3268 2513 Caroli
3309 2457 3463 2515 ﬁlius
3498 2457 3559 2513 in
3601 2457 3817 2514 confir-

2124 2543 2376 2601 matione
2422 2543 2647 2601 abbatis
2692 2544 2950 2615 ejusdem
2996 2546 3349 2616 monasterii,
3403 2560 3581 2617 quam
3637 2560 3817 2618 supra

2123 2632 2473 2691 retulimus:
2508 2655 2531 2682 ι
2622 2633 2878 2705 Magistri
2942 2641 2997 2690 et
3074 2634 3334 2691 doctores
3422 2642 3633 2691 sancta
3700 2650 3817 2690 non

2124 2721 2311 2777 solum
2343 2721 2628 2793 regularis
2654 2722 2812 2791 vita,
2849 2736 3055 2780 verum
3094 2723 3282 2779 omnis
3320 2723 3635 2793 spiritualis
3676 2737 3814 2780 nor-

2124 2822 2253 2877 ma,
2290 2830 2312 2858 ι
2384 2816 2491 2866 etc.
2545 2809 2814 2867 Nicolaus
2873 2824 3023 2881 papa
3064 2811 3136 2879 ΙΙ,
3188 2811 3556 2883 privilegium
3622 2812 3820 2868 archi-

2125 2897 2429 2953 mandrita
2475 2896 2719 2968 hujusce
2747 2898 3078 2954 monasterii
3126 2898 3333 2955 Poncio
3380 2900 3654 2967 concedit,
3712 2915 3824 2971 ap-

2126 2983 2379 3055 probans
2416 2986 2689 3042 universa
2717 3000 2849 3056 qua
2888 2986 3250 3044 contulerant
3293 3001 3475 3059 reges,
3516 2989 3825 3060 caterique

2125 3071 2477 3128 Christiani:
2534 3094 2557 3122 ι
2611 3072 2943 3141 Licentiam,
2994 3073 3205 3147 inquit,
3249 3075 3486 3133 donanti
3528 3078 3824 3150 poeniten-

2123 3160 2262 3216 tiam
2290 3161 2363 3217 ad
2410 3175 2469 3217 se
2522 3161 2913 3233 undecunque
2967 3162 3263 3220 humiliter
3316 3167 3817 3236 concurrentibus,

2120 3248 2777 3321 excommunicandique
2838 3264 3135 3321 perversos
3197 3255 3530 3323 potestatem
3588 3255 3818 3326 haheat,

2120 3341 2176 3393 et
2217 3337 2473 3393 solvendi
2523 3337 2951 3408 satisfacientes,
2994 3340 3333 3397 auctoritate
3379 3343 3683 3412 apostolica
3728 3345 3818 3400 in-

2121 3424 2447 3497 dulgemus,
2477 3434 2584 3483 etc.
2627 3428 2699 3483 Et
2722 3441 2794 3483 ne
2824 3442 3062 3498 parvam
3103 3431 3421 3501 quamlibet
3460 3434 3815 3490 occasionem

2122 3514 2379 3584 pradicti
2429 3515 2537 3572 loci
2611 3516 2979 3587 congregatio
3056 3517 3391 3575 adinvcniat
3462 3522 3818 3592 exsequendi

2121 3618 2253 3674 qua
2284 3612 2483 3660 sancta
2512 3613 2647 3660 sunt
2670 3612 2724 3661 et
2738 3606 2916 3676 justa,
2938 3613 3219 3663 etsancta
3249 3608 3463 3678 regula
3484 3623 3766 3680 congrua,
3790 3633 3810 3658 ι

2120 3700 2226 3750 etc.
2295 3693 2386 3750 Ex
2451 3694 2661 3751 tabulis
2744 3694 3003 3765 ejusdem
3082 3697 3432 3753 monasterii.
3509 3698 3821 3754 Instituens

2118 3780 2438 3854 Neufingus
2498 3782 2930 3853 Andegavensis
2994 3783 3242 3854 episcop.
3303 3785 3632 3854 monachos,
3696 3787 3819 3855 (ex-

2120 3869 2300 3940 pulsis
2342 3870 2650 3941 canonicis)
2699 3871 2759 3927 in
2809 3871 3154 3928 monasterio
3217 3872 3272 3928 S.
3310 3872 3527 3942 Albini,
3576 3874 3657 3930 sic
3693 3874 3816 3931 elo-

2121 3958 2327 4028 quitur
2380 3959 2440 4015 in
2487 3960 2709 4016 schedis
2753 3960 3092 4017 veteribus:
3132 3982 3153 4010 ι
3201 3961 3505 4034 Privilegia
3561 3977 3691 4034 qua
3746 3978 3818 4020 ex

2121 4046 2362 4118 antiquo
2408 4047 2702 4104 canonicis
2752 4048 3011 4120 ejusdem
3051 4049 3300 4107 ecclesia
3342 4050 3572 4107 fuerant
3614 4051 3819 4108 obten-

2120 4142 2197 4205 ta,
2246 4141 2397 4191 663
2428 4136 2724 4203 fratribus
2763 4151 2999 4207 quoque
3035 4151 3193 4194 nunc
3228 4139 3340 4195 Deo
3388 4139 3596 4197 ibidem
3641 4154 3819 4211 regu-

2121 4224 2319 4281 lariter
2343 4225 2747 4293 servientibus,
2782 4232 2979 4282 nostra
3021 4227 3363 4284 auctoritate
3408 4228 3770 4286 firmaremus
3801 4246 3814 4284 :

2120 4313 2276 4385 quod
2328 4328 2434 4370 nos
2481 4313 2743 4372 ordinem
2783 4321 3049 4371 sanctum
3103 4316 3359 4374 attollere
3395 4318 3688 4389 cupientes
3726 4317 3808 4375 fe-

307 4397 467 4464 Ill4,
507 4396 662 4467 quod
691 4411 872 4467 supra
894 4397 1085 4453 visum
1110 4405 1214 4454 est.
1237 4398 1504 4469 Append.
1541 4399 1610 4456 ad
1638 4398 2007 4471 Sigibertum,
2036 4428 2081 4483 ι)
2119 4403 2324 4474 cimus,
2360 4423 2382 4452 ι
2419 4410 2528 4460 etc.

300 4492 356 4541 et
387 4484 659 4541 Nicolaus
689 4485 833 4542 Vita
865 4485 917 4541 S.
944 4484 1232 4543 Godefridi
1261 4487 1358 4544 lib.
1390 4502 1473 4556 III,
1515 4502 1639 4559 cap.
1669 4488 1723 4544 9.

374 4573 492 4643 (ιιι)
524 4572 655 4630 CAP.
716 4573 927 4631 XVIII.
978 4603 1049 4617 —
1088 4575 1512 4632 Sordidissimas
1554 4577 1765 4633 bracas.
1816 4576 2004 4647 Ovid.,

298 4660 493 4729 Trist.,
527 4661 629 4718 lib.
666 4675 763 4733 III;
795 4662 941 4735 eleg.
988 4663 1077 4731 10,
1132 4663 1370 4720 braccas
1419 4673 1717 4735 memorat,
1751 4667 1820 4722 de
1858 4681 2009 4738 qua-

296 4764 430 4807 rum
458 4751 698 4822 antiquo
720 4766 831 4808 usu
847 4751 1104 4819 Vossius,
1136 4752 1215 4808 De
1240 4753 1397 4809 vitiis
1417 4754 1715 4822 sermonis,
1751 4768 1882 4827 pag.
1918 4758 2000 4811 l0.

295 4838 444 4906 Quid
498 4854 637 4897 vero
691 4847 897 4897 sonent
946 4841 1106 4913 apud
1164 4848 1446 4898 nostrates
1487 4842 1795 4915 indigitant
1844 4844 2003 4900 Moli-

296 4941 551 4984 smenses
617 4928 885 4985 monachi
945 4928 1102 5000 apud
1170 4928 1425 4987 Orderic.
1488 4930 1753 4999 Vitalem,
1836 4933 2000 5001 Hist.,

295 5015 394 5073 lib.
450 5032 568 5085 vm,
632 5031 765 5089 pag.
836 5017 991 5073 712:
1028 5037 1057 5070 ‹‹
1119 5021 1221 5074 Ast
1264 5032 1462 5075 omnes
1520 5020 1716 5091 populi
1781 5020 2004 5078 braccis

295 5110 543 5162 utuntur
572 5106 633 5161 in
662 5106 901 5162 occiduo
952 5106 1212 5178 climate;
1244 5122 1348 5163 nec
1375 5108 1456 5164 eis
1493 5116 1610 5165 tam
1650 5123 1753 5180 pro
1792 5109 2002 5182 frigore

294 5206 469 5262 quam
503 5207 603 5262 pro
644 5193 919 5251 dedecore
957 5203 1180 5251 norunt
1218 5209 1429 5252 carere.
1480 5195 1703 5262 Quibus
1744 5211 1845 5267 pro
1874 5213 2004 5255 cau-

292 5282 369 5338 sis
399 5281 548 5337 idem
580 5295 706 5338 mos
737 5290 822 5339 est
859 5282 917 5338 in
964 5292 1159 5341 nostro
1200 5284 1422 5341 ordine.
1455 5305 1481 5336 ια
1524 5284 1736 5356 Nempe
1775 5287 1998 5345 braccis

296 5369 595 5426 femoralia
636 5370 1015 5442 intelligunt;
1076 5372 1207 5429 inde
1263 5372 1510 5430 braccile
1559 5374 1993 5446 diminutivum,

299 5457 456 5527 quod
519 5457 952 5531 subligaculum
1014 5460 1198 5530 aliqui
1265 5459 1738 5530 interpretantur.
1806 5462 1997 5520 Adeas

293 5546 626 5603 Menardum
691 5546 749 5603 in
819 5546 1195 5604 Concordiam
1260 5548 1620 5619 regularum,
1700 5564 1824 5620 cap.
1897 5553 1988 5620 42,

289 5648 421 5706 pag.
453 5634 669 5707 894;et
694 5634 1058 5704 Haeftenum,
1086 5635 1381 5706 Disquisit.
1405 5643 1672 5706 monast.,
1706 5652 1839 5709 pag.
1860 5639 1985 5695 495.

2187 4495 2257 4549 At
2284 4505 2420 4549 vero
2462 4491 2511 4546 si
2563 4491 2719 4549 ultra
2757 4491 3215 4564 progrediamur,
3254 4501 3310 4551 et
3362 4494 3647 4551 anteriora
3699 4510 3808 4551 sa-

2116 4579 2248 4636 cula
2275 4580 2662 4649 attendamus,
2691 4580 3086 4638 coenobiticam
3118 4582 3291 4638 vitam
3324 4582 3587 4639 Ecclesia
3618 4583 3807 4640 Patres

2116 4668 2278 4725 miris
2314 4668 2639 4726 cumulasse
2687 4669 2961 4727 laudibus
3010 4671 3397 4727 advertemus.
3446 4670 3500 4727 S.
3561 4671 3808 4729 Athana-

2113 4756 2254 4826 sius,
2288 4756 2567 4814 referente
2589 4757 2866 4828 Cedreno,
2901 4773 3142 4815 numero
3185 4760 3305 4814 sive
3329 4773 3453 4830 cap.
3497 4763 3557 4817 9!
3615 4760 3803 4818 Histo—

2114 4845 2211 4902 ria
2244 4860 2258 4901 :
2295 4867 2316 4895 ι
2351 4846 2496 4903 Cum
2525 4846 2639 4903 duo
2667 4847 2784 4902 sint
2814 4848 2944 4903 vita
2996 4860 3228 4918 genera,
3282 4847 3563 4904 mediocre
3594 4862 3799 4917 unum,

2111 4941 2165 4990 et
2189 4935 2462 4991 humana
2512 4934 2640 4991 vita
2687 4934 3214 5006 accommodatum;
3265 4935 3510 4992 alterum
3585 4937 3802 5007 angeli-

2110 5037 2265 5089 cum,
2288 5030 2343 5079 et
2372 5022 2768 5093 apostolicum,
2801 5031 2978 5093 atque
3016 5022 3483 5093 incomparabile,
3529 5025 3681 5095 quod
3722 5034 3805 5082 est

2109 5110 2459 5183 virginitatis
2484 5118 2659 5182 atquo
2716 5111 3044 5168 monastica
3093 5109 3245 5180 vita,
3281 5133 3302 5160 ι
3360 5120 3465 5168 etc.
3512 5114 3578 5169 Et
3608 5114 3802 5182 paucis

2108 5199 2423 5271 interjectis
2450 5215 2463 5255 :
2503 5221 2525 5249 ι
2560 5201 2752 5271 Atque
2777 5199 2914 5255 hinc
2943 5200 3254 5270 Dionysius
3283 5200 3377 5257 ille
3407 5201 3751 5271 apostolicus
3785 5218 3797 5257 :

2105 5286 2377 5345 Omnium
2437 5301 2735 5344 sacrorum
2791 5288 3064 5345 ordinum
3101 5303 3411 5360 supremus
3457 5297 3511 5345 et
3556 5289 3801 5346 celsissi-

2107 5389 2236 5432 mus
2279 5384 2363 5433 est
2413 5375 2832 5433 monachorum
2885 5377 3047 5444 ordo,
3084 5398 3105 5426 ι
3138 5385 3246 5434 etc.
3292 5376 3417 5444 Qua
3442 5376 3511 5433 de
3540 5391 3601 5433 re
3629 5378 3799 5434 Theo-

2101 5464 2296 5521 dosius
2326 5463 2462 5534 imp.
2499 5464 2809 5521 monachos
2851 5464 3153 5536 alloquens
3209 5465 3419 5521 ibidem
3466 5464 3636 5521 infra.
3671 5481 3795 5537 cap.

2108 5551 2205 5607 130
2238 5566 2251 5606 :
2290 5573 2310 5601 ι
2364 5552 2521 5608 Beati
2565 5565 2633 5608 ac
2682 5552 2992 5609 felicissimi
3031 5553 3304 5623 profecto,
3354 5567 3476 5623 vos,
3510 5556 3795 5626 monachi,

2096 5640 2252 5709 estis,
2289 5660 2310 5688 ι
2408 5648 2516 5698 etc.
2586 5641 2654 5697 In
2716 5640 2948 5698 laudem
3012 5640 3068 5697 S.
3120 5641 3423 5699 Athanasii
3479 5643 3793 5703 orationem
