3930 6420
161 401 302 454 1201

1450 399 1663 456 DOMNI
1702 401 1757 454 L.
1803 398 2150 454 D’ACHERY
2187 397 2409 453 NOTAE.

3553 399 3689 452 1202

147 530 370 586 habuit
411 530 461 586 S.
501 529 740 599 Gregor.
781 529 917 585 Naz.
967 537 1169 599 estque
1221 529 1404 584 oratio
1461 532 1550 598 2|,
1603 529 1701 586 ubi
1746 530 1856 585 sub
1888 537 1930 589 Α
1969 527 2198 586 Carnot.
2255 525 2526 596 praedicat
2598 525 2720 580 suis
2774 525 2977 582 litteris
3027 527 3098 582 ad
3162 525 3431 583 abbatem
3514 528 3684 584 Bonae

149 620 316 676 med.
355 633 418 674 ;‹
456 619 542 674 Ad
572 633 739 674 sacra
778 618 876 673 illa
914 625 968 674 et
998 617 1198 673 divina
1244 619 1476 690 Egypti
1526 618 1878 674 monasteria

151 722 225 763 se
260 707 500 774 confert,
551 708 610 762 in
659 707 878 777 quibus
936 706 1196 762 homines
1225 722 1260 762 a
1305 708 1522 763 mundo
1568 722 1627 764 se
1663 707 1880 764 distra-

155 796 392 864 hentes,
459 797 572 851 Deo
625 795 839 851 vivunt
894 797 1081 866 magis
1139 810 1317 866 quam
1370 796 1560 852 caeteri
1624 796 1882 853 homines

155 885 273 955 qui
305 885 364 940 in
397 898 633 954 corpore
683 890 1013 939 versantur.
1060 905 1081 932 ι
1109 883 1306 953 {Quam
1337 885 1410 939 ob
1451 899 1571 940 rem
1605 885 1658 940 8.
1692 884 1879 954 Chry-

157 981 462 1040 sostomo.,
497 972 694 1028 homil.
743 974 831 1039 70,
875 971 935 1027 in
974 985 1100 1042 cap.
1138 974 1227 1027 22.
1253 973 1494 1029 Matth:
1533 995 1552 1022 α
1588 973 1713 1028 Non
1740 973 1880 1029 cmlo

157 1061 515 1118 diverticula
570 1061 993 1117 monachorum
1057 1061 1282 1117 minora
1334 1062 1673 1117 aestimanda
1720 1069 1876 1118 sunt.

156 1148 383 1218 Angeli
432 1163 655 1218 nempe,
706 1149 819 1203 imo
879 1162 1016 1203 vero
1076 1147 1196 1217 ipse
1248 1163 1482 1218 quoque
1539 1149 1881 1220 angelorum

157 1237 454 1292 Dominus
492 1249 890 1306 saepenumero
948 1235 1022 1290 ad
1047 1248 1143 1290 eos
1171 1235 1565 1291 divertuntur.
1606 1256 1627 1283 ι
1665 1236 1878 1290 lterum

157 1326 406 1395 Gregor.
471 1325 642 1387 Naz.,
691 1331 845 1380 orat.
899 1325 971 1379 ad
1014 1324 1314 1380 lulianum
1370 1325 1533 1380 Trib.
1593 1338 1798 1393 exseq.
1862 1339 1876 1377 :

166 1436 194 1462 ι
236 1413 337 1468 Dei
394 1427 592 1470 servos
620 1420 675 1468 et
704 1412 1033 1482 discipulos,
1069 1413 1387 1468 caelestium
1440 1427 1636 1468 rerum
1687 1413 1876 1481 inspe-

155 1508 377 1564 ctores,
430 1501 657 1572 generis
705 1500 885 1556 nostri
933 1500 1235 1570 primitias,
1281 1501 1404 1556 haec
1433 1500 1744 1563 columina,
1779 1499 1883 1554 has

161 1589 308 1644 fidei
374 1596 581 1645 nostrae
639 1603 900 1656 coronas,
968 1589 1071 1644 hos
1140 1588 1335 1658 templi
1386 1588 1672 1658 lapides,»
1746 1593 1876 1654 etc.,

160 1677 425 1748 appellat
495 1678 806 1733 monachos
854 1677 925 1732 Et
979 1677 1303 1733 Salvianus.
1341 1676 1436 1733 lib.
1492 1691 1589 1733 VIII
1638 1677 1718 1732 De
1765 1690 1879 1746 gu-

160 1766 294 1822 ber.
330 1773 474 1836 post.
506 1767 653 1822 med.
691 1781 702 1820 :
733 1788 754 1815 ι
782 1765 1166 1836 Sanctosgbei.
1206 1787 1227 1814 ι

246 1854 568 1911 Concilium
620 1853 959 1910 Toletanum
1005 1869 1062 1910 1v
1095 1855 1204 1910 sub
1246 1852 1494 1910 Honorio
1524 1853 1628 1908 PP.
1669 1853 1713 1908 Ι.
1747 1866 1876 1922 cap.
1909 1839 1950 1894 Β

165 1945 247 1997 50
288 1957 300 1996 :
341 1963 363 1990 ι
411 1941 615 1998 Clerici
654 1941 779 2011 lqui
831 1942 1253 1998 monachorum
1298 1941 1652 2012 propositum
1703 1954 1880 2010 appe—

164 2037 329 2098 tunt,
365 2031 506 2100 quia
535 2031 827 2087 meliorem
859 2030 1040 2086 vitam
1067 2031 1230 2102 sequi
1262 2030 1524 2100 cupiunt,
1559 2030 1769 2086 liberos
1800 2029 1881 2085 eis

165 2119 250 2174 ab
297 2119 577 2189 episcopis
611 2119 670 2175 in
719 2119 1080 2176 monasteriis
1127 2119 1324 2190 largiri
1379 2125 1599 2189 oportet
1652 2119 1879 2189 ingres-

165 2222 296 2263 sus.
354 2229 374 2255 ι
430 2208 758 2264 Bonifacius
797 2222 945 2278 papa
979 2209 1058 2263 IV
1111 2209 1331 2265 clericis
1376 2207 1731 2279 Anglicanis,
1776 2206 1877 2276 qui

167 2296 338 2352 omni
365 2297 553 2353 studio
573 2298 819 2367 totisque
846 2297 1072 2354 viribus
1117 2298 1447 2365 monachos,
1481 2296 1636 2368 quod
1667 2294 1880 2351 mortui

166 2393 370 2444 essent
422 2387 659 2454 mundo,
705 2386 1044 2442 clericorum
1095 2386 1298 2442 officiis
1345 2399 1539 2441 arcere
1581 2385 1879 2441 conaban-

167 2481 298 2540 tur,
332 2474 701 2543 respondens,
736 2474 883 2529 inter
912 2474 1026 2530 alia
1070 2473 1152 2530 sic
1199 2473 1495 2529 rescribit:
1537 2494 1558 2522 ι
1607 2473 1876 2528 Sacerdo-

169 2569 265 2619 tes
313 2562 491 2632 igitur
543 2562 810 2618 monachi
862 2570 917 2618 et
963 2561 1244 2628 canonici,
1305 2562 1407 2632 qui
1464 2561 1720 2632 quotidie
1778 2560 1877 2616 Dei

167 2659 466 2721 praecepta
491 2651 862 2716 annuntiant,
905 2650 1095 2721 angeli
1150 2657 1435 2706 vocantur
1482 2651 1702 2706 ratione
1760 2663 1876 2704 non

166 2739 519 2811 incongrua.
561 2739 664 2794 Sed
717 2740 1124 2810 unusquisque
1155 2738 1452 2810 angelicus
1480 2739 1620 2794 ordo
1657 2745 1876 2808 quanto

162 2829 497 2885 claritatem
549 2827 646 2883 Dei
689 2828 917 2884 vicinus
970 2828 1414 2898 contemplatur,
1462 2833 1622 2884 tanto
1679 2825 1876 2899 digni-

163 2925 295 2974 tate
358 2916 658 2973 sublimior
713 2917 1040 2972 aftirmatur
1087 2932 1099 2971 :
1177 2930 1312 2972 nam
1405 2916 1491 2972 uti
1539 2915 1872 2982 Cherubim,

160 3006 446 3063 monachi
493 3020 594 3061 sex
643 3005 747 3060 alis
787 3005 1075 3071 velantur,
1131 3027 1152 3054 ι
1220 3012 1326 3061 etc.
1387 3005 1570 3062 Habet
1611 3005 1733 3060 haec
1775 3005 1874 3060 Ivo

157 3097 410 3159 decret.,
459 3101 605 3163 part.
675 3110 774 3158 vn,
831 3108 957 3163 cap.
1008 3096 1094 3147 22.
1139 3091 1398 3150 Concinit
1447 3093 1507 3148 in
1555 3092 1705 3148 hanc
1752 3105 1870 3148 rem

161 3197 504 3252 anonymus
535 3189 700 3251 poeta
747 3182 806 3236 in
845 3182 996 3238 notis
1036 3181 1330 3238 Sirmundi
1375 3181 1448 3237 ad
1498 3180 1597 3236 lib.
1637 3195 1712 3236 ιν.
1760 3178 1876 3236 Go-

164 3267 394 3326 defredi
435 3267 639 3336 Vindo,
664 3269 830 3338 epist.
856 3271 877 3323 ί
903 3269 961 3323 in
996 3269 1126 3324 fine.

247 3401 339 3457 Sic
368 3401 638 3456 Cherubin
666 3401 809 3469 ccelo,
843 3402 1093 3456 monachi
1115 3402 1303 3456 tellure
1329 3405 1624 3468 manentes,

325 3491 499 3544 Unum
525 3489 662 3543 dant
685 3491 785 3544 uni
803 3491 1087 3544 servitium
1110 3491 1346 3545 Domino.

168 3619 439 3690 Denique
486 3620 866 3691 subsequiora
905 3629 1163 3692 tempora
1208 3621 1516 3692 paululum
1601 3619 1878 3690 inspicia-

167 3722 328 3764 mus.
382 3709 449 3763 In
484 3709 722 3764 concilio
762 3709 1147 3766 Lemovicensi
1190 3723 1286 3766 an.
1324 3710 1479 3777 1034,
1527 3709 1610 3765 ita
1646 3723 1742 3764 eos
1774 3707 1877 3778 qui

168 3796 560 3853 consedebant
589 3797 801 3854 affatur
859 3812 1068 3868 praeses
1102 3813 1114 3853 :
1153 3820 1176 3848 ι
1234 3798 1323 3854 Illi
1370 3798 1525 3854 enim
1564 3796 1878 3868 (monachi)

171 3884 386 3941 nostris
416 3885 639 3956 legibus
674 3886 992 3958 constringi
1031 3901 1146 3942 non
1168 3887 1395 3955 debent,
1438 3886 1540 3958 qui
1585 3888 1737 3943 ultra
1774 3900 1878 3941 nos

171 3987 280 4042 per
330 3981 547 4030 arctam
585 3983 640 4030 et
689 3983 1000 4048 angustam
1064 3983 1286 4046 portam
1355 3975 1487 4032 vitae
1543 3974 1879 4046 ingrediun-

173 4069 296 4116 tur.
333 4082 354 4110 ι
390 4061 606 4119 Deinde
649 4071 773 4134 post
803 4078 1026 4135 pauca:
1091 4086 1112 4113 ι
1150 4064 1403 4120 Abbates
1435 4064 1732 4135 regulares
1761 4077 1876 4118 non

173 4147 303 4204 ideo
358 4149 430 4204 ad
486 4151 773 4220 synodum
850 4151 1045 4207 venire
1112 4166 1252 4222 cogo
1329 4150 1506 4221 hujus
1576 4150 1748 4216 sedis,
1815 4156 1878 4206 ut

174 4244 526 4306 arguantur,
578 4239 677 4294 sed
718 4246 782 4295 ut
834 4240 975 4295 mihi
1005 4240 1074 4296 de
1107 4240 1280 4296 rebus
1313 4238 1708 4296 ecclesiasticis
1755 4252 1875 4293 mo-

174 4325 449 4382 derandis
494 4327 823 4384 consultum
856 4329 1182 4398 praebeant;
1215 4335 1506 4400 quatenus
1538 4327 1666 4398 ipsi,
1717 4326 1882 4396 spiri-

179 4414 366 4471 tuales
391 4414 522 4483 viri,
584 4415 642 4471 in
690 4416 1065 4474 retributione
1116 4431 1340 4473 coronae
1382 4431 1603 4472 mecum
1636 4415 1877 4485 partici—
1903 4445 1947 4499 Β

179 4512 408 4572 pentur.
469 4525 491 4552 ι
546 4503 707 4561 Unde
763 4504 817 4560 S.
873 4506 980 4562 Leo
1032 4507 1136 4561 PP.
1209 4505 1290 4560 IX
1349 4505 1762 4561 monachorum
1819 4504 1872 4560 S.

178 4589 424 4662 Remigii
469 4591 528 4646 in
579 4592 818 4648 concilio
865 4593 1166 4649 Remensi:
1223 4615 1250 4643 «
1303 4593 1625 4650 societatem
1678 4593 1879 4649 devote

177 4679 337 4748 petiit
399 4678 530 4749 (fert
575 4686 741 4736 vetus
783 4681 1000 4752 charta)
1048 4689 1103 4738 et
1159 4681 1395 4753 accepit,
1449 4695 1733 4752 suamque
1800 4680 1882 4736 eis

181 4767 477 4824 humiliter
511 4769 836 4838 petentibus
865 4770 1110 4841 largitus
1138 4778 1243 4838 est,
1298 4793 1320 4819 ι
1371 4779 1478 4828 etc.
1511 4771 1680 4826 Anno
1720 4772 1876 4837 1049,

179 4870 298 4926 quo
363 4855 486 4912 loco
537 4856 867 4914 monasticis
921 4858 1069 4915 votis
1142 4859 1403 4916 astrictos
1474 4858 1709 4915 haberet
1777 4857 1877 4914 Ivo

1983 615 2164 672 Vallis
2194 614 2564 684 Bernerium;
2625 614 2714 670 his
2771 629 2906 670 mox
2950 615 3120 671 tinem
3159 615 3369 672 nostris
3407 616 3688 672 observa-

1983 704 2237 759 tionibus
2285 703 2664 772 imponemus.
2709 703 2764 757 S.
2827 703 3179 770 Bernardus,
3213 717 3382 759 serm.
3439 705 3518 759 De
3548 719 3684 760 ver-

1986 791 2072 848 bis
2102 791 2376 846 Domini:
2414 811 2441 838 ‹‹
2489 791 2634 847 Vere
2690 790 3027 854 claustrum,
3091 791 3297 848 fratres
3354 793 3489 858 mei,
3545 807 3680 849 vere

1986 880 2183 951 religio
2229 887 2312 936 est
2351 880 2672 949 paradisus.
2733 900 2762 929 ››
2814 879 3016 935 Petrus
3061 879 3329 948 Blesens.,
3382 881 3550 951 epist.
3615 886 3679 936 t3

1985 969 2094 1025 sub
2129 970 2335 1024 finem:
2375 990 2396 1018 ε
2433 970 2612 1024 Juxta
2652 968 2992 1024 sententiam
3035 967 3222 1024 cordis
3251 968 3382 1036 mei,
3416 969 3462 1024 si
3508 984 3686 1040 para-

1983 1055 2145 1112 disus
2197 1056 2256 1112 in
2287 1057 2396 1112 hac
2425 1055 2544 1112 vita
2588 1055 2856 1125 praesenti
2911 1062 3015 1122 est,
3078 1056 3170 1111 vel
3208 1056 3268 1110 in
3303 1056 3554 1113 claustro
3580 1066 3685 1124 est,

1987 1146 2076 1202 vel
2109 1145 2166 1202 in
2197 1145 2412 1202 schola.
2468 1167 2488 1193 ι
2525 1145 2595 1201 Ει
2625 1145 2758 1214 pius
2792 1145 3042 1200 Joannes
3096 1143 3328 1200 Gerson.
3365 1145 3468 1200 lib.
3509 1161 3569 1202 ιιι
3613 1147 3689 1203 De

1986 1234 2300 1290 imitatione
2338 1232 2566 1300 Christi,
2617 1248 2744 1302 cap.
2776 1233 2844 1288 56
2895 1247 2908 1286 :
2973 1254 2994 1281 ι
3031 1232 3176 1289 Vere
3214 1233 3333 1287 vita
3397 1232 3531 1288 boni
3569 1248 3683 1290 mo.

1988 1323 2158 1379 nachi
2189 1336 2337 1378 crux
2369 1329 2473 1387 est,
2515 1322 2613 1378 sed
2642 1322 2766 1378 dux
2785 1320 3054 1390 paradisi.
3087 1339 3115 1372 ››

2056 1411 2341 1467 Caeterum
2396 1424 2493 1466 eas
2540 1409 2632 1465 SS.
2696 1409 2933 1464 Patrum
3008 1409 3319 1465 sententias
3370 1409 3452 1464 sic
3510 1423 3545 1465 a
3598 1425 3688 1467 me

1987 1499 2276 1569 expositas
2334 1499 2505 1555 velim
2559 1498 2777 1566 credas,
2839 1512 2954 1553 non
3021 1498 3093 1552 ad
3159 1497 3393 1566 fastum,
3449 1513 3565 1554 non
3619 1499 3692 1555 ad

1987 1587 2358 1658 philautiam;
2426 1587 2546 1644 sive
2599 1594 2664 1642 ut
2694 1586 2822 1642 aliis
2851 1586 3152 1642 ordinibus
3207 1585 3538 1643 institutum
3569 1601 3692 1643 mo-

1987 1676 2295 1743 nasticum,
2357 1676 2513 1747 quod
2555 1676 2610 1730 id
2653 1675 2760 1731 sim
2811 1675 3136 1744 amplexus,
3184 1674 3457 1730 anteferri
3498 1677 3691 1745 {appe-

1989 1765 2136 1836 tam(
2175 1780 2199 1810 ι
2237 1764 2400 1820 Absit
2466 1763 2603 1819 mihi
2635 1763 2888 1835 gloriari,
2923 1763 3031 1818 nisi
3095 1765 3154 1819 in
3230 1778 3400 1819 cruce
3458 1764 3687 1819 Domini

1989 1855 2166 1910 nostri
2222 1856 2356 1910 Jesu
2412 1853 2643 1919 Christi,
2699 1867 2799 1922 per
2830 1866 3003 1921 quem
3036 1851 3177 1906 mihi
3205 1851 3462 1906 mundus
3496 1851 3690 1906 cruci-

1989 1943 2144 1999 ﬁxus
2172 1951 2274 2000 est.
2307 1950 2362 1998 et
2389 1957 2496 2014 ego
2534 1941 2752 1997 mundo
2795 1940 3026 2011 (Galat.)
3075 1956 3154 2006 v1,
3189 1942 3294 2006 t4).
3343 1959 3371 1989 ι
3403 1940 3524 1996 Imo
3556 1954 3689 1995 vero

1987 2046 2149 2088 mens
2178 2046 2305 2088 mea
2357 2031 2716 2101 potissimum
2764 2029 2894 2095 fuit,
2937 2043 3069 2099 quae
3106 2028 3247 2084 mihi
3280 2029 3447 2096 [inter
3487 2028 3690 2098 legen-

1987 2120 2125 2175 dum
2185 2120 2546 2191 collegeram,
2595 2117 2812 2188 speculi
2869 2117 3071 2185 instar,
3132 2115 3200 2172 iis
3260 2117 3384 2186 qui,
3448 2116 3691 2172 terrenis

1985 2210 2160 2266 rebus
2196 2208 2493 2279 despectis,
2527 2207 2736 2263 Christi
2778 2220 2957 2262 suave
2986 2207 3198 2276 iugum
3229 2204 3490 2262 humeris
3517 2204 3692 2263 (ultro

1987 2295 2405 2366 imposuerunt,
2459 2295 2736 2366 objicere;
2801 2302 3094 2364 quatenus
3146 2296 3415 2363 repetere
3474 2301 3694 2365 queant

1985 2386 2177 2442 animo
2216 2386 2372 2456 quod
2401 2387 2656 2451 Gerson.,
2691 2383 2787 2439 ubi
2828 2396 3007 2452 supra
3036 2396 3162 2452 cap.
3202 2385 3284 2450 10,
3322 2382 3463 2438 tanti
3512 2381 3689 2438 facit:

1991 2497 2012 2524 ι
2088 2474 2213 2531 Non
2265 2473 2414 2530 enim
2462 2474 2732 2529 omnibus
2789 2471 3118 2541 (exclamat)
3182 2471 3386 2527 datum
3435 2474 3534 2527 est
3599 2479 3686 2538 ut,

1984 2562 2254 2618 omnibus
2285 2561 2582 2629 abdicatis,
2604 2559 2814 2616 seculo
2844 2559 3193 2626 renuntient,
3227 2565 3282 2614 et
3313 2558 3689 2616 monasticam

1984 2651 2161 2707 vitam
2239 2658 2517 2706 assumat.
2609 2670 2629 2697 ι
2690 2649 2804 2705 Nec
2869 2663 2984 2704 non
3049 2655 3104 2703 et
3156 2661 3273 2718 quo
3326 2647 3534 2704 animae
3622 2662 3690 2704 ac

1983 2739 2236 2810 corporis
2301 2739 2452 2795 vires
2517 2737 2842 2805 collineare,
2913 2742 2968 2792 et
3041 2742 3330 2806 quantum
3376 2735 3685 2804 virtutum,

1983 2827 2419 2898 sanctitatisque
2449 2827 2744 2898 fastigium
2793 2832 3048 2895 spectare
3080 2823 3346 2892 debeant,
3400 2822 3543 2880 nihil
3571 2837 3686 2879 non

1983 2925 2312 2988 agnoscant.
2365 2918 2553 2987 Atque
2602 2916 2682 2971 illi
2719 2923 2994 2986 praeterea
3054 2914 3401 2970 verecundia
3468 2915 3689 2984 percel-

1984 3004 2202 3074 lantur,
2255 3004 2473 3074 quibus
2519 3003 2676 3059 cordi
2723 3001 2960 3057 minime
2985 3009 3068 3058 est
3099 3001 3273 3058 hocce
3301 3001 3450 3068 §vitae
3480 3016 3684 3073 genus,

1982 3093 2197 3150 scilicet
2251 3092 2631 3158 abstinentiae,
2693 3091 2950 3162 jejuniis,
3010 3089 3244 3161 vigiliis,
3305 3091 3684 3157 chameuniis,

1982 3181 2225 3250 silentio,
2258 3181 2551 3238 solitudini
2579 3187 2633 3236 et
2664 3179 2901 3246 caeteris,
2936 3193 3068 3248 quae
3102 3179 3304 3250 gravia
3355 3193 3422 3235 ac
3454 3179 3690 3234 molesta

1983 3271 2142 3326 carni
2169 3284 2371 3326 revera
2398 3269 2688 3332 videntur,
2741 3266 3206 3324 exercitamentis
3243 3281 3476 3337 operam
3528 3267 3686 3335 dare,

1983 3373 2160 3428 seque
2183 3359 2256 3414 ad
2294 3373 2361 3414 ea
2393 3357 2738 3427 perficienda
2788 3356 2936 3412 votis
2964 3355 3345 3426 obstringere,
3387 3363 3509 3411 tum
3538 3370 3691 3421 .ver—

1985 3447 2092 3513 bis,
2159 3453 2280 3503 tum
2333 3446 2507 3502 etiam
2548 3445 2776 3515 scriptis
2823 3444 3172 3514 improbant,
3222 3445 3573 3514 studentque
3612 3442 3691 3498 fa-

1984 3536 2214 3592 stidium
2249 3548 2560 3606 suggerere
2593 3533 2985 3604 praefatorum,
3038 3546 3339 3602 perperam
3385 3533 3686 3588 edocentcs

1983 3638 2180 3680 rerum
2211 3638 2383 3680 usum
2415 3623 2557 3679 nihil
2590 3636 2825 3693 prorsus
2857 3635 3140 3678 remoram
3187 3621 3524 3678 Christianae
3558 3635 3691 3690 per-

1983 3713 2211 3769 fectioni
2268 3713 2497 3778 inferre,
2548 3713 2716 3768 modo
2755 3710 2902 3766 adsit
2956 3711 3238 3780 Charitas;
3324 3709 3492 3780 quasi
3551 3724 3688 3765 vero

1984 3800 2106 3856 haec
2153 3801 2276 3870 ipsa
2328 3798 2656 3856 conservari
2706 3798 2898 3868 possit,
2935 3797 3226 3869 (charitas,
3259 3798 3522 3867 inquam,
3557 3811 3690 3866 quze

1984 3903 2100 3943 non
2155 3888 2364 3958 quaerit
2413 3902 2545 3958 quae
2598 3901 2706 3942 sua
2774 3893 2931 3953 sunt,
2988 3885 3086 3941 sed
3114 3885 3256 3955 {quae
3310 3886 3445 3941 Jesu
3474 3883 3686 3940 Christi

1986 3979 2036 4044 (Ι
2083 3979 2202 4034 Cor.
2273 3991 2392 4042 xm,
2436 3977 2513 4046 5),
2564 3975 2672 4030 nisi
2725 3988 2936 4043 corpus
2985 3973 3333 4044 gcastigetur,
3394 3972 3692 4042 redigatur

1985 4067 2044 4122 in
2073 4066 2410 4122 servitutem
2468 4065 2517 4136 (Ι
2569 4066 2688 4121 Cor.
2722 4078 2802 4130 ix,
2843 4062 2952 4133 27),
3004 4060 3496 4133 quemadmodum
3546 4061 3692 4130 Apo-

1983 4155 2183 4224 stolus,
2231 4163 2286 4212 et
2342 4161 2628 4226 quotquot
2671 4151 2991 4209 sanctitatis
3035 4150 3268 4208 nomine
3323 4150 3382 4207 in
3430 4150 3687 4206 Ecclesia

1984 4258 2350 4311 veneramur,
2385 4243 2717 4300 actitavere.

1984 4373 2134 4424 664
2185 4370 2360 4423 lvonis
2414 4368 2757 4424 Carnotensis
2809 4369 3050 4436 episcopi
3112 4366 3306 4420 litterae
3361 4365 3436 4418 ad
3481 4367 3682 4419 Berne-

2253 4460 2398 4511 rium
2431 4456 2760 4511 Bonzvatlis
2789 4456 3108 4510 monasterii
3135 4454 3403 4509 abbatem.

2063 4613 2083 4639 ι
2126 4590 2409 4657 Quoniam
2448 4587 2847 4659 dispositiones
2891 4586 3407 4645 ecclesiasticarum
3469 4599 3682 4653 rerum,

1989 4678 2297 4750 episcopali
2355 4693 2510 4734 curae
2574 4677 2884 4745 faciendas,
2939 4677 3298 4733 decretorum
3317 4683 3372 4731 et
3401 4688 3688 4730 canonum

1990 4768 2216 4840 paginae
2259 4767 2600 4834 concedunt,
2645 4773 2750 4822 etc.
2791 4787 2811 4814 ι
2850 4765 2986 4821 Vide
3012 4759 3160 4819 inter
3201 4763 3456 4833 epistolas
3484 4765 3686 4829 Ivonis,

1987 4857 2139 4928 apud
2167 4871 2262 4912 nos
2295 4859 2433 4911 tome
2462 4871 2589 4911 mox
2609 4853 2833 4909 edendo.

1851 5081 2028 5126 FINIS.

1385 5315 1538 5373 SOLI
1579 5315 1721 5373 Ι)Εο
1770 5313 2012 5373 ΗΟΝΟΒ
2056 5314 2148 5370 ΕΤ
2201 5312 2488 5371 GLOBIA.
