3930 6392
251 310 384 363 1203

1286 310 1379 364 AD
1417 308 1571 364 OPP.
1614 310 1769 365 VEN.
1812 308 2150 365 GUIBERTI
2189 309 2281 365 DE
2321 307 2714 365 NOVIGENTO

3622 307 3778 362 12οἱ

1474 617 2522 727 ADDITAMENTA

466 847 691 971 AD
778 845 1583 971 GUIBERTI
1667 843 2234 970 OPEBA
2313 844 3537 971 ILLUSTBANDA.
3622 858 3627 861 ’

591 1266 1066 1413 VITA
1176 1265 1323 1412 s.
1458 1264 2490 1412 GEREMARI
2586 1268 3425 1418 ABBATIS

1587 1516 1761 1574 ORDI
1765 1515 1813 1572 N
1818 1514 1883 1572 IS
1921 1515 1982 1572 S.
2031 1514 2414 1573 BENEDICTI
2430 1557 2446 1586 ,

797 1688 1249 1762 AUCTOBE
1322 1687 1700 1775 QUIDEM
1768 1688 2257 1763 ANONYMO
2336 1689 2513 1763 SED
2590 1691 3236 1779 PERANTIQUO.

643 2005 966 2058 ουτ-ουτ
1001 2000 1228 2058 CAPUT
1266 2000 1575 2057 PRIMUM.
1682 2009 1701 2025 ⁸

333 2123 609 2192 Tempore
661 2117 966 2191 Dagoberti
996 2118 1151 2189 regis
1183 2118 1561 2186 Francorum,
1592 2132 1725 2173 cum
1766 2116 1961 2173 fideles

265 2209 474 2266 Christi
513 2208 707 2264 odium
771 2221 874 2278 pro
921 2207 1159 2263 veritate
1209 2206 1591 2273 incurrerent,
1620 2214 1675 2261 et
1705 2221 1808 2276 per
1837 2206 1963 2262 Gal-

266 2300 401 2356 liam
433 2312 468 2353 a
524 2295 798 2353 membris
852 2294 1066 2352 diaboli
1112 2308 1215 2364 pro
1254 2292 1483 2350 nomine
1530 2294 1737 2350 Christi
1781 2295 1964 2351 multa

267 2388 636 2453 sustinerent,
684 2386 888 2441 beatus
926 2384 1271 2440 Geremarus
1300 2383 1370 2438 ad
1407 2383 1806 2453 proterendam
1864 2397 1964 2439 ra-

273 2477 416 2532 biem
448 2473 911 2545 perﬁdorumﬂet
941 2473 1012 2528 ad
1043 2471 1529 2528 corroborandam
1583 2472 1748 2529 tidem
1794 2472 1964 2529 Chri-

269 2566 613 2629 stianorum,
637 2562 774 2617 villa
800 2560 1203 2627 Giviarandra,
1231 2575 1362 2631 quae
1388 2560 1496 2616 sita
1519 2567 1601 2617 est
1640 2560 1698 2616 in
1719 2562 1966 2618 confinio

272 2651 710 2711 Belvacensium
747 2664 923 2721 super
981 2648 1227 2705 ﬂuvium
1280 2650 1469 2715 Ittam,
1518 2658 1810 2706 annuente
1867 2652 1966 2707 Dei

273 2739 593 2806 clementia,
634 2745 796 2794 ortus
832 2744 935 2793 est.
993 2736 1225 2793 Genitor
1260 2737 1386 2808 ejus
1429 2738 1659 2794 nomine
1688 2738 1967 2810 Rigober-

276 2838 389 2897 tus,
421 2836 475 2885 et
512 2826 762 2897 genitrix
811 2825 944 2882 illus
975 2824 1205 2881 nomine
1247 2824 1391 2895 Aga,
1453 2839 1526 2881 ex
1552 2824 1732 2896 {gente
1782 2826 1969 2881 Fran-

277 2932 475 2975 corum
520 2915 695 2972 nobili
724 2923 865 2971 orta.
898 2915 1073 2971 Ortus
1118 2913 1367 2984 denique
1414 2913 1738 2970 illustribus
1771 2928 1969 2985 paren-

277 3008 432 3064 tibus
459 3019 623 3061 sacro
680 3004 832 3060 fonte
869 3003 1209 3073 baptizatur,
1241 3009 1296 3058 et
1341 3016 1506 3057 sacra
1535 3002 1645 3058 fide
1672 3003 1972 3073 consigna-

280 3106 374 3153 tur
434 3109 446 3149 :
496 3094 675 3151 sacris
720 3091 1253 3164 etenimﬁmysteriis
1301 3092 1650 3148 imbuendus
1701 3093 1967 3149 traditur.

279 3185 447 3241 Hunc
476 3182 763 3254 siquidem
786 3181 1090 3254 genitores,
1116 3180 1273 3236 velut
1294 3180 1535 3236 unicum
1566 3180 1747 3236 tilium
1781 3188 1974 3237 tenere

278 3276 579 3348 diligentes
634 3271 1270 3363 tradiderunt__scholis
1351 3269 1737 3327 erudiendum
1796 3277 1972 3342 atque
2003 3310 2043 3363 Β

281 3363 685 3420 instruendum
713 3361 972 3418 doctrina
1006 3359 1237 3417 Christi.

351 3453 477 3508 Post
531 3465 783 3522 quorum
845 3456 1086 3506 mortem
1136 3448 1338 3504 beatus
1372 3449 1733 3516 Geremarus,
1793 3448 1978 3520 magis

281 3556 348 3599 ac
395 3542 581 3613 magis
628 3541 687 3596 in
715 3538 925 3595 Christi
960 3551 1153 3593 amore
1190 3537 1589 3604 exardescens,
1632 3552 1747 3594 non
1788 3552 1977 3595 cessa-

282 3632 378 3687 bat
406 3627 790 3686 substantiam
843 3639 1011 3682 suam
1055 3638 1296 3696 erogare
1333 3626 1711 3695 pauperibus;
1762 3626 1975 3682 sciebat

279 3720 435 3777 enim
465 3718 605 3789 quia
628 3715 783 3787 quod
811 3714 1165 3785 pauperibus
1190 3713 1383 3781 dabat,
1414 3714 1521 3783 ipsi
1564 3714 1805 3770 Domino
1840 3716 1974 3771 Jesu

279 3808 504 3865 Christo
568 3804 879 3872 tribuebat,
937 3803 1085 3860 sicut
1147 3802 1297 3859 idem
1365 3802 1646 3859 Dominus
1701 3802 1839 3860 dicit
1915 3804 1972 3860 in

280 3896 630 3968 Evangelio:
689 3916 717 3944 «
761 3893 923 3959 Quod
983 3892 1084 3949 uni
1141 3906 1214 3948 ex
1261 3892 1516 3949 minimis
1547 3894 1690 3949 meis
1741 3893 1971 3959 fecistis,

282 3985 422 4043 mihi
462 3983 669 4041 fecistis
709 3984 928 4051 (Matth.
972 3997 1105 4048 xxv,
1131 3982 1247 4049 40.)
1287 4002 1306 4029 ο
1349 3981 1719 4050 Przeparabat
1751 3981 1859 4038 sibi
1904 3982 1974 4039 de

278 4068 623 4127 transitoriis
659 4076 892 4130 aeterna.
948 4074 1005 4122 et
1043 4066 1112 4121 de
1160 4065 1393 4121 caducis
1432 4067 1670 4134 praemia
1698 4066 1821 4123 sine
1861 4067 1974 4125 fine

279 4170 580 4215 mansura.
620 4155 721 4212 His
743 4162 799 4211 et
845 4153 973 4210 aliis
1002 4153 1201 4210 multis
1236 4154 1516 4223 exemplis
1548 4154 1968 4225 corroboratus,

273 4246 538 4318 captivis,
595 4242 896 4315 orphanis,
947 4242 1161 4309 viduis,
1216 4242 1570 4312 pauperibus
1625 4242 1974 4301 incessanter

278 4334 664 4395 substantiam
693 4330 1258 4401 suamimpendebat.
1283 4330 1389 4388 Sed
1419 4345 1553 4387 cum
1578 4330 1699 4402 jam
1732 4332 1973 4388 Domino

276 4423 585 4497 placuisset
625 4422 895 4479 meritum
928 4420 1183 4477 revelare
1228 4420 1425 4477 multis
1456 4420 1608 4478 beati
1656 4420 1968 4487 Geremari,

277 4512 575 4586 quoniam,
626 4510 774 4567 sicut
824 4508 941 4579 ipse
990 4508 1126 4566 dicit
1172 4508 1232 4565 in
1279 4508 1593 4581 Evangelia
1635 4523 1649 4562 :
1705 4532 1727 4558 ι
1791 4510 1970 4566 Nemo

1993 2008 2036 2059 Α
2075 2000 2312 2057 nuntios
2340 2002 2794 2058 aceersiviteum
2828 2002 2884 2058 in
2914 2004 3193 2074 palatium
3225 2020 3420 2075 suum,
3452 2015 3508 2064 et
3567 2009 3780 2067 videns

2068 2104 2205 2145 eum
2268 2089 2588 2161 elegantem
2638 2099 2693 2147 et
2748 2092 2981 2149 doctum
3033 2092 3091 2149 in
3123 2094 3333 2163 verbis,
3364 2103 3418 2152 et
3449 2097 3774 2169 sapientem

2071 2178 2130 2233 in
2162 2178 2435 2246 consiliis,
2488 2178 2737 2249 praefecit
2766 2194 2900 2237 eum
2945 2182 3198 2239 consiliis
3236 2183 3384 2254 suis;
3418 2185 3587 2256 cujus
3630 2201 3776 2243 con—

2070 2267 2194 2323 silio
2224 2268 2488 2337 quandiu
2541 2268 2851 2339 acquievit,
2912 2271 3113 2327 tandiu
3145 2280 3378 2328 strenue
3412 2274 3771 2331 Francorum

2074 2370 2322 2427 regnum
2350 2356 2617 2413 obtinuit.

2746 2447 2980 2505 CAPUT
3020 2448 3086 2504 ll.

2146 2559 2334 2630 Igitur
2364 2576 2478 2617 non
2533 2562 2730 2619 multis
2792 2563 2961 2619 annis
3000 2564 3330 2635 juventutis
3375 2580 3496 2623 sua:
3529 2566 3585 2623 in
3618 2569 3774 2640 regis

2076 2648 2382 2720 Dagoberti
2434 2650 2643 2719 palatio
2716 2652 2979 2722 expletis,
3060 2659 3305 2710 tractare
3355 2670 3549 2712 secum
3601 2657 3773 2727 ccepit

2076 2751 2247 2807 quem
2280 2737 2385 2793 sibi
2418 2738 2475 2794 in
2517 2740 2849 2797 haereditate
2900 2755 3007 2798 sua
3040 2743 3257 2799 sociare
3297 2743 3589 2813 potuisset.
3651 2745 3771 2801 Hoc

2076 2833 2269 2882 autem
2342 2841 2409 2883 eo
2482 2828 2768 2901 cogitante
2816 2844 2949 2886 cum
2996 2845 3279 2887 consensu
3329 2832 3479 2904 regis
3537 2841 3771 2890 caetero-

2079 2928 2327 2985 rumque
2347 2916 2699 2974 Francorum
2728 2919 2966 2975 sociavit
2995 2919 3102 2975 sibi
3126 2920 3377 2991 puellam
3406 2921 3764 2994 ineonjugio,

2078 3003 2311 3060 nomine
2370 3005 2706 3062 Domanam.
2767 3007 2883 3063 Hoc
2940 3007 3148 3064 idcirco
3187 3009 3437 3066 maxime
3502 3009 3651 3079 fecit,
3703 3019 3773 3068 ut

2081 3092 2212 3147 inde
2243 3102 2565 3162 procrearet
2594 3094 2849 3165 aliquem
2883 3094 3145 3152 futurum
3180 3097 3485 3168 haeredem,
3522 3114 3591 3155 ne
3647 3105 3777 3169 post

2083 3188 2321 3237 mortem
2354 3180 2482 3251 ejus
2512 3182 2715 3254 gravia
2743 3183 3016 3239 scandala
3044 3184 3338 3241 orirentur
3369 3186 3516 3243 inter
3555 3201 3773 3257 paren-

2083 3276 2165 3325 tes
2194 3285 2328 3326 suos
2370 3285 2442 3327 ex
2473 3272 2802 3328 haereditate
2830 3286 2964 3343 sua;
3000 3273 3247 3330 habebat
3276 3288 3529 3345 namque
3569 3290 3776 3346 quam-

2085 3358 2337 3429 plurima
2384 3360 2619 3430 praedia,
2677 3368 2963 3431 erantque
3001 3362 3054 3418 ei
3121 3370 3389 3433 parentes
3434 3363 3667 3433 plurimi
3712 3364 3774 3421 in

2084 3447 2293 3518 palatio
2339 3449 2493 3520 regis
2541 3449 2867 3521 Dagoberti.
2918 3451 3168 3520 Accepta
3222 3465 3359 3507 vero
3409 3465 3589 3507 uxore
3639 3466 3769 3521 sua,

2082 3535 2387 3605 complevit
2424 3537 2577 3593 circa
2602 3552 2736 3593 eum
2774 3537 3051 3594 Dominus
3082 3538 3531 3595 misericordiam
3572 3554 3771 3610 suam;

2083 3624 2383 3694 generavit
2410 3638 2482 3681 ex
2533 3639 2601 3680 ea
2631 3625 2777 3681 duas
2810 3625 2988 3695 ﬁlias;
3035 3639 3288 3697 quarum
3347 3626 3502 3696 prior
3530 3627 3668 3683 dum
3697 3629 3769 3684 ad

2082 3720 2367 3768 maturam
2403 3719 2623 3768 atatem
2657 3713 2998 3783 perveniret,
3053 3728 3258 3784 sponso
3286 3713 3632 3784 destinatur;
3675 3715 3770 3771 sed

2079 3800 2244 3872 virgo
2284 3801 2616 3872 permansit,
2671 3808 2849 3858 morte
2892 3802 3304 3858 interveniente
3332 3802 3537 3858 carnis.
3570 3802 3773 3859 Junior

2080 3891 2291 3947 tradita
2346 3890 2672 3947 monasticis
2734 3890 3068 3961 disciplinis,
3122 3891 3179 3946 in
3238 3891 3566 3962 virginitate
3620 3896 3770 3946 nos

2079 3980 2414 4049 permansit;
2449 3980 2530 4035 sic
2560 3978 2618 4034 in
2646 3979 2975 4050 virginitate
3003 3979 3254 4050 corporis
3304 3979 3489 4035 ambae
3521 3984 3770 4049 Iperma-

2081 4075 2280 4125 nentes
2329 4075 2669 4125 meruerunt
2715 4068 3039 4138 computari
3073 4068 3220 4124 inter
3247 4068 3558 4138 prudentes
3593 4067 3769 4139 virgi-

2078 4172 2223 4213 nes:
2268 4156 2527 4227 sepelivit
2564 4164 2755 4213 autem
2801 4170 2897 4213 eas
2943 4157 3006 4213 B.
3045 4156 3390 4213 Geremarus
3421 4156 3479 4212 in
3532 4155 3765 4213 ecclesia

2078 4246 2139 4301 B.
2172 4246 2411 4317 Remigii
2443 4245 2500 4301 in
2543 4246 2813 4316 praadicto
2859 4246 3004 4313 vico,
3040 4245 3137 4301 ubi
3184 4245 3366 4301 multa
3398 4245 3639 4317 largitus
3682 4252 3766 4301 est

2077 4334 2146 4391 de
2175 4334 2417 4405 propriis
2448 4334 2637 4391 rebus.

2148 4423 2407 4494 Expletis
2447 4430 2641 4480 autem
2695 4423 2891 4480 multis
2939 4423 3163 4490 diebus,
3206 4422 3360 4479 dedit
3400 4423 3484 4479 eis
3549 4422 3764 4494 ﬁlium;

2074 4525 2252 4581 super
2270 4508 2443 4582 quem
2483 4510 2743 4583 gaudens
2757 4519 2813 4568 et
2857 4511 3176 4578 exsultans,
3208 4510 3411 4567 beatus
3432 4511 3769 4567 Geremarus

276 4603 573 4659 lucernam
626 4598 903 4666 accendit,
974 4605 1029 4654 et
1060 4598 1119 4653 in
1154 4597 1487 4654 abscondito
1544 4597 1730 4668 ponit;
1761 4598 1967 4668 'neque
1999 4613 2037 4667 Β
2079 4598 2394 4655 transmisit
2421 4613 2555 4655 eum
2598 4599 2763 4654 beato
2800 4598 3095 4664 Audoeno,
3130 4598 3233 4669 qui
3262 4605 3401 4653 tunc
3433 4596 3543 4653 illis
3569 4595 3768 4651 diebus

274 4691 384 4748 sub
410 4688 618 4757 modio,
654 4688 753 4746 sed
809 4701 984 4757 super
1029 4686 1461 4753 candelabrum,
1496 4693 1563 4743 ut
1615 4685 1716 4757 qui
1768 4686 1968 4758 ingre-

272 4781 517 4842 diuntur
564 4778 759 4836 lumen
806 4776 1044 4833 videant
1102 4778 1245 4846 (Luc.
1307 4788 1381 4844 χι,
1415 4776 1532 4845 33),
1584 4795 1605 4823 ι
1670 4782 1969 4845 coeperunt

272 4870 463 4940 plures
494 4869 847 4923 Francorum
895 4865 963 4920 ad
995 4878 1129 4921 eum
1160 4877 1523 4930 concurrere,
1584 4862 1816 4934 fruique
1844 4863 1971 4934 ejus

269 4956 629 5015 sanctissima
677 4954 1059 5022 allocutione;
1096 4968 1243 5025 quos
1294 4966 1442 5023 pane
1500 4951 1744 5009 ccelestis
1803 4952 1970 5009 verbi

270 5045 528 5117 quotidie
576 5058 830 5116 pascens,
884 5042 1231 5099 admonebat
1274 5056 1371 5097 eos
1416 5048 1482 5097 ut
1526 5041 1719 5108 tidem,
1770 5041 1968 5097 chari-

268 5142 464 5203 tatem,
551 5134 911 5189 dilectionem
983 5131 1081 5187 Dei
1159 5138 1215 5187 et
1286 5130 1645 5186 dilectionem
1718 5129 1963 5200 proximi

268 5220 673 5279 inviolabiliter
744 5219 1074 5286 retinerent,
1141 5225 1197 5274 et
1266 5217 1450 5274 multa
1526 5217 1641 5273 alia
1716 5216 1964 5274 coalestia

266 5324 451 5380 arma,
498 5309 713 5381 quibus
758 5307 1137 5364 conscendere
1206 5314 1431 5378 possent
1485 5305 1714 5374 coelum,
1771 5313 1827 5361 et
1868 5305 1962 5360 de-

266 5400 477 5458 bellare
507 5397 749 5453 humani
774 5396 1002 5467 generis
1039 5396 1357 5452 inimicum.

338 5489 469 5545 Haec
534 5486 612 5543 ita
661 5500 728 5542 eo
802 5491 1025 5555 agente,
1093 5483 1317 5540 audivit
1381 5482 1590 5538 famam
1641 5481 1958 5537 sanctitatis

262 5579 399 5648 ejus
424 5583 597 5645 atque
653 5570 975 5644 prudentiae
1005 5586 1106 5627 rex
1169 5570 1545 5639 Dagobertus,
1606 5569 1955 5639 mittensque

2079 4686 2138 4742 in
2177 4686 2386 4756 palatio
2445 4687 2598 4757 regis
2642 4686 2999 4755 morabatur,
3050 4686 3221 4756 cujus
3281 4684 3516 4741 consilio
3560 4691 3763 4739 cuncta

2082 4774 2308 4846 agebat,
2364 4781 2419 4831 et
2449 4773 2594 4830 nihil
2650 4782 2819 4830 extra
2866 4781 3217 4845 prmceptum
3278 4774 3457 4844 ipsius
3498 4772 3761 4841 faciebat;

2080 4870 2320 4933 eratque
2375 4863 2427 4919 ei
2476 4862 2963 4919 familiarissimus
3011 4863 3232 4919 amicus
3283 4869 3337 4918 et
3394 4862 3453 4918 in
3505 4861 3767 4918 omnibus

2078 4951 2307 5009 secretis
2346 4951 2467 5008 suis
2532 4950 2641 5007 sibi
2701 4950 2995 5015 conscius;
3054 4951 3431 5020 narravitque
3482 4950 3532 5006 ei
3576 4949 3765 5005 omnia

2076 5055 2209 5110 quae
2239 5040 2584 5108 acciderant,
2639 5045 2694 5095 et
2733 5039 2887 5111 quod
2929 5038 3081 5095 ﬁlius
3111 5038 3190 5094 illi
3238 5044 3607 5094 successerat.
3661 5036 3763 5102 Qui

2074 5129 2317 5185 audiens
2349 5129 2470 5185 haec
2506 5128 2701 5185 omnia
2749 5127 2986 5199 gavisus
3019 5134 3123 5195 est,
3174 5134 3229 5183 et
3274 5126 3593 5195 suscipiens
3619 5139 3760 5194 pue-

2072 5232 2205 5274 rum
2241 5217 2610 5286 eateehisavit
2647 5231 2816 5283 eum;
2864 5223 3300 5286 praeparatoque
3337 5213 3491 5270 fonte
3529 5213 3762 5282 ,baptis—

2069 5306 2259 5373 matis,
2293 5305 2603 5377 baptizavit
2638 5319 2771 5361 eum
2822 5304 2881 5359 in
2925 5304 3156 5360 nomine
3199 5311 3412 5359 sanctae
3457 5310 3511 5358 et
3550 5300 3761 5356 indivi-

2067 5395 2197 5451 dua;
2242 5394 2557 5460 Trinitatis,
2607 5407 2823 5449 vocans
2865 5406 2997 5449 eum
3031 5392 3282 5447 nomime
3342 5389 3757 5457 Amalbertum,

2063 5490 2118 5539 et
2146 5483 2228 5539 sic
2285 5481 2572 5553 msyteriis
2618 5496 2750 5553 qua:
2790 5495 2968 5537 sacra:
3018 5479 3146 5536 fidei
3190 5480 3543 5536 conveniunt
3575 5476 3761 5534 initia-

2063 5577 2208 5639 tum,
2279 5571 2496 5628 remisit
2557 5584 2690 5627 eum
2751 5569 2822 5626 ad
2896 5570 3128 5625 beatum
3174 5568 3566 5625 Geremarum.
3633 5565 3760 5635 Qui,
