3930 6428
141 384 164 434 ί
180 379 287 435 205

1380 376 1608 431 ADDI‘T.
1647 403 1704 414 -
1743 375 1901 429 VITA
1940 375 1996 429 s.
2041 369 2435 439 scaenam.

3530 362 3665 415 i206

123 523 407 568 crescens
459 515 515 565 et
562 507 820 580 quotidie
870 506 1192 578 proficiens,
1242 508 1427 563 factus
1467 513 1552 563 est
1599 506 1852 563 honora-
1879 510 1924 564 Α
1961 504 2299 576 caeterisque
2318 501 2447 558 aliis
2474 500 2788 558 virtutibus
2811 499 2879 555 ad
2915 511 3117 556 curam
3166 496 3494 554 animarum
3527 510 3661 569 per-

129 600 278 657 bilis
300 600 449 657 inter
478 598 839 654 Francorum
869 594 1174 665 principes.

819 702 1052 761 CAPUT
1084 703 1183 759 ΙΙΙ.

216 816 428 872 Beatus
487 821 685 870 autem
755 812 1122 879 Geremarus,
1182 810 1401 881 Spiritu
1459 812 1558 866 Dei
1622 810 1846 881 plenus,

125 906 339 962 omnia
370 919 502 975 qua:
559 903 618 958 in
668 902 888 958 mundo
938 908 1076 971 sunt
1116 914 1220 971 pro
1268 901 1447 957 nihilo
1504 901 1756 971 pendens
1795 908 1852 957 et

126 991 403 1048 caelibem
460 991 641 1047 vitam
689 990 1041 1057 desiderans,
1103 989 1377 1045 cmnobiis
1434 989 1850 1044 monachorum

128 1081 396 1150 plurima
424 1080 494 1135 de
525 1078 851 1135 substantia
900 1091 1008 1134 sua
1051 1076 1361 1133 tribuebat.
1409 1077 1514 1132 Per
1544 1075 1850 1132 consilium

128 1183 282 1224 vero
337 1166 486 1225 beati
544 1166 803 1224 Audoeni
851 1166 918 1222 de
974 1165 1204 1236 propria
1264 1164 1533 1220 facultate
1585 1163 1851 1219 fundavit

129 1256 557 1312 monasterium
617 1255 771 1326 quod
844 1254 1061 1310 dicitur
1127 1253 1348 1321 Insula,
1403 1253 1849 1322 construxitque

128 1345 224 1400 ibi
255 1344 450 1399 omnia
493 1342 737 1399 aedilicia
769 1350 983 1397 sanctze
1016 1341 1234 1412 regulze
1273 1339 1688 1397 convenientia.
1740 1340 1846 1395 Ec-

129 1432 351 1487 clesias
416 1432 627 1488 ibidem
686 1430 1011 1487 construxit
1068 1430 1126 1484 in
1187 1429 1401 1485 honore
1460 1427 1848 1499 apostolorum

131 1519 298 1577 Petri
348 1528 403 1576 et
449 1519 651 1589 Pauli;
708 1519 1143 1588 multorumque
1188 1525 1520 1573 sanctorum
1574 1515 1850 1586 reliquias

144 1607 234 1663 ibi
269 1607 494 1677 posuit;
527 1607 944 1677 constituitque
983 1606 1062 1662 ibi
1092 1604 1593 1677 congregationem
1642 1618 1849 1661 mona-

130 1696 393 1752 chorum
437 1696 548 1752 sub
587 1702 788 1751 sancta
819 1695 1253 1751 conversatione
1292 1693 1662 1763 degentium;
1698 1706 1849 1762 prae-

1961 594 2300 651 tinentibus.

2628 696 2859 753 CAPUT
2902 694 2998 751 IV.

2032 808 2248 864 Eodem
2275 813 2528 876 tempore
2578 804 2898 875 Dagoberto
2953 809 3216 871 mortuo;
3268 813 3422 855 anno
3473 798 3659 877 unde-

1959 897 2109 954 cimo
2157 904 2436 968 regnante
2474 894 2754 952 Clodoveo
2811 907 2962 964 rege,
3010 897 3301 948 correctus
3345 895 3432 944 est
3458 887 3660 944 beatus

1959 986 2303 1043 Geremarus
2362 985 2420 1040 in
2479 984 2633 1040 viam
2680 982 2885 1039 salutis
2944 989 3191 1037 aeterna).
3252 978 3467 1036 Videns
3520 991 3657 1047 ergo

1960 1075 2234 1145 quoniam
2270 1073 2417 1129 nihil
2440 1073 2498 1129 in
2531 1072 2749 1128 mundo
2778 1077 3067 1141 perpetuae
3124 1066 3402 1124 mercedis
3450 1065 3656 1121 animae

1958 1177 2078 1219 suae
2111 1163 2467 1232 acquirebat,
2518 1161 2616 1217 sed
2639 1160 2823 1231 magis
2859 1158 3271 1215 detrimentum
3315 1161 3656 1225 perpetuum

1961 1250 2038 1306 illi
2088 1251 2472 1320 praeparabat,
2529 1249 2925 1321 (adhortante
2968 1260 3102 1303 eum
3150 1245 3313 1300 beato
3356 1241 3653 1310 Audoeno)

1957 1341 2098 1395 adiit
2124 1354 2317 1411 regem
2346 1339 2729 1396 Clodoveum:
2765 1336 3041 1408 petiitque
3076 1334 3150 1390 ab
3179 1348 3244 1388 eo
3295 1338 3354 1388 ut
3404 1330 3518 1386 [ilio
3545 1344 3653 1385 suo

1959 1428 2115 1499 quod
2170 1435 2332 1497 pater
2380 1428 2508 1497 ejus
2573 1426 2870 1493 concessit,
2931 1422 3285 1489 concederet,
3344 1427 3400 1474 et
3451 1417 3653 1488 capitis

1956 1531 2178 1574 comam
2228 1516 2278 1571 ei
2328 1516 2611 1586 deponere
2641 1516 2862 1584 liceret;
2903 1527 3078 1582 seque
3122 1512 3235 1566 Deo
3268 1509 3326 1565 in
3349 1508 3649 1580 ,monaste-

1957 1607 2111 1662 rium
2144 1606 2215 1661 ad
2247 1605 2617 1662 serviendum
2660 1605 2927 1661 traderet.
2981 1602 3087 1656 Per
3111 1598 3425 1671 jussionem
3455 1602 3651 1651 autem

1957 1695 2128 1767 regis,
2171 1696 2298 1752 licet
2344 1694 2768 1766 abnegantibus
2825 1691 3082 1755 Francis,
3134 1684 3460 1744 tonsuravit
3515 1697 3646 1738 eum

131 1784 279 1840 fecit
318 1784 370 1840 ei
405 1783 755 1839 Archarium
797 1782 1085 1850 abbatem,
1139 1782 1337 1853 magni
1392 1781 1581 1837 meriti
1628 1780 1842 1849 virum,
1879 1809 1918 1863 Β
1958 1785 2159 1842 beatus
2187 1785 2521 1851 Audoeuus,
2554 1783 2827 1853 deditque
2855 1781 2907 1838 ei
2934 1777 3318 1837 monachilem
3363 1773 3647 1836 habitum,

128 1872 315 1942 cujus
344 1872 606 1928 doctrina
642 1879 699 1928 et
729 1870 1009 1941 sapientia
1035 1869 1293 1941 quotidie
1318 1883 1462 1941 grex
1518 1867 1728 1924 Christi
1774 1868 1845 1923 ad

127 1975 401 2030 superna
456 1960 731 2017 tenderet.
791 1961 919 2030 Ipse
976 1972 1114 2015 vero
1169 1957 1491 2014 Archarius
1547 1970 1734 2027 usque
1788 1954 1847 2011 in

132 2049 319 2105 finem
368 2048 501 2105 vitae
543 2064 665 2104 suae
699 2061 931 2120 gregem
962 2046 1071 2103 sibi
1099 2046 1470 2103 commissum
1501 2043 1850 2116 gubernavit

129 2133 412 2190 decenter
439 2141 493 2190 et
524 2141 777 2190 strenue.

215 2222 362 2279 Cum
389 2230 585 2279 autem
631 2222 941 2293 placuisset
986 2220 1230 2277 Domino
1262 2227 1326 2276 ut
1355 2220 1477 2276 vita
1510 2218 1659 2276 beati
1692 2219 1852 2274 Gere-

131 2311 294 2366 mari
344 2320 491 2368 esset
537 2310 883 2381 exemplum
920 2309 1189 2378 aliorum,
1244 2308 1394 2365 misit
1441 2309 1493 2365 ei
1541 2308 1602 2364 in
1659 2321 1756 2363 cor
1785 2314 1852 2363 ut

131 2406 356 2455 cuncta
378 2399 824 2470 derelinqueret,
857 2398 1082 2469 solique
1117 2412 1176 2453 se
1225 2396 1468 2454 Domino
1497 2397 1570 2452 ad
1596 2397 1844 2453 servien-

131 2487 286 2544 dum
332 2489 602 2545 traderet.
638 2490 948 2558 Postquam
994 2486 1047 2542 ei
1089 2486 1216 2543 talis
1246 2486 1511 2542 voluntas
1558 2486 1760 2542 cecidit
1790 2485 1849 2540 in

131 2583 414 2644 mentem,
451 2584 763 2647 antequam
795 2575 898 2633 ulli
929 2574 1259 2632 mortalium
1312 2574 1419 2630 hoc
1456 2574 1844 2642 confiteretur,

130 2666 345 2723 adiens
384 2681 596 2738 regem,
637 2666 797 2737 petiit
826 2666 900 2722 ab
928 2679 994 2721 eo
1044 2672 1110 2721 ut
1138 2677 1334 2720 coram
1376 2663 1600 2720 cunctis
1632 2662 1844 2734 princi-

133 2754 319 2824 pibus
373 2755 748 2822 Francorum,
793 2753 911 2809 filio
954 2766 1060 2809 suo
1090 2752 1424 2809 Amalberto
1472 2759 1682 2808 cuncta
1715 2766 1848 2822 quae

132 2843 235 2911 sui
290 2842 443 2914 juris
493 2850 660 2901 erant
705 2844 985 2911 traderet;
1016 2842 1189 2913 eique
1217 2842 1439 2898 cunctis
1468 2841 1849 2912 praesentibus

132 2931 383 2988 Francis
437 2932 831 2990 indifferenter
889 2931 1147 2988 donaret.
1211 2929 1372 2998 Quod
1433 2944 1538 2987 rex
1606 2930 1848 2986 audiens

128 3021 312 3077 valde
346 3020 545 3078 mirari
593 3023 783 3092 coepit.
833 3020 1086 3077 Tandem
1128 3019 1387 3089 petitioni
1440 3019 1569 3090 ejus
1606 3017 1848 3074 libenter

1953 1882 2008 1931 et
2039 1874 2331 1931 instruens
2385 1873 2550 1929 illum
2596 1871 2921 1928 coelestibus
2950 1866 3282 1938 disciplinis,
3317 1863 3467 1920 misit
3513 1875 3646 1917 eum

1955 1961 2014 2018 in
2065 1962 2478 2019 monasterium
2527 1961 2768 2018 Penlalli
2825 1957 3106 2016 vocabulo
3175 1952 3642 2010 denominatum:

1955 2059 2021 2108 ut
2050 2051 2125 2108 ibi
2157 2051 2357 2108 fuisset
2396 2051 2453 2107 in
2497 2049 2821 2107 obedientia
2877 2048 3055 2104 abbas
3112 2052 3167 2100 et
3213 2049 3404 2112 pastor
3447 2038 3644 2095 ovium

1956 2140 2187 2209 Christi,
2229 2148 2287 2196 et
2348 2139 2707 2196 illuminator
2774 2137 3128 2207 animarum.
3186 2132 3394 2187 Beatus
3454 2134 3649 2182 autem

1955 2229 2297 2285 Geremarus
2344 2229 2643 2285 revolvens
2697 2226 2836 2282 illud
2891 2218 3356 2292 Psalmographi:
3396 2239 3417 2266 ι
3462 2215 3650 2285 Adju-

1957 2318 2165 2374 torium
2199 2325 2460 2374 nostrum
2496 2317 2553 2371 in
2582 2315 2813 2372 nomine
2840 2312 3084 2379 Domini,
3118 2310 3219 2381 qui
3253 2308 3381 2364 fecit
3440 2304 3649 2361 coelum

1955 2414 2010 2462 et
2042 2413 2250 2462 terram
2283 2406 2447 2478 (Psal.
2481 2420 2678 2471 cxxm,
2711 2403 2788 2473 8).
2825 2424 2845 2451 ι
2884 2403 2954 2457 Ει
2985 2400 3185 2456 tritum
3249 2397 3343 2469 [/i,
3379 2393 3646 2463 iterum]:

1959 2514 1981 2543 ι
2034 2493 2313 2549 Dominus
2357 2490 2701 2549 illuminatio
2754 2503 2899 2555 mea,
2963 2495 3019 2544 et
3064 2485 3222 2541 salus
3276 2496 3420 2547 mea,
3476 2493 3651 2549 quem

1953 2580 2204 2638 timebo?
2247 2581 2416 2649 (Psal.
2472 2595 2636 2647 xxvn,
2693 2581 2765 2646 1),
2814 2599 2833 2626 ι
2901 2576 2959 2632 in
3010 2573 3252 2631 Domino
3310 2572 3420 2626 Deo
3472 2575 3651 2624 totam

1954 2682 2110 2739 spem
2154 2683 2318 2725 suam
2360 2682 2598 2738 ponens,
2655 2681 2772 2722 non
2818 2663 3039 2721 distulit
3088 2659 3319 2717 obedire
3370 2662 3652 2727 praecepto

1954 2757 2140 2814 sancti
2171 2762 2345 2814 069.
2377 2757 2522 2814 Cum
2560 2769 2772 2826 magno
2811 2768 2949 2825 ergo
3009 2751 3226 2824 gemitu
3270 2754 3327 2803 et
3384 2742 3654 2813 lacrymis

1952 2854 2009 2902 et
2064 2845 2329 2916 suspiriis
2381 2844 2571 2901 cordis
2649 2842 2905 2912 suscepit
2984 2838 3305 2911 regendum
3365 2837 3648 2889 monaste-

1954 2933 2130 2991 rium.

2024 3021 2307 3078 Derelicta
2355 3028 2552 3077 autem
2585 3032 2768 3076 uxore
2818 3024 2874 3074 et
2930 3016 3045 3072 filio
3096 3029 3222 3079 suo,
3282 3018 3339 3067 et
3383 3007 3654 3065 omnibus

127 3124 425 3177 annuens,
473 3125 589 3166 non
618 3110 805 3166 solum
847 3108 1001 3180 quod
1059 3108 1302 3179 rogabat
1354 3106 1560 3179 juveni
1612 3106 1835 3175 tribuit,
1871 3109 1913 3164 C
1953 3109 2131 3181 hujus
2174 3109 2379 3165 mundi
2431 3109 2605 3173 curis,
2669 3105 2989 3162 secundum
3033 3100 3436 3172 evangelicum
3498 3109 3651 3165 pra:-

126 3199 236 3255 sed
260 3198 497 3268 insuper
515 3199 689 3255 etiam
720 3197 903 3254 multa
932 3198 983 3253 ei
1016 3197 1201 3254 auxit.
1597 3246 1602 3261 ,

209 3286 527 3357 Acquisitis
573 3300 711 3343 vero
757 3286 1030 3342 omnibus
1075 3301 1196 3342 suze
1246 3284 1541 3356 potestatis
1572 3284 1687 3340 filio
1715 3298 1839 3351 suo,

127 3374 281 3430 adiit
300 3373 373 3428 ad
411 3380 678 3429 sanctum
706 3372 1071 3441 Audoenum,
1101 3372 1204 3443 qui
1225 3379 1365 3428 tunc
1395 3370 1453 3426 in
1484 3369 1607 3440 ipso
1631 3368 1842 3440 palatio

127 3469 284 3529 erat,
309 3468 371 3517 ut
398 3461 594 3517 omnia
632 3460 822 3516 cordis
851 3460 943 3517 sui
986 3461 1235 3531 aperiret
1265 3466 1500 3516 secreta.
1536 3460 1606 3514 Et
1634 3471 1844 3513 vocans

127 3564 276 3607 eum
325 3549 397 3605 ad
439 3556 724 3606 secretum
772 3549 861 3604 his
902 3549 1094 3605 verbis
1150 3549 1392 3605 adorsus
1443 3554 1568 3603 est:
1616 3548 1838 3612 Quaeso,

129 3641 310 3696 Pater
336 3646 552 3705 sancte,
591 3645 655 3694 ut
681 3637 822 3694 mihi
853 3638 1002 3694 viam
1036 3638 1133 3693 Dei
1163 3651 1280 3693 non
1333 3649 1547 3692 renuas
1601 3635 1840 3691 demou-

128 3735 312 3795 trare,
354 3741 455 3797 per
498 3740 677 3796 quam
734 3726 943 3798 possim
992 3726 1065 3781 ad
1112 3724 1326 3798 gaudia
1374 3732 1590 3780 zeterna
1638 3736 1839 3794 perve-

128 3818 285 3885 nire,
341 3823 397 3872 et
454 3815 631 3885 hujus
662 3815 863 3872 mundi
924 3813 1302 3886 naufragium
1350 3813 1613 3871 evitare:
1674 3812 1839 3868 video

123 3906 288 3961 enim
328 3905 470 3976 quia
510 3912 721 3961 cuncta
750 3910 1178 3975 pertranseunt,
1220 3910 1275 3959 et
1323 3901 1737 3974 regrediuntur
1764 3900 1836 3956 ad

132 3991 409 4048 nihilum.
460 3992 603 4049 Haec-
643 3993 887 4048 audiens
919 3992 1120 4048 beatus
1153 3991 1469 4048 Audoenus
1500 3990 1725 4046 laetatus
1755 3996 1839 4046 est

131 4081 328 4150 valde,
347 4089 404 4137 et
432 4082 669 4137 trahens
698 4080 950 4150 suspiria
975 4080 1187 4145 cordis,
1245 4080 1334 4136 his
1358 4079 1549 4136 verbis
1596 4092 1837 4149 respon-

124 4170 214 4224 dit
234 4168 318 4224 ei:
355 4168 523 4225 Viam
550 4167 647 4225 Dei
679 4182 858 4239 quam
902 4182 937 4223 a
966 4183 1076 4237 me,
1120 4168 1296 4224 frater
1342 4167 1610 4239 requiris,
1651 4180 1836 4222 evan-

131 4255 335 4325 gelicis
375 4255 479 4313 tibi
515 4256 945 4313 demonstratur
983 4257 1208 4327 verbis;
1232 4256 1311 4313 ait
1362 4256 1515 4313 enim
1561 4254 1836 4311 Dominus

135 4345 303 4401 Petro
333 4346 617 4417 quaerenti
645 4346 717 4403 de
743 4346 1127 4403 retributione
1149 4354 1204 4402 et
1233 4346 1302 4403 de
1329 4346 1525 4402 futuro
1556 4345 1831 4416 praemio:

1950 3206 2201 3273 ceptum,
2235 3206 2467 3254 secutus
2485 3204 2569 3253 est
2598 3195 2805 3252 Christi
2835 3195 2969 3250 Jesu
2999 3190 3258 3262 vestigia,
3290 3195 3347 3244 et
3398 3185 3539 3273 abiit
3591 3182 3649 3237 in

1951 3272 2359 3342 monasterium
2412 3285 2568 3356 quod
2619 3298 2798 3354 supra
2846 3279 3277 3338 nominavimus
3306 3272 3650 3332 Pentallium

1950 3373 2010 3431 in
2066 3388 2214 3447 pago
2269 3372 2716 3444 Rothomagensi
2770 3385 2946 3442 super
3008 3369 3254 3424 fluvium
3312 3362 3646 3420 Lirizinum.

1949 3462 2130 3534 Cujus
2156 3464 2276 3518 vita
2335 3460 2526 3534 qualis
2572 3469 2627 3518 et
2659 3474 2838 3533 quam
2876 3466 3074 3515 sancta
3102 3455 3181 3512 ibi
3210 3453 3436 3510 cunctis
3467 3447 3644 3506 reful-

1948 3552 2020 3608 sit
2048 3559 2332 3609 testantur
2359 3552 2656 3619 sanitates,
2691 3557 2746 3606 et
2788 3548 3054 3620 plurimze
3102 3543 3301 3600 incolis
3359 3542 3521 3596 factae
3546 3538 3651 3591 vir-

1950 3647 2118 3698 tutes.
2153 3640 2366 3697 Diebus
2417 3654 2485 3697 ac
2534 3639 2799 3696 noctibus
2840 3638 2897 3693 in
2943 3636 3201 3693 oratione
3233 3646 3291 3688 se
3322 3626 3647 3686 macerabat

1948 3729 2007 3785 in
2038 3729 2251 3801 vigiliis
2277 3737 2333 3786 et
2369 3729 2626 3800 jejuniis,
2676 3737 2731 3784 et
2771 3727 2830 3783 in
2875 3726 3146 3783 omnibus
3191 3715 3647 3787 contemplativa:

1946 3817 2076 3875 vitae
2106 3818 2581 3889 congruentibus.
2629 3816 2936 3889 Jejunabat
2965 3811 3255 3884 quotidie;
3287 3816 3461 3865 totam
3496 3804 3645 3860 diem

1945 3907 2161 3963 ducens
2191 3906 2249 3962 in
2284 3905 2517 3977 hymnis
2543 3913 2599 3962 et
2628 3905 2899 3961 laudibus
2943 3902 3063 3964 Dei,
3120 3901 3177 3955 in
3208 3908 3517 3968 vesperum
3571 3906 3646 3947 re-

1946 3994 2271 4051 ficiebatur.
2307 3994 2485 4051 Cibus
2510 3994 2591 4050 illi
2624 3994 2790 4064 panis
2814 3990 3200 4063 paximaticus
3231 4000 3362 4043 cum
3394 3981 3647 4040 oleribus

1946 4083 2244 4153 parvulis;
2276 4090 2332 4140 et
2367 4090 2534 4153 potus
2577 4095 2733 4152 aqua
2756 4079 3090 4146 salsissime,
3124 4083 3189 4132 ut
3214 4073 3489 4132 saturitas
3519 4084 3648 4125 ven-

1946 4170 2048 4226 tris
2092 4184 2209 4226 non
2259 4171 2540 4226 afflueret.
2599 4170 2859 4226 Mortuus
2921 4175 3044 4223 erat
3090 4163 3326 4230 mundo,
3378 4169 3433 4218 et
3474 4160 3645 4215 vivus

1943 4258 2183 4316 Christo.
2243 4258 2526 4316 Omnibus
2570 4264 2766 4313 autem
2822 4257 2897 4312 ad
2943 4270 3002 4312 se
3056 4251 3485 4311 conﬂuentibus
3529 4263 3644 4304 non

1945 4348 2202 4405 cessabat
2271 4347 2665 4404 demonstrare
2721 4346 2877 4402 viam
2942 4344 3180 4413 salutis;
3256 4338 3643 4412 przemonehat

137 4455 159 4484 ι
195 4415 396 4491 Omnis
423 4433 525 4505 qui
574 4434 874 4506 reliquerit
919 4435 1177 4502 domum,
1224 4434 1314 4490 vel
1358 4415 1572 4491 fratres,
1594 4441 1695 4491 aut
1749 4447 1835 4490 so-
1868 4415 1907 4469 ί)
1948 4450 2430 4507 unumquemque
2454 4444 2515 4493 ut
2537 4436 2596 4492 in
2618 4435 2743 4507 lege
2773 4435 2874 4491 Dei
2906 4434 3299 4491 meditaretur.

132 4534 312 4587 I’OTBS,
372 4528 473 4578 aut
527 4529 745 4591 patrem
804 4529 907 4578 aut
956 4529 1215 4587 matrem,
1265 4529 1367 4578 aut
1415 4535 1678 4587 uxorem,
1733 4525 1836 4577 aut

134 4609 305 4677 ﬁlios,
338 4617 440 4666 aut
487 4623 677 4682 agros,
725 4618 963 4680 propter
1006 4624 1213 4666 nomen
1271 4624 1462 4666 meum
1496 4609 1832 4679 centuplum

133 4697 395 4769 accipiet,
444 4704 501 4755 et
560 4698 740 4755 vitam
778 4705 1049 4755 aeternam
1087 4698 1396 4768 possidebit
1446 4697 1673 4767 (Matth.
1712 4711 1828 4765 χιχ,

131 4786 249 4856 29).
287 4808 308 4835 ι
368 4785 742 4858 Audiensque
799 4787 921 4843 haec
967 4787 1171 4844 beatus
1227 4787 1574 4844 Geremarus
1636 4792 1833 4841 sancto

129 4875 405 4933 Audoeno
433 4875 727 4946 rcspondit
760 4891 774 4931 :
809 4876 954 4943 Scio,
988 4876 1155 4932 Pater
1196 4883 1410 4942 sancte,
1453 4875 1593 4946 quia
1638 4875 1834 4931 omnia

131 4978 273 5021 vera
303 4971 439 5020 sunt
466 4978 598 5034 quae
627 4964 800 5020 audio
829 4978 903 5020 ex
926 4978 1023 5020 ore
1055 4971 1151 5020 tuo
1173 4963 1610 5037 :vderelinquam
1639 4961 1835 5019 omnia

133 5052 337 5109 mundi
367 5052 715 5120 transitoria,
769 5066 943 5120 vana,
978 5053 1216 5121 caduca,
1263 5067 1415 5123 quae,
1474 5065 1609 5107 cum
1650 5051 1834 5122 magis

132 5141 403 5197 videntur
469 5148 638 5208 stare,
710 5148 1035 5208 transeunt,
1085 5147 1141 5197 et
1202 5140 1441 5197 miseros
1489 5140 1713 5196 ducunt
1760 5139 1833 5195 ad

130 5213 425 5286 interitum
445 5244 464 5299 ;
494 5237 570 5296 et,
604 5236 669 5285 ut
698 5229 901 5286 verbis
927 5228 1156 5285 Domini
1186 5237 1344 5285 utar:
1376 5252 1397 5278 ι
1423 5228 1572 5295 Quid
1605 5228 1835 5297 prodest

136 5315 352 5373 homini
372 5316 420 5373 si
451 5317 788 5374 universum
814 5318 1102 5374 mundum
1137 5318 1414 5384 lucretur,
1466 5317 1674 5373 animae
1698 5330 1832 5373 vero

129 5418 249 5461 suae
278 5405 687 5462 detrimentum
719 5405 1017 5475 patiatur?
1050 5427 1072 5454 ι
1108 5407 1327 5473 (Matth.
1368 5420 1488 5472 xw,
1519 5404 1628 5474 26.)
1661 5404 1831 5461 Com-

131 5493 290 5561 pletis
342 5493 433 5549 his
491 5493 638 5549 inter
690 5507 752 5549 se
804 5494 1020 5550 sanctis
1074 5493 1541 5562 allocutionibus,
1607 5493 1833 5550 rediens

135 5580 370 5638 domum
428 5580 632 5638 beatus
686 5581 1037 5639 Geremarus
1098 5583 1375 5640 instruxit
1421 5582 1607 5639 filium
1657 5597 1831 5640 suum

133 5676 306 5741 atque
334 5668 611 5727 familiam
664 5683 832 5727 suam
888 5670 959 5727 de
997 5671 1125 5741 fide,
1175 5672 1247 5729 de
1273 5685 1392 5744 spe,
1434 5670 1504 5728 de
1532 5671 1829 5738 charitate,

2014 4526 2150 4581 Erat
2174 4525 2441 4581 autemin
2465 4525 2661 4581 eodem
2685 4522 3027 4579 monasterio
3056 4518 3363 4577 multitudo
3388 4515 3645 4574 maxima

1943 4613 2381 4678 monachorum,
2429 4613 2525 4669 cui
2568 4613 2640 4670 ad
2715 4611 3032 4683 regendum
3088 4610 3255 4666 Pater
3300 4607 3643 4665 Geremarus

1941 4702 2290 4759 constitutus
2343 4710 2485 4758 erat.
2537 4703 2602 4758 In
2648 4702 2757 4757 hac
2811 4715 2947 4757 vero
2977 4696 3417 4770 congregatione
3474 4693 3640 4751 multi

1942 4798 2203 4846 amantes
2259 4792 2495 4859 bonum,
2558 4800 2613 4847 et
2685 4792 2946 4847 timentes
3018 4788 3342 4854 Dominum,
3400 4784 3643 4841 libenter

1942 4878 2254 4935 audiebant
2286 4893 2420 4935 eum
2467 4886 2521 4935 et
2569 4877 2924 4948 recipiebant
2966 4875 3381 4946 correptionem
3439 4870 3639 4942 ipsius.

1941 4965 2047 5021 Sed
2069 4967 2365 5037 quoiniam
2396 4981 2616 5037 semper
2631 4968 2750 5023 vita
2797 4967 3079 5022 bonorum
3126 4963 3322 5020 odiosa
3349 4968 3433 5018 est
3453 4960 3639 5026 malis,

1942 5054 2276 5111 fueruntibi
2310 5055 2575 5111 nonnulli
2610 5054 2877 5111 malitiosi
2906 5054 2991 5110 vel
3012 5051 3191 5123 impii,
3229 5064 3478 5123 quorum
3513 5062 3645 5120 pars

1940 5149 2065 5198 erat
2129 5156 2263 5200 cum
2293 5143 2491 5200 Belial.
2525 5143 2653 5211 Qui,
2689 5143 2947 5200 nolentes
2984 5142 3236 5212 recipere
3293 5138 3643 5212 praedicatio—

1940 5246 2070 5288 nem
2094 5232 2241 5303 ejus,
2283 5240 2579 5303 cmperunt
2610 5231 2946 5304 tractaregde
2974 5238 3157 5287 morte
3208 5229 3409 5301 ipsius,
3440 5240 3643 5298 oppor-

1939 5328 2149 5377 tunum
2188 5320 2376 5377 locum
2431 5328 2757 5392 quaerentes
2801 5327 2864 5377 ut
2909 5332 3011 5389 per
3048 5318 3364 5390 quamdam
3407 5316 3644 5373 damna-

1940 5409 2151 5465 tionem
2198 5423 2331 5464 eum
2361 5408 2764 5466 interﬁcerent.
2829 5410 2968 5465 Erat
3026 5415 3218 5464 autem
3276 5405 3355 5462 illi
3400 5420 3641 5464 consue-

1940 5496 2078 5552 tudo
2110 5495 2168 5551 in
2196 5496 2382 5566 primo
2410 5496 2547 5567 galli
2576 5504 2755 5553 cantu
2783 5497 2856 5553 ad
2897 5496 3127 5552 laudem
3162 5495 3257 5553 Dei
3289 5508 3548 5565 surgere,
3587 5500 3644 5550 et

1939 5598 2128 5655 usque
2155 5583 2228 5639 ad
2253 5584 2661 5656 crepusculum
2709 5585 2855 5642 lucis
2885 5585 2945 5641 in
2974 5585 3075 5642 Dei
3114 5584 3388 5642 laudibus
3417 5590 3643 5640 noctem

1941 5671 2278 5745 pervigilem
2326 5673 2572 5744 ducere;
2605 5674 2887 5747 completo
2932 5682 3126 5733 autem
3175 5672 3364 5731 ofﬁcio
3412 5686 3518 5730 suo
3565 5685 3645 5728 re-
