3930 6392
301 385 436 439 12Ο7

1343 385 1437 440 AD
1475 384 1630 443 OPP.
1673 388 1825 443 VEN.
1868 388 2200 446 GUIBERTI
2239 389 2329 445 DE
2369 388 2763 446 NOVIGENTO

3696 392 3836 446 i208

295 520 527 571 vertens
577 513 637 570 in
694 514 1099 572 dormitorium
1140 517 1201 573 in
1259 524 1435 574 strato
1485 531 1591 574 suo
1629 516 1907 576 collocare
1937 532 1997 575 se
2023 521 2069 576 Δ
2105 518 2368 591 quinque
2424 525 2480 576 et
2526 518 2823 576 mensibus
2861 517 3050 575 tribus
3090 518 3150 574 in
3193 519 3466 576 omnibus
3524 520 3835 578 mandatis

298 609 693 660 consueverat.
740 604 861 660 Hoc
896 612 1195 662 noscentes
1230 605 1497 663 invidiosi
1518 614 1695 678 atque
1724 608 1997 678 protervi,

297 692 603 749 consilium
661 692 810 749 inter
865 708 924 749 se
978 702 1346 764 acceperunt,
1408 702 1472 752 ut
1530 696 1828 753 cultellum
1890 698 1999 755 sub

299 782 646 838 lectisternio
691 788 984 851 ponerent,
1018 790 1083 839 ut
1139 792 1373 840 sanctus
1404 784 1493 840 vir
1524 786 1751 841 rediens
1789 786 1861 842 ab
1902 801 2001 843 ec-

298 870 472 928 clesia
499 884 672 941 super
701 870 998 927 cultellum
1028 885 1086 927 se
1119 886 1253 928 cum
1305 872 1526 943 impetu
1578 875 1832 945 corporis
1865 876 2003 948 inji-

301 966 451 1016 ceret
479 967 533 1016 et
561 960 643 1015 sic
692 959 1058 1028 semetipsum
1108 960 1485 1031 interﬁceret;
1547 962 1702 1032 quod
1740 970 1795 1019 et
1848 964 2003 1021 fece-

300 1056 464 1105 runt.
529 1047 900 1104 Manubrium
953 1047 1168 1104 cultelli
1229 1049 1349 1106 solo
1408 1050 1701 1121 ﬁxerunt;
1756 1064 2004 1109 acumen

301 1134 434 1192 ferri
455 1135 680 1191 nudum
705 1136 764 1191 in
795 1134 942 1190 aeris
972 1135 1224 1205 spatium
1256 1145 1589 1194 erexerunt.
1623 1138 1668 1194 Ο
1700 1138 2004 1196 infandum

301 1224 478 1292 nefas,
509 1223 565 1280 in
616 1223 774 1280 omni
823 1231 1076 1294 tempore
1126 1225 1350 1283 cunctis
1400 1226 1791 1284 horrendum!
1851 1228 2006 1284 More

301 1313 465 1369 solito
522 1320 812 1370 revertens
867 1312 928 1369 Β.
986 1315 1330 1371 Geremarus
1378 1315 1451 1371 ab
1508 1315 1746 1372 ecclesia
1799 1316 1872 1372 ad
1919 1317 2005 1373 le-

301 1409 478 1470 ctum,
526 1402 743 1472 Spiritu
772 1410 971 1458 sancto
1000 1417 1135 1459 eum
1177 1404 1464 1472 hortante,
1524 1404 1655 1460 fecit
1690 1404 1796 1461 hoc
1848 1405 2006 1475 quod

301 1489 501 1547 solitus
530 1505 646 1546 non
701 1498 827 1547 erat
874 1490 1084 1547 facere:
1137 1506 1254 1548 non
1310 1492 1464 1548 enim
1521 1492 1581 1547 in
1629 1493 2006 1549 consuetudi-

299 1593 431 1635 nem
463 1579 711 1636 habebat
740 1579 953 1636 lectum
992 1586 1248 1651 tangere,
1282 1582 1380 1636 sed
1412 1596 1548 1637 eum
1597 1589 1712 1638 toto
1769 1596 2007 1653 corpore

301 1681 360 1724 se
391 1667 449 1722 in
482 1668 735 1725 medium
767 1668 896 1724 lecti
930 1667 1242 1739 injiciebat.
1301 1670 1510 1741 Tetigit
1559 1684 1740 1727 manu
1771 1671 2004 1731 lectum.

300 1762 355 1812 et
391 1756 833 1813 circumducens
879 1770 1141 1825 manum,
1178 1757 1399 1814 invenit
1429 1759 1585 1829 quod
1613 1767 1736 1816 erat
1767 1760 2008 1817 abscon-

301 1844 506 1901 ditum.
542 1844 743 1900 Statim
772 1852 837 1901 ut
879 1844 1056 1901 sensit
1115 1823 1379 1903 fraudem
1426 1823 1546 1903 esse
1591 1855 1872 1917 paratam,
1924 1863 2004 1904 re-
2038 1823 2079 1878 Β

301 1934 432 1990 licto
462 1933 671 1990 lectulo
701 1946 968 1990 reversus
998 1940 1081 1990 est
1106 1933 1165 1989 in
1197 1935 1477 2004 templum
1510 1936 1758 1993 amictus
1788 1952 1805 2007 ;
1850 1938 2006 2007 quod

301 2029 601 2092 supererat
642 2029 843 2089 noctis,
904 2020 1192 2092 lacrymas
1239 2023 1511 2091 fundens,
1562 2024 1621 2079 in
1677 2025 1909 2095 hymnis
1954 2032 2009 2082 et

302 2111 577 2167 laudibus
607 2111 706 2168 Dei
754 2109 943 2179 duxit,
976 2118 1031 2166 et
1070 2124 1239 2167 mane
1269 2112 1452 2183 primo
1491 2126 1614 2169 rem
1642 2129 1774 2185 quae
1803 2115 1855 2171 ei
1884 2129 2010 2171 cou-

301 2200 512 2270 tigerat
534 2199 751 2256 nemini
781 2199 1079 2256 indicavit.

372 2288 563 2344 Tertia
593 2299 730 2345 vero
774 2289 916 2345 hora
959 2287 1067 2344 diei
1101 2295 1225 2358 post
1254 2288 1510 2346 lectionis
1538 2290 2004 2361 disputationem,

305 2377 363 2433 in
393 2377 645 2448 capitulo
676 2384 809 2433 ante
845 2376 1013 2447 pedes
1067 2377 1329 2433 omnium
1387 2386 1710 2448 prostratus
1767 2382 2009 2452 rogabat

307 2473 371 2522 ut
408 2465 737 2535 apastorali
782 2479 926 2521 cura
973 2464 1138 2521 illum
1186 2464 1572 2533 absolverent,
1621 2475 1677 2524 et
1714 2469 2007 2525 meliorem

305 2568 737 2626 quemcumque
766 2556 990 2610 Patrem
1019 2566 1194 2623 super
1222 2568 1281 2610 se
1311 2554 1610 2626 eligerent.
1642 2557 1783 2613 Erat
1812 2566 2007 2614 autem

306 2643 576 2714 quaedam
618 2649 820 2714 crypta
863 2642 921 2698 in
968 2648 1132 2698 vasto
1171 2642 1496 2699 solitudinis
1538 2659 1715 2715 super
1760 2646 2009 2704 ﬂuvium

306 2731 657 2802 Sequanam,
693 2730 849 2787 unde
881 2730 936 2788 S.
997 2730 1217 2786 Sansou
1267 2739 1589 2802 serpentem
1621 2732 1824 2804 ejecit;
1858 2735 2010 2792 banc

304 2819 530 2889 petebat
600 2826 663 2875 ut
723 2818 794 2875 ad
864 2819 1246 2875 habitandum
1297 2820 1690 2877 concederent.
1744 2822 2010 2890 Quantus

307 2906 562 2963 clamor!
599 2915 855 2978 quantus
884 2908 1045 2963 dolor
1089 2916 1213 2964 erat
1249 2908 1327 2964 ibi
1376 2911 1636 2966 omnium
1676 2910 2006 2970 timentium

308 2995 640 3064 Dominum,
682 3005 738 3053 et
781 3011 956 3066 super
986 2997 1211 3053 Patrem
1264 2996 1640 3054 Geremarum
1695 3000 2011 3058 lamentan-

2108 608 2326 665 exstitit
2363 607 2623 665 sincerus
2652 615 2708 664 et
2737 608 2996 664 devotus.

2182 699 2331 754 Dum
2383 705 2575 754 autem
2629 697 2763 752 illuc
2810 702 3158 764 morarteur,
3201 697 3446 755 nuntius
3472 698 3522 755 ei
3554 699 3727 756 venit
3764 699 3831 754 de

2112 786 2227 842 filio
2285 800 2390 842 suo
2436 785 2788 851 Amalbertu,
2851 799 3024 856 quem
3076 785 3135 841 in
3202 785 3416 856 palatio
3473 787 3826 857 reliquerat.

2110 873 2352 930 Rediens
2380 874 2535 929 enim
2564 874 2634 929 de
2664 872 2970 929 Wasconia
3000 887 3136 930 cum
3180 887 3333 945 rege,
3370 875 3535 945 gravi
3566 875 3824 931 infirmi-

2110 969 2223 1019 tate
2260 976 2568 1033 percussus
2596 968 2877 1033 aegrotare
2922 961 3090 1030 cmpit
3123 975 3136 1016 :
3173 963 3345 1030 unde,
3381 963 3581 1020 morbo
3612 964 3827 1034 ingra-

2110 1058 2395 1119 vescente,
2450 1050 2695 1106 evadere
2758 1064 2877 1105 nou
2937 1049 3161 1120 potuit;
3206 1049 3561 1122 subripiente
3618 1052 3831 1109 mortis

2111 1137 2354 1194 articulo
2392 1138 2575 1194 vitam
2623 1137 2880 1208 corporis
2935 1138 3163 1193 amisit:
3227 1147 3352 1195 erat
3406 1139 3561 1195 enim
3621 1141 3825 1197 adhuc

2112 1226 2298 1297 virgo,
2343 1233 2399 1282 et
2429 1227 2673 1297 ignarus
2723 1227 3035 1283 mundanae
3083 1228 3498 1298 corruptionis.
3559 1228 3632 1283 Et
3666 1244 3825 1300 quo-

2113 1315 2270 1371 niam
2301 1315 2513 1372 charus
2556 1321 2681 1371 erat
2720 1315 2842 1385 regi
2871 1322 2927 1371 et
2959 1315 3215 1384 Francis,
3260 1316 3486 1373 delatus
3515 1325 3599 1373 est
3626 1331 3824 1388 usque

2115 1405 2188 1459 ad
2236 1403 2427 1461 locum
2494 1403 2740 1474 propria:
2781 1408 2932 1458 670
2970 1404 3339 1461 hareditatis.
3403 1405 3546 1462 Cum
3617 1414 3824 1462 autem

2116 1493 2223 1549 hoc
2300 1492 2351 1549 ei
2420 1493 2758 1549 nuntiatum
2825 1492 3045 1561 fuisset,
3122 1508 3422 1549 assumens
3482 1494 3824 1565 patientiam

2116 1581 2265 1637 beati
2294 1582 2418 1650 Job,
2452 1582 2628 1638 dixit:
2684 1604 2705 1631 ι
2758 1582 3038 1638 Dominus
3094 1583 3268 1650 dedit,
3302 1583 3585 1640 Dominus
3612 1584 3825 1641 abstu-

2115 1670 2216 1740 lit;
2244 1671 2393 1726 sicut
2423 1671 2665 1726 Domino
2696 1670 2910 1740 placuit
2945 1672 3023 1726 ita
3077 1669 3296 1728 factum
3345 1680 3450 1740 est,
3500 1673 3577 1728 sit
3603 1686 3821 1728 nomen

2117 1759 2344 1814 Domini
2384 1758 2747 1815 benedictum
2808 1757 2932 1829 (Job
2962 1774 2998 1824 ι,
3041 1760 3149 1827 21).
3190 1780 3211 1807 ι
3256 1760 3474 1815 Exiens
3510 1768 3703 1817 autem
3752 1761 3823 1817 de

2117 1855 2317 1918 crypta
2347 1847 2462 1917 illa,
2492 1854 2545 1904 et
2574 1860 2772 1903 omnes
2801 1847 2986 1903 clerici
3014 1848 3189 1904 simul
3218 1864 3349 1905 cum
3403 1849 3521 1905 illo.
3553 1850 3617 1905 In
3641 1850 3820 1919 hym-

2117 1936 2207 1993 nis
2236 1936 2417 1992 David
2444 1936 2672 1993 laudem
2721 1937 2833 1992 Deo
2855 1936 3115 1993 dicebat:
3155 1959 3177 1986 ι
3229 1938 3506 1994 Dominus
3530 1952 3664 2008 pars
3694 1939 3823 1995 bae-

2118 2025 2375 2082 reditatis
2404 2040 2541 2081 mea).
2588 2033 2644 2082 et
2673 2025 2867 2082 calicis
2895 2026 3026 2094 mei,
3060 2033 3126 2082 tu
3154 2040 3216 2082 es
3247 2027 3349 2097 qui
3409 2027 3675 2084 restitues
3700 2029 3819 2084 haz-

2117 2114 2417 2170 reditatem
2447 2129 2633 2171 meam
2663 2114 2802 2170 mihi
2850 2114 3037 2183 (Ρεαι.
3085 2130 3181 2181 xv,
3222 2114 3299 2185 5).
3337 2136 3359 2164 ι
3413 2116 3659 2187 Pergeus
3709 2130 3816 2173 au-

2117 2209 2233 2259 tem
2257 2217 2390 2259 cum
2421 2216 2631 2273 magno
2663 2202 3029 2273 psallentium
3062 2203 3256 2271 choro,
3295 2205 3550 2273 pervenit
3592 2205 3651 2260 in
3706 2218 3819 2275 pa-

2118 2306 2259 2362 gum
2288 2292 2708 2348 Vilcassiuum:
2770 2305 2943 2361 quem
2994 2290 3383 2361 pertransiens
3412 2291 3646 2348 intravit
3695 2292 3817 2349 Bel-

2117 2394 2416 2437 vacensem
2450 2380 2801 2451 pagum,ubi
2826 2380 3052 2451 jacebat
3078 2380 3179 2436 ﬁlii
3205 2394 3416 2451 corpus
3439 2381 3814 2450 defunctum;

2118 2470 2356 2526 veniens
2388 2469 2525 2525 illuc
2561 2469 2658 2525 ubi
2708 2468 2959 2539 jacebat,
2996 2468 3154 2537 nihil}
3182 2469 3251 2525 de
3291 2477 3474 2526 morte
3523 2469 3702 2540 ipsius
3734 2477 3816 2526 est

2120 2565 2332 2627 motus,
2350 2558 2451 2614 sed
2474 2557 2750 2614 laudabat
2780 2558 3090 2614 Dominum
3117 2559 3319 2626 Deum,
3353 2558 3510 2629 quod
3544 2558 3819 2629 dignatus

2119 2648 2191 2704 sit
2248 2647 2541 2717 suscipere
2592 2646 2650 2703 in
2710 2646 3042 2717 virginitate
3089 2647 3332 2703 unicum
3379 2647 3562 2703 illium
3622 2661 3816 2703 suum.

2123 2735 2425 2790 Elevautes
2464 2748 2599 2790 eum
2655 2733 2715 2789 in
2763 2733 3062 2802 feretrum,
3117 2733 3385 2790 deferunt
3417 2733 3477 2789 in
3532 2740 3822 2790 monaste-

2120 2822 2273 2879 rium
2330 2823 2484 2892 quod
2546 2822 2751 2879 beatus
2792 2821 3138 2878 Geremarus
3182 2828 3587 2878 construxerat
3643 2820 3699 2876 iu
3733 2821 3825 2877 ho-

2120 2924 2261 2967 nore
2290 2910 2440 2967 Petri
2488 2917 2544 2967 et
2590 2910 2754 2966 Pauli
2795 2910 3205 2980 apostolorum.
3244 2909 3607 2981 Sequebatur
3637 2908 3826 2965 multi-

2122 3000 2262 3056 tudo
2291 2999 2488 3070 populi
2514 2999 2659 3055 ﬂens
2699 3005 2877 3070 atque
2902 2999 3110 3070 lugens
3159 3012 3334 3069 super
3377 3012 3528 3055 eum.
3576 2997 3829 3055 Veniens

312 3085 454 3141 tium
485 3093 540 3141 et
571 3084 886 3142 dicentium
914 3101 926 3140 :
965 3084 1083 3143 Cur
1110 3100 1235 3157 nos,
1273 3089 1456 3153 Pater,
1490 3087 1753 3144 deseris?
1782 3098 1885 3147 aut
1913 3092 2007 3148 cui
2046 3128 2084 3183 ε
2127 3095 2319 3144 autem
2351 3088 2423 3144 ad
2456 3088 2645 3144 locum
2678 3087 2781 3158 qui
2828 3087 3119 3158 Baujacus
3176 3090 3321 3143 Pons
3364 3087 3593 3154 dicitur,
3626 3086 3831 3157 paulu-

309 3188 412 3229 nos
445 3173 723 3231 desolatos
772 3174 1101 3245 relinquis?
1153 3176 1295 3246 quid
1335 3176 1611 3247 egimus?
1649 3178 1794 3247 quid
1843 3179 1903 3236 in
1955 3188 2009 3237 te

306 3264 747 3320 commisimus?
773 3264 1060 3334 quomodo
1113 3264 1331 3321 fuimus
1362 3264 1463 3321 tibi
1512 3266 1835 3324 contrarii?
1882 3270 2009 3339 Ipse

308 3358 500 3409 autem
532 3352 828 3423 respondit
869 3351 979 3407 eis:
1044 3352 1222 3408 Nemo
1280 3360 1540 3409 vestrum
1590 3355 1811 3412 exstitit
1866 3358 2010 3414 mihi

304 3451 571 3512 unquam
602 3442 929 3498 contrarius
961 3441 1019 3496 in
1052 3440 1282 3512 aliquo;
1330 3455 1498 3498 nemo
1553 3443 1796 3514 alienus,
1838 3459 1967 3503 nem
1990 3477 2025 3521 ο

304 3531 514 3598 malus,
548 3545 717 3587 nemo
746 3531 967 3598 durus;
998 3544 1197 3587 omnes
1245 3530 1389 3586 mihi
1442 3539 1507 3588 ut
1537 3540 1745 3603 patres,
1774 3542 1840 3591 ut
1889 3534 1999 3592 fra-

307 3626 440 3687 tres,
465 3628 530 3677 ut
551 3620 810 3677 veritatis
837 3627 1122 3675 amatores
1159 3619 1409 3690 (nolebat
1455 3620 1609 3677 enim
1663 3623 1903 3692 prodere
1950 3625 2013 3680 in

312 3708 610 3779 publicum
660 3708 816 3779 quod
873 3707 1091 3763 invenit
1160 3707 1218 3764 in
1268 3707 1409 3765 lecto
1461 3709 1881 3782 absconditum,
1937 3728 2011 3770 ne

313 3797 477 3854 locus
520 3797 633 3868 ipse
680 3804 1000 3853 verteretur
1052 3796 1108 3851 in
1158 3797 1490 3867 exemplum
1524 3798 1865 3871 malorum),
1910 3801 2019 3858 Ite-

315 3902 448 3944 rum
479 3893 654 3958 atque
697 3885 909 3944 iterum
963 3893 1289 3957 prostratus
1340 3894 1474 3944 ante
1524 3887 1697 3958 pedes
1725 3887 2008 3953 omnium,

312 3976 556 4049 rogabat
606 3983 671 4033 ut
717 3989 751 4031 a
798 3975 1070 4046 pastorali
1122 3975 1255 4032 sede
1309 3975 1671 4033 absolverent
1722 3991 1887 4048 eum;
1934 3976 2015 4034 illi

313 4072 508 4121 autem
562 4064 858 4131 nolebant,
917 4064 1012 4120 sed
1069 4064 1254 4136 magis
1299 4065 1566 4134 petebant
1633 4072 1700 4122 ut
1746 4080 1842 4122 eos
1897 4080 2012 4122 non

313 4152 620 4209 desereret.
663 4152 919 4209 Tandem
961 4150 1098 4210 victi
1141 4152 1515 4222 petitionibus
1545 4161 1802 4224 cryptam
1834 4168 2011 4226 quam

314 4241 540 4311 petebat
598 4240 651 4298 ei
708 4246 1129 4297 concesserunt.
1186 4240 1542 4313 Relinquens
1587 4248 1779 4299 autem
1808 4257 2012 4300 mona-

313 4329 553 4387 sterium
586 4329 648 4385 B.
699 4328 977 4385 Audoeno
1024 4328 1166 4388 abiit
1200 4329 1272 4387 ad
1300 4330 1638 4401 praedictum
1669 4331 1887 4389 locum.
1930 4332 2018 4389 Ibi

2129 3178 2251 3234 lum
2285 3178 2402 3233 solo
2430 3176 2812 3233 substiterunt
2854 3176 2980 3232 Non
3038 3176 3182 3232 illud
3226 3176 3392 3232 silere
3441 3176 3617 3232 debeo
3642 3175 3825 3245 quod.

2129 3266 2411 3322 Dominus
2438 3264 2662 3336 operari
2691 3265 2967 3336 dignatus
3011 3273 3115 3322 est.
3165 3265 3251 3321 Ibi
3308 3265 3462 3321 circa
3488 3277 3694 3335 corpus
3722 3265 3826 3320 de-

2128 3355 2329 3423 functi,
2380 3355 2453 3411 ob
2491 3355 2763 3411 meritum
2815 3354 2968 3411 beati
3021 3353 3309 3411 Geremari
3362 3354 3674 3424 (quatenus
3699 3366 3827 3409 om-

2130 3459 2231 3501 nes
2274 3451 2650 3515 agnoscerent
2687 3443 2885 3515 magni
2928 3442 3118 3500 meriti
3173 3457 3297 3500 esse
3350 3456 3484 3499 eum
3529 3448 3584 3498 et
3641 3440 3829 3511 ipsius

2132 3533 2340 3603 filium)
2394 3533 2454 3589 in
2500 3532 2698 3589 eodem
2754 3532 2875 3589 loco
2926 3532 3007 3589 sic
3053 3538 3440 3603 aggravatum
3492 3537 3575 3587 est
3612 3543 3830 3598 corpus

2130 3622 2280 3679 beati
2322 3621 2658 3690 Amalberti,
2706 3629 2772 3679 ut
2797 3622 2869 3678 ab
2911 3620 3001 3677 his
3054 3621 3154 3692 qui
3197 3635 3332 3677 eum
3366 3619 3671 3691 portabant
3702 3632 3826 3674 non

2131 3710 2404 3781 potuisset
2454 3709 2713 3781 moveri,
2771 3710 2869 3767 sed
2925 3724 3033 3766 nec
3080 3710 3162 3766 sic
3201 3709 3418 3766 moveri
3478 3707 3680 3778 potuit.
3737 3706 3829 3762 Fit

2129 3799 2347 3856 clamor
2386 3799 2648 3856 omnium
2687 3798 2950 3855 virorum
3001 3805 3195 3869 atque“
3224 3796 3533 3854 mulierum
3562 3810 3581 3867 ;
3628 3802 3829 3851 tantus

2129 3896 2321 3945 autem
2353 3895 2554 3959 stupor
2577 3886 2786 3944 invasit
2815 3900 3014 3944 omnes
3042 3893 3195 3942 retro
3228 3892 3283 3942 et
3330 3891 3463 3941 ante
3502 3883 3830 3941 incedentes

2128 3983 2195 4033 ut
2221 3976 2321 4032 vix
2346 3975 2648 4033 ambulare
2676 3975 2956 4031 valerent.

2199 4065 2361 4121 Tunc
2400 4065 2605 4121 beatus
2632 4063 2995 4130 Geremarus,
3053 4061 3304 4119 sentiens
3337 4061 3445 4118 hoc
3474 4073 3597 4117 esse
3624 4058 3828 4117 volun-

2129 4161 2302 4211 tatem
2332 4154 2450 4219 Dei,
2481 4152 2653 4225 jussit
2703 4166 2915 4223 corpus
2962 4151 3207 4221 deponi:
3254 4164 3370 4220 quo
3397 4148 3663 4219 deposito,
3691 4162 3825 4218 pro-

2127 4250 2344 4299 stratus
2372 4241 2489 4299 solo
2519 4241 2766 4313 genibus
2792 4239 3110 4296 orationem
3158 4238 3231 4295 ad
3286 4237 3598 4294 Dominum
3653 4236 3821 4305 fudit,

2125 4338 2179 4388 et
2208 4345 2402 4388 coram
2433 4330 2657 4387 cunctis
2714 4328 3035 4386 diutissime
3081 4326 3287 4384 oravit.
3348 4325 3634 4396 Completa
3689 4339 3821 4381 ora-

312 4418 453 4474 sein
481 4417 842 4475 orationibus
897 4417 987 4475 die
1031 4431 1100 4475 ac
1145 4426 1309 4475 nocte
1346 4419 1524 4487 dedit,
1564 4419 1778 4477 faciens
1827 4420 2013 4491 pluri-
2047 4433 2091 4487 1)
2133 4418 2305 4486 tione,
2367 4418 2480 4474 illis
2531 4418 2633 4489 qui
2715 4430 2926 4488 corpus
2997 4416 3271 4473 videbant
3335 4414 3521 4470 dixit:
3592 4412 3822 4471 Auferte

314 4521 470 4564 mam
500 4506 929 4575 abstinentiam,
958 4507 1234 4579 majorem
1258 4521 1440 4580 quam
1471 4508 1660 4565 facere
1698 4524 2019 4567 consueve-

315 4603 425 4653 rat.
474 4596 717 4652 Tantam
762 4595 813 4651 ei
865 4595 1112 4667 gratiam
1158 4596 1437 4653 Dominus
1491 4597 1671 4655 veluti
1727 4598 1907 4655 electo
1942 4599 2020 4655 fa-

313 4686 473 4743 mulo
493 4699 598 4743 suo
626 4684 888 4753 contulit,
917 4692 983 4742 ut
1011 4692 1221 4743 cuncta
1248 4686 1451 4742 mundi
1498 4695 1687 4744 mente
1715 4690 2018 4746 transcen-

312 4774 491 4844 deret,
522 4782 578 4832 et
597 4774 809 4846 saepius
838 4773 1163 4832 coelestibus
1191 4775 1423 4832 secretis
1449 4775 1766 4834 interesset.

998 4915 1226 4974 CAPUT
1260 4916 1329 4974 V.

383 5042 593 5099 Beatus
618 5049 815 5100 autem
841 5041 1159 5098 Audoeuus
1191 5040 1439 5098 audiens
1493 5040 1708 5097 famam
1747 5043 2015 5100 sanctita-

314 5130 386 5188 tis
404 5130 548 5202 ejus,
596 5138 653 5187 et
697 5130 884 5188 sciens
911 5130 1189 5187 maritum
1214 5129 1360 5202 ejus,
1396 5130 1455 5187 iu
1483 5130 1732 5202 gradum
1767 5132 2011 5203 presby-

312 5218 441 5276 terii
468 5233 602 5275 eum
642 5218 974 5289 ordinavit;
1031 5219 1201 5290 cujus
1252 5219 1535 5276 voluntati
1585 5219 1835 5276 multum
1886 5221 2017 5277 resi-

312 5314 460 5364 stere
517 5306 719 5375 voluit,
773 5307 871 5364 sed
921 5307 1137 5379 Spiritu
1193 5315 1389 5365 sancto
1445 5322 1578 5364 eum
1633 5308 2013 5378 compellente

312 5396 612 5467 praeceptis
641 5397 824 5454 sancti
852 5396 1119 5468 praesulis
1141 5397 1410 5454 obedivit.
1462 5398 1792 5468 Factusque
1822 5411 2013 5454 sacer-

311 5485 434 5554 dos,
469 5486 710 5544 Domino
740 5486 965 5558 placere
1003 5487 1245 5544 studuit.
1283 5486 1570 5544 Oﬂ‘erebat
1616 5486 1771 5544 enim
1828 5487 2012 5542 sacri—

314 5573 509 5631 ﬁcium
539 5575 622 5632 illi
652 5590 754 5647 per
780 5576 1041 5648 singulos
1070 5574 1190 5632 dies
1228 5589 1361 5633 cum
1410 5574 1686 5648 lacrymis
1705 5581 1760 5631 et
1789 5574 2009 5632 contri-

314 5662 466 5720 tione
492 5664 698 5722 cordis.
726 5664 813 5721 Ibi
843 5664 902 5720 iu
927 5663 1259 5734 exemplum
1300 5664 1563 5721 omnium
1593 5662 1812 5733 positus
1841 5663 2011 5718 annis

2128 4505 2369 4575 pallium
2399 4506 2472 4562 ab
2500 4520 2586 4573 eo,
2616 4520 2733 4576 quo
2762 4510 3062 4574 coopertus
3107 4510 3212 4570 est,
3260 4510 3325 4558 ut
3357 4502 3654 4559 videamus
3681 4501 3819 4571 quid

2128 4594 2452 4664 contigerit.
2494 4594 2759 4665 Cumque
2805 4592 3071 4650 tulissent
3118 4592 3375 4664 gladium
3431 4590 3519 4664 (ﬁ,
3560 4590 3813 4664 pallium]

2127 4690 2183 4739 et
2230 4682 2565 4755 diligentius
2608 4682 2983 4752 aspexissent,
3045 4680 3397 4738 invenerunt
3449 4679 3648 4736 faciem
3696 4678 3821 4749 ejus

2128 4772 2413 4844 sanguine
2442 4771 2756 4839 madidam,
2785 4784 2854 4826 ac
2910 4769 2957 4825 si
3006 4769 3103 4826 illo
3154 4769 3248 4826 die
3287 4768 3437 4826 bello
3494 4767 3821 4824 interfectus

2125 4860 2361 4917 fuisset:
2410 4859 2626 4918 ﬂuebat
2678 4860 2835 4916 enim
2881 4858 3125 4930 sanguis
3172 4872 3272 4929 per
3323 4871 3510 4926 nares,
3573 4855 3817 4928 irrigans

2127 4956 2306 5007 totam
2345 4949 2546 5008 faciem
2576 4949 2723 5021 ejus.
2750 4949 2933 5008 Valde
2972 4947 3324 5019 stupendum
3353 4954 3438 5003 est
3493 4952 3665 5016 atque
3706 4945 3819 5002 mi-

2124 5039 2396 5101 randum.
2431 5039 2575 5096 etin
2619 5039 2898 5095 memoria
2944 5037 3166 5094 devotis
3210 5036 3482 5093 laudibus
3531 5048 3822 5091 reservan-

2123 5128 2262 5184 dum
2296 5144 2312 5197 ;
2339 5129 2459 5200 jam
2493 5128 2743 5186 multum
2794 5128 3048 5184 ﬂuxerat
3079 5126 3352 5196 temporis
3375 5139 3409 5181 a
3435 5139 3549 5196 quo
3588 5122 3707 5179 vita
3733 5124 3819 5181 de-

2122 5225 2368 5274 cesserat
2397 5224 2694 5275 revertens
2721 5230 2755 5272 a
2793 5215 3080 5275 Vasconia
3108 5229 3242 5271 cum
3276 5228 3409 5286 rege
3460 5220 3516 5270 et
3545 5211 3812 5269 Francis:

2122 5305 2265 5373 quid
2291 5306 2401 5364 hoc
2413 5307 2562 5363 facto
2592 5304 2955 5363 manifestius
2976 5304 3163 5375 potuit
3191 5303 3299 5360 hoc
3325 5301 3633 5372 adimplere
3661 5300 3810 5357 illius

2119 5399 2330 5464 virtus,
2373 5396 2524 5452 beati
2572 5394 2864 5453 Geremari
2899 5393 3129 5451 meritis
3176 5400 3233 5449 et
3286 5390 3619 5457 virtutibus,
3651 5388 3815 5459 cujus

2120 5485 2374 5558 potentia
2435 5483 2811 5542 resuscitatur
2875 5481 3307 5554 quatriduanus
3366 5477 3649 5536 Lazarus?
3713 5477 3815 5535 De-

2117 5581 2475 5631 monstratur
2502 5573 2610 5629 hoc
2629 5571 2849 5644 judicio
2876 5571 3109 5629 beatum
3160 5568 3553 5626 Amalbertum
3587 5566 3811 5624 'meritis

2118 5662 2296 5719 sancti
2324 5661 2615 5719 Geremari
2642 5661 2839 5718 vivere
2867 5675 3001 5718 cum
3050 5658 3295 5718 Christo.
3630 5676 3636 5682 ·
