3930 6390
142 410 281 462 1209

1385 404 1612 461 ADDIT.
1645 435 1712 445 -—-
1742 405 1899 462 VITA
1937 405 1990 460 S.
2033 405 2419 460 GEREMABI.

3520 415 3654 466 1210

211 544 374 600 Tunc
417 542 620 598 beatus
659 541 1001 598 Geremarus
1047 540 1105 596 in
1131 540 1332 598 eodem
1384 539 1503 596 loco
1541 539 1840 613 ecclesiam
1874 543 1914 596 A
2025 540 2190 597 Mane
2219 548 2412 597 autem
2449 539 2616 608 facto,
2670 542 2865 598 retulit
2913 549 3157 614 uterque
3203 544 3357 614 quod
3405 545 3645 613 viderat,

139 630 268 687 ﬁeri
298 630 569 701 praecepit
599 629 660 686 in
709 629 924 685 honore
974 629 1029 685 S.
1065 629 1320 685 Joannis.
1368 629 1680 685 Duodecim
1725 643 1848 684 mo-

138 721 360 776 nachos
408 719 486 775 ibi
526 718 844 785 constituit,
898 731 1150 788 quorum
1196 717 1315 773 vita
1357 717 1514 773 salus
1558 726 1700 772 esset
1737 717 1842 774 sibi

136 816 194 864 et
224 808 433 864 anima}
481 807 600 862 ﬁlii.
641 808 712 863 Ut
765 821 901 877 ergo
947 807 1071 861 sine
1114 806 1429 876 indigentia
1482 806 1758 871 viverent,
1792 813 1847 861 et

139 895 382 952 Domino
423 895 544 951 sine
604 894 1067 950 murmuratione
1131 895 1433 962 servirent,
1483 892 1715 964 reliquit
1766 893 1847 948 eis

139 984 358 1039 multas
403 983 590 1048 villas,
645 981 857 1037 scilicet
917 981 1150 1051 propria
1195 982 1426 1050 praedia,
1477 996 1578 1051 per
1625 981 1848 1035 charta-

137 1085 275 1126 rum
300 1072 669 1126 monimenta.
706 1071 805 1125 His
855 1069 933 1126 ita
961 1069 1272 1139 promissis,
1323 1070 1512 1126 statim
1547 1070 1848 1125 inventum

136 1165 225 1213 est
277 1173 485 1228 corpus
529 1165 702 1214 tanta}
749 1157 1015 1224 levitatis,
1071 1165 1134 1212 ut
1164 1157 1236 1214 ab
1289 1172 1408 1214 uno
1457 1158 1688 1214 homine
1741 1171 1848 1226 po-

141 1243 344 1298 tuisset
374 1241 609 1312 portari.
660 1242 949 1297 Moventes
991 1241 1123 1297 inde
1171 1249 1557 1311 pervenerunt
1592 1241 1664 1296 ad
1703 1255 1846 1310 prae-

138 1330 359 1385 dictum
395 1329 828 1396 monasterium,
863 1329 1017 1399 quod
1055 1329 1258 1385 beatus
1290 1329 1634 1386 Geremarus
1657 1328 1850 1384 adhuc

140 1417 202 1472 in
233 1418 448 1473 saeculo
483 1417 703 1487 positus
731 1425 1158 1484 construxerat,
1192 1418 1293 1473 ubi
1340 1418 1650 1473 honoriﬁce
1688 1431 1846 1486 sepe-

140 1505 356 1561 lierunt
401 1520 557 1561 eum.
609 1507 772 1560 Tune
821 1505 1021 1561 beatus
1064 1505 1410 1561 Geremarus
1459 1506 1844 1561 haereditatem

136 1608 308 1650 suam
355 1594 584 1664 recepit,
633 1601 690 1650 et
730 1593 1037 1649 Dominum
1085 1595 1277 1650 Jesum
1320 1595 1612 1651 Christum
1663 1607 1734 1649 ex
1780 1606 1848 1648 ea

139 1683 431 1739 haeredem
474 1682 638 1738 fecit:
691 1682 1000 1738 festinabat
1054 1682 1210 1738 enim
1260 1683 1559 1752 pervenire
1607 1682 1680 1737 ad
1727 1697 1846 1736 cce-

139 1771 341 1828 lestem
374 1771 638 1842 patriam,
669 1777 724 1826 et
754 1770 1085 1842 contingere
1117 1771 1564 1827 immortalitatis
1603 1771 1844 1839 stolam;

1951 635 2006 685 et
2036 629 2251 700 gratias
2281 636 2514 700 agentes
2562 630 2824 698 Domino,
2871 631 3116 687 tendunt
3163 631 3233 687 ad
3267 631 3457 689 locum
3499 649 3649 704 prae—

1953 719 2171 774 dictum
2208 717 2280 773 ab
2327 717 2550 788 angelo.
2592 718 2733 775 Cum
2786 726 2980 775 autem
3028 735 3142 776 non
3192 721 3358 791 longe
3400 731 3650 778 essenta

1954 807 2098 869 vico,
2126 813 2276 861 nutu
2307 805 2405 860 Dei
2429 813 2484 861 et
2530 806 2824 862 voluntate
2865 807 3075 863 deviati
3113 816 3251 865 sunt
3276 823 3310 864 a
3351 819 3504 866 recto
3535 819 3648 867 tra-

1952 895 2108 960 mite,
2132 902 2187 949 et
2216 902 2487 965 gyrantes
2516 902 2696 950 vastae
2732 894 3057 952 solitudinis
3103 897 3413 965 desertum,
3459 913 3652 968 perve-

1957 990 2167 1039 nerunt
2197 983 2267 1038 ad
2295 983 2646 1038 destinatum
2677 983 2866 1038 locum
2907 999 2920 1038 :
2954 985 3054 1040 ubi
3085 1000 3216 1041 cum
3258 987 3652 1054 pervenissent

1953 1079 2008 1128 et
2060 1071 2308 1127 multum
2380 1071 2730 1139 dubitarent,
2807 1072 3118 1128 nescientes
3188 1074 3328 1144 quid
3391 1083 3646 1146 agerent,

1953 1174 2082 1216 ecce
2097 1159 2310 1215 nebula
2335 1160 2622 1215 descendit
2675 1160 2744 1215 de
2792 1161 2931 1217 coelo
2959 1168 3013 1218 et
3060 1161 3437 1218 circumdedit
3467 1169 3650 1219 totum

1957 1249 2144 1305 locum
2201 1248 2302 1304 ubi
2363 1249 2817 1305 construendum
2893 1256 3017 1306 erat
3092 1251 3541 1321 monasterium;
3596 1259 3652 1307 et

1955 1351 2088 1392 cum
2136 1335 2349 1392 nebula
2392 1350 2649 1408 superna
2687 1351 2801 1392 vox
2854 1337 3088 1393 dicens.
3135 1338 3309 1394 Electi
3359 1339 3473 1407 Dei,
3522 1354 3651 1394 ecce

1958 1425 2117 1479 locus
2158 1424 2263 1479 iste
2301 1424 2647 1480 metuendus
2689 1431 2805 1495 est;
2854 1425 3244 1497 quadraginta
3289 1426 3426 1481 anni
3471 1426 3649 1482 voluti

1955 1519 2112 1579 sunt,
2142 1526 2214 1567 ex
2248 1512 2465 1582 quibus
2509 1512 2788 1568 Dominus
2826 1513 2982 1568 hunc
3023 1513 3210 1569 locum
3259 1514 3552 1569 benedixit
3597 1521 3651 1569 et

1955 1600 2353 1668 sanctiﬁcavit,
2387 1608 2442 1656 et
2491 1600 2642 1656 ﬁdeli
2674 1616 2779 1656 suo
2818 1603 3121 1658 Geremaro
3165 1602 3509 1658 destinavit:
3543 1602 3651 1658 erit

1954 1690 2109 1745 enim
2158 1689 2486 1745 habitabilis
2526 1689 2939 1745 monachorum
2969 1691 3350 1756 multitudini,
3387 1691 3651 1760 quandiu

1957 1777 2263 1846 perstiterit
2294 1777 2353 1832 in
2383 1777 2678 1846 praeceptis
2712 1777 2952 1832 Domini.
2986 1778 3323 1835 Mulieribus
3346 1793 3482 1834 vero
3513 1777 3650 1834 nul-

139 1859 508 1916 desiderabat
553 1859 837 1915 haeredem
868 1859 1081 1915 habere
1129 1874 1260 1915 eum
1293 1874 1327 1916 a
1361 1875 1495 1930 quo,
1529 1867 1583 1915 et
1615 1859 1674 1914 in
1702 1873 1839 1929 quo,
1876 1843 1915 1898 Β
1954 1843 2043 1921 lus
2071 1865 2282 1934 patebit
2311 1843 2402 1920 ad
2421 1879 2551 1920 eum
2570 1843 2835 1935 unquam
2869 1880 3152 1922 accessus.

141 1956 200 2005 et
225 1963 326 2019 per
364 1962 537 2019 quem
580 1955 665 2004 est
704 1962 1000 2004 summum
1048 1949 1288 2016 bonum,
1323 1949 1475 2005 ultra
1509 1948 1664 2019 quod
1701 1947 1845 2004 nihil

143 2046 232 2093 est
257 2037 661 2107 appetendum.

818 2124 1054 2182 CAPUT
1094 2126 1187 2181 VI.

221 2215 530 2284 Postquam
564 2220 758 2269 autem
799 2214 994 2269 omnia
1032 2214 1155 2269 haec
1199 2221 1337 2270 sunt
1383 2214 1662 2270 divinitus
1693 2227 1845 2269 com-

146 2302 318 2372 pleta,
372 2301 429 2356 in
472 2303 839 2371 semetipsum
880 2315 1148 2358 reversus
1195 2303 1447 2372 cogitare
1493 2302 1662 2371 coepit
1707 2317 1849 2372 quo-

144 2390 318 2444 modo
365 2389 576 2445 astutia
614 2389 841 2458 antiqui
890 2389 1171 2458 serpentis
1217 2404 1317 2459 per
1360 2390 1512 2445 mille
1553 2398 1702 2446 artes
1745 2404 1846 2444 no-

143 2478 313 2533 cendi
375 2478 583 2534 nititur
636 2477 969 2533 subvertere
1027 2478 1200 2533 corda
1249 2493 1549 2534 servorum
1602 2478 1721 2545 Dei,
1776 2478 1848 2532 ad

146 2567 447 2622 interitum
468 2573 524 2621 et
552 2566 982 2622 damnationem
1012 2574 1299 2636 perpetuae
1339 2567 1556 2622 mortis.
1590 2566 1849 2634 Quibus-

142 2656 280 2711 dam
325 2654 479 2710 enim
520 2655 734 2711 virtute
780 2655 1108 2711 orationum
1162 2655 1442 2726 perfectis,
1496 2655 1847 2726 quibusdam

138 2743 380 2815 jejuniis
409 2743 631 2810 deditis,
672 2744 799 2799 aliis
849 2743 1116 2799 solitaria
1149 2744 1281 2800 vitae
1319 2743 1489 2800 laude
1519 2742 1845 2809 diffamatis,

147 2833 437 2889 multoties
467 2833 780 2903 quamdam
813 2833 993 2888 facem
1033 2833 1326 2904 jactantiae
1357 2833 1586 2904 ingerit,
1618 2840 1674 2890 et
1715 2847 1847 2889 cum

146 2922 477 2993 virginibus
517 2921 709 2977 stultis
768 2921 1060 2991 lampades
1113 2936 1310 2978 eorum
1380 2937 1598 2978 vacuas
1643 2922 1846 2977 reddit.

148 3012 194 3066 Ii
227 3011 366 3067 tales
409 3011 674 3066 veniente
722 3011 937 3080 Sponso
999 3025 1114 3066 non
1163 3010 1465 3067 intrabunt
1500 3025 1633 3066 cum
1683 3025 1748 3066 eo
1778 3010 1849 3065 ad

148 3099 384 3169 nuptias
415 3101 634 3168 (Matth.
668 3115 762 3162 xv,
795 3101 872 3168 2).
923 3101 1041 3156 Hoc
1088 3101 1393 3169 providens
1443 3101 1646 3157 beatus
1687 3100 1851 3157 Gere-

149 3202 366 3253 marus,
414 3202 486 3243 ne
533 3202 630 3243 cor
677 3187 805 3258 ejus
859 3189 986 3244 laus
1034 3188 1301 3244 solitariae
1345 3188 1478 3246 vitae
1522 3189 1846 3261 attingeret,

149 3277 320 3347 σαθρῆ
348 3276 790 3332 familiarissime
832 3291 968 3332 suos
1014 3275 1267 3347 alloqui:
1306 3299 1332 3327 ‹‹
1363 3278 1407 3334 Ο
1446 3278 1667 3345 fratres,
1702 3279 1851 3334 mul-

151 3374 238 3423 tos
267 3379 370 3435 pro
411 3364 620 3422 Christi
671 3365 902 3420 nomine
957 3364 1110 3435 passi
1169 3365 1412 3434 labores,
1468 3367 1855 3423 indesinenter

150 3454 224 3510 ad
255 3454 411 3510 viam
456 3453 670 3509 summi
717 3461 772 3510 et
816 3453 1404 3524 incomprehensibilis
1450 3456 1585 3512 boni
1617 3455 1851 3523 currite,

148 3550 204 3599 et
237 3541 293 3598 in
345 3555 515 3612 opere
549 3542 647 3598 Dei
681 3541 835 3612 quod
875 3542 1126 3612 coepistis
1164 3551 1510 3613 permanete.
1563 3543 1852 3601 Utendum

150 3630 318 3686 nobis
365 3636 450 3686 est
497 3629 604 3685 hoc
645 3629 922 3700 consilio;
990 3645 1364 3701 properemus
1408 3633 1479 3688 ad
1517 3632 1575 3686 S.
1621 3631 1853 3688 Audoe-

149 3733 313 3786 num,
345 3725 728 3788 petamusque
754 3719 827 3774 ab
869 3733 935 3774 eo
965 3727 1028 3775 ut
1071 3734 1176 3775 sua
1218 3720 1473 3775 oratione
1514 3721 1856 3776 demonstre'

147 3816 248 3864 tur
271 3807 438 3864 nobis
465 3807 536 3863 ad
582 3807 964 3864 habitandum
1007 3807 1183 3876 locus,
1225 3809 1325 3864 ubi
1365 3824 1553 3880 usque
1581 3809 1652 3865 ad
1682 3809 1853 3864 ﬁnem

145 3891 280 3947 vitae
312 3890 371 3945 in
404 3890 568 3946 bonis
597 3891 868 3959 operibus
899 3904 1350 3960 perseveremus.
1381 3913 1401 3939 ι

221 3979 445 4036 Placuit
493 3979 765 4036 omnibus
812 3979 1117 4035 consilium
1167 3981 1316 4036 beati
1359 3980 1669 4048 Geremari,
1720 3996 1853 4052 per-

148 4083 410 4141 gensque
457 4069 529 4124 ad
577 4068 630 4125 S.
684 4069 1045 4137 Audoenum,
1094 4068 1175 4124 sic
1219 4084 1349 4126 eum
1401 4070 1684 4126 allocutus
1728 4077 1849 4126 est:

157 4181 180 4208 ι
212 4158 494 4227 Deprecor
524 4164 595 4225 te,
625 4165 820 4214 sancte
861 4158 1047 4225 Pater,
1084 4165 1149 4214 ut
1192 4159 1504 4214 orationem
1553 4159 1622 4214 ad
1654 4158 1853 4215 Domi-

148 4260 292 4302 num
327 4261 427 4315 pro
462 4260 551 4302 me
599 4245 790 4312 facies,
843 4247 1105 4318 mihique
1135 4247 1325 4303 locum
1357 4248 1428 4303 ad
1473 4248 1852 4303 habitandum

149 4335 268 4391 tuis
297 4333 564 4404 precibus
600 4334 990 4390 demonstres:
1039 4335 1260 4391 conﬁdo
1306 4335 1458 4391 enim
1503 4335 1658 4406 quod
1703 4337 1854 4391 Deus

2024 1953 2338 2010 Audientes
2398 1961 2594 2009 autem
2653 1955 2824 2010 ambo
2888 1955 2999 2010 viri
3043 1954 3225 2011 sancti
3266 1955 3434 2010 valde
3480 1955 3651 2012 laetati

1953 2049 2108 2098 sunt.
2134 2041 2397 2112 Cumque
2427 2043 2664 2098 obtutus
2694 2057 2829 2098 suos
2875 2043 2934 2098 in
2972 2051 3266 2114 aspectum
3295 2044 3520 2099 nebula:
3546 2043 3650 2098 de-

1955 2130 2214 2201 ﬁgerent,
2253 2130 2443 2186 statim
2491 2131 2563 2187 ab
2613 2132 2940 2201 aspectibus
2982 2147 3183 2188 eorum
3227 2132 3519 2187 subtracta
3545 2138 3646 2186 est.

1954 2219 2043 2273 Ex
2076 2220 2270 2274 eadem
2303 2227 2497 2275 autem
2519 2219 2751 2287 nebula,
2786 2220 2843 2275 in
2865 2220 3110 2276 circuitu
3135 2221 3259 2287 loci,
3284 2221 3451 2290 quasi
3486 2234 3652 2290 qua-

1954 2307 2087 2363 dam
2125 2307 2293 2378 virga
2338 2309 2755 2379 geometricalis
2815 2316 2997 2364 totum
3052 2309 3239 2364 locum
3287 2307 3655 2364 circumdans

1953 2396 2250 2462 remansit,
2278 2403 2342 2451 ut
2381 2396 2615 2451 daretur
2657 2395 2896 2466 intelligi
2948 2410 3148 2451 verum
3180 2412 3300 2451 esse
3344 2396 3497 2466 quod
3548 2410 3653 2449 su-

1954 2497 2133 2554 perna
2162 2498 2277 2540 vox
2309 2484 2533 2539 cecinit.
2587 2484 2750 2539 Tunc
2791 2483 3215 2540 circumeuntes
3264 2484 3450 2538 locum
3500 2496 3656 2551 repe-

1954 2576 2156 2624 rerunt
2208 2569 2440 2640 signum
2510 2567 2751 2624 caelestis
2811 2567 2958 2624 roris
3011 2567 3374 2636 impressum.
3445 2567 3654 2621 Beatus

1956 2663 2149 2713 autem
2193 2658 2510 2714 Audoenus
2557 2663 2749 2712 certus
2779 2656 2848 2712 de
2901 2656 3162 2726 angelica
3209 2655 3428 2712 visione
3465 2661 3521 2710 et
3550 2669 3654 2709 su-

1956 2759 2133 2815 perna
2159 2759 2315 2813 voce,
2368 2744 2652 2814 accipiens
2679 2744 2907 2815 virgam
2955 2744 3010 2799 in
3043 2758 3244 2812 manu,
3284 2756 3386 2813 per
3413 2741 3655 2811 vestigia

1956 2833 2181 2888 nebulae
2209 2846 2444 2888 mensus
2483 2839 2568 2888 est
2615 2832 2859 2902 plateam
2901 2831 2958 2887 in
2989 2831 3258 2898 circuitu,
3291 2830 3392 2887 ubi
3417 2829 3655 2886 ecclesia

1956 2920 2358 2988 aediﬁcaretur,
2405 2920 2504 2976 ubi
2546 2918 2788 2976 officinae
2835 2926 3327 2986 construerentur,
3367 2925 3423 2973 et
3452 2925 3658 2974 caetera

1957 3009 2372 3065 monachorum
2405 3009 2538 3063 vita
2571 3007 2735 3063 utilia
2760 3023 2778 3076 ;
2818 3007 3271 3078 consignatoque
3306 3007 3427 3062 loco
3453 3007 3514 3062 B.
3547 3007 3656 3061 Ge-

1960 3111 2204 3165 remaro,
2241 3097 2319 3153 ita
2349 3097 2604 3153 discessit
2634 3097 2706 3152 ab
2735 3110 2820 3152 eo.

2031 3187 2193 3242 Tunc
2235 3186 2444 3242 Beatus
2497 3185 2844 3241 Geremarus
2891 3199 3013 3240 una
3053 3198 3185 3240 cum
3237 3182 3508 3238 omnibus
3547 3181 3655 3237 sibi

1959 3275 2298 3339 commissis,
2321 3275 2391 3330 ad
2427 3273 2830 3330 aediﬁcandum
2863 3273 3053 3329 locum
3097 3273 3349 3328 advenit.
3394 3270 3656 3326 Ediﬁca-

1958 3362 2043 3418 vit
2111 3362 2188 3419 ibi
2244 3363 2542 3419 ecclesiam
2609 3361 2667 3416 in
2727 3361 2940 3418 honore
2972 3369 3183 3417 sanctae
3237 3367 3292 3415 et
3344 3358 3656 3414 iudividuaa

1960 3451 2276 3520 Trinitatis,
2308 3459 2638 3522 sanctaeque
2686 3451 2881 3507 Mariae
2919 3451 3180 3522 virginis,
3214 3455 3269 3505 et
3312 3449 3367 3504 S.
3399 3447 3654 3512 Joannis,

1960 3541 2261 3612 sanctique
2316 3541 2463 3597 Petri
2509 3540 2896 3609 apostolorum
2941 3538 3232 3609 principis,
3273 3545 3328 3593 et
3360 3537 3438 3592 ibi
3483 3541 3654 3591 totam

1961 3628 2346 3686 hzereditatem
2418 3643 2584 3686 suam
2633 3628 2885 3685 tradidit.
2957 3626 3292 3685 Construxit
3346 3625 3424 3682 ibi
3467 3624 3660 3680 omnia

1961 3719 2284 3774 necessaria
2312 3718 2641 3774 monasticae
2671 3717 2804 3773 vita:
2837 3730 3114 3787 congrua,
3147 3715 3237 3772 vel
3276 3722 3426 3771 artes
3460 3713 3658 3769 diver-

1960 3821 2070 3876 sas,
2106 3821 2252 3878 quas
2277 3806 2426 3862 intra
2449 3806 2859 3862 monasterium
2885 3803 3139 3860 exerceri
3167 3802 3305 3858 utile
3333 3809 3434 3866 est,
3457 3808 3520 3856 ut
3545 3815 3658 3855 non

1959 3903 2103 3952 esset
2134 3894 2431 3951 monachis
2453 3895 2759 3950 necessitas
2780 3892 3031 3965 vagandi
3057 3890 3212 3947 foras
3235 3906 3247 3945 :
3277 3913 3297 3939 ε
3318 3889 3464 3956 Quia
3486 3889 3658 3959 (sicut

1964 3984 2166 4041 beatus
2213 3983 2555 4040 Benedictus
2600 3981 2756 4042 dicit)
2822 3981 3054 4037 omnino
3097 3979 3404 4034 animabus
3456 3991 3657 4034 eorum

1961 4088 2076 4130 non
2107 4072 2338 4142 expedit
2364 4072 2574 4142 (Regul.
2605 4085 2730 4141 cap.
2765 4071 2880 4140 66).
2928 4092 2949 4118 η
2988 4069 3300 4125 Audientes
3320 4074 3512 4123 autem
3541 4067 3659 4122 cir-

1960 4175 2337 4232 cumquaque
2375 4158 2636 4216 monachi
2672 4159 3040 4215 conﬂuebant
3091 4158 3163 4214 ad
3201 4171 3354 4225 eum,
3388 4155 3555 4226 quasi
3586 4155 3658 4211 ad

1963 4253 2192 4308 hortum
2220 4249 2478 4306 omnium
2506 4248 2790 4304 virtutum
2815 4263 2830 4317 ;
2860 4261 3004 4318 quos
3038 4247 3128 4302 ille
3149 4245 3308 4301 verbi
3343 4244 3439 4300 Dei
3473 4243 3658 4315 gratia

1961 4340 2221 4397 reﬁciens
2260 4337 2606 4394 admonebat
2647 4343 2712 4392 ut
2768 4337 2828 4392 in
2860 4335 3147 4406 proposito
3177 4349 3284 4390 suo
3324 4346 3654 4404 persevera-

151 4431 206 4480 te
228 4422 520 4490 exaudiet,
549 4430 602 4478 et
631 4423 786 4492 quod
832 4423 1130 4494 rogaveris
1157 4423 1504 4493 impetrabis.
1539 4444 1567 4475 ι)
1595 4424 1850 4481 Audiens
1882 4447 1923 4501 ι)
1963 4435 2109 4494 rent,
2151 4434 2205 4482 et
2235 4439 2268 4480 a
2293 4425 2694 4495 voluptatibus
2713 4424 2915 4480 mundi
2943 4424 3162 4479 alienos
3192 4438 3251 4479 se
3281 4423 3551 4479 facerent.

150 4513 275 4568 haec
294 4511 496 4568 beatus
516 4511 830 4568 Audoenus
850 4513 1142 4582 respondit
1171 4514 1219 4568 ei
1248 4528 1260 4567 :
1291 4535 1311 4561 ‹
1353 4513 1500 4580 Noli,
1549 4513 1685 4581 noli,
1725 4514 1839 4570 fra-

149 4609 237 4657 ter
278 4599 387 4656 ista
434 4600 682 4664 referre;
716 4600 850 4671 quis
881 4616 988 4672 ego
1026 4616 1154 4657 sum
1200 4610 1264 4679 ut
1311 4603 1434 4658 haec
1478 4603 1698 4674 agam?
1731 4619 1844 4660 non

148 4689 296 4746 meis
324 4688 562 4754 meritis,
596 4689 692 4744 sed
722 4696 822 4745 tua
853 4689 961 4745 ﬁde
992 4689 1096 4746 hoc
1125 4690 1554 4761 adimplebitur.
1588 4691 1643 4748 Si
1675 4693 1843 4749 ﬁdem

149 4778 441 4844 habueris,
483 4777 772 4848 quidquid
803 4778 1048 4848 petieris,
1083 4782 1487 4850 consequeris;
1519 4781 1625 4837 ﬁde
1654 4782 1844 4838 Abra-

146 4865 282 4920 ham
309 4863 528 4920 amicus
569 4864 663 4919 Dei
694 4864 879 4922 factus
905 4873 1028 4934 est;
1069 4867 1178 4922 ﬁde
1211 4870 1409 4924 Petrus
1439 4869 1696 4925 salvatus
1737 4879 1840 4926 est.

148 4953 563 5023 Exspectemus
592 4953 1038 5011 misericordiam
1080 4957 1180 5012 Dei
1230 4957 1421 5013 triduo
1449 4972 1581 5014 cum
1607 4959 1846 5029 jejuniis

147 5049 204 5099 et
249 5042 626 5110 orationibus,
676 5043 723 5099 si
788 5043 931 5100 forte
993 5045 1254 5115 respiciet
1301 5047 1686 5104 humilitatem
1735 5063 1846 5105 no-

147 5139 346 5188 stram.
377 5151 398 5180 ι
447 5131 547 5186 His
582 5131 730 5186 inter
760 5146 817 5187 se
862 5131 1304 5189 familiarissime
1338 5135 1520 5202 dictis,
1565 5136 1844 5194 indictum

147 5225 289 5275 στι
353 5228 436 5276 est
504 5219 696 5277 triduo
755 5220 1046 5292 jejunium
1122 5226 1382 5290 cunctis;
1441 5225 1603 5282 tertia
1651 5235 1842 5284 autem

149 5315 313 5365 nocte
353 5309 592 5380 jejuniis
641 5317 696 5367 et
755 5310 1114 5368 orationibus
1161 5313 1376 5383 positis,
1428 5316 1697 5385 apparuit
1745 5331 1846 5387 per

148 5398 339 5454 visum
370 5397 634 5468 utrisque
681 5398 924 5470 angelus
974 5399 1218 5469 Domini,
1269 5403 1465 5459 dicens
1493 5405 1846 5462 eiszExau-

148 5485 291 5542 divit
349 5485 629 5542 Dominus
681 5500 877 5556 preces
929 5495 1151 5544 vestras
1186 5488 1300 5559 ;ite
1347 5491 1420 5546 ad
1495 5492 1684 5549 locum
1743 5493 1843 5565 qui

151 5575 452 5633 Flaviacus
489 5582 888 5646 nuncupatur,
920 5581 976 5631 et
1023 5575 1097 5632 ibi
1150 5576 1454 5637 invenietis
1499 5579 1844 5640 desiderium

149 5673 427 5722 vestrum.

2029 4517 2436 4572 Consummato
2487 4521 2678 4569 autem
2714 4513 2870 4568 omni
2921 4527 3090 4582 opere
3137 4527 3262 4576 suo,
3323 4512 3451 4567 ﬁxit
3494 4525 3552 4566 se
3597 4510 3656 4565 in

1955 4605 2232 4671 oratione,
2263 4611 2438 4672 atque
2480 4602 2797 4672 permansit
2830 4602 2889 4656 in
2925 4601 3020 4657 Dei
3060 4615 3230 4671 opere
3258 4601 3428 4656 annis
3471 4599 3656 4655 tribus

1954 4703 2009 4752 et
2040 4692 2339 4750 mensibus
2385 4705 2509 4760 sex,
2537 4698 2592 4747 et
2621 4691 2704 4746 sic
2731 4690 2790 4746 in
2837 4691 3078 4746 Domino
3130 4689 3318 4745 emisit
3364 4688 3653 4760 spiritum,

1956 4781 2343 4851 transivitque
2400 4781 2471 4835 ad
2523 4779 2739 4851 gaudia
2802 4778 3141 4849 angelorum
3222 4776 3521 4847 Sepultum
3575 4783 3659 4830 est

1956 4886 2166 4943 corpus
2195 4871 2321 4942 ejus
2355 4870 2412 4924 in
2459 4869 2659 4926 eadem
2711 4867 2950 4925 ecclesia
2997 4881 3129 4922 cum
3183 4881 3394 4938 magno
3444 4864 3659 4921 honore

1951 4968 2006 5016 et
2031 4959 2370 5025 reverentia,
2425 4959 2522 5014 ubi
2555 4972 2654 5028 per
2685 4957 2956 5013 meritum
2999 4956 3126 5027 ejus
3158 4955 3339 5010 multa
3371 4953 3652 5010 beneﬁcia

1953 5056 2322 5120 praestantur.
2370 5049 2456 5104 Ad
2487 5047 2816 5117 sepulcrum
2866 5047 2992 5116 ejus
3032 5045 3169 5116 aegri
3204 5045 3445 5100 veniunt
3473 5050 3527 5100 et
3554 5057 3653 5098 sa-

1955 5145 2201 5208 nantur;
2251 5137 2386 5194 caeci
2421 5137 2864 5205 illuminantur;
2917 5133 3110 5191 claudi
3154 5132 3447 5206 gressibus
3485 5132 3655 5188 refor-

1955 5233 2232 5296 mantur;
2299 5226 2492 5282 surdis
2540 5225 2776 5281 auditus
2827 5230 3178 5294 reparatur;
3238 5222 3526 5278 dmmones
3582 5221 3656 5276 ab

1955 5314 2199 5371 obsessis
2228 5315 2566 5385 corporibus
2603 5311 2960 5384 eﬁ‘ugantur,
2996 5319 3051 5368 et
3084 5310 3249 5367 multi
3278 5325 3311 5366 a
3338 5310 3517 5366 variis
3544 5309 3662 5365 lan-

1957 5404 2238 5478 guoribus
2265 5411 2569 5472 sanantur,
2623 5409 2930 5474 praestante
2980 5401 3223 5458 Domino
3276 5407 3472 5456 nostro
3525 5400 3660 5454 Jesu

1956 5495 2201 5564 Christo,
2235 5494 2329 5550 cui
2359 5501 2443 5550 est
2473 5494 2656 5550 honor
2683 5501 2738 5550 et
2784 5491 2986 5565 gloria,
3021 5491 3150 5547 laus
3197 5497 3252 5546 et
3282 5495 3529 5561 potestas
3559 5502 3662 5558 per

1957 5584 2185 5642 inﬁnita
2212 5585 2425 5641 saecula
2453 5585 2822 5642 saeculorum.
2851 5586 3052 5639 Amen.

2271 5675 2510 5744 Emplt'cit
2548 5677 2673 5730 Vita
2702 5674 2757 5731 S.
2795 5673 3072 5730 Geremart'
3113 5669 3348 5725 abbatis.
