3930 6402
300 371 422 424 1211
1320 370 1412 426 AD
1449 370 1598 426 OPP.
1642 368 1800 427 VEN.
1843 371 2171 428 GUIBERTI
2210 371 2303 426 DE
2340 366 2738 427 NOVIGENTO
3674 362 3816 417 1212

366 653 784 720 PROLOGUS
834 653 916 719 ΙΝ
965 653 1226 718 VITAM
1274 653 1342 717 B.
1401 652 1730 719 SIMONIS
1782 653 2104 719 COMITIS
2155 650 2762 730 CRESPEIENSIS,
2841 650 2940 715 ET
2991 648 3356 714 MONACIII
3406 647 3734 714 ORDINIS

1760 762 1827 828 S.
1888 761 2331 826 BENEDICTI.

352 1072 634 1139 Quoniam
683 1072 1070 1144 quorumdam
1114 1070 1374 1129 virorum
1417 1072 1516 1129 Dei
1575 1071 1890 1129 obsecratio
1934 1081 1990 1128 et
2021 1078 2061 1129 A
2103 1087 2249 1144 quos
2306 1085 2604 1142 perversos
2652 1070 2880 1140 reperit,
2950 1084 2985 1125 a
3044 1070 3413 1140 perversitate
3483 1070 3800 1134 diverteris,

287 1160 589 1217 necessitas
625 1160 798 1217 instat
844 1167 909 1217 ut
964 1160 1034 1217 de
1085 1159 1236 1216 beati
1293 1160 1403 1216 viri
1452 1160 1699 1217 Simonis
1739 1161 1982 1228 actibus,
2095 1175 2262 1231 opere
2316 1159 2593 1231 simplice,
2652 1159 2846 1215 animo
2908 1158 3257 1225 innocentes,
3317 1158 3545 1228 eloquio
3599 1159 3803 1216 dulces

284 1249 354 1304 ad
384 1249 685 1305 utilitatem
741 1249 1123 1317 audientium,
1175 1248 1395 1320 aliquid
1441 1249 1789 1321 loquamur;
1829 1258 1988 1321 gesta
2095 1250 2385 1319 simulque
2412 1255 2625 1305 sanctae.
2684 1247 2783 1304 Dei
2817 1247 3084 1304 Ecclesiae
3124 1247 3305 1303 socios
3348 1247 3532 1303 reddit
3581 1247 3803 1316 pariter

286 1338 436 1393 illius
487 1337 718 1408 singula
755 1338 1105 1408 colligentes,
1134 1342 1189 1393 et
1240 1344 1396 1394 certa
1424 1347 1825 1409 agnoscentes,
1858 1354 1986 1395 ver-
2092 1346 2147 1395 et
2178 1337 2490 1409 adjutores.
2533 1337 2639 1393 Sed
2700 1338 2757 1392 in
2807 1350 2923 1407 quo
2982 1336 3166 1407 magis
3216 1349 3394 1407 quam
3452 1335 3510 1391 in
3564 1335 3800 1394 Simone

285 1425 370 1481 bis
405 1426 692 1495 explicare
739 1426 1096 1494 curavimus,
1149 1433 1204 1482 et
1252 1426 1482 1497 scriptis
1511 1435 1567 1483 et
1614 1427 1806 1484 verbis
1852 1429 1988 1483 assi-
2097 1426 2375 1484 Daminus
2405 1426 2689 1482 mirabilis
2723 1424 3149 1481 denuntiatur?
3181 1424 3385 1494 lupum
3429 1438 3686 1495 namque
3716 1428 3804 1482 vi-

283 1526 480 1582 gnare.
508 1513 761 1584 Dignum
789 1515 1007 1585 quippe
1046 1521 1149 1583 est,
1186 1516 1344 1586 quod
1368 1530 1539 1586 opere
1569 1516 1758 1586 gessit,
1785 1516 1986 1573 litteris
2094 1516 2195 1583 dit,
2244 1522 2300 1571 et
2329 1529 2547 1586 agnum
2593 1514 3121 1570 mansuetissimum
3171 1513 3433 1579 reddidit,
3483 1520 3798 1583 raptorem,

279 1602 574 1665 ostentari,
628 1602 800 1673 cujus
846 1604 968 1659 vita
1023 1602 1171 1659 nulli
1219 1603 1523 1660 hominum
1569 1611 1821 1675 tempore
1880 1605 1984 1661 isto
2092 1611 2147 1661 et
2210 1619 2374 1661 ovem
2437 1603 2776 1659 innocentiae
2852 1602 3159 1659 destinavit
3225 1601 3548 1673 (Ancusrm.
3632 1618 3800 1658 :erm.

281 1689 462 1757 potuit
505 1690 847 1759 comparari.
895 1691 1089 1748 Merito
1132 1693 1430 1757 Dominus,
1467 1701 1531 1749 ut
1573 1693 1848 1763 scriptum
1880 1702 1981 1760 est,
2098 1696 2183 1759 14,
2221 1697 2289 1748 De
2319 1693 2559 1761 Sancta).
2593 1693 2663 1749 Et
2694 1692 2835 1763 quia
2882 1691 2944 1747 in
2988 1691 3217 1747 Simone
3273 1690 3657 1747 denuntiatur
3687 1692 3804 1748 mi-

280 1778 561 1834 mirabilis
620 1780 970 1849 praedicatur
1031 1780 1086 1836 in
1120 1783 1333 1838 sanctis
1409 1783 1572 1851 (Psal.
1634 1797 1807 1849 vall,
1868 1783 1980 1852 36).
2095 1782 2307 1849 rabilis,
2359 1781 2650 1837 mirabilia
2699 1781 2828 1852 ejus
2890 1794 3023 1851 quae
3076 1780 3137 1835 in
3193 1780 3420 1835 Simone
3474 1786 3804 1836 monstrare

282 1885 309 1917 α
342 1866 591 1937 Spiritus
610 1868 764 1924 enim
797 1868 977 1939 ipsius
1010 1868 1108 1924 ubi
1144 1870 1270 1926 vult
1301 1870 1481 1940 spirat
1510 1870 1689 1941 (Joan.
1722 1886 1801 1938 ill,
1824 1871 1877 1941 8)
1904 1887 1920 1938 ;
1957 1893 1978 1920 ι
2095 1872 2368 1943 dignatus
2399 1880 2503 1939 est,
2538 1884 2768 1927 necesse
2798 1876 2900 1938 est,
2936 1869 3163 1925 silentio
3190 1882 3307 1924 non
3338 1868 3729 1938 reprimenda.

837 2201 1371 2347 VITA
1484 2202 2192 2348 BEATI
2310 2200 3247 2349 SIMONIS

1616 2425 1895 2483 COMITIS
1941 2425 2449 2484 CRESPEIENSIS

1269 2570 1875 2644 AUCTORE
1969 2569 2790 2645 SYNCHRONO.

1385 2722 1593 2803 Hujus
1620 2723 1839 2802 festum
1868 2734 1954 2785 est
1985 2743 2028 2785 Ii
2058 2723 2367 2785 Kalendas
2398 2722 2687 2784 Octobris.

835 3040 1068 3098 CAPUT
1109 3041 1444 3112 PRIMUM
2003 3044 2045 3098 Β
2083 3042 2389 3113 adjutorio,
2450 3041 2651 3098 leviter
2705 3055 3047 3114 expugnare
3115 3040 3469 3109 existimans,
3528 3042 3795 3111 primum

346 3144 477 3201 Fuit
503 3144 683 3217 igitur
729 3145 820 3203 vir
865 3145 1103 3217 quidam
1134 3145 1328 3203 Simon
1357 3147 1608 3219 nomine,
1643 3147 1759 3204 vita
1791 3148 1975 3205 mira-
2085 3130 2305 3186 insidiis
2341 3129 2578 3187 molitur
2599 3138 2894 3219 appetere;
2950 3130 3081 3187 dein
3133 3130 3191 3186 in
3235 3136 3431 3219 aperto
3462 3129 3594 3186 belli
3628 3145 3794 3219 com-

274 3233 425 3301 bilis,
476 3234 734 3291 moribus
784 3234 1074 3306 egregius,
1130 3242 1185 3290 et
1238 3241 1389 3291 67$
1449 3218 1657 3308 genere
1708 3237 1971 3306 insignis.
2085 3226 2274 3274 Πιονθῑ
2319 3225 2739 3308 tempestate!“-
2786 3218 2967 3288 Πωβίῑ
3005 3231 3257 3288 namque
3306 3218 3427 3308 ipse
3474 3231 3577 3273 rex
3631 3218 3789 3290 igne»

270 3321 484 3378 Consul
545 3323 817 3392 primum,
876 3330 931 3380 et
994 3324 1145 3394 regis
1206 3324 1561 3381 Francorum
1626 3324 1822 3395 primit

2232 3308 2299 3373 la,
2349 3307 2562 3379 gladio,
2601 3307 2768 3364 villas
2812 3308 3137 3379 destruere;
3170 3307 3403 3377 praedia,
3445 3308 3784 3378 municipia,

271 3408 476 3466 deinde
534 3410 856 3466 monachus
907 3411 1346 3481 probatissimus
1395 3410 1630 3469 eﬂ‘ectus
1673 3421 1776 3468 est.
1811 3413 1976 3468 Pater
2083 3403 2291 3465 θίαοω
2312 3395 2440 3467 eius
2464 3396 2834 3462 Videbantur,
2889 3403 3058 3466 βνουῑ
3114 3404 3355 3467 Poterat:
3412 3396 3646 3452 οωῑιίυο
3679 3396 3788 3452 dis“

269 3497 397 3569 ejus
449 3499 799 3568 Rodolphus,
852 3499 1069 3555 divitiis
1116 3506 1172 3555 et
1227 3500 1451 3556 viribus
1509 3501 1973 3570 potentissimus;
2082 3483 2289 3554 sinere.
2324 3485 2380 3540 Is
2414 3498 2546 3540 vero
2577 3484 2856 3555 intrepide
2886 3484 3138 3541 confisus
3168 3484 3228 3541 in
3262 3485 3519 3552 Domine.
3552 3486 3784 3556 erigens

269 3594 454 3642 mater
481 3587 663 3643 Adela
717 3586 1055 3643 vocabatur.
1109 3586 1367 3654 Qualiter
1421 3602 1559 3660 ergo
1618 3589 1976 3659 propositum
2083 3587 2141 3629 se
2168 3580 2368 3629 00mm
2404 3588 2481 3641 30.
2512 3572 2581 3628 ad
2620 3573 2726 3629 1100
2762 3574 2914 3629 enim
2963 3580 3025 3629 ιιι
3055 3573 3273 3629 malum
3320 3580 3512 3644 ageret
3559 3573 3784 3629 ίηνίίιιε

271 3675 404 3731 ﬁdei
458 3676 530 3731 ad
579 3675 895 3745 profectum
967 3676 1242 3753 produxit
1301 3676 1559 3745 actionis,
1630 3686 1823 3734 narrat

2231 3661 2444 3729 ebatur,
2491 3662 2790 3733 praecingit
2832 3676 2909 3729 se,
2959 3668 3013 3718 et
3066 3668 3352 3732 praeparat
3401 3662 3617 3718 fortiter
3644 3662 3783 3717 resi-

268 3762 412 3818 οιοειο
442 3762 781 3819 enucleatas
808 3763 1121 3819 exhibebit,
1175 3749 1184 3753 '
2083 3758 2248 3806 stere.
2284 3750 2542 3808 Concitat
2581 3764 2833 3820 namque
2866 3759 3092 3822 gentem
3124 3764 3311 3817 suam,
3343 3757 3398 3806 et
3429 3749 3586 3806 velut
3625 3750 3785 3805 fren-

340 3852 396 3906 ls
430 3850 628 3920 itaque
675 3865 808 3908 cum
852 3852 977 3923 jam
1029 3852 1084 3907 in
1141 3851 1415 3922 primaevo
1454 3854 1780 3923 juventutis
1811 3854 1972 3923 ﬂore,
2082 3838 2224 3895 dens
2261 3837 2366 3907 leo,
2415 3838 2545 3894 licet
2594 3840 2763 3895 corde
2817 3839 3035 3905 dolens,
3086 3839 3384 3910 perturbat
3420 3846 3476 3895 et
3521 3839 3785 3895 devastat

271 3947 394 3995 arte
422 3938 658 3995 militari
697 3940 910 3997 multos
955 3941 1277 4008 excelleret,
1311 3949 1366 3998 et
1398 3943 1455 3997 in
1488 3942 1578 3998 his
1605 3958 1737 4012 quae
1768 3943 1971 3999 mundi
2082 3927 2329 3997 quodin
2374 3927 2527 3998 regis
2566 3926 2773 3998 reperit
2820 3935 3113 3998 potestate.
3163 3935 3216 3984 et
3263 3927 3444 3984 donec
3481 3927 3782 3998 proprium

267 4035 406 4085 sunt
432 4042 578 4099 pene
610 4036 761 4086 totus
792 4029 1060 4098 inhiaret,
1121 4029 1263 4087 forte
1309 4030 1400 4087 die
1433 4031 1685 4102 quadam
1736 4032 1793 4087 in
1818 4037 1972 4103 {agro
2080 4015 2383 4086 possideat,
2418 4016 2620 4071 asserit
2658 4015 2820 4072 nullo
2860 4017 3027 4072 modo
3077 4015 3334 4073 retroire.
3370 4015 3579 4087 Ecquis
3609 4016 3784 4071 boni—

267 4117 340 4172 ad
369 4117 743 4187 spatiandum
777 4131 1133 4189 progressus,
1167 4133 1347 4175 manu
1386 4127 1586 4176 tenens
1617 4119 1967 4190 accipitrem,
2080 4104 2213 4160 tatis
2255 4104 2481 4160 Domini
2527 4104 2947 4174 plenitudinem
2992 4120 3110 4161 non
3157 4105 3479 4162 admiretur
3524 4105 3583 4161 in
3631 4105 3785 4162 illo?

267 4213 332 4261 ut
356 4219 525 4262 avem
556 4206 831 4275 capiendo
888 4207 1192 4278 deciperet,
1256 4207 1513 4279 impegit.
1564 4208 1637 4265 At
1687 4207 1802 4278 ipse

2232 4192 2381 4248 inter
2408 4199 2489 4248 tot
2520 4191 2745 4265 ﬂagella
2779 4194 3015 4262 positus,
3068 4193 3348 4250 bellorum
3395 4193 3635 4265 negotiis
3665 4193 3782 4250 im-

266 4293 557 4364 accipiens
609 4293 883 4364 deceptus
932 4303 1034 4352 est.
1093 4295 1251 4362 Quod
1318 4295 1552 4364 factum,
1610 4304 1674 4354 ut
1735 4298 1818 4367 ips

2228 4297 2323 4349 .us,
2361 4291 2552 4338 tamen
2584 4284 2730 4352 patri
2761 4283 3069 4338 condolens
3088 4283 3209 4353 jam
3248 4283 3517 4339 defuncto
3543 4283 3780 4354 (quippe

265 4345 569 4447 referebat,
600 4381 731 4437 talis
751 4345 832 4439 ret
862 4390 980 4439 tam
1035 4345 1304 4454 perversa
1346 4345 1615 4457 cogitatio
1662 4345 1969 4444 subrsecuta
1999 4345 2038 4399 C
2078 4386 2275 4443 quem.
2301 4371 2438 4428 dum
2482 4371 2675 4429 adhuc
2704 4373 2945 4440 viveret.
2979 4372 3151 4428 nimis
3177 4372 3555 4429 saecularibus
3584 4372 3781 4429 inten—

263 4477 367 4534 est,
402 4476 467 4526 ut
508 4483 677 4525 omne
710 4472 863 4542 quod
898 4472 1115 4529 bonum
1158 4481 1262 4542 est,
1305 4482 1645 4545 proponeret
1692 4490 1807 4531 non
1837 4476 1973 4532 dili-
2079 4467 2224 4529 "1m.
2280 4460 2482 4516 mundi
2541 4459 2957 4530 ουρίάίῐόῐίδιιε
3005 4468 3245 4517 noverat
3292 4460 3543 4533 ἕτὸνίῖθι·
3596 4460 3781 4516 ίΓΓθῐί-

266 4570 422 4628 gere,
453 4557 671 4615 malum
702 4573 837 4616 vero
876 4560 1038 4618 nullo
1073 4562 1243 4618 modo
1272 4562 1475 4630 odisse,
1511 4562 1660 4619 sicut
1696 4563 1784 4620 de‘
1807 4564 1972 4621 beato
2079 4554 2225 4615 tum:
2256 4548 2554 4604 castellum
2583 4548 2895 4619 quoddam.
2927 4564 3044 4620 quo
3086 4549 3192 4607 Sibi
3242 4549 3553 4620 εθβυιίυΐεε
3584 4548 3778 4605 locum

263 4646 566 4704 Benedicto
616 4649 897 4719 scriptum
949 4650 1236 4719 reperitur
1285 4651 1557 4720 (Gnaoon.
1594 4653 1836 4724 Dialog.,
1870 4653 1966 4709 lib.
2076 4644 2526 4707 Ρνωρᾶτόνθνᾶῑν
2593 4638 2721 4708 eius
2801 4639 3107 4708 9055985011
3168 4638 3223 4693 Vi
3296 4637 3672 4708 Stlbl‘ipllissei
3724 4646 3780 4695 εἴ

262 4749 319 4801 ιι,
353 4750 403 4790 c.
438 4738 529 4806 2);
564 4736 705 4807 quia
729 4751 837 4794 ave
866 4738 1186 4804 recedente,
1232 4738 1619 4810 suggestionis
1658 4740 1814 4797 imml

2224 4733 2235 4780 t
2281 4726 2576 4795 proprium
2630 4726 2941 4781 detinuisse
3010 4726 3395 4797 meminerat),
3450 4727 3776 4783 Romanum

262 4823 430 4880 dente
459 4828 738 4884 acerrime
778 4826 1094 4883 mordetur.
1130 4826 1235 4883 Sed
1267 4828 1451 4883 sancti
1497 4827 1740 4897 Spiritus
1783 4845 1814 4899 g

2226 4814 2399 4870 ilicem
2426 4815 2566 4885 quid
2597 4828 2771 4886 super
2802 4815 2911 4871 hoc
2942 4822 3181 4872 acturus
3207 4824 3374 4883 esset,
3406 4823 3461 4873 et
3486 4818 3778 4886 quomodo

262 4918 379 4968 tam
414 4914 604 4970 subito
643 4914 991 4985 perversitas
1031 4915 1130 4972 illa
1176 4915 1480 4987 disparuit,
1524 4925 1579 4974 et
1618 4917 1808 4974 diabol

2222 4951 2225 4957 .
2256 4902 2338 4959 sic
2366 4902 2638 4960 defuncto
2688 4904 2995 4961 subvenire
3030 4905 3322 4975 potuisset.
3359 4918 3455 4974 per
3498 4905 3774 4962 nuntium

263 4999 427 5068 illud,
472 5009 537 5058 ut
584 5003 740 5074 quod
777 5003 939 5074 prius
988 5004 1287 5076 diligebat,
1335 5006 1573 5062 omnino
1623 5006 1964 5077 displiceret,
2074 4990 2335 5048 οοιηιιιίῑ·

260 5086 458 5158 ibique
487 5099 701 5148 sancta:
729 5092 1184 5150 conversationis
1214 5093 1445 5151 initium
1475 5109 1711 5151 sumens
1748 5095 1965 5152 bonum
2750 5080 2983 5139 CAPUT
3023 5082 3095 5137 II.

256 5175 473 5247 jugiter
502 5176 560 5234 in
608 5179 904 5236 voluntate
952 5182 1179 5249 habuit,
1215 5181 1343 5238 licet
1379 5183 1756 5242 szecularibus
1785 5183 1968 5241 immi-
2145 5186 2299 5257 Papa
2326 5201 2462 5244 vero
2489 5186 2821 5259 Gregorius,
2854 5187 2958 5258 qui
3001 5187 3388 5245 Ildebrannus
3424 5174 3611 5244 dictus
3664 5196 3776 5257 est,

259 5271 382 5320 stus
410 5278 579 5334 opere
608 5265 846 5336 implere
875 5270 1160 5339 nequiret.
2072 5275 2145 5331 ab
2190 5290 2255 5332 eo
2288 5291 2462 5347 quem
2506 5276 2718 5348 injuste
2764 5277 3081 5334 abstulerat
3128 5276 3250 5333 loco
3299 5276 3527 5348 penitus
3569 5270 3778 5334 tollen-

328 5353 569 5409 Parente
616 5368 750 5410 vero
803 5363 1052 5427 utroque
1107 5358 1397 5428 orbatum,
1451 5375 1555 5417 rex
1610 5361 1964 5417 Francorum
2070 5364 2233 5432 dum,
2259 5372 2315 5420 et
2360 5379 2462 5434 pro
2490 5366 2687 5422 anima
2711 5366 3017 5424 missarum
3060 5365 3353 5434 solemnia,
3390 5364 3775 5437 cleemosyna-

260 5439 560 5511 Philippus
617 5444 996 5515 malignitatis
1051 5447 1262 5516 spiritu
1316 5458 1628 5520 permotus,
1673 5466 1804 5522 quae
1830 5451 1964 5521 jure
2072 5466 2323 5522 rumque
2370 5452 2716 5524 largitatem,
2768 5456 2882 5511 Deo
2945 5455 3278 5526 suppliciter
3319 5453 3629 5518 offerenda,
3685 5457 3777 5527 pie

259 5540 611 5587 successerat
676 5532 856 5603 hujus
901 5533 1284 5601 haereditatem
1344 5538 1643 5609 subripere
1693 5539 1960 5611 gestiens,
2068 5541 2345 5597 mandare
2391 5543 2639 5600 curavit.
2687 5542 2881 5600 Simon
2930 5558 3064 5600 vero
3112 5542 3358 5614 benigne
3430 5543 3775 5601 mandatum

262 5625 456 5689 utpote
478 5619 1101 5689 juvenem-solumﬁine
1123 5625 1375 5695 consilio,
1404 5627 1627 5699 absque
1655 5636 1959 5697 parentum
2070 5630 2403 5699 suscipiens,
2452 5631 2512 5689 in
2558 5633 2829 5689 omnibus
2876 5647 3009 5706 quae
3058 5634 3167 5689 sibi
3215 5640 3619 5704 proposuerat,
3666 5636 3777 5692 ob-
