3930 6398
23 370 38 419 ε
90 351 223 404 1213

988 350 1216 405 Αῡῡιτ.
1249 380 1315 388 -
1351 350 1504 406 νιτΑ
1547 350 1603 404 Β.
1645 348 1926 406 δωοΝιδ
1961 349 2130 405 ΟΟΜ.
2180 347 2691 403 CRESPEIENSIS.

3463 350 3598 402 i2l4

23 535 35 544 .
84 485 461 556 temperavit;
501 498 713 556 corpus
752 485 962 540 scilicet
1014 499 1334 554 removens,
1377 494 1432 542 et
1464 485 1783 552 ecclesiam,
1817 487 1861 541 A
1898 491 1955 540 et
1991 483 2303 542 obedttioni
2350 482 2647 555 subjectus
2717 481 2838 555 lege
2890 481 3087 537 divina
3119 482 3456 540 redderetur
3512 483 3595 540 in-

82 588 215 644 quae
273 573 422 630 beati
490 571 781 643 Arnulphi
854 571 1086 641 dicitur,
1154 572 1310 644 apud
1367 573 1788 645 Crispiniacum

24 654 28 717 i
82 670 359 729 castrum,
413 660 511 718 ubi
560 660 906 717 translatum
962 668 1065 730 est,
1123 661 1192 718 de
1224 661 1493 719 facultate
1553 661 1807 733 propria.

83 750 403 821 largissime
460 749 711 820 dotavit;
780 749 991 815 viduis,
1065 750 1360 820 orphanis,
1414 759 1469 807 et
1518 750 1788 807 omnibus

85 838 480 911 indigentibus
509 837 697 895 victus
744 837 1066 893 necessaria
1106 838 1455 909 amplissime
1504 840 1780 910 erogavit.

89 927 220 983 Haec
278 928 414 983 fides
462 941 617 993 vera,
650 934 704 982 et
754 926 873 983 hzec
920 934 1005 983 est
1062 926 1286 983 dilectio
1333 927 1680 996 ﬁrmissima,
1728 928 1786 983 in

87 1030 206 1086 qua
236 1030 349 1071 non
379 1014 626 1071 carnalis
681 1015 777 1071 sed
826 1014 943 1071 vita
985 1022 1260 1085 perpetua
1307 1017 1611 1087 cogitatur,
1670 1031 1785 1072 non

85 1118 221 1160 caro
243 1104 485 1160 moritur
514 1104 611 1159 sed
642 1102 699 1158 in
726 1110 1007 1160 aeternum
1037 1104 1261 1160 victura
1291 1104 1485 1160 anima
1517 1105 1784 1175 proponi-

88 1200 202 1247 tur.
241 1193 378 1248 Erat
407 1192 493 1248 vir
538 1191 633 1248 Dei
686 1192 792 1248 hoc
832 1191 890 1247 in
935 1191 1082 1248 facto
1128 1193 1468 1262 perterritus
1509 1193 1709 1249 timore
1738 1194 1785 1249 si

24 1306 25 1309 η
86 1281 374 1338 mundum
437 1288 608 1336 antea
684 1280 1192 1351 contemptibilem,
1269 1288 1407 1338 tunc
1456 1281 1784 1338 horribilem

24 1368 25 1399 7
78 1368 389 1438 judicavit;
438 1377 491 1425 et
539 1368 587 1425 si
626 1367 684 1423 in
737 1369 934 1439 aliquo
981 1369 1282 1437 dilexerat,
1330 1370 1498 1441 quasi
1533 1384 1783 1442 anguem

24 1470 25 1473 η
85 1468 438 1510 venenosum
470 1454 807 1523 fugiendum
858 1455 1173 1524 perdocuit,
1218 1464 1273 1511 et
1316 1456 1444 1513 licet
1504 1458 1785 1514 mundiali

24 1572 25 1575 η
85 1542 397 1598 certamine
438 1550 494 1598 et
534 1543 662 1599 belli
708 1544 951 1614 negotiis
1003 1544 1358 1601 detineretur
1405 1546 1783 1614 extrinsecus,

85 1630 304 1686 militiae
335 1630 559 1687 Domini
592 1630 977 1688 interveniens
1003 1627 1165 1688 arma
1208 1633 1504 1689 Dominica
1531 1635 1788 1705 gestabat

86 1718 453 1775 intrinsecus.
495 1719 640 1776 Nam
685 1735 817 1776 cum
868 1720 980 1777 fere
1032 1720 1296 1789 triennio,
1331 1722 1523 1779 labore
1552 1723 1785 1779 militari

88 1807 420 1877 implicitus,
460 1821 592 1863 caro
635 1806 789 1864 illius
839 1808 1095 1879 requiem
1147 1825 1263 1866 non
1313 1810 1568 1879 haberet,
1626 1820 1788 1869 nocte
1824 1785 1862 1839 Β

89 1904 304 1963 tamen,
337 1909 631 1952 armorum
680 1895 1014 1967 fatigatione
1064 1898 1296 1955 minime
1344 1898 1625 1967 detentus,
1671 1901 1791 1957 solo

89 1992 318 2041 tantum
346 1988 549 2041 comite
571 1993 872 2041 contentus
901 1986 1271 2044 ecclesiarum
1301 1987 1504 2044 limina
1534 1989 1789 2056 subiens,

86 2073 387 2130 Matutinis
416 2088 640 2144 semper
668 2074 938 2130 interesse
969 2075 1279 2147 gaudebat.
1332 2077 1387 2133 Si
1419 2078 1788 2145 monachum,

87 2160 382 2230 clericum,
432 2177 534 2219 seu
582 2162 951 2234 peregrinum
1007 2164 1339 2234 quempiam
1387 2165 1660 2236 religione
1703 2165 1791 2221 fa-

87 2264 317 2306 mosum
366 2250 574 2307 alicubi
622 2252 948 2321 reperisset,
996 2252 1128 2308 vitae
1177 2254 1546 2323 corporaliter
1592 2269 1789 2310 neces-

86 2339 241 2394 saria
300 2339 578 2407 praebens,
640 2353 699 2395 se
744 2340 872 2411 ejus
917 2339 1278 2397 orationibus
1328 2342 1788 2398 commendabat.

85 2427 302 2497 Jejuuii
351 2442 483 2483 vero
539 2434 595 2484 et
641 2428 1135 2498 eleemosynarum
1185 2430 1446 2501 largitate
1506 2432 1789 2502 pollebat;

87 2530 326 2571 carnem
380 2530 653 2586 namque,
699 2517 956 2573 conditos
1002 2517 1178 2586 cibos,
1235 2519 1528 2590 pigmenta
1571 2527 1626 2576 et
1675 2534 1791 2576 cae-

91 2612 215 2659 tera
247 2604 580 2676 hujusmodi
611 2620 743 2676 quae
792 2605 1234 2675 apponebantur
1281 2608 1339 2664 in
1390 2622 1604 2673 mensa,
1666 2609 1793 2665 aliis

90 2693 251 2748 hunc
278 2693 531 2748 saturari
559 2693 925 2749 credentibus
945 2694 1228 2761 esuriens,
1250 2695 1466 2766 quibus
1485 2711 1793 2767 nunquam

90 2779 304 2845 caruit,
350 2780 704 2850 pauperibus
752 2782 1072 2852 erogabat:
1114 2781 1360 2838 vestium
1412 2798 1646 2855 quoque
1692 2799 1792 2839 va-

90 2869 298 2925 rietate
323 2868 569 2940 desuper
599 2869 858 2937 indutus,
913 2870 1096 2927 cilicio
1134 2885 1344 2942 corpus
1373 2886 1574 2943 aspero
1617 2887 1794 2929 mace-

92 2971 152 3011 ra
162 2956 283 3013 bat.

763 3081 997 3140 CAPUT
1035 3083 1137 3139 Ill.

158 3224 389 3279 Interea
413 3222 552 3279 dum
598 3223 753 3294 regio
791 3224 944 3294 regis
984 3233 1039 3280 et
1070 3223 1252 3295 ipsius
1300 3224 1607 3282 vallatione
1654 3241 1795 3282 con-

86 3310 365 3379 sumitur,
427 3310 688 3367 homines
743 3325 778 3367 a
834 3312 1082 3382 propriis
1146 3313 1383 3370 sedibus
1433 3314 1790 3385 eﬁugantur,

85 3400 356 3457 timorem
397 3399 467 3456 de
510 3399 827 3455 malefactis
867 3400 1256 3471 amplectitur.
1302 3402 1433 3458 Mox
1488 3402 1620 3459 belli
1672 3417 1792 3459 cer-

84 3489 313 3544 tamina
341 3488 413 3543 ad
447 3495 670 3557 tempus
694 3488 983 3553 differens,
1023 3498 1355 3547 sanctorum
1405 3492 1793 3561 apostolorum

87 3576 243 3634 Petri
273 3576 536 3632 videlicet
566 3584 621 3632 et
664 3576 824 3632 Pauli
877 3577 1211 3634 habitacula
1258 3580 1459 3647 visere,
1511 3587 1565 3636 et
1607 3581 1796 3636 domi-

26 3718 28 3725 .
85 3680 232 3722 num
264 3678 473 3735 papam
495 3664 857 3734 Gregorium,
893 3673 959 3722 ut
986 3666 1094 3721 sibi
1137 3667 1526 3737 pcenitentiam
1582 3668 1792 3725 indice-

26 3806 28 3815 ,
87 3758 193 3822 ret,
228 3753 389 3809 adire
422 3753 709 3824 proponit.
742 3753 855 3810 Nec
884 3768 1065 3821 mora,
1110 3755 1324 3825 paratis
1353 3757 1622 3813 omnibus
1664 3773 1795 3827 quae

87 3842 299 3898 viatori
358 3842 679 3897 necessaria
734 3850 890 3911 sunt,
953 3844 1191 3899 Romam
1259 3845 1501 3902 ducente
1556 3846 1795 3902 Domino

26 3972 28 4009 ς
89 3929 376 4002 pervenit.
409 3930 638 4001 illicque
666 3940 878 3987 sanctas
925 3931 1075 3987 sedis
1119 3933 1441 4002 apostolicae
1493 3936 1795 4005 praesulem

26 4076 27 4081 η
89 4018 407 4090 reperiens,
454 4019 595 4090 quid
644 4026 926 4089 quaereret
980 4020 1273 4076 indicavit.
1316 4022 1511 4079 Atille
1540 4022 1796 4093 petitioni

88 4109 219 4178 ejus
244 4122 361 4164 non
394 4108 585 4164 statim
633 4108 941 4179 acquievit,
1002 4108 1113 4164 nisi
1146 4110 1304 4180 prius
1333 4124 1495 4167 arma
1542 4112 1797 4182 depone-

91 4204 197 4263 ret,
237 4196 508 4266 inquiens
541 4211 554 4251 :
588 4197 785 4252 Inanis
816 4198 954 4253 foret
983 4198 1268 4255 absolutio
1300 4201 1613 4258 renitentis.

161 4290 316 4340 «ηδ
376 4284 540 4341 Tunc
586 4285 675 4342 vir
716 4285 941 4341 Domini
996 4285 1188 4342 Simon
1247 4288 1678 4358 aliquantulum
1738 4290 1795 4346 in

1897 580 2171 629 ειτυθῐιιε.

1970 663 2281 719 Revertens
2309 659 2488 732 igitur
2523 664 2723 716 sancta
2746 657 3111 730 jucunditate
3160 658 3430 728 repletus,
3461 674 3590 716 rur-

1896 766 1996 808 sus
2027 764 2217 821 regem
2263 748 2621 821 aggrediens,
2670 755 2958 804 certamen
3020 753 3085 803 ut
3133 746 3296 803 miles
3343 747 3594 817 optimus

1896 840 2285 910 amplexatur,
2326 845 2381 895 et
2434 837 2613 893 donec
2658 836 2842 892 victor
2865 836 3152 902 existeret,
3188 835 3318 892 licet
3375 836 3595 892 invitus

1897 942 1932 985 a
1965 928 2097 985 belli
2129 926 2354 999 negotio
2384 926 2620 982 minime
2658 924 2974 980 relaxatur.
3026 924 3106 979 Ad
3144 922 3419 980 ultimum
3463 938 3596 979 vero

1897 1017 2131 1089 regione
2155 1014 2527 1087 depopulata,
2580 1021 2634 1070 et
2660 1012 2965 1083 utriusque
2996 1011 3209 1067 laboris
3266 1009 3382 1084 [al.,
3429 1018 3484 1067 et
3513 1011 3596 1067 vi-

1896 1114 2025 1163 ctus
2048 1101 2395 1176 laborisque]
2427 1102 2591 1175 gravi
2622 1101 2873 1173 pondere
2919 1101 3241 1171 depressus,
3291 1099 3592 1157 consilium

1895 1196 1964 1251 de
1986 1208 2122 1265 pace
2144 1194 2484 1264 concipitur,
2518 1189 2985 1261 colloquiumque
3031 1188 3104 1244 ab
3155 1197 3400 1259 utroque
3431 1202 3592 1245 man-

1895 1284 2087 1340 datur.
2117 1283 2263 1350 Quid
2294 1283 2500 1352 plura?
2529 1281 2590 1337 ﬁt
2618 1285 2939 1337 conventus
2969 1276 3281 1347 nobilium;
3307 1276 3591 1348 judicium

1896 1373 1959 1428 tit
1985 1386 2019 1428 a
2048 1372 2434 1442 sapientibus;
2469 1385 2600 1441 quae
2641 1369 2773 1439 jure
2810 1366 3126 1437 contigerat
3178 1364 3481 1421 haereditas
3518 1365 3597 1420 Si-

1897 1461 2050 1517 moni
2083 1461 2383 1532 judicatur
2408 1466 2464 1516 et
2494 1458 2791 1526 redditur;
2843 1469 2958 1527 pax
3002 1462 3056 1513 et
3106 1454 3413 1512 concordia
3456 1468 3592 1510 con-

1895 1550 2221 1608 ﬁrmantur.

2567 1617 2800 1676 CAPUT
2838 1616 2928 1671 ιν.

1971 1729 2112 1784 Pace
2178 1726 2357 1798 igitur
2430 1724 2712 1791 restituta,
2744 1731 2800 1780 et
2850 1737 2982 1794 quae
3032 1722 3164 1779 belli
3216 1722 3596 1792 longitudine-

1900 1815 2224 1873 inordinata
2289 1814 2656 1881 videbantur,
2726 1812 2898 1869 rebus
2961 1811 3229 1868 omnibus
3286 1810 3592 1877 collocatis,

1900 1918 2053 1961 uxor
2096 1905 2147 1961 ei
2193 1902 2441 1975 eleganti
2499 1902 2699 1970 forma,
2758 1900 2901 1957 facie
2951 1900 3359 1971 pulcherrima,
3392 1914 3597 1970 genere

1901 1994 2126 2062 nobilis,
2184 2007 2315 2064 quae
2382 1991 2529 2048 nulli
2586 1991 2646 2046 in
2701 1998 2819 2047 tota
2864 1989 3096 2061 regione
3144 1988 3453 2045 Arvernica
3503 2003 3597 2043 se-

1900 2080 2093 2137 cunda
2153 2079 2465 2146 videretur,
2507 2078 2762 2149 eligitur.
2818 2076 2941 2145 Ipse
2989 2089 3126 2130 vero
3172 2073 3340 2144 quasi
3387 2073 3598 2129 talibus

1900 2169 2257 2241 adgaudens,
2311 2174 2377 2224 ut
2421 2168 2638 2224 bonum
2676 2166 2833 2236 quod
2885 2165 2943 2220 in
2999 2178 3058 2220 se
3107 2162 3317 2219 latebat
3374 2161 3599 2232 penitus

1899 2258 2166 2328 operiret,
2216 2270 2277 2313 se
2320 2270 2387 2313 eo
2460 2256 2682 2313 iturum
2730 2253 3056 2319 denuntiat,
3115 2251 3427 2321 statimque
3495 2249 3601 2305 iter

1901 2346 2187 2416 arripiens
2239 2345 2526 2415 profectus
2558 2351 2661 2399 est.
2710 2342 2852 2409 Quo,
2914 2342 3029 2397 Dco
3076 2341 3431 2410 disponente,
3465 2351 3601 2408 per-

1902 2436 2137 2493 veniens
2165 2448 2200 2490 a
2224 2447 2446 2505 sponsae
2477 2432 2753 2504 genitore,
2797 2430 3122 2486 Hildeberto
3161 2427 3423 2483 videlicet
3464 2440 3597 2482 con-

1901 2523 2044 2592 sule,
2097 2521 2406 2579 honoriﬁce
2434 2519 2768 2590 suscipitur,
2814 2518 3011 2588 ibique
3058 2515 3404 2586 aliquandiu
3439 2529 3599 2570 com-

1902 2620 2208 2670 moratur:
2278 2617 2402 2682 post
2446 2609 2626 2666 verba
2672 2607 2772 2664 tali
2820 2606 2968 2663 facto
3000 2619 3278 2675 congrua,
3318 2603 3453 2659 data
3495 2602 3601 2657 ﬁde

1900 2709 1956 2759 et
1981 2709 2231 2772 accepta,
2281 2714 2340 2757 se
2372 2713 2499 2755 eam
2541 2704 2935 2768 accepturum,
2986 2694 3046 2750 ni
3090 2708 3255 2751 secus
3311 2696 3597 2763 ageretur,

1902 2790 2181 2860 afﬁrmat;
2215 2796 2270 2845 et
2298 2788 2380 2844 sic
2400 2787 2738 2858 nuptiarum
2769 2784 2859 2840 die
2898 2781 3227 2845 constituto,
3274 2794 3408 2836 cum
3464 2793 3601 2849 gau~

1900 2877 1994 2933 dio
2027 2891 2290 2933 reversus
2317 2882 2403 2931 est
2432 2874 2490 2930 in
2531 2872 2782 2944 propria.

1974 2967 2119 3023 Ecce
2146 2972 2397 3021 statutus
2426 2963 2548 3019 dies
2576 2960 3031 3031 appropinquat,
3082 2963 3418 3029 magnatum
3450 2954 3600 3011 mul-

1825 3081 1867 3138 c
1906 3054 2089 3110 titudo
2118 3052 2446 3116 mandatur,
2479 3056 2720 3138 ornatus
2744 3047 3045 3103 diversitas
3074 3046 3384 3115 appetitur.
3416 3043 3488 3098 Et
3519 3055 3600 3138 ex

1905 3142 2105 3199 ordine
2158 3138 2443 3210 dispositis
2498 3135 2786 3202 omnibus,
2838 3134 3132 3205 regionem
3185 3137 3443 3202 repetens
3498 3128 3602 3185 Ar-

1903 3230 2218 3296 vernicam,
2249 3236 2315 3285 ut
2353 3227 2607 3288 decebat.
2662 3224 2735 3281 ad
2780 3223 2990 3280 fcedera
3031 3220 3312 3292 promissa
3356 3217 3600 3275 reverti—

1904 3326 2018 3376 tur.
2043 3318 2175 3375 Mox
2222 3316 2335 3373 illis
2378 3311 2998 3387 appropinquantibus,
3035 3309 3252 3365 clamor
3282 3308 3464 3365 turbae
3495 3320 3602 3362 vo-

1904 3404 2196 3463 ciferantis
2243 3403 2553 3473 excipitur,
2598 3413 2811 3471 sponsa
2855 3397 3109 3454 venienti
3159 3395 3375 3453 Simoni
3404 3393 3600 3450 oscula

1906 3495 2205 3567 porrigens
2232 3492 2617 3562 amplexatur.
2648 3488 2785 3557 Quis
2813 3487 3018 3543 auditu
3046 3501 3158 3541 non
3190 3484 3556 3553 Obstupescat
3574 3481 3602 3536 ?

1904 3583 2039 3655 quis
2074 3582 2167 3639 tali
2218 3579 2521 3637 dulcedine
2572 3584 2892 3634 commotus
2944 3589 3059 3631 non
3105 3572 3347 3645 lugeat?
3392 3570 3602 3628 Oscula

1903 3673 2195 3729 dabantur
2222 3668 2521 3726 sanctitate
2550 3666 2798 3733 condita,
2830 3664 3133 3734 amplexus
3156 3660 3602 3732 implicabantur

1905 3761 2142 3818 luxuria
2185 3762 2420 3823 semota,
2482 3755 2727 3825 aliisque
2786 3751 3152 3809 credentibus
3195 3763 3395 3806 eorum
3450 3747 3602 3803 dicta

1904 3850 2118 3906 lasciva
2155 3845 2520 3919 iucunditate
2547 3843 2780 3913 repleta,
2810 3841 2898 3897 vir
2927 3838 3150 3896 Domini
3182 3835 3603 3908 praedicationis

1904 3938 2145 3994 verbum
2192 3942 2249 3991 et
2302 3932 2496 3990 dulcia
2532 3931 2664 3988 vitae
2709 3928 3015 3999 colloquia,
3072 3934 3137 3982 ut
3188 3925 3358 3981 ambo
3390 3922 3601 3980 saeculo

1904 4026 2327 4090 renuntiarent,
2357 4020 2513 4079 cordi
2546 4020 2700 4076 illius
2734 4016 3036 4074 inserebat.
3066 4015 3183 4072 Nec
3228 4027 3388 4070 mora
3417 4012 3602 4082 ipsius

1904 4115 2137 4172 monitis
2180 4112 2570 4184 acquiescens,
2640 4105 2933 4179 religionis
2993 4103 3256 4161 habitum
3320 4101 3595 4172 accipere,

1903 4212 1959 4261 et
1981 4201 2472 4261 sanctimonialem
2505 4196 2627 4254 ﬁeri
2655 4195 2903 4253 devovit.

1973 4293 2147 4350 Nocte
2187 4289 2362 4362 igitur
2406 4283 2778 4357 subsequenti
2823 4282 2914 4340 vir
2944 4283 3168 4347 beatus,
3219 4287 3379 4352 patre
3426 4285 3598 4335 caete-

88 4373 274 4431 dubio
317 4373 651 4441 subsistens,
682 4388 901 4430 memor
921 4383 1109 4430 tamen
1133 4377 1461 4448 Evangelici
1488 4379 1792 4449 praecepti:
1825 4392 1865 4446 ι)
1904 4381 2099 4452 risque
2128 4378 2554 4451 ignorantibus,
2568 4373 2786 4446 junctis
2825 4370 3085 4446 [sponsae]
3120 4366 3597 4427 illeconversione

94 4486 115 4513 ε
171 4462 283 4530 Qui
342 4477 459 4519 non
497 4460 805 4531 [renuntiat
864 4464 1135 4521 omnibus
1186 4480 1317 4536 quae
1370 4467 1636 4537 possidet,
1678 4482 1792 4525 non

92 4559 277 4623 potest
303 4566 464 4608 meus
490 4566 611 4609 esse
653 4552 974 4622 discipulus
1024 4556 1175 4621 (Luc.
1235 4569 1354 4617 xiv.
1405 4556 1515 4627 33),
1556 4578 1576 4605 ι
1624 4573 1683 4612 se
1716 4557 1793 4612 fa-

86 4650 325 4697 cturum
378 4640 663 4711 quidquid
716 4640 1045 4711 praeciperet
1099 4642 1247 4699 illico
1299 4644 1578 4714 promisit.
1634 4645 1788 4701 Prae-

83 4737 253 4799 cepta
280 4728 458 4801 igitur
491 4729 698 4799 praesul
728 4743 1025 4786 armorum
1056 4731 1374 4790 redditione
1398 4733 1789 4803 paenitentiam

83 4818 308 4885 indicit,
365 4825 421 4875 et
478 4817 705 4874 indictae
754 4828 975 4888 partem
1028 4835 1203 4891 super
1251 4836 1311 4878 se
1350 4821 1614 4891 detinuit,
1648 4823 1788 4879 duo-

82 4909 313 4977 busque
346 4906 790 4978 religiosissimis
819 4907 980 4975 viris,
1015 4909 1119 4978 qui
1150 4916 1289 4966 tunc
1320 4918 1624 4980 praesentes
1653 4911 1787 4967 ade-

79 5002 238 5060 rant,
274 5001 491 5064 partem
518 4995 841 5064 distribuit;
871 5002 928 5052 et
948 4995 1029 5053 sic
1048 4997 1381 5054 absolutum
1428 4998 1683 5054 reatibus
1713 4999 1786 5054 ad

80 5082 323 5153 propria
366 5083 686 5153 remittens,
732 5084 868 5140 huic
924 5085 1139 5155 quibus
1182 5086 1551 5155 spoliaverat,
1622 5101 1788 5143 arma

80 5170 359 5237 reinduit,
408 5178 738 5242 terramque
775 5173 1212 5243 gubernandam
1262 5175 1442 5231 donec
1480 5190 1612 5232 cum
1654 5190 1785 5246 rege

80 5274 284 5333 pacem
367 5260 720 5327 reformaret,
810 5262 1016 5318 iterum
1106 5264 1544 5332 commendavit,
1613 5264 1785 5320 adhi-

79 5350 225 5406 bens
290 5348 462 5405 etiam
522 5348 653 5405 boni
711 5350 1015 5406 testimonii
1067 5346 1121 5406 et
1170 5364 1413 5408 summae
1467 5353 1785 5409 auctorita-

81 5438 154 5494 tis
227 5436 571 5502 custodiam,
668 5438 968 5509 Hugonem
1045 5438 1261 5494 scilicet
1334 5439 1599 5497 Diensem
1669 5442 1785 5511 epi-

80 5538 345 5596 scopum,
376 5525 479 5595 qui
529 5532 667 5581 tunc
719 5526 779 5581 in
828 5525 1023 5583 Galliis
1067 5525 1366 5597 legationis
1416 5528 1650 5585 functus
1699 5538 1784 5586 est

79 5613 295 5679 ofﬁcio,
319 5613 705 5683 abbatemque
725 5610 1486 5685 Cluniacensium,quorum
1509 5617 1782 5681 doctrinae

1899 4478 1956 4526 et
1987 4468 2212 4541 generis
2243 4466 2672 4538 propinquitate
2701 4462 2933 4534 collegis
2951 4461 3201 4525 duobus,
3232 4456 3593 4524 monasterio,

1900 4558 2053 4630 quod
2096 4554 2377 4613 Casa-Dei
2432 4558 2828 4623 nuncupatur,
2882 4549 3295 4616 transmittens,
3339 4546 3458 4602 illic
3495 4546 3597 4602 ha-

1899 4647 2083 4705 bitare
2131 4643 2431 4715 disposuit.
2490 4641 2576 4698 Ibi
2629 4640 2779 4697 illico
2829 4645 3051 4695 mutata
3101 4644 3254 4693 veste
3310 4632 3594 4698 saeculari,

1901 4745 2012 4793 tres
2061 4734 2278 4806 pariter
2322 4737 2564 4788 sumunt
2612 4729 2876 4785 habitum
2926 4724 3254 4782 monasticae
3308 4721 3599 4793 professio-

1897 4825 2006 4891 nis,
2041 4835 2292 4895 quorum
2342 4820 2485 4876 alter
2528 4817 2893 4889 religiositate
2924 4815 3156 4885 pollens,
3206 4818 3401 4882 postea
3431 4810 3596 4865 Bitu-

1896 4912 2030 4969 ricae
2077 4909 2326 4968 civitatis
2366 4909 2671 4965 ordinatur
2727 4906 3066 4977 episcopus;
3106 4902 3251 4958 alter
3300 4900 3359 4956 in
3402 4897 3593 4956 humi-

1895 5000 2051 5057 litate
2089 4999 2408 5056 subsistens
2470 4996 2572 5053 diu
2618 4996 2678 5052 in
2722 4992 3068 5051 monasterio
3129 4990 3394 5062 perstitit,
3451 4988 3597 5044 dans
3698 5070 3703 5075 ὓ

1892 5100 2128 5159 operam
2158 5086 2440 5157 religioni.
2495 5085 2719 5141 Domna
2755 5096 2891 5138 vero
2940 5081 3054 5137 Deo
3101 5079 3307 5135 devota
3352 5075 3593 5133 sanctis-

1892 5176 2039 5232 sima
2067 5175 2280 5245 degens
2300 5173 2499 5231 multis
2536 5180 2661 5243 post
2690 5172 2859 5228 annis
2880 5167 3184 5240 superfuit.

1963 5262 2051 5319 Ad
2082 5262 2204 5318 haec
2233 5270 2395 5332 pater
2431 5274 2631 5317 somno
2661 5258 2905 5327 excitus,
2934 5258 3173 5315 credens
3197 5255 3372 5312 ﬁliam
3399 5269 3606 5312 amore.

1892 5350 2212 5408 meretricio
2260 5351 2570 5418 detentam,
2634 5348 2907 5405 lenonum
2955 5346 3287 5418 quempiam
3333 5359 3596 5416 prosecu-

1893 5448 2031 5508 tam,
2063 5454 2122 5496 se
2165 5439 2433 5495 delusum
2479 5437 2821 5495 aestimabat.
2857 5436 3020 5492 Tunc
3054 5433 3230 5491 tristis
3270 5441 3327 5491 et
3371 5432 3596 5504 ejulans

1893 5528 2179 5586 Simonem
2225 5527 2561 5592 accersiens,
2632 5526 2800 5596 quasi
2859 5523 3149 5581 commissi
3215 5537 3349 5580 reus
3416 5522 3595 5593 hujus

1893 5617 2245 5701 alloquitur:
2319 5637 2367 5697 «θ
2402 5616 2447 5671 0
2500 5614 2831 5671 dulcissime
2897 5612 3152 5685 juvenis,
3225 5611 3369 5683 quid
3422 5624 3636 5706 agam.
