3930 6394
304 379 433 434 1215

1321 371 1415 426 AD
1454 368 1605 426 OPP.
1655 368 1812 424 VEN.
1854 366 2187 423 GUIBERTI
2228 364 2316 421 DE
2352 364 2743 423 NOVIGENTO

3681 363 3834 416 i216

302 508 444 581 quid
490 505 698 564 faciam
747 502 1010 560 funditus
1050 500 1300 575 ignoro?
1341 506 1396 555 te
1434 497 1678 570 prodidi,
1721 496 1824 553 tibi
1868 496 1997 553 fidei
2028 497 2071 552 A
2109 506 2165 555 et
2191 511 2386 569 grave,
2414 504 2470 553 et
2498 494 2840 566 scrupulum
2888 491 3218 566 cogitationi
3264 506 3403 548 mea
3455 490 3693 548 videtur
3734 492 3830 546 in-

302 612 445 654 mea
473 593 798 660 commisso,
842 592 1128 663 longoque
1158 597 1442 646 terrarum
1484 587 1668 658 spatio
1712 586 1878 642 nobis
1907 599 2000 641 ac-

303 687 431 751 cito,
485 683 724 740 insidias
769 680 961 737 intuli.
1012 680 1091 735 De
1121 677 1301 749 pretio
1340 676 1644 732 fraudatus
1689 689 1820 732 sum
1848 674 2004 745 quod

305 774 574 845 promisi;
634 771 982 841 promissum
1067 779 1319 837 namque
1381 764 1678 821 sublatum
1743 771 1847 831 est,
1908 762 2006 819 sed

309 861 544 920 nescivi.
589 860 763 916 Parce
804 858 1004 928 igitur,
1056 868 1226 926 parce
1273 854 1464 910 nescio
1510 853 1887 923 delinquenti.
1935 854 2008 910 At

310 951 404 1008 ille
433 949 601 1007 corde
643 947 897 1003 iatitiam
949 945 1274 1008 restituens.
1325 942 1574 999 dolorem
1624 942 2005 1010 extrinsecus,

311 1038 477 1111 quasi
509 1037 812 1093 consolans
854 1034 1079 1090 aiebat:
1119 1055 1141 1081 ι
1171 1031 1319 1100 Noli,
1361 1031 1591 1087 domine
1639 1031 1738 1098 mi,
1771 1029 1888 1087 noli
1918 1030 2012 1086 tri-

310 1127 467 1191 stari,
499 1140 671 1196 quem
720 1125 910 1195 potius
938 1121 1224 1185 dilexerit,
1258 1120 1592 1192 diligentius
1630 1119 2009 1190 exsequitur;

313 1224 367 1273 et
395 1215 440 1271 si
472 1214 573 1270 tibi
616 1212 846 1270 charior
886 1211 1071 1267 factus
1102 1225 1254 1277 sum,
1286 1209 1417 1265 vilis
1458 1208 1694 1264 forsitan
1750 1208 1852 1264 illi.
1889 1229 1910 1257 ι
1939 1207 2014 1263 [is

312 1304 500 1371 dictis,
546 1308 779 1372 accepta
824 1300 897 1357 ab
936 1314 1002 1357 eo
1062 1299 1314 1367 licentia,
1383 1297 1626 1355 festinus
1668 1296 1725 1352 in
1771 1295 2011 1352 Galliam

316 1391 628 1463 repedavit.

385 1480 531 1545 Quid
580 1479 695 1535 filia
742 1477 867 1548 ejus
907 1482 1124 1546 egerat,
1175 1474 1665 1546 quemadmodum
1717 1472 2020 1529 sanctimo-

318 1569 527 1627 nialem
553 1568 882 1634 devoverat,
913 1564 1240 1621 Hildeberto
1271 1578 1373 1634 per
1423 1562 1696 1619 nuntium
1744 1561 2020 1618 mandare

319 1657 566 1716 curavit.
600 1656 645 1713 Ο
689 1655 884 1711 virum
930 1667 1031 1724 per
1081 1652 1276 1709 omnia
1318 1652 1490 1708 laude
1545 1649 2022 1725 dignumlcujus

316 1746 525 1804 melius
574 1742 838 1809 similem,
884 1755 1062 1812 quam
1128 1746 1324 1797 sancto
1386 1739 1586 1795 Alexio
1651 1737 2023 1794 dixerimus?

321 1847 574 1904 namque
603 1846 736 1888 cum
762 1844 972 1900 sponsa
1029 1843 1154 1895 sua,
1207 1843 1340 1885 cum
1382 1828 1502 1899 jam
1535 1827 1857 1884 thalamum
1883 1826 2023 1884 sub-

325 1924 637 1980 intrassent
678 1920 848 1976 ambo
894 1919 1111 1989 pariter
1140 1917 1417 1989 quieturi,
1452 1916 1939 1988 quemadmodum
1971 1921 2027 1971 et

327 2011 496 2079 Simo,
574 2009 819 2065 verbum
916 2007 1337 2077 pradicationis
1408 2006 1651 2062 intulit:
1726 2005 2028 2062 luxuriam

326 2098 747 2165 declinandam,
833 2110 1173 2153 conservare
1241 2110 1602 2166 pramonens
1669 2094 2025 2160 castitatem;

330 2188 428 2243 illa
466 2200 602 2244 vero
649 2185 815 2242 dictis
862 2185 1262 2253 obtemperans
1308 2183 1690 2251 admonentis,
1745 2197 1804 2239 se
1842 2182 2030 2254 virgi-

331 2289 457 2332 nem
509 2275 817 2342 devovens,
886 2272 1078 2329 carnis
1126 2271 1475 2328 munditiam
1542 2271 1782 2328 Domino
1842 2285 2034 2328 conse-

332 2364 536 2421 oravit.

404 2454 493 2509 Ita
520 2452 722 2509 beatus
762 2450 933 2507 homo
971 2464 1153 2506 manu
1196 2456 1409 2506 sancta
1452 2449 1815 2506 allocutionis
1860 2448 2036 2506 ferale

335 2540 668 2611 contagium
733 2539 969 2595 detersit
1038 2537 1355 2595 immunda
1426 2538 1749 2609 pravitatis.
1821 2539 2037 2595 Deinde

336 2628 537 2698 ipsius,
566 2640 820 2698 quarum
850 2625 1190 2699 magnitudo
1229 2626 1456 2682 infinita
1487 2627 1814 2696 videbatur,
1859 2627 2040 2698 patris

335 2715 609 2787 neglectis
634 2715 869 2783 deliciis,
916 2715 1026 2771 sub
1074 2715 1198 2785 ipsa
1228 2715 1411 2772 noctis
1456 2716 1599 2772 hora
1644 2716 1884 2773 latenter
1915 2716 2042 2773 abs-

340 2804 527 2949 gessit.
563 2803 669 2861 Sed
712 2804 785 2860 ad
827 2819 894 2861 ea
941 2818 1074 2875 qua
1120 2803 1189 2861 de
1228 2803 1456 2860 Simone
1503 2804 1745 2861 dicenda
1786 2813 1923 2864 sunt
1959 2821 2045 2864 re-

380 2906 601 2949 eamus.
1344 2895 1351 2902 '

380 2906 601 2950 eamus.
1344 2895 1351 2902 ’

905 3023 1056 3074 8⁸14
1084 3018 1310 3076 CAPUT
1341 3018 1412 3076 V.

412 3158 629 3216 Simoni
651 3173 788 3217 vero
816 3160 874 3216 in
898 3160 1131 3232 propria
1149 3161 1249 3216 vix
1281 3160 1355 3216 ad
1383 3161 1671 3218 modicum
1704 3164 2040 3238 quiescenti,

343 3263 472 3305 ecce
516 3262 620 3306 rex
678 3249 1001 3320 Anglorum
1062 3249 1515 3321 potentissimus,
1562 3250 1887 3311 Willelmus
1936 3271 2045 3312 no-

344 3338 514 3405 mine,
548 3337 652 3409 qui
681 3353 813 3395 eum
842 3338 1144 3407 nutrierat,
1192 3338 1265 3394 ad
1296 3352 1356 3395 se
1400 3339 1751 3396 veniendum
1799 3344 1909 3400 sub
1940 3359 2044 3401 ve-

345 3426 569 3483 locitate
624 3427 942 3483 mandavit.
1004 3427 1254 3484 Additur
1296 3427 1468 3483 etiam
1523 3434 1589 3484 ut
1644 3431 1874 3487 castello
1941 3447 2048 3489 nec

346 3515 502 3578 villa,
535 3514 648 3572 nisi
678 3516 854 3572 solius
895 3516 1078 3573 noctis
1119 3515 1371 3586 quietem
1418 3524 1752 3585 assumeret,
1803 3533 2046 3577 uxorem

345 3603 455 3660 sibi
501 3604 753 3662 debitam
795 3604 1128 3662 nullomodo
1176 3604 1564 3675 desponsaret,
1612 3607 1805 3678 quoad
1861 3623 2049 3679 usque

349 3693 422 3749 ad
463 3694 555 3750 sui
612 3694 963 3765 colloquium
1032 3693 1512 3751 Northmanniam
1562 3693 1803 3752 festinus
1848 3710 2047 3754 occur-

352 3790 520 3840 reret.
553 3784 716 3840 Tunc
743 3784 836 3840 ille
879 3783 1031 3855 regis
1072 3791 1334 3839 metuens
1383 3782 1654 3852 edictum,
1689 3785 1910 3855 absque
1959 3799 2048 3842 re—

352 3874 766 3930 crastinatione
786 3873 1004 3944 aliqua,
1033 3871 1136 3928 ubi
1159 3871 1530 3928 constituerat
1545 3871 1726 3941 abire,
1747 3873 2051 3942 disposuit.

423 3962 640 4020 Videns
668 3977 807 4035 ergo
845 3977 948 4019 rex
980 3961 1054 4018 ad
1095 3975 1153 4018 se
1184 3959 1527 4027 venientem,
1574 3960 1737 4017 latus
1782 3961 2047 4029 efficitur,

354 4060 568 4110 secreto
596 4068 811 4111 vocans
841 4066 996 4120 eum,
1046 4057 1103 4106 et
1130 4049 1361 4106 dicens:
1396 4070 1418 4098 «
1468 4047 1750 4116 Quoniam
1803 4050 1973 4107 fidem
1999 4057 2055 4107 et

355 4140 714 4198 dilectionem
750 4147 908 4196 tuam
936 4153 1009 4194 ex
1056 4137 1229 4209 longo
1266 4145 1540 4207 expertus
1580 4151 1730 4204 sum,
1780 4146 1836 4194 et
1865 4138 2052 4195 nutri-

357 4237 618 4286 mentum
651 4216 865 4295 meum,
897 4227 1053 4297 quod
1078 4226 1139 4281 in
1184 4233 1237 4282 te
1260 4231 1344 4281 est
1381 4232 1759 4296 augmentare
1791 4227 2052 4297 cupiens,

359 4318 463 4389 qui
512 4332 616 4388 pro
669 4318 787 4374 filia
828 4329 958 4372 mea
995 4313 1256 4386 rogaturi
1312 4313 1413 4370 diu
1460 4328 1684 4369 mecum
1734 4314 2054 4371 conversati

2111 587 2290 658 ferre;
2330 586 2565 643 domina
2612 598 2739 641 mea
2786 597 3043 654 namque
3088 581 3311 653 regina,
3357 595 3508 636 uxor
3548 579 3831 637 videlicet

2112 685 2234 743 tua,
2265 679 2320 732 et
2350 690 2475 746 ego,
2516 682 2582 732 ut
2627 674 2826 741 fertur,
2869 670 3208 743 cognatione
3250 670 3559 742 jungimur
3599 683 3832 740 paren-

2112 765 2233 833 tali,
2268 772 2323 821 et
2355 763 2583 836 generis
2632 760 3080 833 propinquitate,
3112 759 3488 829 quamobrem
3519 772 3553 813 a
3580 758 3829 828 sapien-

2114 853 2269 909 tibus
2337 851 2753 922 inquirendum
2810 849 2856 905 si
2912 863 3029 920 quo
3079 848 3244 904 modo
3313 847 3436 903 fieri
3494 846 3698 917 possit,
3772 853 3829 901 et

2116 956 2236 1011 qua
2282 940 2522 997 ratione.
2580 959 2601 987 ι
2645 939 2734 994 Ad
2781 937 2903 993 hac
2963 950 3116 992 rex:
3172 957 3196 985 ι
3247 935 3303 992 Si
3351 935 3423 992 ab
3464 934 3727 1005 antiquis
3771 940 3831 988 et

2117 1029 2352 1086 senibus
2397 1028 2592 1099 populi
2646 1027 2820 1083 nostri
2880 1024 3142 1097 cognatio
3202 1038 3339 1080 vera
3385 1022 3829 1093 comprobatur,

2117 1120 2428 1190 episcopos,
2489 1116 2724 1173 abbates
2792 1122 2847 1172 et
2940 1114 3175 1171 clericos
3252 1112 3409 1169 viros
3485 1111 3829 1182 prudentes,

2119 1210 2362 1265 scientes
2410 1207 2594 1278 legem
2643 1214 2699 1262 et
2737 1204 2853 1261 alta
2892 1203 3191 1274 sapientes,
3238 1201 3283 1257 si
3324 1201 3831 1270 elecmosynaruui

2121 1297 2405 1369 largitate,
2458 1311 2559 1353 seu
2614 1294 3096 1351 monasteriorum
3147 1289 3543 1356 adificatione,
3575 1301 3682 1344 seu
3716 1285 3837 1341 ali—

2122 1400 2243 1457 qua
2265 1400 2325 1441 re
2371 1398 2631 1456 congrua
2659 1384 2717 1439 id
2744 1382 3002 1439 ordinari
3047 1388 3242 1452 queat,
3291 1378 3553 1434 adunare
3580 1383 3635 1433 et
3667 1388 3838 1432 scru-

2125 1474 2236 1530 tari
2264 1488 2489 1530 necesse
2515 1480 2618 1529 est.
2651 1493 2673 1520 ι

2198 1565 2392 1622 Simon
2421 1570 2614 1619 autem
2644 1575 2802 1632 spem
2830 1573 2993 1617 suam
3040 1570 3267 1627 semper
3304 1569 3520 1627 ponens
3561 1551 3838 1620 Domino,

2129 1656 2289 1713 aitzt
2340 1652 2548 1711 Adhuc
2576 1656 2836 1721 superest
2884 1647 3062 1716 aliud,
3100 1654 3327 1701 tantum
3369 1643 3638 1699 voluntas
3684 1640 3841 1696 adsit

2134 1752 2256 1813 tua,
2298 1742 2454 1814 quod
2484 1737 2871 1796 necessarium
2901 1743 2985 1793 est
3003 1744 3057 1792 et
3080 1734 3333 1791 salutare
3354 1748 3372 1803 ;
3393 1731 3523 1787 volo
3552 1743 3838 1799 namque,

2135 1833 2180 1889 si
2217 1833 2417 1903 placet,
2485 1830 2724 1886 Romam
2767 1826 2984 1893 adiens,
3051 1829 3383 1880 sanctorum
3444 1818 3839 1889 apostolorum

2131 1922 2283 1980 Petri
2314 1928 2369 1978 et
2394 1918 2575 1987 Pauli,
2609 1925 2665 1973 et
2696 1914 2891 1972 domni
2930 1911 3245 1983 apostolici,
3290 1922 3464 1979 super
3495 1908 3601 1964 hoe
3637 1904 3842 1962 consi-

2132 2014 2275 2071 lium
2314 2017 2369 2067 et
2416 2006 2772 2080 adjutorium
2812 2003 3091 2074 ﬂagitare,
3139 2008 3224 2069 ut,
3270 2005 3501 2070 accepta
3542 1994 3841 2067 spirituali

2133 2100 2383 2165 licentia,
2417 2095 2704 2169 quidquid
2731 2094 2791 2150 in
2821 2093 2888 2148 iis
2916 2090 3084 2148 nobis
3103 2088 3391 2161 agendum
3412 2094 3495 2144 est
3524 2098 3657 2142 cum
3690 2082 3842 2138 ﬁdu'

2136 2194 2224 2249 cia
2265 2192 2647 2260 perpetretur.
2699 2204 2720 2232 ι
2777 2181 2883 2240 Cui
2928 2194 3031 2236 rex
3079 2190 3375 2234 assensum
3416 2174 3696 2245 prabens,
3742 2184 3838 2226 re-

2138 2259 2399 2350 spondit:
2437 2298 2458 2324 ι
2496 2269 2788 2343 Quidquid
2815 2282 2989 2339 super
3014 2268 3122 2323 hac
3138 2281 3198 2322 re
3214 2265 3432 2321 bonum
3453 2261 3561 2350 tibi
3580 2259 3835 2350 videtur,

2138 2346 2363 2426 favente
2394 2365 2508 2420 Deo
2536 2369 2592 2417 et
2624 2374 2750 2417 mea
2777 2357 3093 2424 voluntate,
3128 2354 3398 2424 dispone;
3427 2373 3447 2401 ι
3468 2356 3524 2406 et
3552 2349 3640 2405 his
3670 2346 3840 2403 dictis

2143 2457 2356 2529 pariter
2386 2453 2807 2509 abscesserunt.

2805 2565 3035 2625 CAPUT
3075 2564 3170 2622 VI.

2217 2718 2432 2778 Deinde
2468 2730 2600 2787 qua
2631 2711 2822 2785 parari
2866 2708 3216 2766 videbantur
3255 2704 3523 2763 omnibus
3551 2713 3649 2772 per
3679 2697 3841 2787 ordi—

2148 2826 2279 2870 nem
2311 2785 2616 2878 dispositis,
2640 2802 2714 2858 ad
2738 2797 3178 2863 ambulandum,
3216 2794 3411 2851 relicta
3440 2792 3625 2857 domo,
3663 2785 3844 2843 omis-

2150 2900 2227 2956 sis
2272 2895 2510 2962 deliciis,
2553 2904 2807 2964 quarum
2844 2888 3080 2944 ubertas
3130 2892 3288 2941 tanta
3330 2881 3415 2938 illi
3465 2877 3741 2935 attinebat
3780 2880 3849 2930 ut

2152 3001 2294 3058 pene
2332 2990 2456 3055 post
2494 2993 2688 3052 regem
2730 2977 2790 3032 in
2834 2983 2953 3032 tota
2996 2971 3228 3044 regione
3277 2968 3466 3026 nullos
3506 2966 3690 3029 ditior,
3739 2974 3850 3016 nec

2073 3100 2112 3156 ο
2151 3050 2677 3143 rebus—opulentior
2714 3064 3038 3132 videretur;
3071 3074 3203 3117 cum
3244 3060 3484 3116 Romam
3515 3055 3597 3111 ire
3624 3050 3848 3156 debuit,

2150 3179 2209 3221 se
2232 3138 2581 3220 monachum
2623 3156 2938 3221 devovens,
2988 3156 3253 3207 sanctum
3299 3143 3644 3217 Eugendum
3687 3138 3852 3194 adire

2151 3250 2457 3323 disposuit:
2488 3261 2604 3320 quo
2628 3251 2935 3315 postquam
2977 3244 3317 3311 perventum
3351 3241 3454 3303 est,
3480 3229 3698 3304 junctis
3734 3227 3847 3284 sibi

2152 3322 2255 3399 de,
2297 3337 2515 3397 familia
2579 3332 2930 3407 quibusdam
2988 3328 3130 3384 viris
3187 3322 3573 3389 nobilissimis,
3648 3331 3852 3375 omnes

2154 3429 2368 3500 pariter
2424 3440 2558 3483 cum
2607 3422 2818 3495 gaudio
2882 3425 3093 3476 sancta
3171 3412 3483 3480 Trinitatis,
3554 3406 3854 3480 religionis

2154 3519 2423 3576 habitum
2455 3516 2853 3583 susceperunt.

2224 3607 2371 3664 Nam
2400 3618 2533 3661 cum
2567 3582 2705 3657 olim
2743 3598 2936 3655 adhuc
2983 3595 3043 3651 in
3073 3591 3284 3650 saculo
3312 3588 3529 3661 positus
3557 3585 3614 3641 in
3646 3582 3855 3640 febrim

2155 3700 2467 3761 teneretur,
2522 3691 2727 3747 beatus
2773 3684 3135 3756 Arnulpbus,
3184 3687 3240 3738 et
3283 3679 3403 3750 ipse
3447 3681 3680 3733 sanctus
3728 3673 3856 3728 Eu—

2158 3784 2402 3858 gendus,
2444 3780 2711 3850 aliusque
2755 3776 2926 3846 cujus
2955 3786 3162 3830 nomen
3190 3776 3246 3826 et
3289 3767 3492 3824 faciem
3528 3761 3854 3835 ignorabat,

2157 3852 2459 3929 dormienti
2497 3866 2573 3923 illi
2603 3865 2663 3921 in
2710 3862 2986 3920 viridario
3026 3861 3442 3930 apparuerunt,
3486 3852 3857 3909 admonentes

2160 3969 2224 4019 ut
2253 3960 2391 4016 illuc
2418 3957 2620 4025 abiret,
2655 3954 2851 4025 ibique
2881 3953 2993 4008 Deo
3024 3948 3278 4006 militans
3314 3945 3692 4015 permaneret,
3726 3951 3856 4007 per-

2159 4062 2400 4107 manens
2429 4046 2537 4103 sub
2586 4044 2792 4101 abbate
2839 4038 3157 4096 monachus
3195 4032 3564 4090 ordinaretur
3606 4031 3853 4082 etesset.

2159 4139 2268 4208 Qui
2301 4138 2493 4196 statim
2522 4148 2557 4191 a
2602 4132 2811 4190 lectulo
2854 4141 3100 4199 surgens
3150 4124 3222 4181 ab
3273 4119 3603 4208 infirmitate
3641 4128 3856 4171 conva-

2164 4206 2290 4296 luit,
2340 4234 2395 4283 et
2440 4238 2575 4281 voce
2614 4233 2826 4293 magna
2866 4214 3137 4274 clamavit
3183 4211 3409 4268 dicens:
3452 4206 3637 4263 Sanus
3679 4216 3853 4267 sum;

2162 4325 2217 4375 et
2272 4316 2313 4372 ii
2364 4314 2467 4386 qui
2516 4312 2757 4368 aderant
2810 4314 2923 4363 tres
2978 4300 3218 4367 domini,
3269 4297 3372 4355 ubi
3426 4300 3580 4362 sunt,
3630 4297 3855 4386 et-quo

360 4377 532 4476 sunt;
568 4408 719 4480 regis
766 4377 1172 4476 Hispaniarum
1215 4401 1451 4458 Anfursi
1504 4399 1592 4476 [f..
1646 4401 1944 4476 Alphonsi]
1997 4410 2053 4459 et
2082 4403 2129 4459 D
2167 4377 2483 4461 abierunt?
2529 4398 2638 4467 Qui
2695 4410 2829 4453 vero
2886 4394 2956 4450 de
3012 4388 3230 4447 familia
3293 4389 3597 4480 prasentes
3656 4377 3854 4478 adfue-

362 4497 590 4555 Boberti
624 4495 898 4568 principis
944 4492 1173 4564 Apulia
1215 4490 1487 4563 neglectis
1528 4490 1766 4558 nuntiis,
1802 4491 1900 4547 tibi
1932 4505 2059 4548 eam

364 4585 596 4642 tradens
624 4584 683 4641 in
709 4597 952 4640 uxorem
982 4590 1035 4639 te
1065 4578 1230 4652 elegi,
1262 4586 1317 4635 te
1341 4579 1688 4635 hareditatis
1708 4593 1848 4636 mea
1878 4580 2061 4636 filium

364 4676 665 4747 adoptans.
708 4672 930 4730 Delicia
960 4684 1102 4728 mea
1133 4668 1232 4724 tibi
1262 4667 1729 4738 reputabuntur;
1754 4668 1921 4724 amici
1952 4666 2064 4724 mei

365 4766 449 4823 tui
479 4772 671 4833 erunt,
704 4771 759 4822 et
788 4760 1005 4820 inimici
1054 4757 1335 4815 similiter.
1376 4777 1394 4803 ιι
1430 4756 1503 4811 At
1554 4756 1677 4813 hac
1732 4757 1824 4813 vir
1862 4757 2066 4814 beatus

366 4857 518 4912 hanc
564 4852 774 4911 diaboli
814 4851 1052 4909 credens
1106 4844 1563 4918 prosperitatem,
1608 4844 1713 4916 qui
1752 4845 2065 4902 electorum

365 4945 540 5002 corda
581 4944 780 5000 multis
843 4937 1166 4998 circumdat
1233 4933 1478 5000 insidiis,
1529 4932 1666 4990 licet
1715 4933 1965 4992 nihilum
2011 4941 2068 4991 et

369 5032 539 5089 inane
566 5032 736 5089 corde
761 5032 1058 5101 reputans,
1099 5023 1316 5097 gratias
1345 5028 1535 5079 tamen
1575 5036 1714 5078 voce
1742 5023 2069 5080 humillima

370 5121 639 5189 referens,
676 5120 900 5176 aiebat:
940 5140 961 5166 ι
1008 5116 1284 5185 Magnum
1331 5116 1387 5166 et
1431 5117 1697 5180 apertum
1741 5119 1826 5169 est
1854 5111 2069 5168 benefi-

370 5210 526 5266 cium
555 5207 709 5280 quod
739 5204 999 5279 pueritia
1034 5218 1175 5261 mea
1223 5196 1570 5272 prastitisti;
1620 5200 1716 5257 sed
1748 5206 1937 5271 grates
1965 5199 2068 5257 tibi

372 5298 554 5354 refero
607 5296 787 5354 multo
834 5294 1041 5352 melius
1087 5286 1394 5364 pollicenti.
1441 5286 1702 5360 Dignitas
1743 5295 1867 5358 tua,
1921 5287 2070 5345 sicut

372 5385 649 5455 scriptum
676 5391 777 5452 est,
829 5383 891 5441 in
936 5382 1262 5441 humilitate
1298 5380 1608 5448 descendit,
1647 5385 1711 5435 ut
1758 5376 2067 5434 exaltetur.

376 5472 681 5530 Humilitas
704 5486 852 5541 mea,
884 5471 993 5528 nisi
1022 5471 1084 5528 in
1122 5471 1443 5544 gratiarum
1474 5468 1696 5526 actione
1729 5465 1829 5523 tibi
1850 5464 2074 5538 jugiter

374 5560 737 5632 subjiciatur,
771 5566 1027 5618 meretur
1054 5566 1121 5617 ut
1170 5559 1423 5616 deterius
1465 5561 1718 5613 corruat.
1771 5554 1846 5610 At
1889 5552 2074 5610 obsta-

370 5645 574 5717 culum
618 5650 785 5707 nobis
825 5646 1155 5721 opponitur,
1204 5646 1361 5718 quod
1395 5645 1561 5703 valde
1610 5642 1954 5714 ambiguum
1991 5645 2076 5697 est

2168 4499 2302 4550 rant
2332 4492 2661 4563 ignorantes
2680 4484 2822 4557 quid
2839 4482 3069 4547 diceret,
3102 4492 3162 4534 se
3192 4474 3414 4532 nescire
3438 4468 3671 4543 professi
3699 4473 3852 4522 sunt.

2242 4556 2428 4653 Igitur
2458 4556 2760 4641 Fiandria,
2792 4567 3244 4631 Northmannia,
3289 4559 3625 4653 caterisque
3660 4556 3858 4653 Gallia:

2170 4643 2303 4729 rum
2350 4667 2610 4741 partibus
2659 4676 2845 4733 usque
2893 4659 2964 4716 ad
3011 4657 3152 4713 ﬁnes
3195 4649 3534 4715 Germania,
3575 4645 3719 4702 tanti
3752 4643 3855 4700 viri

2171 4734 2405 4819 rumore
2430 4761 2693 4825 suscepto
2721 4758 2953 4821 stupore
2977 4744 3178 4816 repleti
3220 4741 3621 4825 mirabantur;
3653 4734 3857 4804 quippe

2173 4846 2277 4918 qui
2306 4850 2477 4901 notus
2534 4823 2867 4912 regionibus
2897 4834 3007 4890 illis
3058 4831 3299 4888 dilectus
3342 4823 3604 4890 Domino,
3654 4826 3709 4876 et
3750 4827 3860 4918 tam

2174 4907 2389 4994 charus
2438 4907 2710 4987 omnibus
2760 4932 2903 4994 erat,
2952 4928 3242 4995 quatenus
3297 4916 3464 4987 Hugo
3519 4907 3859 4981 Burgundia

2174 5025 2319 5091 dux,
2362 5031 2668 5089 comesque
2721 5008 3172 5077 Matisconensis,
3231 5003 3607 5076 ejusdemque
3651 4997 3860 5053 ordinis

2176 5086 2828 5185 quamplures,_pietatis
2852 5099 3063 5157 affectu
3081 5104 3138 5154 et
3163 5095 3327 5185 illius
3340 5086 3859 5185 amoris-dulcedine

2178 5176 2539 5265 inﬂammati,
2573 5176 2736 5251 arma
2774 5191 3123 5261 deponerent
3158 5180 3436 5240 saeculum
3466 5176 3856 5246 relinquentes.

2176 5288 2317 5357 Quis
2347 5283 2501 5343 enim
2543 5281 2700 5338 illius
2725 5275 2991 5346 exemplo
3038 5268 3469 5330 conversionem
3505 5275 3733 5320 morum
3769 5275 3860 5331 pe-

2178 5349 2339 5434 nitus
2383 5386 2498 5428 non
2531 5373 2841 5441 appeteret,
2896 5378 2963 5421 ac
3012 5363 3146 5418 vita
3200 5355 3555 5430 propositum
3584 5351 3643 5407 in
3671 5349 3860 5407 melius

2180 5479 2296 5522 non
2348 5440 2653 5518 mutaret?
2699 5452 2928 5515 Nobiles
2980 5451 3193 5525 pariter
3242 5455 3299 5505 et
3346 5442 3640 5518 ignobiles,
3683 5440 3860 5497 audito

2181 5552 2310 5624 ejus
2336 5548 2587 5616 nomine,
2621 5545 3021 5604 mutabantur.
3044 5540 3213 5598 Nunc
3236 5536 3310 5594 ad
3324 5548 3390 5592 ea
3411 5546 3544 5611 qua
3564 5531 3862 5588 monachus

2184 5637 2439 5709 explevnt
2467 5634 2789 5692 redeamus.
