3930 6424
160 369 297 420 l2l7
1063 382 1293 442 ADDIT.
1323 417 1392 426 —
1427 388 1584 446 VITA
1624 393 1684 448 Β.
1726 395 2000 458 SIMONIS
2037 403 2198 460 COM.
2239 407 2759 471 CRESPEIENSIS.

830 508 1062 568 CAPUT
1096 514 1218 571 VII.

3536 439 3670 494 I218

1888 535 1933 589 A
1971 541 2150 590 ventu
2202 537 2369 594 taedio
2408 541 2744 603 viderentur
2771 548 3151 624 incommoda,
3175 563 3348 617 eremi
3410 566 3668 626 solitudi-

229 605 335 662 Hic
358 615 440 663 est
472 607 665 667 Simon
685 612 974 683 obediens,
1008 621 1102 676 sed
1153 636 1268 679 non
1318 624 1411 681 ille
1452 629 1692 697 primus.
1755 634 1858 690 Hic

150 873 264 939 psit
294 872 722 946 indumentum,
753 888 998 939 stratum
1029 899 1201 944 suum
1235 891 1291 946 in
1323 897 1628 952 secretario
1683 900 1855 956 eccle-

147 960 250 1015 size
275 975 509 1032 ponens,
544 975 708 1022 nocte
735 969 844 1024 sub
880 972 1063 1030 silenti
1125 977 1329 1035 lectulo
1386 997 1651 1055 surgens,
1699 988 1855 1044 solus

148 1047 212 1103 in
242 1052 491 1108 oratorio
516 1055 761 1112 orationi
791 1062 1053 1119 vacabat.
1094 1066 1336 1136 Jejuniis
1381 1086 1514 1128 vero
1556 1081 1668 1131 tam
1702 1091 1853 1147 prae-

149 1146 354 1206 potens
373 1151 514 1210 erat,
548 1151 613 1199 ut
643 1153 893 1215 tempore
925 1150 1038 1220 illo,
1071 1169 1201 1211 cum
1238 1172 1354 1226 prae
1399 1169 1665 1231 egestate,
1705 1146 1852 1235 quae

149 1229 444 1297 regionem
473 1231 628 1288 illam
677 1239 830 1290 675
861 1239 1228 1300 vehementer
1262 1229 1574 1320 affligebat,
1599 1229 1850 1311 triticum

147 1321 217 1370 ut
249 1318 416 1384 panis
446 1319 602 1376 fieret
653 1324 822 1378 etiam
857 1327 927 1382 ad
948 1343 1093 1398 opus
1122 1332 1275 1390 illius
1305 1318 1595 1408 defuisset,
1642 1357 1848 1412 panem

146 1417 350 1461 avenae
377 1407 593 1465 siccum
622 1419 677 1467 et
723 1415 940 1483 gratias
972 1431 1149 1489 agens
1191 1421 1251 1477 in
1303 1407 1611 1485 refectione
1671 1435 1848 1501 perci-

144 1502 329 1562 peret.

219 1582 481 1655 Cumque
511 1600 766 1656 genuum
799 1591 1124 1664 inﬂexione,
1148 1597 1506 1669 jejuniorum
1550 1608 1846 1679 afﬂiction,

139 1670 471 1741 infirmitas,
518 1689 649 1744 quae
691 1679 999 1738 vehemens
1048 1685 1316 1756 irruerat,
1365 1705 1562 1763 crura,
1615 1701 1848 1769 turgida

139 1760 474 1829 reddidiset,
508 1772 562 1819 et
601 1767 769 1835 quasi
816 1771 1021 1837 sopita,
1075 1775 1214 1831 adeo
1255 1785 1318 1833 ut
1379 1781 1530 1852 ignis
1549 1760 1840 1857 ardorem,

137 1846 276 1903 licet
335 1851 447 1919 pati
508 1852 820 1923 videretur,
883 1861 1117 1918 minime
1167 1846 1428 1937 sentiret,
1477 1871 1655 1929 abbas
1701 1890 1843 1933 suus

136 1946 284 1988 voce
307 1933 631 1993 humillima
664 1943 1005 2008 precabatur
1035 1955 1098 2002 ut
1143 1933 1429 2021 levigandri
1480 1957 1665 2026 gratia
1703 1962 1845 2017 cali—

136 2035 249 2092 gas
274 2023 665 2094 abstraheret;
700 2037 758 2085 at
789 2030 900 2098 ille,
956 2042 1021 2090 ut
1077 2046 1200 2094 erat
1245 2040 1400 2097 mitis
1449 2023 1699 2116 eloquio,
1736 2050 1844 2106 hu-

137 2111 356 2167 militer
404 2114 716 2185 abnegans,
767 2133 826 2173 se
852 2121 925 2175 ad
954 2125 1244 2182 modicum
1275 2134 1486 2200 perpeti
1531 2111 1843 2207 respondit,

135 2208 193 2255 et
256 2201 361 2255 hoc
417 2203 616 2259 leviter
654 2219 817 2274 posse
869 2211 1172 2270 sustinere.
1225 2217 1398 2275 Nocte
1449 2236 1585 2280 vero
1627 2201 1843 2284 subse-

135 2290 362 2358 quenti,
420 2291 660 2349 Domino
705 2296 1066 2368 propitiante,
1126 2303 1223 2360 illo
1280 2310 1617 2382 czeterisque
1676 2315 1845 2386 igno-

131 2378 426 2446 rantibus,
481 2380 781 2438 abstractae
837 2394 974 2442 sunt
1002 2390 1220 2462 caligae.
1253 2378 1536 2468 Cumque-
1571 2417 1643 2458 ex
1688 2378 1844 2462 more

133 2473 201 2521 ut
263 2468 334 2522 ad
395 2469 703 2526 Matutinos
743 2485 988 2544 pergens
1045 2493 1213 2538 mane
1265 2489 1628 2559 surrexisset,
1669 2507 1843 2550 crura

131 2557 426 2620 sensisset,
459 2565 513 2612 et
542 2559 756 2630 caligas
792 2562 851 2617 in
900 2566 1172 2626 cruribus
1229 2573 1467 2632 minime
1519 2557 1838 2652 reperisset,

127 2643 431 2699 admirans
462 2648 618 2716 quod
652 2651 958 2722 acciderat,
992 2671 1184 2714 coram
1213 2674 1272 2716 se
1319 2662 1380 2719 in
1437 2665 1645 2724 lectulo
1671 2671 1842 2740 plica-

128 2739 220 2787 tas
253 2732 494 2802 invenit,
526 2750 675 2808 quas
703 2739 910 2797 iterum
931 2745 1236 2817 accipiens,
1268 2751 1416 2808 sicut
1436 2732 1837 2830 consueverat,

127 2820 410 2878 reindnit.

761 2915 994 2976 CAPUT
1024 2921 1177 2980 VIII.

197 3015 305 3071 Est
365 3023 421 3072 et
478 3017 636 3076 aliud
687 3025 974 3082 memoriae
1026 3027 1290 3100 dignum,
1349 3036 1504 3104 qnod
1557 3039 1838 3100 Dominus

1964 635 2097 678 nem
2129 627 2498 696 concupivit:
2533 634 2685 690 unde
2708 643 3035 699 monasterii
3080 647 3303 705 Patrem
3337 653 3554 723 adiens,
3605 668 3669 715 ut

1965 709 2104 765 illnc
2133 714 2433 782 gradiendi
2484 719 2713 780 licentia
2770 727 2819 781 ei
2878 729 3134 802 daretur,
3187 751 3353 806 prece
3409 709 3668 801 non1mi-

1962 798 2120 854 nima
2150 801 2422 873 deposcit,
2455 816 2512 863 et
2563 811 2806 882 adeptus
2853 825 2958 874 est.
2994 798 3129 884 Qua
3147 798 3398 896 accepta,
3431 798 3665 890 assum-

1963 887 2074 955 ptis
2104 903 2296 947 secum
2333 896 2530 962 paucis
2560 898 2629 954 de
2659 901 2957 973 fratribus,
2993 924 3244 978 quorum
3277 887 3397 973 vita
3445 887 3666 991 religio-

1961 974 2124 1031 sitate
2165 979 2430 1051 pollebat,
2465 999 2595 1042 cum
2632 989 2951 1051 humilitate
2979 974 3205 1056 recedit.

2031 1061 2176 1128 Quid
2231 1067 2308 1123 ibi
2358 1072 2670 1133 adveniens
2731 1083 2906 1151 gessit
2957 1085 3014 1140 in
3075 1103 3262 1159 opere,
3320 1105 3660 1170 quantaque

1960 1164 2064 1219 pro
2094 1152 2301 1212 Christi
2328 1162 2559 1219 nomine
2589 1180 2891 1237 perpessus
2919 1182 3023 1241 est,
3085 1152 3148 1232 ut
3194 1152 3658 1252 exemplum—hat

1959 1239 2347 1314 audientibus,
2403 1253 2705 1320 propalare
2754 1272 2979 1316 necesse
3017 1271 3122 1319 est.
3167 1267 3347 1338 Coepit
3401 1287 3655 1346 namque

1960 1335 2023 1382 ut
2053 1329 2120 1384 de
2153 1335 2383 1404 proprio
2435 1353 2718 1400 manuum
2767 1347 3002 1418 viveret,
3077 1354 3179 1410 ubi
3246 1360 3449 1417 novale
3499 1329 3657 1423 tigret

1957 1415 2215 1475 scindere
2261 1437 2394 1481 cum
2440 1432 2647 1486 securi.
2681 1433 2854 1491 Cibus
2900 1447 3024 1495 erat
3054 1444 3260 1514 tenuis,
3313 1450 3477 1517 panis
3521 1468 3656 1510 cum

1956 1516 2129 1611 aquLa,
2160 1508 2429 1580 legumen
2455 1525 2510 1572 et
2544 1532 2709 1587 poma
2757 1524 3041 1583 silvestria
3079 1545 3211 1588 cum
3244 1508 3436 1594 labore
3466 1544 3652 1611 gravi,

1956 1595 2012 1684 et
2062 1590 2168 1647 hoc
2218 1599 2389 1654 semel
2434 1600 2492 1655 in
2543 1604 2656 1673 die,
2703 1619 2945 1679 excepta
2995 1590 3391 1678 Dominica
3411 1590 3654 1684 dice—so:

1957 1674 2148 1773 lemni.
2166 1682 2377 1754 thuze
2390 1687 2542 1744 domi
2562 1674 2902 1766 contulerat,
2934 1713 3146 1770 aquam
3187 1674 3354 1763 collo“
3368 1674 3649 1782 deferens,

1958 1762 2077 1834 ipse
2108 1771 2257 1827 mala
2285 1789 2417 1832 cum
2467 1779 2761 1849 pulmento
2808 1762 3054 1844 decoxit.
3097 1791 3188 1857 Et,
3222 1762 3480 1855 cumiad
3513 1762 3653 1873 quid

1964 1859 2318 1923 operandum
2343 1863 2492 1922 foras
2539 1871 2933 1943 egrederetur,
2968 1877 3012 1932 si
3037 1879 3169 1948 quis
3197 1896 3417 1954 pauper
3442 1859 3652 1947 occur-

1958 1955 2090 1999 rens
2141 1947 2215 2002 ibi
2287 1951 2708 2026 eleemosynam
2782 1947 3069 2032 posceret,
3109 1947 3489 2040 dispensatori
3547 1993 3652 2035 suo

1956 2045 2304 2106 praeceperat
2329 2049 2391 2098 nt
2423 2044 2582 2100 nullo
2611 2048 2780 2104 modo
2808 2065 3026 2110 vacuus
3055 2057 3256 2116 abiret.

2635 2187 2866 2247 CAPUT
2892 2194 2962 2249 X.

2022 2299 2242 2358 Accidit
2268 2313 2458 2362 autem
2493 2318 2554 2365 ut
2585 2313 2837 2381 quadam
2866 2317 2956 2372 die
2996 2319 3183 2378 viator
3236 2328 3495 2384 esuriens
3536 2331 3650 2388 illic

1947 2564 2095 2620 silva
2124 2571 2454 2640 regrediens
2505 2575 2552 2630 si
2608 2578 2763 2633 reﬁci
2797 2591 3023 2649 possent
3070 2585 3336 2657 inquirit.
3397 2596 3500 2650 Cui
3543 2612 3651 2653 ser-

1948 2653 2131 2711 vitor:
2191 2657 2381 2728 Panis,
2442 2662 2651 2733 inquit,
2689 2666 2876 2738 deest;
2935 2681 3072 2729 sunt
3131 2653 3296 2744 poma
3327 2679 3644 2754 silvestria;

1947 2745 2047 2812 qui
2069 2759 2194 2804 sero
2216 2751 2497 2818 superfuit
2521 2768 2729 2824 panem
2756 2757 3291 2833 indigentiprzebui.
3321 2769 3452 2825 Mox
3481 2745 3648 2830 laetus

1943 2839 1998 2887 et
2031 2833 2141 2889 Deo
2180 2839 2398 2906 gratias
2442 2855 2638 2913 agens,
2675 2845 3049 2919 fratremque,
3083 2854 3184 2922 qui
3234 2855 3378 2913 illud
3426 2870 3642 2930 egerat,

1947 2918 2304 2992 benedicens,
2385 2930 2682 2987 ecclesiam
2743 2918 3218 2998 subiitiorationi
3283 2944 3642 3006 incumbens.

1943 3007 2199 3066 Necdum
2273 3016 2548 3074 orationis
2636 3022 2814 3078 verba
2894 3024 3142 3095 finierat,
3201 3037 3256 3087 et
3332 3047 3461 3090 ecce
3554 3039 3646 3094 vir

123 3117 299 3160 servo
350 3118 456 3161 suo
515 3118 836 3168 monstrare
898 3097 1172 3185 dignatus
1218 3097 1570 3182 est-Nocte
1626 3097 1834 3188 etenim
1867 3137 1904 3190 C
1944 3097 2180 3192 quid“!
2216 3112 2464 3192 (inustus
2511 3109 2762 3177 panibus
2808 3112 3142 3182 adveniens’
3203 3117 3304 3180 hos
3346 3121 3640 3192 dispensa‘

126 3192 410 3262 quadam,
454 3195 796 3267 priusquam
816 3200 1022 3259 fratres
1051 3205 1122 3261 ad
1144 3207 1353 3264 debitae
1388 3214 1685 3272 servitutis
1706 3219 1838 3275 offi-

123 3281 288 3337 cium
319 3284 742 3356 processissent,
795 3289 888 3346 ille
947 3292 1088 3349 alios
1146 3299 1508 3369 antecedens,
1551 3316 1832 3364 monaste-

125 3369 287 3425 rium
345 3379 479 3428 ante
528 3374 706 3431 altare
744 3377 1109 3438 Dominicum
1163 3394 1437 3444 oraturus
1490 3392 1832 3466 ingreditur,

124 3457 397 3529 Cumque
444 3461 504 3516 in
529 3464 784 3520 oratione
818 3469 1160 3538 persisteret,
1210 3488 1445 3532 sursum
1500 3490 1671 3551 caput
1721 3485 1832 3542 ele-

120 3561 296 3613 vans,
330 3548 582 3606 ecclesiae
617 3551 1153 3615 fenestrasluminis
1189 3563 1489 3632 splendore
1519 3548 1834 3628 coruscan-

124 3642 208 3691 tes
293 3644 523 3708 tresque
582 3642 1006 3702 renitentissimi
1061 3648 1295 3707 habitus
1343 3654 1496 3711 viros
1546 3669 1832 3718 monaste-

124 3723 282 3779 rium
314 3726 645 3784 subintrare
677 3731 1030 3804 speculatur,
1074 3752 1260 3808 usque
1301 3740 1358 3796 in
1410 3746 1830 3816 presbyterium

122 3812 482 3882 festinantes,
544 3831 795 3887 quorum
856 3837 1012 3880 unus
1068 3829 1346 3885 sacerdoti
1405 3833 1627 3901 similis,
1687 3839 1831 3896 alter

119 3899 372 3970 diaconi,
432 3904 632 3961 tertius
681 3922 815 3964 vero
873 3911 1215 3971 subdiaconi
1263 3920 1508 3988 speciem
1569 3927 1822 3995 gerebat,

120 3987 231 4044 Ubi
253 4003 428 4058 super
455 4001 720 4051 sanctum
744 3997 946 4063 altare,
977 3987 1335 4072 inspectante
1363 4007 1486 4064 viro
1513 3987 1632 4079 Dei,
1658 4016 1827 4084 quasi

118 4077 400 4133 solemnia
433 4080 619 4137 missae
667 4083 1030 4145 devotissime
1061 4092 1517 4153 celebraverunt.
1550 4101 1826 4160 Extrema

115 4177 256 4220 vero
285 4167 542 4225 oratione
590 4171 771 4241 finita,
823 4176 923 4245 qui
978 4181 1241 4237 sacerdos
1281 4183 1607 4256 videbatur,
1641 4191 1821 4248 Simo-

116 4266 250 4308 nem
283 4254 641 4328 benedicens,
691 4276 812 4318 una
852 4278 983 4322 cum
1016 4269 1184 4324 sociis
1213 4270 1285 4327 ab
1331 4273 1458 4344 ejus
1485 4254 1666 4333 oculis
1693 4294 1824 4336 eva-

115 4342 268 4398 nuit.

1945 3187 2051 3241 tori
2091 3188 2198 3244 sub
2226 3189 2475 3250 Simonis
2494 3196 2727 3253 nomine
2761 3199 3013 3269 tradidit,
3050 3204 3148 3274 qui
3179 3206 3304 3263 viro
3354 3187 3454 3265 Dei
3509 3225 3641 3268 cum

1942 3276 2110 3332 sociis
2156 3281 2448 3349 accersito,
2511 3285 2654 3355 quid
2714 3289 2984 3346 acciderit
3040 3300 3094 3348 et
3149 3297 3639 3363 quemadmodum

1943 3363 2221 3422 Dominus
2249 3383 2549 3428 servorum
2574 3387 2814 3431 suorum
2843 3392 2955 3433 non
2982 3387 3066 3436 est
3097 3381 3310 3438 oblitus
3341 3385 3634 3445 indicavit.

1939 3451 2027 3507 Illi
2061 3463 2253 3512 autem
2287 3459 2396 3514 sub
2427 3461 2521 3516 tali
2557 3462 2703 3519 facto
2729 3466 3053 3538 stupefacti,
3090 3471 3197 3528 hoc
3228 3473 3340 3529 viri
3387 3475 3484 3531 Dei
3513 3477 3638 3534 fidei

1939 3541 2296 3615 deputantes,
2336 3548 2514 3607 Deum
2547 3553 2764 3622 pariter
2795 3555 3208 3628 laudaverunt,
3242 3562 3302 3618 in
3335 3564 3638 3623 refectione

1938 3640 2249 3688 sumentes.

2010 3721 2261 3778 Rursum
2296 3724 2354 3780 in
2386 3741 2634 3797 nemore,
2667 3730 2761 3786 cui
2819 3732 2933 3790 fere
2980 3736 3208 3794 nullum
3262 3746 3488 3812 tempus
3533 3743 3635 3801 ha-

1935 3806 2180 3866 bebatur
2210 3826 2481 3884 vacuum,
2514 3817 2672 3888 ligna
2702 3822 3017 3879 succidenti
3076 3825 3489 3888 ferramentum
3534 3847 3634 3890 ar-

1935 3895 2070 3953 bore
2127 3913 2438 3958 excussum
2482 3907 2698 3964 vulnus
2732 3910 2871 3978 pede
2930 3911 3221 3970 incutiens
3266 3919 3636 3979 vehementer

1933 3985 2180 4044 reddidit
2225 3989 2527 4060 afﬂictum,
2572 3996 2712 4052 adeo
2744 4005 2808 4054 ut
2837 3999 2990 4055 domi
3050 4004 3378 4074 regrediens
3433 4007 3636 4066 alienis

1931 4082 2358 4135 sustantaretur
2409 4080 2686 4140 humeris.
2757 4085 2919 4153 Quod
2977 4088 3180 4147 fratres
3227 4095 3437 4164 oppido
3491 4112 3633 4154 con-

1931 4162 2157 4233 tristati,
2203 4174 2267 4222 ut
2305 4168 2377 4224 ad
2426 4171 2715 4229 medicum
2753 4177 2901 4231 mitti
2931 4162 3280 4250 deberetur,
3305 4162 3628 4244 insinuant.

1928 4249 2149 4316 Quibus
2225 4253 2318 4310 ille
2391 4271 2662 4328 renuens,
2732 4273 2971 4334 excepto
3047 4268 3147 4324 Dei
3226 4249 3626 4344 medicamine,

1928 4339 2263 4398 nullatenus
2315 4359 2375 4400 se
2421 4347 2565 4403 velle
2639 4353 2833 4408 sanari
2891 4358 3220 4425 respondit;
3281 4368 3336 4416 et
3414 4369 3625 4432 tamen,

187 4431 350 4494 Quod
434 4434 629 4493 abba“
709 4454 833 4509 suo,
892 4446 958 4498 ut
1021 4446 1196 4502 moris
1251 4455 1352 4517 est,
1405 4435 1889 4514 confessionemn
1927 4439 2271 4496 procurante
2303 4433 2438 4501 Deo,
2492 4451 2626 4494 mox
2657 4439 2912 4508 pristinae
2968 4446 3273 4504 restitutus
3327 4457 3411 4507 est
3466 4453 3626 4508 sani-

115 4515 333 4575 faciens
389 4536 502 4578 non
557 4527 784 4593 celavit,
840 4530 1079 4596 exigens
1108 4535 1181 4590 ab
1228 4550 1293 4592 eo
1344 4546 1427 4608 ut,
1465 4543 1727 4611 quandiu
1759 4547 1818 4602 in

112 4605 237 4661 vita
295 4609 648 4679 subsisteret,
691 4616 837 4672 nulli
868 4620 1095 4687 penitus
1124 4605 1425 4683 hominum
1474 4605 1814 4691 denudaret.

113 4693 310 4751 Abbas
339 4706 531 4755 autem
575 4703 776 4760 videns
804 4707 900 4762 Dei
936 4708 1224 4767 hominem
1273 4715 1589 4783 profectum
1644 4729 1818 4778 atten-

113 4781 365 4853 dentem,
417 4793 472 4842 et
522 4791 800 4858 paulatim
831 4810 963 4866 qua:
1013 4798 1112 4854 Dei
1163 4781 1300 4858 sunt
1330 4803 1572 4862 virtutes
1603 4809 1816 4866 multas

110 4872 568 4945 amplectentem,
601 4879 786 4938 altiori
817 4899 994 4954 quam
1042 4902 1158 4958 quo
1203 4890 1496 4961 ingressus
1537 4903 1621 4952 est
1665 4900 1816 4975 capi-

111 4958 218 5014 tuli
305 4961 444 5030 loco,
526 4969 832 5026 ascendere
906 4981 961 5030 et
1021 4977 1216 5034 sedere
1270 4958 1586 5053 ‘praecepit:
1657 4958 1812 5056 quod

111 5044 230 5114 ipse
279 5051 593 5110 admodum
656 5059 815 5115 triste
861 5061 1066 5132 ferens,
1111 5044 1416 5126 veniarum
1465 5044 1813 5145 multiplica-

109 5131 263 5190 tione
285 5139 732 5200 misericordiam
761 5149 1116 5222 postulabat;
1157 5162 1212 5210 et
1244 5155 1349 5212 hoc
1382 5161 1586 5217 tandiu
1616 5131 1808 5221 actum
1855 5204 1898 5228 .ρ

107 5229 211 5289 est,
245 5225 428 5283 donec
457 5231 530 5285 ad
568 5233 756 5290 sedem
809 5237 1111 5306 pristinam
1166 5247 1423 5302 revocari
1467 5255 1804 5318 promeruit.

773 5359 1007 5417 CAPUT
1039 5362 1139 5418 IX.

179 5451 540 5525 Perpendens
586 5459 781 5532 itaque
830 5465 1104 5524 honorem
1137 5485 1172 5525 a
1223 5471 1499 5532 fratribus
1556 5479 1662 5535 sibi
1694 5480 1807 5538 im-

108 5551 369 5613 pensum,
392 5554 771 5620 metuensque
797 5567 868 5609 ne
893 5554 1252 5625 jejuniorum
1281 5576 1521 5621 suorum
1547 5567 1801 5640 afﬂictio,

106 5638 208 5684 seu
235 5630 350 5688 alia
378 5634 652 5704 quaelibet
709 5641 915 5697 animae
964 5649 1304 5718 necessaria,
1365 5652 1538 5711 alicui
1578 5656 1635 5713 in
1674 5672 1804 5716 con-

1929 4517 2050 4572 tati.

1996 4604 2117 4662 Sub
2185 4607 2332 4665 idem
2390 4625 2526 4669 vero
2570 4621 2798 4686 tempus
2861 4619 2953 4675 vir
3004 4623 3242 4692 quidam
3299 4626 3622 4698 religiosus,

1925 4695 2070 4749 tanti
2102 4695 2214 4752 viri
2269 4699 2481 4756 famam
2540 4705 2801 4774 audiens,
2857 4707 3038 4764 ferreo
3096 4713 3337 4769 vestitus
3405 4695 3624 4772 amictu

1924 4795 2098 4852 super
2122 4785 2299 4851 nudo,
2349 4787 2418 4844 de
2474 4789 2794 4863 longinquo
2845 4796 3068 4852 visendi
3120 4801 3312 4869 gratia
3362 4803 3520 4858 venit
3551 4804 3624 4860 ad

1921 4884 2089 4943 eum;
2126 4874 2229 4943 qui
2285 4874 2486 4933 devote
2534 4883 2771 4937 veniens
2803 4883 3069 4942 devotius
3106 4888 3178 4943 ab
3208 4902 3274 4944 eo
3322 4899 3624 4962 susceptus

1919 4967 2023 5014 est.
2081 4960 2262 5026 Quem
2320 4973 2627 5036 postquam
2659 4974 2809 5024 ozo
2846 4975 3109 5031 secretim
3140 4976 3463 5048 alloquens,
3493 4960 3620 5038 ine-

1919 5049 2074 5104 scius
2103 5065 2218 5120 quo
2268 5051 2524 5122 docente,
2558 5057 2639 5112 sic
2691 5058 2961 5117 indutum
3010 5066 3306 5134 comperit,
3365 5083 3618 5125 summo-

1919 5151 2050 5205 pere
2101 5139 2443 5209 deprecatur
2496 5145 2882 5214 poenitentiale
2945 5151 3087 5208 illud
3143 5153 3250 5210 sibi
3306 5155 3468 5212 dari:
3518 5160 3617 5228 qni

1919 5226 2186 5296 precibus
2211 5228 2338 5299 ejus
2383 5245 2668 5302 annuens,
2723 5235 2851 5293 licet
2893 5238 3111 5296 invitus
3161 5242 3400 5313 dimisit,
3448 5254 3503 5302 et
3532 5226 3622 5303 ab-

1916 5314 2130 5370 scessit.
2164 5315 2357 5373 Simon
2411 5333 2562 5389 vero,
2623 5323 2696 5379 ab
2742 5325 2948 5382 abbate
2990 5327 3090 5384 vix
3129 5331 3334 5402 adepta
3363 5332 3614 5405 licentia,

1915 5416 2122 5472 corpus
2155 5410 2441 5476 tenerum,
2473 5408 2695 5480 abjecto
2723 5411 2908 5468 cilicio
2936 5430 3052 5485 quo
3085 5419 3378 5489 utebatur,
3412 5422 3618 5481 durius

1915 5490 2057 5547 illud
2092 5493 2279 5551 induit
2308 5497 2512 5553 diebus
2564 5499 2780 5570 multis,
2835 5504 3083 5560 cadaver
3129 5507 3388 5566 afficiens
3438 5514 3616 5568 semi-

1913 5589 2246 5639 mortuum:
2297 5586 2454 5656 quod
2485 5586 2781 5660 ferrugine
2835 5592 3100 5660 tinctum,
3149 5595 3447 5654 clavorum
3488 5608 3618 5657 tun-

1912 5664 2172 5723 sionibns
2224 5670 2507 5737 attritum,
2569 5679 2688 5730 tam
2715 5673 2959 5730 lividum
2991 5684 3045 5733 et
3078 5677 3423 5739 dilaniatum
3480 5685 3614 5740 red-
