3930 6388
258 5384 273 5391 ”
343 5398 527 5447 runt:

356 403 492 455 1219

1390 396 1484 450 AD
1522 396 1672 452 OPP.
1714 395 1874 450 VEN.
1917 394 2254 451 GUIBERTI
2292 392 2386 448 DE
2429 392 2817 450 NOVlGENTO

3761 400 3879 451 1220

350 535 513 601 didit,
545 542 611 592 ut
653 534 757 606 qui
813 534 976 590 vidit.
1034 539 1327 599 assereret,
1389 530 1544 601 quod
1608 531 1781 585 etiam
1811 542 2051 585 saxeum
2083 532 2126 585 A
2166 527 2380 598 pariter
2404 534 2459 583 et
2492 527 2672 599 ignoti
2730 527 3014 585 Simonem
3048 528 3383 601 diligebant,
3419 531 3731 588 Simonem
3765 548 3876 588 cer-

353 632 552 695 pectus
574 625 663 695 pie
697 623 757 679 in
788 623 1015 680 ﬂetibus
1043 620 1246 678 molliri
1277 634 1438 690 posse
1469 618 1778 674 videretur.

1028 762 1261 819 CAPUT
1288 761 1377 816 Χῐ.

425 889 638 945 Eodem
668 902 804 942 vero
838 894 1083 956 tempore
1128 886 1293 941 bonae
1334 885 1622 959 memoria:
1681 884 1923 954 Hugone
1953 882 2053 939 aha

353 978 483 1034 hate
531 973 995 1033 Cluniacensium
1043 980 1285 1044 rogante
1319 980 1384 1029 ut
1434 972 1553 1043 ipse
1602 972 1807 1028 beatus
1859 971 1949 1027 vir
1996 971 2052 1026 in

355 1065 592 1124 Galliam
626 1063 1102 1135 proﬁcisceretur,
1138 1068 1203 1118 ut
1236 1076 1338 1132 pro
1369 1076 1435 1117 eo
1466 1075 1658 1132 regem
1700 1061 2052 1116 Francorum

353 1153 704 1223 Philippum,
736 1152 838 1221 qui
868 1150 973 1206 sibi
1013 1151 1278 1221 quaedam
1312 1149 1627 1213 auferebat,
1662 1148 2057 1219 alloqueretur

353 1250 407 1300 et
434 1242 762 1311 corriperet,
813 1239 1038 1295 abbatis
1067 1239 1157 1294 sui
1213 1238 1449 1308 imperio
1510 1238 1569 1292 in
1619 1236 1862 1293 Galliam
1917 1249 2054 1306 pro-

355 1331 536 1388 fectus
560 1335 663 1385 est.

424 1417 645 1474 Accidit
674 1415 962 1487 autem;eo
986 1414 1379 1485 proﬁcisceute
1417 1413 1573 1484 apud
1616 1411 2051 1482 Compendium,

351 1507 626 1579 oppidum
686 1504 860 1575 regis,
905 1510 973 1560 ut
1004 1503 1308 1559 sudarium
1341 1501 1568 1559 Domini
1601 1500 1782 1557 levari
1814 1500 2055 1556 debuis-

354 1604 456 1663 set,
487 1602 542 1651 et
579 1607 753 1664 capsa
804 1605 982 1648 aurea
1013 1590 1309 1647 decentius
1334 1590 1581 1661 deponi;
1618 1588 1773 1661 quod
1803 1588 1895 1643 vir
1938 1588 2055 1643 Do-

352 1684 493 1740 mini
533 1682 795 1749 audiens,
834 1681 905 1737 ab
934 1680 1138 1736 itinere
1169 1679 1325 1751 quod
1358 1678 1570 1735 rectius
1613 1677 1938 1743 videbatur,
1991 1682 2055 1730 ut

354 1773 492 1829 illuc
531 1772 734 1838 abiret,
764 1770 1194 1840 aliquantulum
1250 1768 1478 1824 divertit
1529 1781 1597 1823 ac
1650 1766 1707 1821 in
1756 1764 1915 1822 brevi
1939 1765 2056 1820 Do-

349 1862 506 1917 mino
531 1830 774 1917 ducente
798 1830 1087 1929 pervenit;
1122 1857 1224 1928 qui
1257 1858 1403 1913 beati
1435 1855 1679 1913 Cornelii
1732 1853 1898 1925 quasi
1948 1853 2055 1909 sub
2089 1830 2129 1883 Β

356 1948 582 2006 occulto
613 1947 889 2018 templum
936 1954 1209 2002 oraturus
1243 1946 1557 2016 ingressus,
1608 1958 1643 1999 a
1680 1942 2054 2015 quibusdam,

356 2039 459 2110 qui
492 2036 782 2094 festivitati
833 2035 1168 2102 intererant,
1223 2033 1416 2090 statim
1449 2032 1804 2104 agnoscitur,
1836 2038 1889 2088 et
1920 2045 2057 2086 mox

356 2128 510 2183 fama
548 2124 879 2197 pervolante
907 2137 1107 2183 rumor
1138 2123 1196 2178 in
1221 2123 1466 2179 auribus
1510 2121 1675 2192 vulgi
1721 2119 2054 2190 suscipitur.

355 2215 481 2272 Vox
514 2214 705 2284 populi
747 2219 803 2269 et
848 2212 1032 2269 turbae
1066 2211 1311 2267 latantis
1339 2211 1555 2267 clamor
1605 2210 1914 2265 attollitur:
1978 2206 2060 2263 Si-

356 2317 490 2359 mon
520 2303 634 2359 fere
663 2302 734 2358 ab
786 2301 1058 2356 omnibus
1110 2300 1507 2367 clamabatur;
1545 2297 1740 2354 Simon
1795 2296 2055 2353 certatim

354 2391 651 2462 aspicitur,
682 2396 737 2447 et
765 2389 845 2445 sic
876 2402 1064 2459 usque
1093 2388 1165 2444 ad
1201 2387 1479 2458 palatium
1510 2387 1679 2457 regis,
1714 2387 1832 2453 vix,
1887 2386 2059 2441 turba

355 2485 667 2551 premente,
700 2477 1087 2534 subtrahitur.

425 2567 606 2635 Quem
660 2581 785 2632 rex,
835 2566 937 2637 qui
984 2579 1172 2636 nuper
1234 2565 1566 2631 advenerat,
1621 2562 2058 2635 diligentissime

356 2654 833 2712 intuenshonore
868 2652 1162 2723 perdebito
1217 2652 1487 2721 suscepit,
1546 2664 1800 2720 eumque
1852 2648 2059 2705 blande

355 2744 642 2800 allocutus
687 2742 734 2797 si
765 2741 907 2813 quid
933 2742 1005 2797 ab
1035 2755 1100 2797 eo
1130 2740 1461 2811 postularet,
1499 2754 1558 2795 se
1606 2738 1842 2808 obsequi
1904 2752 2057 2808 prae-

356 2840 623 2903 paratum
646 2830 1017 2888 libentissime
1062 2829 1408 2900 repromisit.
1458 2828 1559 2884 llle
1605 2842 1741 2883 vero
1770 2824 2057 2897 petitionis

354 2936 473 2978 sum
503 2935 617 2977 non
669 2921 986 2986 immemor,
1020 2919 1161 2990 quid
1200 2918 1308 2975 sibi
1369 2925 1670 2989 quaereret,
1703 2916 1975 2987 innotuit,
2002 2922 2056 2970 et

352 3010 501 3066 sicut
532 3008 789 3080 petierat,
824 3007 1172 3077 impetravit.

424 3098 489 3186 In
544 3098 794 3154 crastino
847 3096 1062 3186 itaque
1099 3095 1467 3186 solemnitate
1513 3102 1760 3166 peracta,
1822 3102 1877 3151 et
1945 3095 2123 3186 Do-C

350 3185 493 3240 mini
570 3186 883 3256 perspectis
964 3184 1244 3256 reliquiis,
1322 3184 1643 3255 Anglorum
1725 3197 1917 3255 regem
1994 3190 2049 3237 et

348 3277 634 3347 reginam,
666 3275 767 3346 qui
797 3288 930 3331 eum
964 3273 1313 3338 nutrierant,
1346 3272 1570 3329 visendi
1608 3272 1794 3343 gratia
1839 3273 2047 3328 North-

349 3366 644 3421 manniam
712 3377 899 3433 usque
964 3361 1310 3432 properavit,
1394 3360 1647 3431 illucque
1712 3360 2052 3430 perveniens

349 3461 550 3510 contra
580 3451 783 3519 lilium,
814 3451 1128 3506 Robertum
1158 3449 1410 3517 nomine,
1446 3464 1640 3521 regem
1679 3448 2048 3505 dimicantem

348 3542 613 3607 invenit;
664 3540 766 3611 qui
829 3539 1064 3609 utrique
1119 3552 1475 3608 compassus,
1553 3552 1690 3609 pace
1743 3538 2051 3594 reformata

353 3629 694 3700 pestilentiae
719 3627 938 3683 malum
971 3641 1005 3682 a
1033 3627 1265 3697 regione
1297 3626 1540 3697 fugavit.

420 3717 635 3774 Audita
686 3730 823 3771 vero
883 3714 1012 3785 ejus
1062 3714 1214 3770 fama
1261 3714 1363 3785 qui
1417 3714 1507 3770 sui
1559 3713 1616 3769 in
1652 3714 1861 3770 saeculo
1892 3713 2050 3771 dice—

348 3803 585 3871 bantur,
621 3803 716 3859 alii
773 3810 830 3859 et
884 3802 1281 3874 quamplures,
1330 3816 1479 3873 pene
1536 3803 1742 3859 milites
1792 3803 1966 3871 mille,
1994 3804 2051 3860 in

346 3892 660 3949 adventum
691 3890 818 3962 ejus
848 3891 961 3947 laeti
981 3891 1212 3947 obviam
1247 3898 1672 3961 processerunt,
1713 3898 1769 3948 et
1802 3891 2053 3962 quisque

346 3981 417 4036 de
458 3979 689 4051 proprio
735 3993 948 4036 aurum
979 3979 1071 4036 vel
1123 3987 1453 4051 argentum,
1498 3980 1717 4037 mulam
1750 3994 1853 4036 seu
1908 3980 2056 4050 pale-

347 4068 563 4126 fridum
610 4075 677 4125 ut
714 4067 1014 4138 acciperet,
1075 4067 1440 4124 devotissime
1483 4069 1907 4138 precabantur;
1961 4068 2053 4124 ille

344 4172 482 4214 vero
511 4156 650 4213 foris
696 4156 914 4227 gratias
940 4171 1140 4227 agens,
1173 4157 1343 4213 corde
1386 4171 1489 4227 pro
1537 4157 1720 4213 nihilo
1752 4165 2052 4228 reputans,

344 4246 576 4301 nullum
630 4245 858 4314 penitus
916 4245 1221 4314 accipiens,
1270 4245 1395 4301 hzec
1445 4246 1641 4302 omnia
1677 4260 1750 4302 ex
1810 4245 2054 4302 adverso

347 4332 741 4404 conspicatur.

2166 630 2300 671 nere
2330 616 2705 684 laetabantur;
2734 631 2849 672 non
2883 617 2991 673 hoc
3020 617 3274 686 fortuito,
3307 620 3400 675 sed
3434 618 3531 675 Dei
3565 620 3875 691 dispensa-

2167 703 2318 760 tione
2352 704 2471 759 ﬁeri
2503 705 2856 761 credendum
2883 713 2986 761 est.

2236 794 2379 848 Ecce
2421 794 2672 849 occurrit
2703 794 2761 848 in
2818 794 3094 850 memoria
3141 795 3301 851 mirae
3349 795 3528 865 ipsius
3576 797 3872 866 patientia

2166 881 2405 947 bonum,
2456 882 2611 951 quod
2676 882 2873 938 eodem
2927 883 3129 939 itinere
3185 884 3461 940 sustinuit
3529 886 3871 941 necessitate

2163 970 2516 1039 compulsus.
2564 969 2709 1026 Nam
2768 985 2899 1026 cum
2948 971 3101 1040 apud
3160 972 3512 1029 Firmitatem
3562 974 3868 1029 castellum

2164 1072 2295 1127 qua:
2341 1058 2476 1113 olim
2522 1059 2705 1129 ipsius
2738 1060 3039 1115 haereditas
3087 1060 3239 1115 dicta
3267 1069 3371 1127 est,
3408 1062 3462 1117 in
3495 1063 3743 1132 propria
3774 1063 3872 1117 de-

2162 1155 2506 1215 moraretur,
2540 1147 2791 1203 amicum
2819 1149 3129 1218 quemdam
3161 1149 3231 1204 ad
3264 1163 3323 1205 se
3349 1150 3419 1205 de
3446 1150 3584 1205 villa
3624 1150 3870 1206 venien-

2164 1241 2296 1302 tem,
2356 1236 2585 1292 videndi
2642 1236 2919 1292 desiderio
2968 1250 3295 1305 accensum,
3328 1253 3484 1294 unus
3534 1253 3608 1295 ex
3661 1239 3738 1294 iis
3771 1242 3867 1309 qui

2164 1331 2421 1393 raptores
2461 1324 2757 1393 dicuntur,
2805 1325 3113 1395 improvise
3153 1326 3470 1395 prosiliens,
3503 1334 3746 1397 captum
3782 1342 3865 1383 ra-

2164 1413 2290 1483 puit
2318 1420 2373 1468 et
2409 1413 2671 1469 abcessit.
2705 1412 2865 1480 Quod
2914 1413 2992 1469 ibi
3026 1414 3234 1470 milites
3261 1422 3315 1470 et
3342 1415 3450 1471 viri
3484 1416 3710 1472 nobiles
3763 1416 3867 1471 ad-

2166 1509 2483 1569 verterunt,
2533 1502 2691 1558 triste
2729 1502 3044 1559 admodum
3074 1502 3337 1572 ferentes,
3381 1504 3766 1575 quaesierunt,
3818 1514 3867 1561 et

2165 1598 2427 1661 repertus
2471 1597 2573 1646 est.
2611 1591 2828 1646 Eruere
2857 1591 3071 1658 oculos,
3105 1605 3207 1647 seu
3254 1592 3418 1649 aliter
3454 1592 3746 1663 justitiam
3782 1594 3867 1649 fa-

2164 1694 2291 1735 cere
2314 1678 2712 1735 minabantur.

2248 1768 2342 1824 vir
2396 1775 2589 1824 autem
2634 1767 2860 1823 Domini
2917 1768 3330 1835 innocentiam,
3392 1777 3448 1825 et
3501 1769 3645 1825 illud
3706 1771 3864 1842 quod

2166 1857 2451 1926 scriptum
2498 1864 2583 1913 est
2612 1856 2781 1912 corde
2831 1857 3124 1913 retinens:
3164 1879 3186 1906 ι
3224 1857 3360 1914 Mihi
3391 1858 3728 1927 vindictam,
3766 1874 3866 1929 ego

2166 1945 2504 2009 retribuam,
2567 1944 2704 1999 dicit
2768 1944 3047 2000 Dominus
3097 1944 3280 2016 (Rom.
3329 1962 3425 2013 xu,
3489 1946 3600 2017 19),
3666 1968 3687 1995 ι
3749 1947 3867 2003 ﬁeri

2165 2033 2400 2089 omnino
2443 2032 2758 2102 prohibuit.
2802 2033 2964 2089 Tunc
2994 2047 3149 2089 unus
3172 2047 3244 2089 ex
3274 2034 3459 2099 sociis,
3495 2035 3778 2091 accersito
3807 2050 3869 2090 eo

2165 2129 2378 2178 secreto
2408 2121 2744 2191 alloquitur,
2773 2122 2917 2178 scire
2937 2121 3135 2178 volens
3165 2123 3417 2193 qualiter
3442 2130 3496 2179 et
3525 2138 3641 2194 quo
3666 2125 3867 2180 animo

2167 2210 2324 2266 illam
2356 2209 2631 2280 injuriam
2672 2210 2889 2267 illatam
2920 2210 3246 2279 sustineret,
3280 2211 3327 2266 si
3370 2211 3613 2268 dedecus
3638 2212 3865 2268 illatum

2167 2299 2240 2354 ab
2289 2299 2485 2369 aliquo
2526 2299 2585 2354 in
2619 2298 2852 2368 propria
2901 2298 3155 2365 sentiret,
3202 2300 3387 2371 magis
3429 2314 3548 2356 esse
3576 2314 3634 2356 se
3663 2300 3864 2357 laetum

2165 2395 2219 2443 et
2250 2388 2465 2458 gratias
2496 2387 2608 2442 Deo
2638 2387 2912 2443 exhibere
2942 2388 3253 2458 respondit,
3284 2388 3425 2458 quia
3452 2388 3732 2459 patientia
3762 2390 3863 2445 sal-

2165 2476 2435 2533 vahimus
2463 2476 2687 2532 animas
2719 2483 2965 2532 nostras.

2813 2617 3047 2676 CAPUT
3086 2619 3211 2675 Xll.

2239 2742 2487 2800 Peractis
2498 2743 2678 2814 igitur
2697 2742 2756 2798 in
2772 2741 2970 2799 itinere
2984 2756 3114 2813 quae
3126 2743 3510 2813 perpetranda
3521 2751 3709 2811 erant,
3734 2757 3859 2799 ere-

2166 2846 2326 2889 mum
2348 2832 2695 2904 regrediens,
2720 2846 2851 2902 quae
2869 2831 3031 2902 prius
3051 2832 3645 2902 proposueratiterum
3671 2832 3865 2888 incho-

2166 2920 2303 2988 avit,
2333 2918 2529 2989 ibique
2559 2926 2847 2991 quantum
2879 2919 3040 2976 licuit
3065 2920 3247 2976 labori
3277 2934 3546 2991 corporeo
3570 2920 3864 2988 insistens,

2168 3008 2224 3064 in
2246 3008 2569 3064 humilitate
2588 3008 2940 3079 conquievit.
2964 3008 3089 3074 Sed,
3114 3024 3185 3065 ne
3205 3008 3409 3065 civitas
3424 3023 3596 3079 super
3610 3017 3868 3065 montem

2168 3097 2368 3167 posita,
2399 3103 2455 3153 et
2483 3096 2680 3153 lumen
2711 3097 2910 3154 lateret
2938 3097 2998 3153 in
3031 3098 3299 3166 tenebris,
3350 3104 3562 3157 sanctae
3590 3098 3869 3154 Romana)

2160 3186 2312 3241 sedis
2360 3193 2712 3243 memoratus
2741 3185 2977 3243 antistes
3027 3187 3168 3243 tanti
3199 3187 3309 3243 viri
3341 3201 3549 3243 nomen
3597 3186 3865 3247 audiens.

2156 3275 2352 3331 abbati
2382 3288 2454 3330 su
2499 3315 2514 3342 ,
2548 3281 2614 3331 ut
2644 3274 2719 3330 ad
2747 3289 2883 3332 eum
2916 3275 3261 3342 mitteretur,
3301 3274 3504 3332 litteris
3533 3276 3866 3331 denuntiat.

2158 3363 2258 3420 Ille
2304 3377 2440 3419 vero
2492 3377 2526 3418 a
2571 3363 2611 3419 ti
2658 3363 2815 3431 mali,
2852 3362 3006 3420 fama
3054 3363 3248 3420 dolore
3292 3370 3631 3429 commotus,
3666 3377 3743 3419 ne
3775 3365 3869 3419 alii

2160 3451 2561 3520 turbarentur,
2608 3451 2867 3522 sigillum
2916 3452 3282 3508 abscondisse
3332 3465 3438 3507 nec
3473 3450 3871 3506 manifestasse

2157 3539 2390 3606 dicitur,
2433 3539 2614 3596 donec
2637 3540 2909 3596 dominus
2940 3554 3091 3611 papa
3122 3554 3328 3596 rursus
3354 3544 3503 3595 097
3535 3538 3696 3594 aliud
3728 3540 3870 3595 mit-

2162 3636 2320 3696 teret,
2354 3629 2752 3699 quodduriora
2798 3629 3105 3700 bajularet.
3162 3629 3425 3686 Secundo
3470 3641 3731 3698 namque
3770 3643 3872 3700 per

2160 3714 2408 3773 litteram
2458 3717 2671 3773 editam
2716 3718 2892 3785 dedit,
2924 3717 3039 3773 nisi
3092 3718 3440 3788 quantocius
3470 3718 3527 3772 in
3574 3715 3867 3772 Simonem

2158 3805 2604 3861 transmittendo
2659 3805 2901 3862 festinus
2955 3805 3243 3874 existeret,
3304 3805 3485 3862 abbas
3539 3811 3594 3860 et
3649 3813 3864 3861 cuncta

2158 3890 2528 3961 congregatio
2573 3904 2609 3945 a
2655 3890 2898 3962 spiritali
2933 3888 3121 3947 ofﬁcio
3166 3897 3419 3947 vacaret.
3469 3888 3614 3956 Quid
3643 3889 3865 3958 plura?

2157 3977 2451 4033 Turbatur
2515 3978 2695 4034 abbas
2726 4019 2742 4047 ,
2822 3978 3027 4034 fratres
3112 3978 3326 4048 pariter
3389 3976 3861 4034 censtristantur.

2157 4063 2306 4130 Quid
2338 4065 2497 4122 aliud
2523 4066 2821 4122 facerent?
2844 4054 3109 4123 Ecclesiae
3138 4079 3391 4137 namque
3420 4065 3675 4121 solamen
3699 4067 3866 4122 amit-

2162 4154 2325 4210 titur.

2231 4241 2508 4311 Disposito
2553 4257 2693 4313 ergo
2725 4243 2926 4300 itinere
2970 4243 3029 4299 in
3071 4244 3141 4298 iis
3168 4257 3299 4314 quae
3346 4242 3543 4313 parari
3572 4242 3863 4298 videban—

2163 4336 2279 4397 tur,
2349 4330 2539 4387 Simon
2590 4345 2709 4387 una
2759 4346 2890 4388 cum
2950 4331 3116 4389 sociis
3163 4332 3238 4387 ad
3298 4332 3510 4388 Urbem
3561 4330 3857 4401 dirigitur.

419 4423 502 4478 Ad
554 4422 826 4478 ultimum
882 4436 1019 4479 vero
1051 4437 1246 4495 regem
1302 4431 1520 4481 secreto
1560 4424 1760 4480 adiens
1804 4432 1859 4480 et
1909 4423 2125 4494 regi-‘1)
2161 4418 2341 4486 Quem
2372 4427 2679 4490 postquam
2709 4421 3034 4477 venientem
3074 4421 3280 4477 domus
3309 4420 3655 4491 apostolicus
3702 4412 3893 4476 mm;

344 4524 500 4579 nam,
553 4517 783 4566 maestos
828 4509 1032 4580 pietate
1098 4512 1315 4581 pariter
1365 4511 1552 4568 reddit
1595 4519 1650 4569 et
1707 4512 2048 4583 gaudentes;

346 4599 487 4656 adeo
517 4605 582 4655 ut
617 4598 838 4670 regina,
867 4599 1017 4656 sicut
1047 4600 1331 4656 bonarum
1383 4601 1556 4656 moris
1595 4608 1679 4656 est
1716 4600 2048 4667 mulierum,

345 4688 504 4759 loqui
563 4688 831 4759 nequiret
902 4689 1083 4745 verba
1157 4688 1544 4746 intercedente
1616 4688 1865 4760 ploratu.
1924 4689 2054 4746 Post

344 4777 537 4834 dulcia
586 4777 785 4848 itaque
814 4791 1015 4834 eorum
1059 4776 1370 4848 colloquia,
1404 4784 1461 4832 et
1491 4777 1785 4849 reliquias,
1816 4791 2050 4846 aurum,

342 4872 668 4937 argentum,
698 4873 751 4922 et
781 4873 986 4922 catera
1018 4879 1149 4936 qua:
1179 4865 1517 4936 hujusmodi
1549 4874 1685 4922 sunt
1705 4864 2055 4922 munuscula

346 4954 425 5011 illi
444 4946 714 5023 offerunt,
745 4961 810 5011 ut
835 4953 1087 5025 benigne
1131 4954 1446 5024 susciperet
1485 4968 1833 5025 sunmopere
1864 4954 2057 5024 depre-

343 5049 567 5097 cantes:
603 5041 695 5098 ille
720 5049 913 5098 autem
938 5048 1147 5111 praeter
1179 5041 1458 5112 reliquias
1513 5042 1635 5098 hac
1692 5042 1886 5098 omnia
1932 5042 2057 5098 vili-

345 5127 617 5197 pendens,
660 5127 887 5183 nullum
941 5130 1002 5184 in
1055 5128 1386 5198 accipiendo
1427 5128 1672 5198 praebuit
1731 5129 2059 5195 assensqu

344 5215 654 5286 Ignorante
678 5222 870 5271 tamen
900 5215 1016 5284 illo,
1054 5216 1153 5286 qui
1185 5231 1319 5273 cum
1340 5230 1409 5273 eo
1438 5216 1575 5272 socii
1612 5217 1858 5284 fuerant,
1892 5230 2054 5287 qua-

345 5302 476 5357 dam
505 5302 724 5373 optima
750 5303 856 5359 sub
904 5303 1185 5361 absconso
1238 5306 1527 5376 capientes
1557 5318 1803 5362 munera
1830 5304 2053 5362 detule-

605 5389 801 5461 itaque
826 5391 973 5446 male
1013 5393 1160 5449 facto
1179 5400 1235 5449 et
1262 5402 1494 5464 accepto
1538 5394 1610 5450 ad
1640 5393 2054 5450 monasterium

342 5479 566 5549 regredi
599 5479 935 5535 meditatur.
967 5479 1012 5535 Ο
1044 5481 1192 5537 mira
1222 5482 1323 5538 Dei
1375 5482 1726 5553 dispensatio
1758 5483 1770 5536 ε
1809 5483 1940 5553 quis
1959 5482 2055 5538 ho-

343 5567 568 5624 minum
601 5574 828 5624 tantum
870 5567 1191 5626 dilectionis
1232 5571 1451 5627 donum
1480 5572 1554 5627 ab
1584 5570 1918 5627 hominibus
1959 5571 2058 5626 im-

342 5669 580 5724 pensum
614 5655 970 5726 temporibus
1015 5656 1134 5714 istis
1175 5660 1563 5728 promeruisse
1611 5658 1876 5715 dicitur?
1924 5659 2053 5715 Noti

2163 4507 2330 4577 perit,
2382 4515 2437 4564 et
2465 4508 3032 4580 appropinquantem
3069 4509 3250 4575 oculis
3285 4508 3531 4565 intuitus
3559 4515 3662 4575 est,
3696 4507 3860 4564 laetus

2161 4595 2427 4663 efﬁcitur,
2470 4611 2603 4653 cum
2635 4598 2852 4654 honore
2880 4598 3174 4668 perdehito
3218 4597 3533 4667 suscipiens
3569 4610 3722 4651 eum.
3757 4597 3855 4653 Cui

2164 4684 2263 4741 ubi
2312 4685 2522 4742 blande
2552 4686 2835 4743 allocutus
2866 4687 3022 4757 pacis
3069 4686 3331 4743 osculum
3378 4684 3647 4753 tradidit;
3688 4685 3857 4755 juxta

2163 4772 2383 4829 Thecla:
2432 4774 2677 4846 virginis
2730 4774 3028 4831 ecclesiam
3092 4774 3299 4831 domus
3345 4774 3418 4831 ad
3478 4772 3855 4829 habitandum

2162 4875 2425 4932 congrua
2482 4863 2736 4934 cligitur.
2786 4863 2913 4930 Qua
2977 4863 3337 4919 sanctissime
3393 4861 3754 4919 conversanti
3803 4869 3857 4917 et

2162 4951 2407 5006 orationi
2447 4952 2702 5018 vacanti,
2755 4951 2945 5008 omnis
2998 4951 3238 5008 societas
3289 4964 3530 5008 suorum
3561 4963 3665 5020 pro
3698 4949 3852 5005 inﬁr-

2164 5037 2360 5094 mitate
2409 5039 2513 5096 loci
2544 5048 2726 5096 morte
2772 5040 3070 5096 subtracta
3115 5046 3218 5106 est,
3268 5039 3478 5096 relictis
3506 5037 3853 5094 solummodo

2162 5126 2391 5183 duobus
2440 5128 2759 5192 monachis.
2813 5142 3064 5199 quorum
3113 5128 3260 5185 alter
3313 5129 3384 5184 ad
3448 5126 3849 5183 monasterium

2162 5228 2460 5287 regressus
2488 5224 2593 5285 est,
2621 5217 2765 5273 alter
2791 5231 2932 5274 vero
2959 5215 3042 5273 illi
3076 5217 3334 5273 serviens
3368 5229 3553 5286 usque
3583 5214 3656 5270 ad
3686 5213 3848 5270 ﬁnem

2166 5306 2317 5375 vitze,
2350 5305 2521 5362 Urbis
2546 5306 3001 5378 inaequalitatem
3031 5320 3164 5362 cum
3195 5319 3261 5362 eo
3288 5303 3581 5361 sustinuit.

2789 5446 3025 5504 CAPUT
3073 5446 3231 5503 XIII.

2232 5569 2454 5626 Accidit
2506 5569 2705 5627 eodem
2766 5576 3015 5639 tempore
3068 5567 3223 5640 quod
3270 5566 3517 5624 domnus
3561 5577 3746 5636 papa,
3797 5574 3846 5621 et

2164 5658 2451 5715 Robertus
2479 5651 2717 5728 quidam
2760 5658 2989 5728 Apulia:
3040 5657 3323 5727 princeps,
3376 5656 3449 5711 ab
3478 5653 3717 5710 invicem
3746 5653 3845 5710 dis~
