3930 6450
174 449 311 503 1221

1103 447 1329 501 ADDIT.
1357 446 1614 501 —VITA
1655 447 1712 500 Β.
1755 443 2040 500 SIMONIS
2077 446 2234 500 COM.
2279 447 2801 504 CRESPEIENSIS.

3558 465 3574 512 ί
3587 463 3691 514 2‘2‘2

165 583 476 647 sentirent,
536 579 691 636 unde
748 578 959 649 praesul
1017 584 1280 634 metuens
1337 592 1409 632 ne
1476 577 1680 633 civitas
1747 576 1878 632 belli
1909 579 1952 633 Α
1994 590 2100 631 mae
2147 590 2358 646 corpus
2407 577 2464 632 in
2510 578 2731 635 foveam
2781 581 3036 639 delatum
3103 583 3426 655 deponitur.
3473 588 3689 646 Census

162 671 542 728 contentione
592 670 648 724 in
694 668 890 739 aliquo
943 668 1402 737 perturbaretur,
1453 667 1738 723 Simonem
1774 681 1874 722 ac-

162 761 423 828 cersivit,
487 772 853 828 summopere
897 757 1209 826 deprecans
1241 765 1302 812 ut
1373 757 1615 826 pacandi
1689 757 1875 827 gratia

163 843 313 898 illuc
371 843 848 912 proficisceretur.
901 841 1006 896 Cui
1067 839 1256 894 statim
1311 839 1578 894 obediens
1623 853 1682 894 se
1738 854 1873 908 pro-

161 931 459 988 fecturum
502 932 858 1001 promittens,
900 928 1173 998 adjuncto
1201 928 1305 982 sibi
1355 928 1477 982 viro
1517 927 1872 997 religiosissi-

160 1033 284 1086 mo,
323 1019 430 1075 iter
458 1017 663 1088 arripit
696 1032 828 1074 cum
862 1015 1255 1072 benedictione
1277 1014 1551 1084 jubentis.

237 1109 322 1163 Eo
356 1109 533 1178 igitur
575 1106 888 1161 adveniens
928 1105 1242 1174 principem
1285 1103 1576 1172 quaeritet
1619 1101 1872 1170 invenit;

161 1212 347 1267 quem
391 1199 689 1251 inventum
743 1194 911 1263 quasi
969 1193 1155 1262 epulis
1210 1193 1268 1246 in
1328 1193 1455 1246 visu
1512 1205 1616 1245 suo
1659 1191 1870 1257 refecit,

162 1285 327 1340 unde
376 1299 569 1354 pacem
618 1283 954 1348 reformans,
1005 1282 1158 1352 quod
1219 1280 1398 1335 voluit
1447 1293 1615 1348 opere
1668 1293 1875 1348 perpe-

162 1371 368 1426 travit.
416 1369 697 1426 Omnibus
744 1371 939 1440 itaque
991 1370 1126 1424 illuc
1164 1368 1494 1438 paciﬁcatis,
1544 1367 1870 1434 revertitur,

163 1456 225 1511 in
267 1458 470 1514 itinere
517 1459 709 1528 plebes
755 1457 876 1531 [al.,
930 1455 1149 1528 plures]
1201 1457 1520 1526 alloquens,
1555 1464 1619 1512 ut
1655 1455 1725 1510 ad
1758 1456 1874 1512 Do—

160 1547 396 1602 minum
440 1553 916 1602 converterentur
961 1545 1283 1600 admonuit.
1324 1545 1502 1616 Cujus
1540 1543 1873 1599 allocutioni

159 1649 471 1690 assensum
514 1636 850 1704 praebentes,
918 1648 1058 1704 pene
1102 1633 1403 1702 sexaginta
1443 1632 1650 1688 milites
1691 1645 1871 1687 saecu-

158 1723 394 1779 laribus
427 1724 667 1790 omissis,
721 1737 882 1778 arma
927 1721 1222 1776 Dominica
1263 1729 1682 1791 susceperunt;
1715 1728 1769 1776 et
1793 1719 1874 1774 sic

159 1813 280 1868 viri
343 1813 439 1868 Dei
525 1811 929 1882 przedicatione
1001 1810 1396 1865 monachalem
1453 1809 1713 1864 habitum
1772 1823 1874 1878 per

158 1901 401 1957 diversa
450 1902 758 1971 provinciae
805 1901 926 1956 loca
978 1914 1109 1984 cum
1161 1899 1550 1955 benedictione
1604 1912 1869 1967 suscepe-
1901 1895 1940 1949 B

159 1997 330 2045 runt.

238 2078 326 2133 Ad
375 2077 584 2133 Urbem
626 2077 822 2147 itaque
885 2090 1181 2146 regressus
1237 2074 1558 2145 pontiﬁcem
1606 2075 1764 2143 adiit,
1815 2082 1870 2130 et

159 2167 457 2237 quidquid
504 2173 700 2236 egerat
748 2165 817 2220 de
870 2179 1008 2235 pace
1060 2164 1369 2220 nuntiavit.
1425 2163 1524 2218 Ille
1571 2171 1764 2220 autem
1815 2173 1872 2220 et

160 2262 401 2325 gratum
434 2254 636 2309 habuit
683 2253 835 2323 quod
881 2252 1116 2321 accepit,
1163 2259 1217 2306 et
1267 2251 1408 2306 illud
1456 2252 1610 2320 quod
1662 2252 1872 2308 fecerat

159 2343 532 2413 approbavit.
559 2342 673 2398 Nec
723 2342 900 2397 multo
946 2348 1071 2410 post
1117 2340 1336 2395 habens
1374 2339 1431 2395 in
1470 2340 1765 2396 voluntate
1799 2342 1869 2396 ad

162 2432 584 2487 monasterium
631 2431 860 2498 reverti,
903 2430 1190 2485 licentiam
1233 2429 1305 2484 ab
1350 2444 1417 2485 eo
1460 2444 1593 2485 cum
1633 2430 1868 2486 humili-

163 2529 285 2576 tate
343 2521 637 2590 deposcit:
695 2521 796 2590 qui
848 2534 952 2575 nec
1015 2519 1217 2588 primo,
1273 2533 1375 2574 nec
1435 2519 1686 2574 secundo
1743 2519 1872 2589 ejus

165 2611 439 2680 precibus
489 2624 686 2665 aurem
749 2608 1206 2671 accommodans,
1263 2607 1372 2662 tale
1421 2607 1602 2662 fertur
1651 2607 1870 2663 dedisse

166 2713 557 2768 responsum:
609 2697 836 2754 ¢.Sicut
881 2712 986 2752 nec
1033 2696 1174 2751 meis
1222 2695 1459 2763 meritis,
1513 2695 1867 2761 charissime,

166 2801 276 2840 nec
333 2800 479 2850 mea,
527 2785 623 2840 sed
679 2785 892 2839 domini
950 2784 1096 2838 Petri
1146 2783 1532 2838 dominatione
1600 2783 1868 2853 pastorali

167 2874 287 2929 huc
329 2874 639 2929 accersitus
685 2873 1015 2941 advenisti;
1063 2871 1142 2926 ita
1190 2885 1296 2925 nec
1339 2885 1466 2924 mea
1493 2877 1578 2924 est
1622 2870 1679 2925 in
1716 2879 1869 2940 pote-

165 2971 314 3018 state
344 2962 644 3032 promissio
676 2960 1015 3016 revertendi.
1051 2959 1207 3015 Vade
1248 2973 1404 3028 ergo,
1455 2967 1508 3014 et
1551 2959 1867 3014 oratorium

168 3052 467 3121 ingredere
493 3050 641 3106 beati
690 3050 861 3109 Petri.
909 3057 964 3104 et
1014 3048 1300 3118 quidquid
1347 3047 1406 3102 in
1445 3047 1739 3104 voluntate
1761 3047 1870 3102 ha-

167 3141 318 3206 beat,
360 3139 719 3195 orationibus
749 3144 1129 3208 perscrutare.
1169 3158 1190 3185 ι

239 3199 347 3294 Qui
407 3235 570 3283 nocte
628 3199 1039 3296 subsequente,
1109 3223 1258 3280 sicut
1321 3223 1437 3292 ipse
1503 3230 1865 3293 praeceperat,
1901 3199 1938 3253 (ἶ

168 3314 448 3384 templum
504 3322 845 3384 precaturus
896 3313 1243 3384 ingreditur,
1313 3319 1488 3367 totam
1534 3312 1866 3382 pervigilem

166 3406 385 3462 ducens
409 3406 651 3462 orationi
694 3405 968 3470 intentus,
1010 3410 1065 3459 et
1107 3402 1448 3474 priusquam
1495 3401 1625 3457 inde
1670 3415 1868 3470 proce-

167 3495 344 3559 deret,
378 3509 497 3565 qua
526 3495 790 3550 sublatus
837 3500 920 3548 est
950 3491 1102 3559 vitae,
1138 3492 1336 3548 mortis
1376 3490 1706 3546 inﬁrmitate
1738 3504 1870 3545 cor-

169 3584 391 3653 ripitur.
443 3584 573 3640 Mox
621 3583 751 3638 inde
802 3581 1174 3652 progrediens
1229 3581 1303 3636 ad
1355 3579 1773 3646 habitaculum,
1816 3586 1871 3633 et

169 3672 309 3728 lecto
356 3673 640 3738 decidens,
688 3672 779 3742 {ad
848 3669 1256 3726 confessionem
1325 3683 1490 3724 suam
1542 3667 1867 3738 pontificem

171 3762 394 3828 invitat,
435 3769 490 3816 et
533 3761 604 3816 ad
644 3776 701 3816 se
733 3759 1108 3815 visitandum.
1141 3758 1248 3825 Qui
1280 3757 1565 3814 voluntati
1594 3757 1720 3828 ejus
1760 3757 1866 3811 ob-

170 3859 513 3919 temperans,
567 3857 622 3905 et
669 3849 1014 3905 mundatum
1067 3861 1101 3902 a
1129 3847 1286 3903 vitiis
1319 3847 1583 3911 absolvit,
1623 3853 1678 3901 et
1710 3848 1868 3916 pari-

170 3949 256 3996 ter
323 3939 664 3994 benedicens
717 3937 981 3994 abcessit.
1040 3937 1156 3993 Nec
1210 3937 1393 3994 multo
1463 3944 1586 4007 post
1634 3935 1864 4005 pretiosi

168 4028 420 4098 corporis
457 4035 512 4083 et
555 4027 860 4097 sanguinis
907 4025 1115 4082 Christi
1170 4025 1490 4081 munimine
1547 4025 1865 4084 roboratus.

169 4116 351 4186 pridie
399 4116 685 4171 Kalendas
725 4114 985 4171 Octobris
1031 4114 1299 4184 spiritum
1353 4115 1463 4169 Deo
1501 4113 1764 4180 reddidit,
1811 4121 1866 4168 et

168 4205 356 4274 qualis
378 4205 433 4260 in
465 4205 585 4259 vita
614 4204 890 4275 religione
920 4203 1249 4274 perstiterit,
1297 4203 1429 4258 finis
1470 4202 1866 4258 sanctissimus

169 4294 227 4348 in
263 4293 646 4363 assumptione
676 4294 1035 4348 monstravit.

803 4436 1032 4492 CAPUT
1069 4435 1220 4492 XIV.

238 4561 380 4616 Ecce
438 4560 641 4616 civitas
689 4559 876 4615 omnis
943 4572 1174 4615 rumore
1233 4557 1580 4614 concutitur.
1643 4556 1862 4613 Diversi

168 4665 340 4706 sexus
367 4657 420 4705 et
449 4650 632 4706 aetatis
681 4663 820 4718 gens
869 4649 927 4703 in
977 4648 1178 4704 funere
1225 4646 1584 4715 concitatur;
1619 4653 1674 4702 et
1711 4647 1864 4717 quod

169 4737 380 4794 viventi
421 4738 617 4793 minus
659 4737 956 4804 tribuerat,
1000 4736 1188 4792 funeri
1225 4736 1353 4806 ejus
1407 4735 1748 4804 obsequium
1793 4736 1865 4790 ab

171 4827 237 4883 iis
274 4827 650 4882 ministratur.
703 4826 871 4889 Tum,
922 4825 1283 4894 praecipiente
1327 4824 1605 4893 episcopo,
1666 4824 1865 4893 sepul-

173 4924 309 4972 turze
358 4915 516 4971 locus
567 4917 716 4970 inter
764 4914 1104 4984 apostolicos
1153 4920 1568 4982 praeparatur;
1619 4919 1674 4967 et
1727 4911 1866 4981 quia

170 5003 529 5074 apostolicam
586 5004 764 5058 vitam
831 5003 1056 5058 studuit
1123 5001 1356 5068 imitari,
1418 5001 1620 5056 merito
1691 5001 1867 5073 hujus

169 5093 339 5163 apicis
366 5093 605 5162 adeptus
632 5097 715 5146 est
742 5091 1101 5161 dignitatem.

236 5181 445 5237 Praesul
492 5189 683 5235 tamen
745 5194 859 5236 non
924 5179 1127 5246 adfuit,
1195 5178 1526 5234 infirmitate
1574 5177 1860 5244 detentus,

169 5270 258 5326 sed
296 5270 512 5324 clerum
559 5282 787 5324 omnem
843 5281 1186 5333 convocans,
1241 5267 1434 5336 dirigit
1485 5265 1618 5321 illuc
1638 5265 1862 5335 episco-

170 5373 284 5428 pos,
325 5357 578 5423 abbates,
660 5355 896 5410 clericos
965 5363 1019 5409 et
1084 5353 1359 5410 moniales
1401 5367 1532 5409 cum
1584 5353 1762 5409 cereis
1808 5360 1863 5407 et

168 5446 564 5504 luminaribus.
623 5443 708 5499 Ita
753 5451 815 5499 ut
847 5443 1083 5512 triginta
1141 5443 1402 5512 quinque
1459 5442 1861 5513 congregatio-

167 5551 300 5594 num
345 5547 644 5600 numerus,
679 5546 811 5587 cum
859 5531 1201 5600 populorum
1251 5529 1457 5597 turbis,
1509 5530 1700 5585 funeri
1735 5529 1861 5600 ejus

165 5621 499 5692 obsequium
555 5620 964 5686 ministrarent,
1013 5626 1067 5673 et
1113 5618 1195 5673 sic
1241 5632 1375 5673 cum
1415 5618 1723 5672 missarum
1763 5631 1859 5672 so-

168 5710 384 5770 lemniis
433 5715 489 5763 et
532 5707 858 5763 celebritate
905 5706 1196 5775 prazcipua
1237 5719 1271 5761 a
1321 5706 1684 5776 principibus
1742 5706 1858 5760 Ro-

1984 678 2120 719 vero
2146 665 2516 722 denariorum
2552 682 2668 724 non
2714 669 3020 727 minimum
3051 685 3085 727 a
3133 675 3376 743 praesule
3427 677 3684 746 collatus,

1986 754 2338 823 pauperibus
2385 764 2678 824 erogatur.
2729 759 2875 814 Ecce
2923 761 3019 816 Dei
3080 777 3282 818 servus
3328 764 3546 834 absque
3588 782 3688 837 pe-

1983 841 2157 895 cunia
2205 852 2260 898 et
2308 845 2650 913 cognatione
2702 846 2918 916 aliqua,
2958 851 3128 917 paulo
3173 858 3305 907 ante
3353 866 3592 923 pauper,
3629 856 3684 910 in

1984 925 2096 980 ﬁne
2127 927 2285 982 dives
2312 928 2579 997 efficitur,
2609 931 2704 986 sed
2743 933 2935 989 adhuc
2964 935 3135 991 ditior
3173 937 3233 993 ﬁt
3262 938 3402 995 dum
3447 940 3505 996 iu
3553 943 3680 999 sede

1983 1015 2177 1070 coelica
2207 1017 2535 1074 collocatur.

2053 1104 2272 1174 Regina
2323 1121 2456 1161 vero
2505 1107 2823 1179 Anglorum
2887 1111 3179 1169 Mathildis
3230 1116 3484 1186 nomine,
3527 1118 3686 1175 dives

1981 1198 2035 1246 et
2065 1195 2602 1263 przepotentissima,
2650 1197 2790 1265 quia
2829 1213 2963 1254 eum
3015 1201 3300 1257 nutrierat
3345 1212 3400 1259 et
3450 1220 3685 1261 consan-

1982 1281 2263 1349 guinitate
2307 1283 2606 1339 dicebatur
2637 1286 2920 1355 proxima,
2965 1289 3035 1343 ob
3067 1289 3174 1344 viri
3208 1291 3304 1346 Dei
3351 1295 3683 1350 memoriam

1981 1368 2051 1423 ad
2101 1370 2458 1438 sepulturam
2503 1376 2977 1443 componendam,
3041 1377 3235 1433 Romae
3305 1382 3432 1436 auri
3479 1397 3688 1452 quam-

1981 1456 2297 1526 plurimum
2340 1467 2395 1514 et
2443 1464 2667 1531 argenti
2719 1464 3000 1520 monacho
3029 1465 3314 1524 deferente
3345 1471 3682 1528 transmisit.

1980 1543 2116 1610 Quae
2146 1547 2400 1602 studiose
2444 1550 2684 1618 quadris
2731 1559 2786 1606 et
2833 1553 3026 1621 politis
3075 1554 3365 1624 lapidibus
3412 1573 3484 1614 ex
3523 1573 3682 1615 mar-

1980 1647 2136 1689 more
2161 1635 2371 1690 diversi
2422 1637 2626 1693 coloris
2668 1639 2910 1708 intexta,
2948 1643 3141 1698 adhuc
3182 1645 3684 1714 peregrinantibus

1980 1721 2248 1780 bonitatis
2268 1727 2531 1796 exempla
2563 1729 2793 1798 prmbet.

2627 1870 2858 1927 CAPUT
2898 1873 3020 1930 XV.

2052 1989 2370 2046 Monachus
2397 1999 2591 2048 autem
2624 1993 2740 2062 qui.
2787 2009 2920 2050 cum
2965 1995 3193 2052 Simone
3234 1997 3334 2054 diu
3371 2013 3682 2056 conversa—

1981 2085 2092 2145 tus,
2153 2078 2513 2135 incommoda
2589 2083 2841 2152 corporis
2915 2099 3016 2154 pro
3081 2087 3208 2156 ejus
3262 2100 3454 2143 amore
3502 2090 3684 2144 multo

1979 2166 2352 2237 sustinuerat,
2415 2177 2538 2238 post
2585 2169 2712 2240 ejus
2775 2174 3242 2243 assumptionem,
3298 2184 3540 2246 postque
3588 2192 3681 2233 se-

1981 2254 2231 2323 pulturas
2305 2271 2424 2312 suae
2492 2263 2642 2314 678
2724 2259 3177 2330 instructionem,
3250 2263 3446 2320 relicta
3504 2265 3682 2320 Roma

1980 2343 2391 2398 monasterium
2432 2347 2649 2412 revisit,
2683 2348 2803 2415 ubi,
2849 2349 3045 2405 multis
3081 2351 3284 2407 diebus
3322 2352 3681 2408 abstinentiae

1979 2438 2033 2484 et
2064 2430 2245 2486 labori
2296 2447 2528 2502 operam
2561 2435 2725 2500 dans,
2767 2449 3008 2492 summa:
3058 2438 3397 2496 humilitatis
3421 2442 3685 2512 exempla

1980 2520 2341 2576 monstravit.
2399 2522 2744 2593 Priusquam
2805 2539 2936 2580 vero
2985 2527 3054 2581 ad
3106 2536 3369 2594 mortem,
3415 2543 3547 2598 qua:
3600 2539 3683 2586 est

1980 2608 2172 2664 exitus
2203 2610 2353 2676 vitae,
2399 2611 2860 2682 propinquasset,
2904 2613 3095 2670 Simon
3139 2615 3397 2672 beneﬁcii
3453 2625 3507 2672 et
3559 2633 3685 2673 ser-

1981 2696 2480 2767 vitutisimpensae
2528 2715 2645 2754 non
2707 2701 3024 2769 immemor,
3070 2711 3232 2759 nocte
3283 2705 3537 2774 quadam
3582 2721 3682 2776 ap-

1981 2786 2176 2854 paruit
2222 2787 2272 2842 ei
2321 2802 2455 2842 cum
2514 2789 2734 2844 caneris
2783 2790 3120 2859 quiescenti,
3169 2806 3382 2848 vocans
3421 2808 3574 2861 eum,
3630 2803 3684 2850 et

1981 2873 2174 2929 dicens
2209 2891 2220 2928 :
2259 2896 2278 2922 ι
2315 2876 2556 2931 Robertc
2590 2877 2688 2945 (sic
2730 2877 2882 2932 enim
2916 2880 3239 2948 appellatus
3267 2883 3390 2950 est).
3429 2903 3448 2929 ι
3484 2883 3557 2938 At
3590 2883 3682 2938 ille

1981 2961 2204 3031 inquit:
2240 2981 2268 3013 α
2309 2963 2395 3018 Tu
2445 2965 2578 3033 quis
2627 2964 2786 3020 es?»
2840 2966 3002 3021 Tunc
3046 2966 3238 3023 Simon
3293 2970 3680 3038 respondens:

1987 3072 2007 3096 ε
2046 3051 2181 3120 Ego,
2232 3049 2440 3120 inquit,
2488 3052 2679 3108 Simon
2724 3067 2874 3120 sum,
2908 3073 2935 3105 »
2973 3061 3028 3110 et
3066 3055 3308 3126 adjecit:
3353 3077 3381 3105 ‹‹
3431 3057 3547 3113 Cur
3578 3058 3682 3112 hoc

1983 3139 2039 3193 in
2092 3153 2182 3194 me
2225 3139 2358 3194 olim
2412 3139 2596 3196 facere
2649 3141 2878 3197 voluisti
2921 3141 2948 3196 ‘i
2994 3141 3137 3197 Nam
3183 3157 3316 3198 cum
3365 3145 3521 3213 apud
3580 3145 3685 3200 Ro-

1982 3241 2135 3282 mam
2191 3227 2262 3282 ad
2322 3242 2538 3284 novum
2611 3229 2922 3298 sepulturae
2981 3230 3170 3287 locum
3228 3246 3436 3302 corpus
3490 3248 3682 3290 meum

1979 3315 2336 3384 transferres,
2398 3317 2476 3372 nil
2527 3330 2630 3386 pro
2692 3318 2887 3372 anima
2956 3333 3083 3374 mea
3151 3321 3504 3389 pauperibus
3563 3337 3683 3378 ero-

1977 3404 2142 3473 gasti.
2179 3425 2206 3453 ››
2258 3403 2364 3460 Cui
2407 3405 2733 3460 Bobertus:
2774 3427 2793 3452 ι
2853 3405 3095 3476 Pauper,
3154 3407 3364 3477 inquit,
3416 3423 3594 3477 eram,
3629 3420 3684 3466 et

1977 3506 2185 3548 census
2218 3491 2360 3548 mihi
2391 3493 2603 3549 deerat.
2632 3515 2652 3540 ι
2699 3494 2798 3549 Ille
2834 3503 3068 3550 econtra
3102 3511 3114 3549 :
3154 3517 3175 3544 ι
3228 3497 3461 3552 Certum
3502 3509 3584 3554 est
3630 3507 3681 3554 te

1977 3580 2247 3638 habuisse
2295 3582 2516 3652 aliquid
2567 3582 2722 3652 quod
2770 3583 3050 3654 impertiri
3095 3584 3396 3641 debueras.
3438 3607 3458 3634 ι
3493 3587 3582 3654 Et,
3617 3596 3679 3643 ut

1976 3669 2095 3738 ipse
2120 3677 2243 3740 post
2272 3671 2508 3726 modum
2534 3671 2748 3737 retulit,
2782 3672 2926 3726 duos
2957 3685 3162 3728 aureos
3196 3673 3465 3730 habebat.

2046 3759 2133 3813 Ad
2177 3773 2349 3829 quem
2383 3760 2590 3814 iterum
2639 3759 2965 3815 Robertus:
3013 3783 3033 3808 ι
3093 3761 3464 3817 Dilectissime
3515 3763 3675 3831 mihi,

1975 3861 2106 3916 quae
2145 3846 2330 3917 gloria
2376 3855 2430 3902 et
2470 3862 2601 3917 quae
2644 3847 2875 3918 requies
2923 3848 3025 3903 tibi
3077 3858 3322 3917 maneat,
3373 3850 3420 3906 si
3474 3852 3674 3920 placet,

1976 3936 2254 3991 insinua?
2294 3935 2560 4006 Requies,
2593 3936 2803 4006 inquit,
2840 3945 2895 3992 et
2927 3936 3110 4006 gloria
3141 3951 3267 3993 mea
3301 3952 3511 4008 magna
3542 3949 3626 3995 cst
3661 3957 3673 3995 :

1973 4025 2118 4080 Nam
2175 4023 2455 4079 Dominus
2491 4038 2654 4079 meus
2707 4025 2853 4079 inter
2895 4025 3179 4094 apostolos
3234 4027 3494 4096 requiem
3538 4029 3674 4084 mihi

1973 4114 2148 4180 dedit,
2175 4120 2231 4169 et
2288 4113 2476 4168 sedem
2546 4112 2870 4182 gloriosam.
2919 4132 2947 4164 ιο
3022 4112 3095 4168 At
3145 4112 3274 4168 ille:
3327 4135 3345 4162 ι
3399 4115 3467 4170 Ει
3520 4116 3676 4185 quod

1971 4210 2056 4257 est
2107 4201 2405 4272 gaudium,
2461 4203 2592 4270 quis
2647 4209 2854 4256 cantus
2884 4209 3014 4257 ante
3065 4202 3396 4271 Dominum,
3444 4218 3582 4274 rogo
3630 4205 3676 4259 si

1974 4289 2381 4361 putesedicas?
2432 4291 2701 4360 Magnum
2751 4297 2856 4356 est,
2905 4290 3112 4360 inquit,
3163 4291 3442 4361 gaudium
3487 4301 3541 4348 et
3585 4293 3679 4348 in-

1972 4377 2501 4446 comprehensibile,
2551 4391 2658 4432 nec
2708 4377 2898 4433 verbis
2934 4378 3179 4446 narrari,
3214 4393 3318 4434 nec
3364 4393 3537 4436 sensu
3577 4395 3676 4436 co—

1893 4501 1939 4554 D
1979 4465 2148 4536 gitari
2204 4473 2401 4554 potest.
2455 4465 2669 4520 Tamen
2726 4466 2773 4521 si
2832 4480 3267 4536 pergamenum,
3323 4481 3569 4536 pennam
3623 4477 3676 4526 et

1978 4555 2306 4610 incaustum
2372 4553 2428 4608 in
2488 4555 2750 4624 proximo
2806 4554 3128 4623 habuisses,
3181 4563 3399 4611 certum
3459 4565 3510 4612 te
3535 4558 3675 4612 scri-

1975 4641 2160 4697 bendo
2191 4642 2249 4697 in
2293 4641 2490 4712 aliquo
2535 4641 2925 4697 reddidissem.
2982 4661 3007 4695 ι
3053 4643 3123 4699 Ει
3169 4645 3406 4714 adjecit:
3457 4666 3479 4694 σ
3539 4645 3674 4700 Volo

1975 4737 2038 4786 ut
2069 4731 2338 4786 Auselmo
2394 4730 2613 4786 Sanctae
2675 4730 2867 4785 Mariae
2926 4731 3086 4786 Becci
3137 4731 3352 4799 abbati,
3403 4733 3670 4802 prudenti

1972 4826 2024 4874 et
2083 4819 2556 4875 reverendissimo
2638 4820 2782 4887 viro,
2865 4820 3021 4890 quod
3087 4820 3378 4874 modicum
3443 4819 3498 4874 in
3559 4821 3672 4875 Deo

1973 4908 2113 4962 mihi
2144 4908 2386 4964 contulit
2424 4907 2732 4976 auxilium,
2767 4923 2838 4964 ex
2879 4917 3042 4978 parte
3088 4915 3283 4963 nostra
3331 4907 3670 4977 denunties;

1972 4997 2328 5052 zestimabam
2374 4997 2587 5066 quippe
2637 4996 2692 5052 in
2725 5012 2790 5053 eo
2828 5011 2965 5067 erga
2997 4996 3206 5052 anima:
3237 5011 3377 5052 mete
3405 4997 3669 5063 salutem,

1973 5085 2141 5140 ﬁdem
2191 5092 2245 5140 et
2291 5085 2650 5141 dilectionem
2712 5099 2828 5140 non
2876 5085 3179 5141 modicam.
3221 5107 3240 5132 ι
3322 5085 3421 5141 His
3481 5085 3668 5153 dictis,

1972 5172 2300 5229 confortans
2329 5188 2461 5230 eum
2494 5174 2566 5229 ad
2604 5175 2942 5230 servitutem
2995 5182 3050 5230 et
3093 5174 3474 5231 obedientiam
3507 5175 3670 5232 salu-

1971 5270 2172 5328 tarem,
2206 5260 2515 5332 disparuit.

2043 5352 2242 5407 Frater
2283 5365 2420 5407 vero
2461 5351 2614 5421 quod
2665 5351 2927 5407 audierat
2967 5351 3130 5407 beato
3157 5352 3302 5417 viro,
3344 5351 3492 5409 sicut
3523 5367 3672 5422 prae.-

1969 5447 2197 5510 ceptum
2251 5447 2354 5506 est,
2411 5441 2724 5496 enarravit.
2777 5440 2880 5496 Cui
2942 5440 3120 5496 abbas
3160 5440 3531 5510 lacrymando
3576 5456 3670 5497 re.-

1969 5528 2198 5598 spondit
2241 5529 2438 5585 dicens
2477 5545 2490 5582 :
2535 5551 2554 5578 ι
2601 5529 2776 5584 Crede
2822 5529 2982 5595 mihi,
3046 5528 3243 5596 frater,
3295 5529 3462 5584 crede
3505 5530 3668 5597 mihi,

1967 5632 2106 5675 vera
2135 5618 2330 5674 intulit
2359 5633 2562 5674 servus
2594 5618 2733 5686 Dei;
2783 5631 2914 5672 nam
2970 5618 3218 5688 peccatis
3264 5621 3404 5675 me's
3433 5619 3668 5690 exigen-

1970 5707 2142 5769 tibus,
2199 5705 2340 5761 illnd
2391 5706 2544 5776 quod
2585 5707 2849 5762 deberem
2919 5706 3150 5776 pigritia
3200 5707 3490 5763 detinente
3531 5715 3672 5776 post-
