3930 6426
356 348 492 402 i223

1384 346 1476 403 AD
1511 345 1665 403 OPP.
1709 346 1861 403 VEN.
1903 345 2242 404 GUIBEBTI
2281 346 2371 403 DE
2410 342 2800 403 NOVIGENTO

3738 352 3756 400 1
3768 349 3843 401 224

353 482 551 556 posui;
582 482 630 539 si
678 496 816 540 vero
865 481 1104 549 orando,
1147 481 1567 553 eleemosynam
1613 480 1897 551 faciendo,
1944 496 2047 538 seu
2075 499 2120 555 Α
2229 482 2583 539 Francorum
2614 495 2920 553 procerum
2950 494 3085 552 pars
3103 495 3208 553 ego
3230 493 3445 553 magna
3472 479 3579 538 fui.

351 572 513 628 aliud
542 570 704 642 quid,
738 569 894 641 quod
941 570 1055 626 Deo
1101 569 1338 641 placeat,
1383 570 1713 638 exhibeam,
1764 570 2054 640 operando

351 659 622 716 omnibus
666 659 849 716 modis
892 667 955 715 ut
989 658 1046 714 in
1087 659 1177 714 his
1225 658 1601 729 participetur
1643 667 1872 730 exopto.
1922 678 1951 712 η
1983 659 2055 715 Et

354 748 444 805 his
472 747 638 804 dictis
664 748 879 818 pariter
908 747 1299 803 abcesserunt.

426 836 526 891 His
552 842 637 891 est
685 835 776 892 vir
822 836 913 892 ille
962 834 1428 906 religiosissimus
1466 834 1791 903 Anselmus,
1843 834 1945 906 qui
1983 849 2053 892 ex

357 924 562 979 abbate
598 923 924 980 Cantuariis
956 922 1438 993 archiepiscopus,
1475 931 1530 980 et
1579 922 1879 994 legationis
1909 937 2055 994 apo-

356 1012 565 1068 stolicae
595 1011 655 1066 in
689 1010 890 1081 Anglia
918 1010 1156 1066 sortitus
1181 1017 1264 1067 est
1293 1009 1648 1082 dignitatem.

428 1100 558 1154 Haec
581 1105 636 1154 et
661 1097 778 1153 alia
825 1112 956 1168 quae
1004 1098 1074 1154 de
1119 1097 1347 1154 Simone
1394 1099 1609 1169 scripta
1651 1106 1808 1167 sunt,
1855 1098 1915 1155 hi
1949 1101 2052 1169 qui

354 1189 422 1245 de
453 1187 685 1259 propria
713 1186 952 1252 familia,
988 1186 1043 1242 in
1072 1186 1282 1243 saeculo
1312 1186 1423 1242 viri
1451 1187 1886 1258 religiosissimi,
1918 1201 2052 1243 cum

353 1291 418 1334 eo
450 1276 710 1332 habitum
741 1274 1058 1346 spiritalem
1105 1282 1504 1344 susceperunt,
1555 1289 1687 1345 quae
1729 1274 1913 1332 oculis
1957 1274 2054 1329 in-

354 1364 485 1421 tuiti
541 1370 679 1420 sunt
731 1371 788 1420 et
842 1363 1089 1420 auribus
1156 1363 1489 1431 audierunt,
1561 1363 2053 1435 quemadmodum

352 1452 706 1524 scripsimus,
738 1452 818 1507 ita
847 1466 969 1508 esse
997 1451 1182 1508 testati
1210 1458 1366 1508 sunt.

351 1559 715 1630 Epitaphium
762 1559 998 1630 Simonis
1055 1560 1283 1624 comitis,
1338 1560 1605 1628 scriptum
1663 1561 1724 1614 in
1763 1557 2056 1629 pyramide

422 1630 686 1756 εὸἒιεάθπι,
770 1645 805 1683 a
880 1629 1094 1684 domino
1154 1644 1307 1700 papa
1392 1630 1629 1698 Urbano,
1714 1633 2053 1699 cognomento

507 1716 622 1755 one.

507 1716 622 1755 one.

353 1805 546 1862 Simon
579 1805 802 1861 habens
831 1818 1060 1874 nomen,
1092 1803 1379 1875 majorum
1410 1805 1697 1876 sanguine
1728 1803 1904 1868 claro,

2166 570 2523 641 Paupertatis
2586 584 2808 637 amans,
2860 569 3108 640 patriam
3168 570 3575 642 mundumque
3632 569 3840 641 reliqui,

2234 656 2509 727 Spiritum
2540 656 2756 713 divitiis
2784 656 3057 712 omnibus
3089 656 3434 714 anteferens.

2161 745 2292 801 Post
2319 746 2392 801 ad
2424 745 2793 815 apostolicam
2823 745 3062 801 caelestis
3091 745 3371 816 principis
3403 745 3623 816 aulam,

2232 833 2499 890 Eximius
2531 833 2672 890 tanti
2708 848 2798 890 me
2826 833 3010 889 Patris
3037 835 3155 905 egit
3185 847 3367 890 amor.

2161 924 2282 989 Quo
2309 922 2455 979 duce
2482 936 2811 993 promerear
2833 922 3064 979 tandem
3093 937 3269 993 super
3298 930 3454 979 astra
3483 922 3691 979 levari.

2234 1011 2498 1082 Hospitor
2527 1011 2619 1067 hic
2647 1024 2841 1067 sacras
2868 1011 3136 1068 conditus
3158 1018 3289 1068 ante
3319 1011 3485 1069 fores.

2829 1152 2973 1206 Item
2995 1165 3203 1207 versus.

2161 1274 2309 1331 Olim
2341 1274 2490 1332 facta
2518 1274 2703 1331 Patris
2732 1288 3021 1331 renovans
3048 1275 3359 1331 dictamine
3384 1274 3578 1331 fratris

2162 1362 2466 1433 Discipulis
2497 1375 2759 1419 normam
2779 1362 2981 1433 scripsi
3011 1362 3120 1419 sub
3148 1376 3399 1433 paupere
3425 1362 3609 1418 forma
3633 1377 3653 1431 ;

2163 1450 2268 1507 Sed
2299 1440 2567 1522 quia'nec
2599 1450 2817 1521 spernit
2848 1451 3001 1507 Deus
3029 1450 3174 1519 haec,
3200 1465 3307 1507 nec
3332 1450 3709 1522 pauperiora,

2162 1540 2417 1596 Ostendit
2448 1540 2687 1610 Moyses,
2717 1539 2875 1610 operi
2904 1539 3178 1609 capiendo
3204 1540 3447 1608 minora,

2161 1628 2350 1696 Quare
2380 1628 2643 1685 lectorem
2669 1628 2909 1699 cupiens
2934 1627 3365 1698 auxiliatorem,

2162 1718 2249 1775 Me
2278 1718 2428 1789 legat
2460 1718 2755 1774 absentem
2788 1731 2956 1788 posco
2985 1717 3197 1773 virtute
3229 1723 3538 1773 carentem.

710 2098 1188 2243 VITA
1305 2096 2125 2243 SANCTAE
2260 2093 3476 2243 SALABERGAE

1391 2353 1803 2411 ABBATISSIE
1860 2354 1912 2411 S.
1965 2354 2253 2411 JOANNIS
2301 2353 2816 2422 LAUDUNENSIS,

1567 2540 2043 2626 SUPPARI
2110 2539 2656 2632 AUCTORE.

1411 2899 2067 2974 PROLOGUS
2160 2898 2800 2974 AUCTOBIS.

418 3201 572 3252 ora
621 3196 688 3252 In
738 3194 937 3251 infulis
984 3192 1439 3251 sacerdotalibus
1511 3192 1729 3249 honore
1787 3191 2052 3248 decorata
2082 3203 2122 3260 ο
2163 3197 2365 3261 captus
2392 3204 2586 3247 amore
2615 3196 2829 3247 sanctae
2866 3189 3088 3256 matris,
3134 3189 3323 3261 legere
3360 3189 3704 3260 decreverit,
3755 3204 3852 3247 non

347 3281 662 3353 religionis,
719 3281 811 3338 cui
856 3282 1019 3352 copia
1069 3281 1197 3349 fuit,
1247 3281 1539 3337 OMOTARIO
1585 3293 1763 3350 papa,
1804 3293 1913 3335 nec
1934 3293 2050 3335 non

346 3377 401 3427 et
428 3370 708 3427 sacerdoti
741 3369 1073 3426 castissimae
1120 3368 1329 3426 Christi
1372 3367 1588 3440 virgini
1636 3371 1914 3424 ANS'I‘RUDI
1955 3366 2052 3423 ab-

349 3458 596 3526 batissae,
627 3465 682 3515 et
712 3457 1082 3514 Sanamem.

413 3545 780 3602 Jussionibus
822 3544 1051 3613 vestris,
1095 3559 1129 3600 o
1176 3544 1575 3601 venerandum
1624 3543 1800 3601 decus
1852 3556 2050 3614 paren~

346 3640 467 3691 tum
503 3633 759 3704 almique
786 3633 1020 3705 vigoris,
1074 3646 1271 3704 parere
1305 3647 1418 3688 non
1449 3631 1667 3696 distuli,
1710 3646 1826 3703 quo
1875 3631 2046 3701 potis-

344 3722 558 3778 simum
603 3722 769 3777 alma:
809 3721 1029 3788 matris,
1075 3729 1132 3778 et
1169 3721 1383 3777 nostris
1430 3720 1799 3791 praeferenda;
1840 3728 2049 3790 tempo-

343 3810 510 3867 ribus
538 3810 783 3878 feminze,
834 3809 1159 3882 Salabergze
1190 3809 1368 3866 vitam
1409 3817 1587 3881 atque
1619 3817 1910 3880 gestorum
1960 3823 2046 3864 se-

340 3899 504 3966 riem,
538 3897 594 3953 in
627 3906 915 3970 quantum
936 3913 1028 3955 res
1047 3897 1268 3956 sinebat
1296 3905 1351 3955 et
1372 3898 1570 3956 divina
1602 3898 1781 3968 pietas
1818 3897 2047 3954 favebat

341 4001 467 4043 meo
497 3986 796 4044 debuerim
847 3987 994 4057 stylo
1042 3987 1273 4044 cudere.
1329 3986 1436 4043 Sed
1493 4000 1600 4057 ego
1646 3987 1705 4042 in
1753 3986 1863 4042 hac
1888 3993 2045 4055 parte

339 4075 507 4131 valde
534 4088 626 4131 me
653 4089 855 4131 censeo
908 4075 1028 4131 fore
1059 4075 1359 4146 imparem,
1401 4076 1616 4146 quippe
1649 4075 1752 4146 qui
1788 4074 1887 4130 vix
1921 4073 2045 4144 pri-

339 4163 448 4219 mis
481 4162 742 4220 imbutus
770 4177 900 4220 sum
948 4163 1173 4233 litteris,
1224 4170 1279 4220 et
1316 4163 1638 4221 Christiana
1684 4162 2044 4232 simplicitate

340 4255 640 4309 educatus.
674 4251 780 4309 Sed
809 4267 939 4309 sum
957 4268 1177 4310 memor
1207 4253 1365 4310 illius
1396 4254 1621 4310 Domini
1649 4260 1703 4311 et
1732 4252 2044 4309 Salvatoris

342 4340 632 4412 praeconii,
665 4341 942 4397 dicentis:
991 4363 1011 4391 ι
1044 4342 1217 4399 Petite
1260 4349 1317 4399 et
1356 4343 1590 4399 dabitur
1634 4342 1832 4407 vobis;
1886 4356 2040 4412 quae,

340 4429 446 4484 rite
475 4435 529 4485 et
553 4427 897 4499 invenietis;
949 4429 1173 4500 pulsate
1199 4438 1255 4487 et
1286 4431 1580 4502 aperietur
1620 4429 1785 4487 vobis
1822 4431 2038 4491 (Matth.

340 4532 439 4585 VII,
461 4517 538 4583 7).
576 4538 598 4565 ι

337 4620 400 4661 os
430 4612 616 4673 tuum,
651 4613 707 4663 et
735 4620 841 4678 ego
886 4606 1207 4679 adimplebo
1256 4608 1398 4665 illud
1439 4608 1618 4681 (Psal.
1651 4622 1825 4677 Lxxx,
1862 4606 1975 4679 11).
2010 4627 2038 4659 ι)

338 4693 500 4750 Unde
531 4693 794 4751 lectorem
828 4695 1081 4753 obsecro.
1119 4696 1177 4753 Si
1225 4697 1359 4768 quis
1402 4704 1593 4754 tamen
1635 4697 1775 4765 haec,
1827 4710 2042 4768 quam-

336 4782 426 4837 vis
464 4783 765 4839 temerario
813 4791 1025 4841 conatu
1071 4797 1382 4856 aggressus
1430 4797 1559 4841 sum
1596 4791 1805 4854 texere,
1857 4791 2036 4856 gesta,

2161 3278 2370 3348 quaerit
2397 3278 2453 3333 in
2479 3278 2569 3334 his
2601 3278 2929 3334 Tullianam
2974 3278 3386 3349 eloquentiam,
3423 3292 3528 3335 nec
3567 3288 3853 3335 oratorum

2160 3367 2512 3435 facundiam,
2562 3381 2679 3422 non
2727 3366 3204 3437 philosophorum
3260 3365 3546 3434 ﬂosculos,
3578 3375 3640 3423 et
3679 3369 3855 3424 Stoico

2159 3469 2291 3512 rum
2338 3455 2595 3512 diversas
2645 3454 3002 3524 assertiones,
3040 3455 3135 3512 sed
3188 3456 3506 3523 veritatem,
3542 3463 3599 3512 et
3654 3456 3856 3526 simpli-

2158 3544 2387 3601 citatem
2428 3544 2697 3600 historiae.
2744 3544 2944 3614 Neque
2996 3544 3151 3600 enim
3201 3543 3400 3615 aquila
3452 3545 3718 3601 extensis
3763 3544 3855 3601 alis

2157 3646 2383 3703 semper
2428 3633 2500 3688 ad
2532 3633 2747 3689 mthera
2789 3632 3009 3701 volitat,
3061 3632 3158 3689 sed
3205 3632 3510 3703 aliquoties
3558 3637 3775 3690 assolet
3802 3640 3855 3689 ut

2157 3720 2583 3778 remissioribus
2626 3720 2833 3792 pennis
2875 3721 3180 3778 descendat
3227 3721 3300 3777 ad
3347 3728 3575 3789 terras;
3613 3729 3672 3779 et
3719 3722 3856 3777 inter

2156 3809 2346 3881 regias
2391 3824 2541 3880 saepe
2591 3809 2786 3880 dapes,
2864 3811 3036 3866 etiam
3080 3810 3219 3866 vilia
3284 3824 3452 3881 poma
3502 3810 3854 3882 lactuca-que

2155 3904 2448 3967 aggrestes
2502 3897 2718 3967 optima
2763 3912 3013 3969 quaeque
3067 3905 3392 3955 censentur.
3458 3897 3741 3956 Orandus
3786 3906 3854 3956 est

2154 3985 2307 4041 Deus
2338 3986 2504 4042 Pater
2543 3993 2609 4042 ut
2640 3986 2962 4042 densissimi
3015 3988 3253 4056 pectoris
3295 3986 3611 4057 obtusique
3660 4002 3853 4045 sensus

2155 4073 2356 4129 nubila
2381 4075 2625 4146 detegat.
2658 4074 2925 4131 Orandus
2963 4082 3048 4131 est
3075 4082 3130 4132 et
3159 4074 3420 4131 Salvator
3461 4083 3667 4133 noster
3706 4077 3854 4133 Iesus

2153 4161 2433 4231 Christus,
2467 4170 2533 4219 ut
2563 4177 2709 4220 aura
2728 4177 2833 4219 nos
2857 4162 2911 4219 S.
2945 4163 3188 4233 Spiritus
3209 4162 3410 4220 afﬂare
3438 4163 3748 4235 dignetur,
3778 4171 3850 4231 ut,

2152 4251 2398 4323 caligine
2444 4252 2650 4308 mentis
2705 4252 2931 4319 abrasa,
2982 4252 3314 4309 facultatem
3367 4255 3768 4310 accommodet
3798 4253 3854 4309 lo

2152 4340 2390 4411 quendi,
2416 4348 2483 4397 ut
2515 4340 2862 4397 venerabilis
2888 4341 3110 4408 matris,
3144 4356 3276 4412 quae
3307 4354 3532 4411 semper
3580 4350 3853 4398 monaste-

2151 4429 2371 4486 riorum
2417 4429 2923 4500 Ecclesiarumque
2967 4442 3161 4486 amore
3206 4428 3493 4501 ﬂagravit,
3551 4430 3849 4486 valeamus

654 4518 723 4573 Et
753 4516 898 4573 illud
948 4519 1385 4592 Psalmographi
1424 4519 1758 4577 oraculum:
1796 4541 1816 4568 ι
1866 4517 2040 4589 Aperi
2066 4505 2113 4559 Ῑ)
2150 4524 2313 4574 actus
2340 4518 2636 4584 disserere,
2666 4525 2722 4574 et
2755 4517 2815 4573 in
2864 4524 3118 4588 posteros
3158 4516 3400 4574 strictim
3443 4518 3848 4589 succincteque

2149 4604 2538 4678 promulgare.
2573 4606 2815 4664 Tribuat
2846 4605 2939 4662 ille
2967 4606 3123 4677 quod
3153 4613 3283 4676 peto
3307 4612 3494 4662 vestro
3533 4607 3848 4676 opitulante

2148 4701 2336 4762 oratu,
2367 4694 2471 4765 qui
2503 4715 2528 4745 ι
2559 4694 2791 4763 linguas
2814 4693 3104 4751 infantum
3122 4694 3253 4752 fecit
3270 4707 3391 4751 esse
3407 4693 3664 4753 disertas
3696 4699 3845 4768 (Sap.

2147 4781 2394 4852 x,2i..

1749 5056 2107 5131 INCIPIT
2177 5056 2423 5132 VITA.

899 5347 1132 5405 CAPUT
1172 5350 1475 5408 PRIMUM.

408 5434 593 5505 Igitur
616 5443 818 5493 sancta
857 5434 1166 5509 Salaberga
1217 5440 1276 5495 in
1328 5437 1667 5495 suburbano
1713 5437 2035 5494 Leucorum

334 5521 544 5591 oppido
570 5524 1019 5598 Lingonicaaque
1055 5526 1322 5595 conﬁnio,
1356 5526 1679 5584 illustribus
1706 5534 1832 5583 orta
1864 5532 2037 5582 nata-

335 5607 488 5665 libus
512 5609 631 5686 [al.,
657 5609 951 5672 territorio
974 5610 1287 5685 Lingonico
1314 5614 1528 5673 contini
1555 5615 1881 5673 secundum
1929 5627 2034 5671 sae-

2143 5348 2257 5405 culi
2288 5349 2627 5420 dignitatem
2658 5348 2980 5406 clarissima
3008 5349 3342 5421 parentibus
3388 5364 3504 5406 non
3543 5352 3767 5411 inﬁmis
3793 5367 3846 5410 ac

2147 5436 2206 5492 in
2236 5436 2470 5494 servitio
2519 5436 2620 5493 Dei
2658 5451 2760 5508 per
2801 5437 2996 5494 omnia
3043 5438 3263 5495 devotis
3298 5438 3519 5495 exstitit
3559 5440 3842 5515 oriunda].

2145 5539 2319 5596 quem
2352 5526 2724 5583 Uternensem
2757 5540 2972 5597 pagum
3004 5526 3078 5583 ob
3107 5540 3334 5583 amnem
3386 5526 3597 5587 iisdem
3634 5531 3697 5588 in
3725 5532 3845 5588 locis

2142 5612 2490 5669 deﬂuentem
2520 5611 2795 5684 vocitant,
2821 5613 3096 5672 humanis
3122 5614 3299 5673 rebus
3318 5614 3557 5675 initium
3591 5623 3841 5694 sumpsit.
