3930 6462
196 494 333 547 1225

1392 488 1620 545 ΑΒῡΙΤ.
1652 518 1721 527 -
1753 488 1908 544 νῐτΑ
1946 488 2003 543 S.
2045 482 2490 541 SALABEBGIE.

3569 491 3586 542 ί
3600 489 3706 543 226

191 623 300 680 Sed
341 627 629 694 quantum
678 619 976 686 illustrior,
1011 616 1102 674 vel
1147 617 1396 674 nobilior
1424 617 1533 674 fuit
1577 618 1888 686 natalibus,
1929 623 1974 675 A
2005 616 2278 672 Deitatem
2307 598 2426 685 [αι.“,
2471 613 2635 670 nulla
2691 614 3069 671 imminuente
3114 617 3534 675 immutationis
3572 621 3705 675 Dei-
3742 663 3753 675 .

193 711 333 766 adeo
384 709 445 765 in
490 706 787 763 nutriendi
824 719 969 762 cura
1015 704 1354 775 parentibus
1398 704 1710 760 sollicitior.
1744 703 1889 759 Nam

194 813 329 855 cum
361 797 456 854 illo
486 797 541 852 in
573 804 826 866 tempore
854 808 994 865 gens
1017 794 1408 864 Bajoariorum
1430 793 1629 865 (quam
1660 793 1894 849 Orosius

194 888 288 943 vir
313 886 758 950 eruditissimus,
790 891 845 939 et
881 882 1247 938 historiarum
1287 883 1548 954 cognitor
1587 883 1755 952 Bojas
1784 882 1896 952 pri-

197 990 293 1031 sco
341 973 624 1030 vocabulo
668 971 934 1042 appellat,
980 971 1039 1026 in
1080 979 1341 1026 extrema
1385 970 1692 1026 Germania
1740 968 1893 1041 sita,)

198 1063 512 1119 Bonosiaca
548 1067 696 1118 esset
722 1060 931 1116 infecta
980 1073 1193 1126 errore,
1229 1059 1599 1115 Bonosiacam
1633 1058 1896 1114 haresim

198 1153 526 1209 defensores
563 1158 775 1207 sancta
824 1148 1090 1205 Ecclesia
1140 1156 1452 1204 notarunt:
1487 1163 1618 1219 qua
1668 1147 1899 1203 haresis

198 1240 428 1311 antiqui
456 1247 511 1296 et
541 1238 731 1295 callidi
755 1238 933 1293 hostis
974 1236 1196 1293 irretita
1242 1236 1503 1304 habenis,
1535 1250 1750 1306 purum
1790 1237 1897 1291 ho-

200 1330 413 1385 minem
445 1327 755 1384 Dominum
798 1333 1060 1383 nostrum
1089 1326 1281 1381 Iesum
1325 1325 1638 1391 Christum,
1678 1320 1897 1395 absque

200 1418 420 1473 Deitate
451 1416 637 1472 Patris
672 1429 812 1481 esse,
855 1428 1030 1471 sensu
1070 1428 1250 1484 pravo
1284 1413 1568 1469 censebat.
1602 1412 1689 1469 Ad
1720 1427 1898 1483 quam

197 1506 481 1562 nefariam
511 1513 566 1561 et
603 1505 867 1560 insanam
916 1503 1234 1559 doctrinam
1284 1502 1716 1570 confutandam,
1750 1502 1896 1557 imo-

197 1611 313 1665 que
369 1594 759 1661 resecandam,
830 1592 1176 1648 vener‘tbilis
1236 1592 1329 1646 vir
1376 1591 1677 1646 Eustasius
1726 1590 1895 1657 abba,

199 1683 396 1738 divino
420 1689 616 1751 utpote
660 1680 968 1751 iustigatus
1006 1680 1241 1748 Spiritu,
1264 1678 1524 1734 Luxovio
1552 1678 1899 1733 monasterio

201 1773 257 1826 in
300 1772 523 1841 Vosago
561 1770 711 1826 saltu
748 1770 858 1825 cito
889 1769 1138 1835 advenit,
1170 1768 1324 1837 quod
1362 1767 1451 1822 vir
1479 1767 1662 1822 forma
1690 1766 1899 1822 lauda-

199 1860 351 1927 bilis,
383 1867 439 1915 et
481 1858 783 1913 sanctitate
826 1858 1049 1927 pollens
1092 1856 1505 1923 Columbanus,
1562 1855 1901 1925 peregrinus

198 1964 271 2004 ex
301 1947 571 2004 Hibernia
626 1946 962 2012 adveniens,
1011 1960 1084 2002 ex
1128 1945 1523 2001 munificentia
1551 1943 1899 2001 Childeberti

202 2038 352 2107 regis
380 2050 605 2093 summo
627 2035 816 2091 studio
842 2043 895 2090 et
919 2034 1110 2090 labore
1139 2034 1485 2089 construxit.

877 2149 1110 2206 CAPUT
1150 2149 1221 2204 Il.

274 2255 379 2311 Sed
405 2254 678 2326 quoniam
728 2255 871 2311 tanti
921 2254 1033 2310 viri
1071 2252 1408 2310 Columbaui
1460 2253 1699 2309 fecimus
1733 2267 1899 2309 men-

202 2343 433 2411 tionem,
483 2344 608 2414 ejus
650 2357 762 2398 non
811 2349 895 2398 est
930 2342 1321 2398 necessarium
1369 2347 1524 2396 690
1584 2342 1641 2396 in
1708 2349 1899 2397 nostro

197 2446 367 2502 opere
415 2433 676 2488 detexere
727 2439 906 2504 gesta,
948 2446 1082 2487 cum
1130 2431 1244 2486 siut
1300 2430 1374 2486 ab
1432 2428 1899 2499 eloquentissimo

198 2520 321 2575 viro
351 2521 495 2577 Jona
524 2521 862 2577 elucubrate
888 2520 1041 2576 edita
1072 2535 1088 2584 ;
1121 2519 1373 2590 qualiter
1400 2518 1572 2575 etiam
1600 2519 1752 2573 inter
1783 2525 1900 2574 tur-

197 2609 361 2665 bines
396 2608 612 2677 saculi,
664 2617 718 2665 et
775 2607 1111 2664 Theodorici
1155 2607 1306 2678 regis
1353 2606 1761 2677 principatum,
1804 2621 1898 2662 re-

198 2696 471 2768 ginaque
518 2697 917 2753 Brunechildis
964 2695 1275 2768 instigante
1342 2694 1617 2763 versutia,
1666 2694 1897 2751 nefandi

200 2786 374 2841 hostis
405 2785 702 2855 pertulerit
746 2784 1001 2841 insidias.
1051 2782 1345 2851 Quomodo
1393 2783 1562 2839 etiam
1598 2783 1900 2852 tyrannica

198 2874 516 2930 temeritate
560 2888 595 2929 a
642 2874 922 2930 fratribus
969 2874 1042 2930 sit
1082 2876 1314 2944 ejectus,
1352 2881 1407 2928 et
1438 2872 1615 2929 Italia
1659 2872 1798 2927 fines
1828 2872 1899 2927 sit

198 2964 535 3035 ingressus;
586 2963 1003 3019 monasterium
1066 2962 1341 3017 Bobiense
1389 2975 1458 3017 ex
1509 2960 1791 3031 permissu
1843 2968 1897 3016 et

196 3050 536 3107 auctoritate
579 3050 789 3122 Aigulft
852 3050 1359 3121 Longobardorum
1416 3049 1568 3119 regis
1608 3048 1751 3104 miro
1801 3062 1896 3103 or-

198 3139 336 3197 dine
369 3141 489 3212 [at.,
529 3140 719 3211 opere]
770 3138 1114 3205 construxit,
1157 3138 1537 3210 regulamque
1580 3134 1897 3191 condiderit

206 3228 642 3297 monachorum,
682 3228 859 3285 isdem
909 3228 1181 3298 prafatus
1225 3227 1398 3281 Jonas
1446 3226 1504 3281 in
1546 3224 1692 3280 libro
1723 3237 1894 3293 quem

200 3318 282 3372 De
309 3316 438 3374 Vita
466 3326 519 3373 et
549 3316 847 3373 miraculis
875 3316 1004 3387 ejus
1022 3315 1320 3372 ediditsuo
1339 3314 1483 3383 stylo
1502 3312 1893 3383 prosequitur.

272 3405 517 3461 Exstant
545 3404 801 3475 ejusdem
831 3403 1014 3460 Patris
1039 3401 1381 3461 Columbani
1411 3402 1624 3472 scripta
1654 3401 1725 3455 ad
1756 3400 1897 3455 bea-

196 3500 322 3548 tum
353 3500 407 3549 et
439 3492 918 3549 facundissimum
964 3493 1157 3547 virum
1187 3491 1526 3562 Gregorium
1571 3489 1897 3560 pontificem

193 3583 544 3650 Romanum,
597 3582 655 3636 in
706 3582 871 3643 libro.
922 3594 1097 3651 quem
1140 3578 1258 3653 [al.,
1306 3578 1458 3650 qua]
1509 3578 1577 3634 de
1633 3577 1895 3648 pervigili

194 3677 495 3743 pastorum
527 3684 669 3726 cura
702 3670 917 3738 elicuit,
951 3669 1054 3740 qui
1102 3683 1170 3725 eo
1220 3675 1472 3738 tempore
1522 3668 1661 3725 adeo
1709 3666 1900 3722 clarus

194 3758 525 3815 habebatur
552 3765 729 3829 atque
780 3758 1080 3814 sanctitate
1106 3757 1381 3827 praditus
1426 3763 1569 3824 erat,
1610 3754 1897 3825 utetiam,

197 3847 417 3917 Spiritu
462 3855 660 3903 sancto
718 3846 768 3903 ei
816 3847 1065 3915 favente,
1130 3853 1350 3901 secreta
1397 3845 1522 3901 cali
1584 3843 1895 3915 patuerint,

200 3949 527 4005 novemque
546 3936 592 3990 ei
619 3935 853 3991 ordines
896 3934 1259 4006 angelorum,
1310 3941 1435 4005 post
1483 3933 1723 3989 Paulum
1758 3946 1902 4003 apo-

200 4023 414 4079 stolum
453 4025 667 4080 mirum
698 4024 755 4079 in
787 4024 1023 4080 modum
1055 4032 1156 4080 aut
1185 4022 1339 4079 solus
1379 4031 1481 4078 aut
1527 4036 1697 4078 rarus
1730 4022 1901 4077 ferme

201 4112 493 4169 disseruit.
535 4111 716 4182 Cujus
762 4113 1023 4169 doctrina
1082 4110 1299 4182 eloquii
1350 4117 1732 4177 venustatem,
1791 4123 1905 4178 pa-

201 4201 577 4272 nitentiaque
624 4202 873 4257 fomenta
920 4201 1191 4270 docente;
1253 4198 1565 4255 universus
1631 4197 1904 4254 Occidens

202 4291 483 4346 hactenus
517 4289 859 4346 illustratur.
911 4287 1016 4345 Sed
1060 4296 1114 4345 et
1146 4288 1291 4345 idem
1338 4285 1683 4345 venerabilis
1715 4285 1803 4341 vir
1831 4285 1903 4340 ad

202 4378 506 4449 prafatum
528 4378 753 4434 Patrem
781 4376 1062 4433 melliﬂua
1093 4377 1311 4433 remisit
1359 4376 1592 4445 scripta.
1621 4374 1791 4431 Nunc
1832 4373 1904 4428 ad

205 4463 561 4535 propositum
592 4471 972 4520 revertamur.

863 4577 1096 4634 CAPUT
1136 4577 1233 4633 III.

280 4686 581 4743 Prafatam
612 4691 837 4757 gentem
868 4698 970 4754 per
992 4683 1313 4740 Germania
1345 4682 1509 4739 sinus
1534 4680 1627 4738 vir
1646 4680 1747 4737 Dei
1779 4682 1906 4738 Eu-

206 4777 415 4833 stasius
444 4788 771 4846 aggressus,
802 4781 867 4830 ut
908 4773 1145 4829 lucerna
1181 4770 1505 4829 Conditoris
1532 4784 1905 4841 nequaquam

208 4864 319 4920 sub
350 4863 558 4930 modio,
597 4861 696 4917 sed
747 4874 920 4931 super
956 4860 1371 4917 candelabrum
1429 4859 1611 4929 posita
1639 4859 1910 4916 omnibus

209 4953 521 5025 patefieret,
575 4951 975 5019 talentumque
1020 4949 1269 5019 desuper
1306 4947 1509 5003 datum
1558 4947 1736 5017 hujus
1795 4961 1910 5003 non

208 5040 551 5112 operiretur,
604 5038 702 5094 sed
753 5038 943 5107 potius
990 5036 1263 5093 omnibus
1309 5050 1440 5093 cum
1491 5034 1784 5105 duplicato
1827 5035 1910 5090 fe-

210 5144 349 5187 nore
375 5133 790 5199 perpatesceret
834 5125 1056 5197 (Matth,
1106 5141 1160 5193 v,
1216 5125 1379 5196 xxv),
1423 5124 1916 5195 exspargescentis

208 5219 390 5290 ipsius
418 5217 624 5272 abraso
652 5214 864 5270 erroris
885 5214 1134 5282 tramite,
1159 5213 1512 5285 evangelica,
1544 5213 1602 5268 in
1626 5219 1916 5283 quantum

209 5307 493 5364 Dominus
544 5302 807 5370 contulit,
844 5302 1006 5359 verbi
1040 5316 1313 5359 mucrone
1357 5302 1673 5368 truncavit,
1705 5301 1919 5373 pradi-

208 5410 350 5453 cans
379 5393 688 5450 Dominum
721 5398 984 5447 nostrum
1015 5391 1211 5447 Jesum
1242 5390 1558 5456 Christum,
1591 5389 1747 5459 quod
1774 5388 1920 5445 sicut

211 5485 274 5540 in
323 5481 635 5538 Divinitate
679 5478 1071 5549 aqualitatem
1120 5477 1216 5534 Dei
1276 5477 1461 5533 Patris
1516 5477 1925 5547 omnipotentis

209 5571 471 5637 haberet,
505 5569 584 5624 ita
627 5574 684 5624 et
733 5566 1156 5623 humanitatem
1206 5565 1451 5622 materni
1499 5567 1770 5635 corporis,
1814 5580 1923 5622 no-

210 5669 511 5729 stramque
561 5664 854 5723 naturam,
906 5668 1085 5725 quam
1127 5654 1248 5724 ipse
1299 5653 1653 5723 condiderat,
1704 5653 1925 5724 absque

1998 705 2158 774 tate],
2187 716 2319 774 qua
2349 710 2545 772 utpote
2580 716 2806 773 semper
2845 717 2979 759 cum
3010 704 3180 761 Patre
3208 705 3398 775 fuerit,
3451 716 3517 763 ut
3558 709 3703 764 nihil

1999 807 2106 849 sua
2135 791 2414 863 dignitate
2463 792 2759 859 minuerit,
2812 793 2967 848 unde
3009 808 3185 851 verus
3216 795 3386 862 Deus,
3434 804 3490 852 et
3533 812 3705 854 verus

2002 882 2172 938 homo
2192 880 2513 950 appellatus
2537 881 2609 935 sit
2638 880 2921 937 Christus.

2074 969 2331 1039 Denique
2370 982 2635 1025 remeans
2681 983 2755 1025 ex
2802 970 3080 1041 Bajoariis
3125 971 3218 1028 vir
3243 973 3529 1044 egregius,
3580 983 3704 1044 post

2002 1056 2322 1115 Germania
2378 1058 2733 1129 Belgicaque
2789 1058 3139 1115 laboriosum
3200 1061 3422 1128 callem,
3472 1065 3704 1120 tandem

2004 1140 2265 1218 pervenit
2301 1146 2375 1202 ad
2411 1147 2721 1217 quemdam
2775 1147 2968 1203 virum
3019 1148 3472 1208 illustrissimum
3497 1152 3705 1221 opibus

2002 1244 2058 1293 et
2087 1236 2301 1293 divitiis
2348 1236 2684 1305 opulentum
2723 1235 2995 1307 famaque
3022 1238 3341 1293 secundum
3377 1240 3570 1295 saculi
3617 1242 3704 1297 di-

2005 1325 2281 1396 gnitatem
2328 1322 2695 1394 praclarum,
2746 1330 2802 1379 et
2851 1323 3055 1379 aulicis
3102 1324 3276 1381 rebus
3332 1333 3553 1396 aptum,
3604 1343 3707 1384 no-

2004 1414 2159 1471 mine
2187 1413 2571 1470 Gunduinum
2610 1410 2726 1484 [at.,
2759 1411 3179 1484 Gundomum],
3213 1413 3316 1483 qui
3349 1428 3418 1470 eo
3454 1422 3707 1486 tempore

2006 1503 2162 1573 apud
2195 1502 2392 1558 villam
2430 1501 2765 1572 quamdam,
2820 1500 3053 1557 nomine
3100 1501 3338 1569 Mosam,
3371 1502 3442 1559 ob
3476 1518 3706 1561 amnem

2008 1590 2066 1646 in
2091 1605 2157 1647 eo
2185 1590 2309 1647 loco
2355 1590 2778 1656 decurrentem,
2810 1587 2904 1643 sic'
2938 1588 3285 1659 appellatam
3326 1592 3703 1662 morabatur;

2006 1678 2107 1749 qui
2176 1678 2364 1734 amnis
2408 1692 2482 1733 ex
2532 1676 2860 1749 Lingonicis
2924 1678 3139 1733 finibus
3179 1677 3390 1734 fontem
3442 1681 3700 1746 sumens,

2011 1773 2134 1835 post
2183 1765 2393 1822 multos
2457 1766 2753 1822 anfractus
2796 1765 3146 1837 crebrosque
3213 1774 3380 1823 terra
3431 1769 3710 1825 circuitus

2011 1855 2192 1911 Rheni
2241 1854 2594 1911 velocissime
2642 1854 2900 1910 ﬂuminis
2957 1854 3016 1910 in
3074 1870 3132 1910 se
3185 1856 3401 1912 fluenta
3446 1872 3519 1912 ex
3550 1866 3710 1927 parte

1940 1923 1979 1976 Β
2010 1943 2310 2014 recipiens,
2345 1957 2624 1999 oceanum
2657 1943 3032 1999 Barbaricam
3073 1942 3420 2015 ingreditur.

2078 2032 2183 2089 Vir
2229 2031 2409 2103 igitur
2454 2031 2805 2088 Gunduinus
2855 2032 3240 2087 venerabilem
3301 2034 3494 2089 virum
3550 2035 3709 2092 velut

2009 2121 2402 2192 gratissimum
2434 2134 2651 2177 munus
2685 2120 2956 2190 suscepit.
3001 2121 3176 2176 Porro
3207 2128 3272 2177 ut
3298 2122 3503 2178 assolet
3531 2131 3586 2179 et
3619 2138 3709 2180 res

2006 2224 2065 2266 se
2095 2210 2329 2275 habent,
2358 2210 2631 2266 humana
2664 2210 2812 2265 inter
2842 2209 3101 2266 salubria
3131 2210 3547 2268 adhortationis
3576 2227 3705 2269 ver-

2008 2298 2082 2354 ba
2114 2299 2173 2353 in
2193 2298 2478 2368 colloquio
2522 2299 2780 2355 virorum
2838 2298 3094 2355 fidelium
3145 2299 3376 2356 animus
3421 2303 3711 2359 crescebat

2006 2387 2229 2455 piorum
2263 2387 2377 2456 [al.,
2412 2387 2590 2442 animi
2622 2387 2809 2442 favere
2837 2388 3175 2460 pastorum].
3227 2390 3405 2460 Capit
3443 2391 3592 2446 idem
3619 2391 3709 2447 vir

2008 2476 2106 2531 Dei
2148 2476 2425 2531 sciscitari
2458 2482 2655 2530 utrum
2707 2475 2891 2530 eidem
2926 2475 3067 2543 viro,
3105 2476 3314 2533 illustri
3353 2478 3706 2534 Francorum

2005 2572 2128 2621 orto
2188 2564 2500 2631 natalibus,
2555 2563 2776 2620 soboles
2833 2564 3075 2619 adesset.
3149 2564 3426 2621 Cernebat
3472 2567 3704 2637 quippe,

2008 2660 2073 2709 ut
2099 2653 2321 2722 opinor,
2356 2653 2447 2708 vir
2501 2652 2618 2720 Dei,
2652 2666 2685 2708 a
2743 2653 2859 2709 Deo
2917 2652 3033 2709 fore
3086 2655 3405 2723 prascitam
3468 2656 3703 2725 prolem,

2006 2755 2184 2812 quam
2217 2749 2407 2813 postea
2446 2741 2527 2796 rei
2560 2740 2827 2811 probavit
2849 2749 3109 2797 eventus.
3143 2742 3305 2797 Tunc
3346 2742 3438 2798 vir
3468 2743 3708 2799 illustris

2005 2829 2376 2898 Gunduinus,
2427 2844 2560 2886 cum
2627 2829 2874 2901 conjuge
2923 2843 3031 2885 sua
3083 2830 3412 2898 Saretrude,
3459 2832 3708 2903 eleganti

2006 2919 2191 2974 forma
2234 2925 2290 2974 et
2336 2917 2510 2973 nobili
2562 2918 2795 2986 femina,
2840 2919 2986 2975 duos
3034 2918 3199 2975 bona
3259 2918 3465 2976 indolis
3510 2920 3709 2976 adole—

2004 3006 2292 3061 scentulos
2366 3006 2438 3062 ob
2510 3007 2922 3063 benedictionis
2992 3016 3390 3077 percepturam
3458 3010 3701 3080 gratiam

2006 3095 2406 3165 prasentavit;
2440 3109 2693 3164 quorum
2725 3096 2916 3151 senior
2954 3095 3249 3152 Leudinus
3293 3095 3418 3168 [al.,
3466 3097 3704 3153 Leudei-

1959 3220 1973 3237 η
2004 3181 2164 3254 nus],
2215 3190 2593 3254 cognomento
2659 3183 2849 3249 Bodo;
2877 3183 3078 3253 junior
3137 3199 3273 3241 vero
3330 3185 3706 3255 Fulculphus,

2005 3273 2108 3345 qui
2134 3280 2189 3329 et
2214 3272 2334 3343 ipse
2364 3272 2475 3328 alio
2495 3272 2776 3328 vocabulo
2798 3273 2949 3329 Bodo
2980 3272 3300 3329 dicebatur.

2077 3361 2413 3417 Sciscitatur
2460 3360 2652 3416 denuo
2684 3361 2775 3415 vir
2830 3361 2930 3417 Dei
2975 3361 3022 3416 si
3053 3362 3244 3417 adhuc
3294 3361 3476 3432 proles
3516 3377 3709 3433 super-

2004 3457 2171 3507 esset.
2203 3450 2284 3505 Ad
2311 3463 2484 3520 quem
2518 3449 2595 3504 illi
2644 3449 2898 3505 fatentur
2943 3463 3001 3505 se
3039 3449 3246 3506 habere
3277 3451 3525 3521 puellam
3559 3451 3709 3508 Ger-

2007 3552 2239 3595 manam
2264 3538 2393 3594 licet
2415 3545 2580 3594 atate
2626 3538 3040 3608 praeferentem,
3088 3538 3183 3594 sed
3216 3538 3438 3595 dudum
3468 3539 3710 3595 lumini-

2007 3627 2118 3684 bus
2146 3627 2427 3683 orbatam.
2464 3627 2552 3682 Ad
2583 3641 2731 3697 quos
2759 3626 2852 3683 vir
2881 3628 2994 3683 Deo
3023 3627 3229 3697 plenus
3254 3626 3334 3683 ait
3361 3642 3373 3681 :
3413 3649 3435 3676 ι
3479 3627 3707 3696 Veniat,

2008 3730 2223 3787 quaso,
2286 3716 2431 3787 ipsa,
2474 3723 2530 3772 et
2580 3716 2786 3772 vestris
2844 3716 2964 3787 [at.,
3035 3715 3265 3789 nostris]
3333 3724 3712 3787 prasentetur

2007 3806 2324 3862 obtutibus.
2361 3826 2382 3854 ι
2437 3805 2698 3861 Senserat
2755 3805 2929 3872 enim,
2963 3812 3028 3861 ut
3072 3820 3217 3871 reor,
3270 3806 3327 3861 iu
3359 3806 3567 3876 spiritu
3596 3806 3647 3862 ei
3678 3820 3712 3862 a

2010 3894 2252 3950 Domino
2282 3893 2581 3950 sanitatem
2625 3893 2743 3949 fore
2788 3893 3158 3950 collaturum.
3209 3894 3502 3950 Triduano
3534 3894 3712 3966 igitur

2010 3996 2044 4037 a
2069 3982 2374 4052 semetipso
2393 3989 2594 4038 exacto
2612 3981 2855 4052 jejunio,
2885 3995 3058 4050 super
3081 3982 3276 4038 oculos
3299 3983 3500 4052 puella
3519 3983 3709 4039 oleum

2012 4068 2425 4124 benedictionis
2474 4067 2566 4122 vir
2618 4066 2714 4121 Dei
2752 4065 2997 4122 efﬂudit.
3059 4066 3268 4122 Mirum
3324 4066 3513 4123 dictu!
3571 4082 3709 4124 mox

2016 4155 2206 4227 puella
2234 4155 2537 4211 sanitatem
2560 4153 2881 4224 pristinam,
2916 4154 3123 4210 Christi
3157 4155 3345 4226 gratia
3374 4154 3709 4225 opitulante,

2014 4250 2321 4300 consecuta
2373 4251 2477 4299 est.
2532 4242 2648 4299 Nec
2689 4242 2974 4298 immerito
3029 4243 3387 4314 omnipotens
3426 4244 3579 4300 Deus
3632 4245 3714 4299 sic

2016 4333 2071 4388 in
2106 4338 2377 4403 promptu
2399 4346 2637 4388 suorum
2660 4332 3016 4401 obtemperat
3045 4332 3309 4402 precibus
3338 4332 3712 4401 famulorum,

2016 4421 2119 4492 qui
2162 4435 2298 4477 suas
2337 4428 2570 4491 propter
2638 4420 2830 4491 ipsum
2903 4421 3320 4477 cruciﬁxerunt
3364 4421 3710 4478 voluntates.

1943 4517 1987 4571 D
2084 4509 2359 4580 Sequitur
2398 4509 2663 4578 deinceps
2710 4508 2868 4564 aliud
2918 4508 3286 4579 splendidum
3342 4510 3712 4567 miraculum.

2013 4599 2157 4655 Cum
2186 4597 2385 4654 eadem
2416 4597 2610 4667 puella
2647 4597 2995 4668 jampridem
3030 4598 3258 4654 ﬂuxum
3303 4598 3605 4669 sanguinis
3630 4612 3716 4668 pa.

2015 4694 2250 4750 teretur,
2288 4693 2343 4742 et
2390 4686 2733 4757 gravissima
2780 4687 3037 4756 corporis
3075 4688 3334 4743 molestia
3374 4702 3447 4743 ex
3480 4689 3586 4743 hoc
3613 4688 3719 4744 de-

2016 4776 2145 4832 bilis
2173 4782 2466 4832 teueretur
2490 4776 2740 4843 astricta,
2774 4775 2864 4831 vir
2892 4774 3161 4846 egregius
3193 4776 3491 4831 Eustasius
3522 4783 3587 4831 ut
3616 4776 3722 4831 hoc

2016 4863 2316 4934 perspicue
2374 4862 2666 4931 comperit,
2727 4861 2991 4917 divinum
3053 4862 3407 4933 solitumque
3474 4862 3723 4933 profusis

2018 4950 2286 5022 precibus
2314 4949 2496 5021 poscit
2520 4949 2977 5006 adminiculum:
3010 4949 3312 5006 exaudivit
3361 4964 3553 5020 preces
3584 4951 3723 5008 ﬁde-

2020 5041 2089 5096 lis
2117 5038 2317 5095 famuli
2349 5038 2438 5094 sui
2472 5038 2563 5094 ille
2594 5052 2791 5095 rerum
2846 5038 3014 5095 Sator
3066 5045 3339 5107 aternus,
3380 5039 3481 5110 qui
3512 5042 3726 5097 sanctis

2023 5128 2165 5196 suis,
2215 5127 2343 5198 ejus
2396 5126 2697 5197 praceptis
2750 5128 2841 5197 pie
2896 5126 3458 5195 obtemperantibus,
3518 5135 3726 5197 prasto

2023 5230 2145 5273 esse
2202 5216 2522 5271 consuevit.
2569 5214 2717 5280 Quid
2768 5215 2954 5271 multa
2984 5214 3238 5271 ?Puella
3286 5214 3552 5285 sospitate
3599 5229 3727 5286 per-

2025 5311 2191 5375 cepta
2222 5303 2525 5360 incolumis
2553 5311 2635 5358 (at
2661 5304 2946 5359 restituta.

2694 5445 2926 5503 CAPUT
2963 5445 3060 5503 IV.

2102 5569 2327 5625 Interea
2355 5583 2488 5625 cum
2534 5569 2606 5625 ad
2639 5569 2903 5640 perfecta
2926 5570 3111 5626 atatis
3147 5571 3500 5640 pervenisset
3530 5584 3734 5641 annos,

2034 5663 2301 5728 parentes
2374 5656 2501 5728 ejus
2561 5672 2692 5713 cum
2753 5658 3030 5714 vidissent
3076 5658 3328 5729 puellam
3378 5660 3732 5730 gliscentem,

216 5754 449 5821 peccato
468 5745 802 5815 susciperet,
843 5749 899 5799 et
939 5740 1162 5799 nullam
1212 5742 1647 5799 imminuentem
1695 5742 1928 5800 unionis
2035 5744 2415 5817 moribusque
2439 5753 2729 5816 ornatam,
2777 5754 2902 5803 erat
2927 5746 3081 5804 enim
3133 5746 3339 5803 decora
3378 5754 3738 5818 venustaque

578 5834 853 5901 ΡΑτιιοι.
906 5831 1114 5900 CLVI.

3341 5842 3426 5902 39
