3930 6394
299 391 433 447 P227

1347 387 1456 443 AD.
1499 386 1652 443 OPP.
1694 386 1850 441 VEN.
1892 385 2230 444 GUIBERTI
2271 387 2360 444 DE
2401 387 2792 446 NOVIGENTO

3673 398 3819 450 {2'28

291 525 480 591 vultu,
513 536 740 583 verum.
787 528 850 578 ut
893 519 1116 586 assolet,
1167 526 1293 590 post
1323 531 1517 574 rerum
1567 515 1901 573 discrimina
1932 516 1990 573 in
2029 522 2075 575 Λ
2178 523 2280 577 Per
2307 519 2454 578 idem
2486 527 2714 591 tempus
2741 521 3095 578 Francorum
3137 531 3358 594 sceptra
3385 511 3671 598 regnique
3691 544 3819 600 gu-

292 611 580 682 prosperis
634 609 996 666 successibus
1047 607 1278 664 animus
1326 613 1608 676 tepescere
1645 605 1986 668 multorum.

293 704 362 757 de
423 701 731 757 liberorum
787 697 1143 754 successione
1205 694 1536 765 cogitantes,
1593 701 1794 750 contra
1849 699 1983 748 63!

296 789 500 862 puellae
525 788 904 854 voluntatem,
959 799 1084 842 eam
1143 783 1373 840 cuidam
1429 783 1552 838 viro
1609 784 1990 853 generositate

298 878 550 950 pollenti,
587 877 934 934 Riehramno
956 873 1204 939 nomine,
1243 871 1301 927 in
1334 871 1705 928 matrimonio
1736 871 1991 927 tradide-

295 975 432 1024 runt
465 966 609 1038 ;qui
652 965 744 1020 vir
785 965 904 1035 [al.,
948 962 1067 1032 vix]
1096 975 1220 1018 eam
1253 961 1482 1017 duobus
1527 959 1820 1015 mensibus
1859 958 1992 1030 jure

294 1054 642 1112 matrimonii
664 1053 901 1120 habens,
927 1049 1198 1108 humanis
1220 1049 1394 1106 rebus
1413 1057 1735 1120 exemptus,
1755 1048 1992 1118 vitaque

297 1145 556 1216 privatus
583 1147 686 1197 est.

369 1231 468 1288 His
489 1231 566 1286 ita
597 1228 918 1296 transactis,
947 1227 1251 1284 Eustasius
1292 1225 1365 1282 ad
1403 1225 1731 1282 Luxovium
1761 1238 1993 1296 regres-

299 1335 399 1376 sus
427 1327 530 1376 est.
564 1316 778 1374 Deinde
831 1316 902 1372 ad
931 1316 1254 1382 Warascos,
1302 1314 1402 1386 qui
1432 1321 1653 1384 partem
1697 1312 1990 1384 Sequano-

295 1423 423 1464 rum
454 1405 788 1478 provincite,
818 1412 872 1461 et
903 1404 1057 1462 Duni
1113 1405 1230 1473 [al.,
1289 1402 1510 1476 Duviij,
1557 1403 1747 1460 amnis
1775 1402 1993 1459 ﬂuenta

289 1512 362 1552 ex
393 1504 642 1566 utraque
690 1493 816 1564 ripa
848 1493 1127 1560 incolunt,
1160 1493 1383 1564 pergit;
1417 1492 1518 1562 qui
1549 1499 1604 1549 et
1651 1491 1754 1562 ipsi
1795 1490 1992 1546 eodem

293 1584 542 1652 Bonosii,
583 1583 932 1654 Fontiuique
973 1582 1248 1639 maculati
1285 1595 1480 1638 errore
1503 1595 1724 1642 everso.
1752 1579 1874 1650 jam
1901 1593 1994 1635 se-

293 1675 388 1730 nio
443 1675 560 1742 [al.,
613 1687 734 1729 aevo
769 1672 891 1743 jam
937 1669 1118 1742 senes]
1168 1671 1554 1728 tabescebant.
1599 1669 1684 1725 Ad
1729 1683 1874 1740 quos
1905 1667 1995 1724 vir

291 1763 390 1819 Dei
445 1762 684 1818 veniens
731 1759 1064 1832 evangelico
1128 1773 1380 1825 vomere,
1441 1758 1992 1829 Scripturarumque

290 1866 590 1908 sacrarum
619 1850 894 1914 cauterio,
924 1849 1052 1906 licet
1079 1862 1195 1904 non
1227 1848 1448 1918 absque
1471 1847 1664 1903 labore
1691 1860 1988 1911 exercens,

291 1956 364 1997 ne
417 1954 578 2012 seges
636 1938 954 2005 Dominica,
1011 1937 1379 1994 crudescente
1432 1936 1620 2006 gleba,
1671 1934 1990 1992 sull‘ocante

289 2031 526 2097 zizania,
577 2029 637 2086 in
685 2041 901 2085 avenas
929 2025 1246 2096 loliumque
1275 2031 1642 2090 accresceret,
1677 2022 1749 2079 ad
1780 2029 1991 2078 sanctae

291 2117 559 2172 Ecclesiae
603 2116 890 2188 gremium
933 2113 1246 2171 revocavit.
1297 2114 1402 2180 Qui
1448 2109 1749 2177 hactenus,
1805 2111 1991 2184 gratia

291 2206 503 2262 divina:
533 2205 900 2276 aspirationis
929 2203 988 2260 in
1033 2204 1259 2274 eadem,
1299 2217 1477 2275 quam
1511 2203 1584 2259 ab
1615 2215 1680 2258 eo
1719 2214 1990 2272 percepe-

291 2301 450 2356 runt,
480 2307 683 2348 norma
711 2298 1100 2362 perseverant.

363 2383 453 2439 Sic
478 2382 539 2438 Β.
571 2380 874 2436 Eustasius
901 2386 1027 2451 post
1047 2378 1232 2435 multa
1261 2392 1452 2434 rerum
1479 2375 1831 2442 discrimina,
1865 2382 1992 2446 post

291 2471 516 2528 labores
569 2469 900 2536 immensos,
951 2474 1076 2538 post
1133 2467 1532 2523 haereticorum
1584 2465 1741 2521 diras
1770 2465 1990 2536 procel-

295 2559 396 2626 las,
458 2557 894 2630 agrestiumque
961 2555 1457 2612 schismaticorum
1533 2553 1784 2620 fraudes,
1859 2567 1991 2623 qua:

294 2647 520 2717 plenius
551 2646 606 2702 in
641 2646 760 2701 suis
791 2644 965 2716 gestis
1007 2643 1396 2711 continentur,
1446 2649 1512 2699 ut
1537 2643 1726 2700 bonus
1753 2641 1986 2708 athleta,

292 2735 535 2793 summis
567 2733 788 2805 pollens
815 2732 1113 2790 miraculis
1142 2733 1260 2788 vita
1297 2732 1463 2788 beata
1512 2731 1745 2787 functus
1774 2730 1991 2801 migra-

291 2825 374 2881 vit
405 2823 476 2880 ad
525 2823 728 2887 Deum,
781 2836 914 2878 cum
961 2835 1162 2878 curam
1210 2819 1454 2877 fratrum
1505 2827 1632 2891 post
1678 2819 1986 2876 discessum

291 2911 550 2984 magistri
581 2911 768 2966 tribus
787 2924 900 2966 non
923 2923 1128 2980 parum
1149 2908 1344 2966 minus
1364 2908 1603 2965 rexisset
1619 2907 1818 2964 lustris
1845 2907 1954 2978 (62)
1972 2947 1985 2960 .

291 3002 356 3058 In
386 3001 557 3072 cujus
589 2999 779 3056 locum
813 2999 934 3068 jam
979 2997 1199 3069 pridem
1250 2996 1654 3054 convenientia
1690 2997 1869 3054 beata:
1899 3011 1986 3053 re-

291 3087 636 3146 cordationis
681 3087 1014 3145 Walbertus
1043 3086 1102 3142 in
1151 3085 1431 3158 regimine
1483 3085 1728 3179 fratrum
1777 3085 1988 3142 subve-
2025 3123 2066 3179 Ο

288 3187 416 3235 etus
451 3185 554 3245 est,
611 3175 704 3233 vir
739 3175 998 3232 omnium
1059 3175 1214 3232 fama
1265 3173 1592 3242 laudabilis,
1642 3175 1989 3246 eximiieque

289 3265 624 3333 sanctitatis,
655 3273 712 3322 et
749 3265 809 3322 in
836 3263 1232 3322 ecclesiasticis
1277 3262 1594 3333 disciplinis
1621 3277 1740 3319 non
1773 3262 1987 3318 medio-

289 3357 462 3414 criter
507 3355 771 3412 eruditus
815 3370 831 3422 ;
884 3353 1137 3410 bonitate
1191 3367 1260 3408 ac
1315 3352 1544 3422 pietate,
1592 3351 1988 3422 charitateque

291 3445 646 3517 perspicuus,
691 3449 747 3500 et
791 3441 1053 3510 doctrina
1103 3441 1464 3510 exuberans;
1508 3440 1686 3511 hujus
1734 3447 1988 3510 tempore

288 3549 390 3606 per
428 3533 742 3591 Galliarum
795 3529 1124 3602 provincias
1169 3529 1402 3600 agmina
1445 3528 1882 3598 monachorum,
1931 3536 1988 3586 et

287 3635 584 3680 sacrarum
612 3619 938 3692 puellarum
971 3618 1261 3686 examina,
1297 3632 1411 3674 non
1437 3617 1623 3674 solum
1662 3633 1764 3689 per
1792 3631 1983 3690 agros,

289 3711 475 3778 villas,
525 3709 820 3778 vicosque,
867 3715 1043 3779 atque
1091 3706 1344 3771 castella.
1403 3721 1610 3764 verum
1665 3707 1836 3763 etiam
1885 3721 1988 3778 per

287 3799 464 3856 eremi
489 3797 830 3864 vastitatem,
857 3811 929 3852 ex
976 3795 1179 3866 regula
1203 3795 1490 3852 duntaxat
1533 3794 1832 3852 beatorum
1879 3794 1983 3850 Pa-

287 3897 439 3945 trum
494 3884 782 3944 Benedicti
834 3883 1179 3942 Columbani
1239 3883 1628 3954 pullulabant,
1679 3896 1812 3940 cum
1853 3889 1986 3940 ante

284 3977 428 4036 illud
460 3984 686 4048 tempus
731 3975 1080 4032 monasteria
1125 3973 1226 4030 vix
1259 3973 1460 4044 paucis
1503 3972 1617 4029 illis
1655 3972 1984 4042 reperiren-

281 4075 380 4124 tur
431 4066 492 4123 in
551 4064 709 4123 locis.
761 4063 868 4120 Sed
919 4077 1079 4120 nunc
1131 4062 1205 4119 ad
1261 4061 1578 4120 articulum
1622 4068 1986 4119 revertamur

282 4155 556 4213 historiae.

957 4241 1192 4299 CAPUT
1230 4241 1300 4298 V.

354 4329 809 4390 Prudentissima
866 4329 1079 4386 femina
1133 4329 1446 4402 Salaberga
1495 4343 1627 4386 cum
1685 4343 1788 4399 per
1817 4329 1982 4386 bien-

2101 608 2416 665 bernacula
2471 609 2830 680 Dagobertus
2878 611 3158 681 gestabat,
3212 613 3302 668 vir
3339 613 3624 684 imprimis
3674 631 3821 672 acer

2101 696 2354 768 ingenio,
2388 703 2443 752 et
2477 695 2863 766 principatum
2912 703 3113 754 tenens
3161 695 3278 770 [al.,
3329 701 3654 772 principatu
3681 703 3817 758 cla-

2100 783 2242 854 rus],
2270 790 2326 839 et
2355 797 2471 838 non
2519 782 2706 838 solum
2755 783 2886 838 fidei
2931 783 3064 854 jure
3102 785 3210 841 sibi
3252 787 3545 858 subjectis,
3593 803 3812 846 verum

2099 871 2269 927 etiam
2317 878 2650 928 exterarum
2690 871 3132 943 vicinarumque
3175 875 3430 944 gentium
3479 876 3632 932 fama
3678 893 3815 934 me-

2101 960 2371 1016 tuendus.
2419 959 2678 1016 Metuens
2721 967 2917 1017 autem
2973 961 3247 1033 praefatus
3291 963 3642 1022 Gunduinus
3681 964 3808 1040 [al.,

2101 1049 2480 1114 Bundoinus],
2528 1063 2600 1105 ne
2641 1049 2714 1106 ob
2762 1049 2940 1106 filiam
2999 1050 3144 1107 iram
3193 1053 3344 1124 regis
3403 1054 3812 1125 stevitiamque

2102 1137 2443 1203 incurreret,
2483 1151 2610 1192 eam
2641 1150 2675 1192 a
2703 1137 2868 1204 calle,
2913 1153 3030 1209 quo
3079 1139 3160 1196 ire
3206 1148 3407 1210 sponte
3446 1141 3806 1209 decreverat,

2103 1225 2448 1297 pedetentim
2482 1226 2740 1283 retraxit.
2792 1227 2920 1284 1am
2947 1228 3102 1285 enim
3131 1229 3336 1301 opinor
3362 1231 3490 1303 ejus
3529 1231 3601 1287 ad
3627 1245 3811 1289 aures

2101 1315 2254 1386 regis
2280 1322 2642 1386 pervenerat.

2171 1403 2510 1461 Morabatur
2559 1403 2810 1474 denique
2868 1403 3064 1460 iisdem
3131 1406 3482 1476 temporibus
3543 1408 3603 1464 in
3664 1409 3810 1465 aula

2102 1491 2358 1564 praedicti
2408 1491 2685 1564 principis
2747 1493 2836 1548 vir
2897 1493 3136 1564 quidam
3193 1501 3485 1562 strenuus,
3549 1496 3810 1553 consiliis

2102 1582 2274 1653 regiis
2310 1591 2532 1653 gratus,
2565 1589 2620 1639 et
2670 1583 2820 1638 inter
2860 1597 2995 1639 suos
3043 1583 3196 1640 fama
3223 1584 3651 1654 celeberrimus,
3702 1602 3808 1643 no-

2104 1670 2256 1728 mine
2285 1671 2604 1726 Blandinus
2653 1669 2770 1744 [al.,
2821 1671 3183 1742 Blandinus],
3219 1672 3321 1742 qui
3351 1682 3806 1743 cognomentum

2103 1759 2247 1816 Baso
2275 1769 2592 1831 acceperat,
2627 1759 2730 1832 qui
2771 1767 2966 1830 utpote
3009 1768 3066 1816 et
3109 1761 3229 1832 ipse
3266 1775 3341 1818 ex
3371 1763 3806 1821 Sieambrorum

2101 1850 2370 1920 prosapia
2395 1857 2558 1906 ortus
2597 1849 2990 1920 exspectabili,
3027 1850 3354 1920 przedictam
3404 1851 3802 1924 Salabergam,

2099 1952 2214 1993 non
2254 1937 2382 2009 ejus
2418 1945 2639 2008 sponte,
2685 1937 2827 2008 quia
2863 1938 3212 2008 jamdudum
3253 1939 3469 1995 divinis
3501 1943 3805 2012 praceptis

2098 2037 2156 2078 se
2203 2023 2499 2092 implicare
2537 2031 2778 2080 noverat
2818 2023 2932 2094 [al.,
2981 2021 3266 2096 voverat],
3306 2023 3436 2080 licet
3467 2025 3660 2081 invitis
3698 2041 3803 2097 pa-

2098 2111 2378 2179 rentibus,
2411 2111 2571 2180 regio
2622 2119 2808 2168 tamen
2837 2111 3026 2182 jussu,
3058 2119 3112 2168 et
3149 2112 3222 2168 ob
3253 2113 3561 2170 liberorum
3593 2129 3802 2184 procu-

2099 2199 2414 2256 randorum
2454 2213 2710 2268 causam,
2745 2201 2804 2256 in
2831 2214 3000 2256 suum
3034 2201 3276 2257 adscivit
3305 2202 3661 2274 conjugium.
3693 2203 3798 2258 So-

2096 2288 2246 2344 ciata
2275 2288 2469 2358 itaque
2501 2287 2624 2344 viro
2671 2295 3002 2354 memorato,
3055 2288 3181 2345 licet
3221 2289 3330 2346 sub
3353 2291 3487 2360 jure
3515 2291 3795 2362 conjugii,

2096 2376 2424 2434 Christiana
2454 2383 2644 2432 tamen
2677 2377 2908 2448 utrique
2939 2377 3286 2434 exercebant
3317 2393 3509 2450 opera,
3540 2387 3594 2435 et
3620 2379 3799 2450 bapti-

2097 2465 2204 2521 smi
2233 2465 2606 2521 candidatum
2655 2465 3018 2522 devotissime
3066 2467 3396 2522 servabant.
3431 2468 3609 2524 Erant
3637 2470 3792 2525 enim

2098 2553 2406 2624 hospitales
2435 2561 2489 2610 et
2533 2553 2909 2624 eleemosynis
2951 2553 3148 2619 dediti,
3197 2555 3583 2626 maximeque,
3619 2557 3794 2628 juxta

2099 2643 2160 2698 B.
2195 2643 2440 2699 Paulum
2467 2643 2769 2714 egregium
2809 2643 3260 2714 praedicatorem,
3311 2644 3634 2701 domesticis
3666 2644 3777 2701 fide

2097 2731 2246 2802 (Gal.
2304 2745 2381 2796 VI,
2436 2732 2546 2802 t0),
2598 2739 2652 2787 et
2716 2731 3054 2802 peregrinis,
3117 2732 3300 2788 servis
3345 2739 3534 2808 autem
3581 2731 3795 2789 Christi

2095 2833 2324 2876 summa
2363 2821 2730 2876 veneratione
2768 2821 3240 2890 obtemperantes,
3292 2820 3442 2878 illius
3485 2821 3796 2878 Salvatoris

2097 2923 2376 2966 memores
2404 2909 2669 2980 przecepti
2705 2925 2718 2964 :
2756 2931 2776 2958 ε
2829 2907 3100 2976 Quandiu
3135 2909 3340 2966 fecistis
3385 2909 3488 2966 nni
3515 2924 3588 2966 ex
3620 2911 3792 2968 mini-

2096 2997 2204 3054 mis
2237 2997 2377 3062 istis,
2403 2997 2542 3053 mihi
2593 2996 2802 3054 fecistis
2849 2998 3068 3068 (Matth.
3122 3012 3256 3065 xxv,
3305 2999 3436 3069 40);
3475 3020 3496 3047 ι
3541 3007 3596 3056 et
3646 2999 3793 3056 illud

2095 3087 2156 3142 B.
2191 3085 2340 3142 Petri
2370 3085 2648 3156 apostoli:
2687 3107 2707 3134 ι
2753 3085 3071 3157 HOSpitales
3100 3085 3345 3142 invicem
3373 3087 3496 3144 sine
3525 3102 3793 3144 murmu-

2096 3175 2316 3232 ratione
2347 3177 2387 3240 (ι
2421 3177 2562 3230 Petr.
2596 3189 2672 3239 tv,
2705 3177 2776 3244 9).
2816 3196 2837 3223 ι

2167 3264 2271 3320 Sed
2303 3278 2438 3320 cum
2465 3265 2572 3331 his,
2608 3263 2834 3321 favente
2864 3264 3123 3333 Domino,
3155 3265 3320 3321 bonis
3361 3265 3631 3337 pollerent
3660 3280 3797 3324 mo-

2095 3353 2274 3422 ribus,
2306 3361 2362 3410 et
2390 3352 2715 3410 Christiano
2759 3367 2916 3410 more
2971 3353 3240 3424 degerent
3289 3352 3406 3428 [αι.
3458 3355 3651 3426 vigore
3696 3355 3796 3410 vi-

2095 3441 2234 3512 tam]
2255 3450 2311 3498 et
2355 3441 2568 3512 prolem
2612 3441 2834 3498 nullam
2882 3455 3084 3513 capere
3137 3450 3386 3514 possent,
3418 3442 3797 3500 Christianis-

2092 3529 2238 3588 sima
2267 3529 2479 3586 femina
2510 3529 2706 3593 anxia.
2741 3537 2796 3586 et
2824 3537 2906 3586 tot
2935 3531 3163 3600 privata
3196 3530 3532 3604 privilegiis,
3564 3540 3796 3588 sancta-

2095 3634 2223 3676 rum
2275 3619 2584 3676 mulierum
2632 3618 2814 3676 Annze
2855 3627 2912 3676 et
2958 3619 3249 3676 Elizabeth
3304 3619 3360 3676 in
3407 3635 3466 3677 se
3511 3620 3799 3678 adhibens

2093 3706 2286 3774 ﬁdem,
2319 3722 2452 3779 quae
2481 3707 2541 3763 in
2569 3707 2776 3778 templo
2823 3708 3049 3764 Domini
3091 3708 3302 3780 vigiliis
3333 3717 3389 3766 et
3435 3710 3798 3768 orationibus

2091 3797 2447 3853 excubantes
2495 3796 2647 3867 (Luc.
2695 3811 2752 3864 ιι,
2805 3799 2911 3862 37;
2956 3812 2996 3864 ι,
3047 3799 3120 3867 6),
3159 3805 3281 3868 post
3307 3797 3644 3854 diuturnam
3671 3808 3794 3856 ste-

2092 3886 2358 3944 rilitatem
2393 3893 2596 3958 partus
2649 3895 2875 3943 sanctos
2924 3895 3282 3956 meruerunt,
3315 3895 3370 3944 et
3418 3898 3795 3958 procrearunt

2093 3975 2319 4043 liberos;
2361 3975 2433 4032 ad
2464 3975 2757 4032 basilicam
2797 3976 2860 4032 B.
2906 3975 3149 4046 Remigii
3201 3975 3500 4047 pontificis,
3549 3976 3648 4048 qui
3680 3992 3790 4034 ur-

2089 4064 2217 4120 bem
2268 4065 2576 4121 Remorum
2637 4065 3086 4136 Campaniaeque
3149 4065 3410 4122 tellurem
3473 4065 3791 4124 virtutibus

2089 4153 2268 4210 sacris
2331 4161 2388 4210 ct
2453 4152 2816 4210 mirabilibus
2857 4153 3202 4224 illustrabat,
3263 4155 3534 4226 expetiit;
3590 4154 3788 4226 ibique

2087 4242 2305 4315 vigiliis
2332 4250 2388 4300 et
2412 4243 2770 4300 orationibus
2805 4243 3123 4313 excubans,
3171 4251 3371 4300 votum
3420 4243 3576 4300 vovit
3616 4250 3704 4308 ut.
3737 4245 3784 4300 si

2087 4330 2370 4388 divinitus
2413 4331 2464 4388 ei
2510 4331 2735 4388 soboles
2798 4331 3224 4400 concederetur,
3298 4332 3482 4404 ipsam
3543 4331 3785 4390 Domino

279 4423 444 4480 nium
471 4421 593 4492 jam
618 4419 858 4476 viduata
906 4419 1196 4482 resideret.
1249 4418 1380 4476 licet
1421 4419 1532 4476 sub
1579 4417 1725 4474 laico
1779 4416 1980 4474 habitu
2017 4425 2062 4482 Ι)
2089 4419 2326 4476 dicaret.

279 4511 512 4581 degens,
569 4507 802 4580 vigiliis,
883 4507 1122 4580 jejuniis
1204 4515 1379 4578 atque
1459 4506 1850 4576 eleemosynis,
1919 4505 1977 4562 in

279 4606 566 4672 quantum
596 4597 749 4654 vires
773 4595 1251 4668 sul’l‘ragabantur
1277 4595 1518 4667 praedita
1559 4595 1678 4667 [al.,
1707 4601 1977 4665 suppete-

277 4689 417 4746 bant
447 4689 683 4754 intenta,
733 4684 1024 4759 praedita],
1068 4701 1200 4758 quae
1248 4685 1346 4742 Dei
1397 4693 1554 4752 sunt,
1599 4686 1713 4741 Deo
1749 4684 1978 4741 inhian-

277 4785 362 4834 ter
391 4776 682 4834 reddebat.
739 4775 1063 4832 Doctrinam
1113 4788 1270 4842 vero,
1321 4787 1498 4846 quam
1539 4787 1573 4828 a
1619 4773 1680 4828 B.
1714 4773 1978 4829 Eustasio

275 4873 623 4937 perceperat,
655 4865 816 4923 velut
858 4863 1143 4922 mundum
1193 4863 1406 4919 animal
1446 4861 1798 4920 ruminabat.
1829 4861 1972 4918 Cum

275 4955 497 5012 hmcita
528 4969 618 5011 res
645 4969 706 5012 se
745 4953 1001 5020 haberet,
1043 4951 1296 5012 decrevit
1343 4951 1536 5008 animo
1565 4958 1630 5008 ut
1673 4951 1744 5007 ad
1777 4964 1976 5006 sacra-

275 5059 404 5100 rum
440 5044 734 5114 virginum
767 5040 1120 5107 emnobium,
1152 5041 1308 5112 quod
1348 5040 1712 5096 venerandus
1749 5039 1841 5094 vir
1871 5039 1976 5095 Ro-

273 5132 529 5189 marieus
553 5146 624 5188 ex
654 5130 866 5200 palatio
893 5129 1199 5200 magniﬁce
1241 5143 1574 5196 conversus,
1625 5143 1726 5198 per
1755 5128 1974 5185 exhor-

275 5219 544 5275 tationem
558 5226 613 5274 et
630 5217 883 5274 solamen
901 5219 964 5274 B.
979 5217 1231 5275 Eustasii
1253 5217 1312 5274 in
1325 5219 1549 5288 Vosago
1569 5224 1973 5274 construxerat

274 5306 446 5372 saltu,
478 5305 757 5362 latebram
787 5304 928 5376 fuga
973 5310 1282 5376 expeteret,
1323 5305 1662 5376 fecissetque
1698 5305 1836 5362 satis
1863 5319 1972 5360 vo-

273 5395 367 5459 tis,
417 5394 462 5450 si
517 5408 691 5450 sexus
744 5406 861 5448 non
909 5392 1132 5450 fecisset
1173 5394 1667 5466 impedimentum,
1721 5401 1777 5450 et
1813 5393 1973 5465 regia

272 5497 390 5540 non
420 5482 789 5554 impedissent
809 5481 1127 5538 obstacula.

345 5661 450 5734 (62)
484 5663 588 5721 Hic
612 5661 846 5720 videtur
875 5666 1076 5717 auctor
1107 5660 1166 5717 Β.
1204 5659 1528 5732 Salabergze
1563 5673 1801 5732 snppar.

2157 4509 2270 4566 Nec
2317 4523 2479 4566 mora
2527 4509 2760 4566 domum
2817 4524 3066 4577 reversa,
3109 4510 3218 4566 hoc
3265 4509 3419 4581 quod
3461 4509 3699 4566 fideliter
3727 4519 3782 4568 et

2087 4597 2261 4654 anxie
2291 4599 2548 4668 petierat,
2583 4611 2616 4653 a
2664 4599 2905 4655 Domino
2939 4608 3023 4655 est
3051 4600 3104 4655 ei
3145 4599 3454 4664 collatum;
3497 4598 3778 4668 concepit-

2085 4701 2222 4757 que,
2250 4693 2306 4743 et
2335 4687 2554 4757 peperit
2581 4687 2796 4756 ﬁliam;
2845 4687 2938 4744 cui
2984 4703 3056 4744 ex
3102 4689 3246 4744 avia:
3293 4688 3571 4745 vocabulo
3619 4687 3783 4744 Sare-

2087 4775 2272 4832 trudis
2309 4789 2516 4832 nomen
2569 4775 2796 4831 indidit.
2853 4776 3080 4832 Rursus
3139 4775 3312 4832 aliam
3367 4776 3540 4832 ﬁliam
3583 4776 3777 4842 edidit,

2084 4877 2263 4935 quam
2311 4863 2567 4920 Ebanem
2635 4864 3014 4934 nuncupavit.
3085 4864 3362 4936 Deinceps
3405 4879 3539 4922 vero
3583 4866 3780 4935 genuit

2085 4951 2261 5008 tiliam
2287 4952 2533 5020 tertiam,
2562 4952 2864 5024 ipsamque
2888 4953 3150 5024 baptismi
3175 4957 3362 5025 gratia
3388 4961 3774 5026 regeneratam

2081 5040 2432 5098 Austrudem
2467 5039 2592 5114 [al.,
2625 5041 3298 5114 Astrudem]appellavit,
3333 5057 3464 5113 quae
3494 5043 3550 5098 in
3578 5057 3774 5101 curam

2080 5137 2137 5186 et
2165 5129 2419 5201 regimen
2453 5143 2739 5192 sororum.
2781 5145 3050 5201 processu
3103 5131 3390 5202 temporis,
3435 5138 3644 5187 cuncta
3673 5146 3774 5188 an-

2082 5227 2295 5275 nuente
2319 5227 2570 5282 caterva,
2601 5219 2906 5276 ’succcssit.
2939 5220 3220 5288 Quartum
3270 5234 3406 5277 vero
3431 5220 3607 5276 edidit
3635 5221 3776 5278 libe-

2081 5320 2214 5363 rum
2253 5308 2348 5364 cui
2379 5315 2434 5364 et
2482 5306 2588 5378 ipsi
2638 5307 2903 5378 baptismi
2951 5309 3138 5380 gratia
3171 5308 3561 5365 sacerdotibus
3596 5323 3778 5366 conse-

2080 5401 2262 5459 crato,
2295 5395 2593 5452 Eustasius
2619 5409 2828 5452 nomen
2880 5395 3325 5468 indiderat,'qni
3369 5403 3424 5454 et
3450 5397 3601 5453 infra
3628 5403 3774 5456 68!

2081 5482 2329 5554 pueriles
2357 5497 2541 5540 annos
2565 5483 2872 5541 defunctus
2899 5492 3002 5541 est.
3039 5484 3199 5556 [Quae
3245 5485 3526 5542 hactenus
3555 5485 3778 5546 Christo
