3930 6420
176 395 322 480 ιρρέ)

1389 427 1613 481 ADDIT.
1647 457 1712 464 —
1749 427 1903 481 VITA
1944 429 1998 481 S.
2042 427 2485 483 SALABERGJ'Z.

3556 428 3689 491 193')

171 560 410 631 auspice
481 557 696 615 divinis
755 557 1070 628 privilegiis
1124 572 1283 614 nunc
1346 566 1628 629 superest.
1682 558 1873 615 Unum
1916 559 1958 612 A
1988 557 2132 613 Nam
2162 572 2293 613 cum
2336 557 2635 614 barbaries
2678 558 2802 615 licet
2847 559 3049 629 procul
3092 560 3332 629 abesset,
3368 577 3569 635 regum
3596 574 3688 621 ta—

174 658 407 705 tantum
435 648 611 704 edidit
660 647 927 715 liberum,
963 646 1054 703 cui
1089 654 1145 702 et
1195 646 1300 717 ipsi
1329 646 1596 717 baptismi
1636 647 1821 717 gratia
1849 660 1883 702 a

176 737 644 793 sacerdotibus...
676 735 1008 791 Eustasium
1047 748 1252 791 nomen
1281 736 1663 803 tradiderunt,
1700 737 1799 806 qui
1829 745 1883 792 et

175 822 335 877 infra
366 821 614 891 pueriles
638 834 838 887 annos,
872 818 1001 890 etc.l
1037 819 1316 886 Quintum
1349 834 1486 875 vero
1519 820 1681 876 bona:
1722 820 1881 875 indo-

179 910 253 966 lis
306 910 484 966 edidit
539 909 772 979 prolem,
829 909 1061 964 nomine
1109 908 1459 965 Balduinum
1512 907 1629 983 {al.,
1678 909 1881 965 Baldo-

177 998 371 1072 num],
432 1013 606 1070 quem
654 1005 709 1053 et
765 999 954 1068 ipsum
1006 997 1180 1068 juxta
1240 998 1455 1068 priores
1511 998 1882 1068 omnipotenti

178 1087 297 1142 Deo
352 1088 620 1142 sacravit.
698 1087 830 1157 Egit
886 1087 990 1142 hoc.
1044 1086 1296 1157 denique
1365 1087 1585 1143 famula
1631 1086 1879 1156 Christi,

176 1177 456 1246 omnique
486 1176 619 1232 nisu
654 1188 927 1246 aggressa
957 1182 1041 1231 est
1088 1182 1153 1230 ut
1181 1189 1409 1231 omnem
1437 1176 1672 1231 domum
1715 1189 1882 1231 suam

176 1280 295 1319 non
346 1264 450 1320 sibi
493 1264 622 1333 soli,
682 1264 779 1319 sed
828 1264 1034 1319 marito
1075 1264 1268 1331 simul,
1325 1272 1378 1320 et
1429 1264 1623 1319 liberis
1671 1264 1881 1321 Christi

180 1353 393 1409 faceret
423 1352 757 1408 Ecclesiam.

846 1440 1079 1497 CAPUT
1119 1440 1218 1497 VI.

256 1531 477 1586 Interea
507 1544 639 1586 cum
665 1528 909 1601 egregia?
938 1528 1257 1585 sanctitatis
1281 1529 1472 1599 opinio
1507 1529 1879 1598 Waldeberti,

173 1618 357 1689 cujus
386 1618 718 1679 memoriam
752 1617 1010 1685 fecimus,
1060 1631 1203 1687 pene
1237 1631 1334 1686 per
1365 1619 1663 1673 universos
1695 1619 1882 1673 Fran-

170 1722 381 1764 corum
431 1707 704 1763 terminos
741 1706 949 1762 eximie
1000 1706 1331 1775 pullularet,
1376 1715 1430 1761 et
1459 1706 1686 1762 solertia
1729 1721 1882 1777 prte-

170 1795 485 1852 dicationis
544 1795 672 1866 ejus
729 1808 762 1849 a
808 1794 1031 1851 Christo
1087 1794 1345 1859 Domino,
1402 1794 1523 1850 sine
1570 1808 1687 1864 quo
1737 1794 1879 1849 nihil

168 1884 317 1939 boni
363 1887 576 1955 agttur,
614 1882 834 1938 aﬂatim
888 1883 1248 1947 fervesceret,
1296 1890 1559 1953 essetque
1607 1882 1880 1939 omnibus

169 1973 407 2028 Domini
453 1971 772 2029 colentibus
820 1980 1040 2042 gratus,
1102 1972 1563 2043 monasteriaque
1614 1972 1873 2029 virorum

165 2074 245 2116 ac
291 2060 601 2116 mulierum
651 2074 723 2115 ex
774 2061 901 2130 ejus
952 2074 1156 2115 norma
1202 2059 1418 2116 allatim
1467 2060 1874 2127 conderentur,

162 2163 417 2205 cernens
448 2149 613 2206 beata
658 2148 969 2219 Salaberga
1000 2162 1232 2204 servum
1267 2147 1473 2203 ChriSIi
1518 2148 1875 2217 militemque

166 2239 525 2309 praeclarum
565 2244 648 2293 tot
698 2237 900 2293 ﬂorere
937 2236 1237 2306 exemplis,
1290 2235 1726 2306 virtutibusque
1775 2236 1874 2291 lla-

161 2340 345 2398 grare
376 2327 665 2397 supernis,
706 2334 759 2382 et
787 2326 1017 2381 assidue
1048 2325 1206 2381 velut
1234 2340 1264 2381 e
1295 2326 1566 2396 luporum
1612 2325 1877 2381 faucibus

158 2423 400 2487 ereptos
429 2416 647 2486 ubique
695 2428 897 2485 greges
925 2413 1133 2470 Christi
1171 2413 1442 2482 adunari,
1477 2428 1610 2470 eum
1656 2413 1725 2469 ad
1753 2427 1877 2484 pro-

160 2506 383 2577 priam,
414 2504 671 2572 domum,
699 2504 772 2561 ob
801 2503 1210 2559 benedictionis
1238 2503 1312 2559 ab
1337 2518 1402 2559 eo
1424 2504 1666 2574 gratiam
1700 2503 1877 2573 perci-

158 2594 467 2668 piendam,
498 2594 759 2650 crebrius
789 2593 1151 2658 accersitum,
1175 2592 1333 2648 velut
1363 2591 1625 2647 divinum
1658 2606 1872 2647 munus

157 2674 280 2739 sibi
326 2695 360 2738 a
408 2682 649 2738 Domino
704 2681 825 2738 fore
884 2695 1217 2737 concessum
1267 2694 1451 2737 ovans
1502 2680 1868 2751 suscipiebat,

157 2772 470 2843 verbaque
526 2771 784 2827 salubria
830 2778 884 2826 et
933 2771 1262 2827 animarum
1330 2770 1561 2826 medelze
1613 2784 1873 2841 congrua

161 2861 413 2919 haurire
446 2874 519 2916 ex
552 2860 679 2930 ejus
708 2859 985 2916 melliiluo
1016 2873 1113 2916 ore
1141 2858 1521 2928 desiderabat,
1554 2859 1872 2930 ﬂagrabat-

155 2965 286 3024 que
321 2950 731 3006 instantissime
764 2950 1012 3018 animus,
1049 2955 1133 3017 ut,
1185 2949 1390 3020 spretis
1428 2947 1873 3019 phaleramentis

152 3039 371 3097 saeculi
401 3038 740 3110 pompisque
770 3038 1081 3095 mundanis
1113 3037 1458 3109 postpositis,
1490 3038 1561 3093 ad
1589 3037 1871 3093 virtutum

149 3129 403 3187 culmen
452 3127 790 3198 apicemque
833 3128 1151 3183 sanctitatis
1181 3127 1395 3183 valeret
1433 3126 1756 3183 ascendere.
1790 3126 1868 3182 De

65 3259 83 3276 .
152 3234 283 3291 quo
319 3216 604 3273 virtutum
638 3216 891 3272 culmine
935 3216 1214 3273 Dominus
1243 3230 1477 3286 quoque
1523 3224 1578 3271 et
1609 3214 1871 3271 Salvator

153 3309 219 3364 in
254 3305 576 3377 Evangelio
605 3304 865 3376 loquitur
890 3305 1087 3360 dicens
1115 3320 1127 3360 :
1158 3327 1179 3353 α
1214 3304 1410 3361 Omnis
1439 3303 1541 3375 qui
1571 3304 1870 3375 reliquerit

151 3404 410 3468 patrem,
454 3401 556 3451 aut
584 3401 846 3462 matrem,
892 3402 994 3450 aut
1023 3394 1239 3461 domos,
1286 3401 1388 3450 aut
1435 3406 1603 3465 agros
1637 3400 1871 3463 propter

155 3499 381 3542 nomen
413 3498 625 3548 meum,
658 3482 992 3554 centuplum
1027 3483 1263 3553 accipiet
1304 3489 1358 3538 et
1386 3483 1564 3537 vitam
1594 3490 1865 3538 aeternam

155 3572 481 3646 possidebit
530 3572 751 3638 (Matth.
802 3587 910 3637 xxx,
945 3574 1026 3638 9);
1058 3592 1085 3621 »
1118 3578 1172 3627 et
1203 3570 1341 3627 illud
1373 3586 1385 3625 :
1424 3592 1445 3619 ι
1496 3571 1695 3641 Ignem
1735 3571 1867 3625 veni

154 3662 396 3718 mittere
447 3661 507 3716 in
576 3669 809 3727 terram,
869 3666 923 3715 et
969 3660 1107 3730 quid
1168 3659 1296 3714 volo
1344 3658 1452 3714 nisi
1502 3667 1565 3714 ut
1620 3658 1868 3715 ardeat?

158 3752 321 3822 (Luc.
369 3765 468 3815 xu,
512 3750 627 3818 49.)
673 3770 692 3797 ι
733 3747 880 3815 Quid
929 3748 1140 3818 plura?
1189 3748 1437 3803 Auctore
1485 3746 1599 3803 Deo
1640 3761 1865 3803 omnem

154 3853 328 3911 spem
375 3851 538 3894 suam
580 3846 704 3908 post
749 3840 926 3894 Deum
975 3837 1137 3892 beato
1166 3837 1289 3891 viro
1322 3835 1699 3905 committens,
1742 3836 1867 3892 viro

156 3940 465 3994 converso,
500 3926 875 3998 prolibusque
922 3927 1033 3982 Deo
1077 3926 1337 3991 sacratis,
1381 3925 1675 3995 religionis
1712 3932 1867 3981 veste

157 4024 423 4087 accepta,
471 4015 610 4072 inito
641 4030 773 4072 cum
809 4016 870 4071 Β.
918 4014 1284 4071 Waldeberto
1324 4014 1599 4082 consilio,
1652 4027 1869 4070 conve-

155 4106 387 4161 nientia
441 4102 530 4175 [f.,
591 4104 979 4174 conniventia]
1046 4103 1326 4159 existente
1386 4102 1597 4170 mariti,
1672 4116 1868 4158 emno-

158 4194 329 4250 bium
379 4193 704 4263 puellarum
754 4194 813 4249 in
865 4192 1147 4249 suburbio
1196 4190 1522 4262 Lingonicte
1571 4190 1753 4258 urbis,
1808 4191 1863 4245 in

154 4282 498 4339 haereditate
518 4281 607 4338 vel
630 4282 987 4338 successione
999 4290 1256 4351 paterna,
1282 4287 1526 4337 conatur
1542 4288 1862 4336 exstruere.

157 4371 328 4435 Quod
361 4371 607 4441 propriis
630 4370 950 4427 redditibus
970 4370 1314 4441 praediorum
1350 4384 1612 4435 suorum,
1643 4384 1713 4425 ex
1742 4383 1867 4425 suc-

160 4545 473 4613 hteredem,
508 4544 775 4600 nobiliter
818 4542 1039 4599 ditavit.
1090 4544 1177 4599 Ad
1208 4543 1363 4614 quod
1411 4556 1555 4612 opus
1585 4556 1866 4612 peragen-

159 4632 306 4689 dum
334 4631 684 4687 venerabilis
712 4630 1045 4687 Walbertus
1075 4630 1348 4698 solamen,
1383 4630 1764 4699 artificesque,
1801 4641 1869 4683 ac

160 4721 324 4777 viros
360 4720 674 4777 industrios
713 4720 960 4791 praebuit
989 4726 1165 4790 atque
1210 4719 1513 4775 commisit.
1555 4718 1665 4785 Qui
1709 4718 1869 4774 locus

162 4809 296 4865 licet
322 4809 756 4865 Austrasiorum
786 4808 1001 4864 finibus
1031 4808 1374 4875 immineret,
1408 4807 1636 4863 vicinus
1676 4815 1868 4862 tamen

165 4897 525 4967 Burgundiaa
549 4904 693 4963 erat,
726 4896 945 4952 distans
974 4909 1010 4951 a
1052 4895 1313 4952 Luxovio
1342 4896 1688 4952 monasterio
1718 4908 1868 4965 pau—

163 4986 220 5042 lo
246 4986 445 5041 minus
472 4986 729 5041 millibus
758 4984 1183 5056 quadraginta;
1218 4984 1414 5057 ibique
1442 4985 1711 5041 adunatis
1735 4998 1865 5039 cen-

166 5081 292 5130 tum
348 5088 448 5130 seu
480 5074 726 5143 amplius
768 5080 886 5129 tam
931 5087 1003 5128 ex
1052 5072 1340 5129 nobilibus
1386 5072 1503 5145 (aL,
1560 5070 1865 5143 nobilium]

166 5161 386 5230 liberis,
429 5177 606 5234 quam
638 5176 709 5218 ex
760 5162 990 5232 proprio
1020 5160 1204 5217 officio
1238 5161 1462 5232 puellis,
1508 5161 1730 5218 Christo
1765 5162 1870 5216 Do-

167 5251 328 5307 mino
359 5251 592 5307 dicavit.

239 5338 347 5394 Sed
400 5354 531 5395 cum
582 5339 703 5411 jam
762 5352 895 5409 pars
943 5339 1199 5396 maxima
1258 5338 1487 5394 fabricae
1536 5337 1869 5395 monasterii

168 5426 456 5483 instructa
495 5436 660 5495 esset,
710 5427 879 5498 cmpit
924 5427 1141 5483 famula
1189 5427 1398 5485 Christi
1444 5441 1724 5499 praesaga,
1771 5434 1871 5482 ut-

171 5522 300 5584 pote
344 5514 562 5586 Spiritu
595 5515 692 5572 Dei
745 5514 980 5586 repleta,
1014 5516 1202 5587 sagaci
1251 5531 1383 5572 cum
1414 5516 1539 5572 viro
1586 5516 1871 5572 trutinare

172 5602 386 5672 animo,
418 5619 530 5660 non
563 5618 682 5659 esse
708 5603 765 5657 in
797 5605 914 5659 loco
939 5603 1137 5659 eodem
1175 5604 1502 5674 puellarum
1544 5603 1870 5661 ecenobium

172 5698 385 5759 tutum,
423 5692 685 5762 nihilque
706 5690 1033 5748 stabilitatis
1064 5700 1240 5763 atque
1269 5692 1609 5749 munitionis
1641 5691 1869 5747 habere.

1991 660 2123 701 men
2172 646 2451 701 limitibus
2485 646 2617 702 hinc
2649 646 2782 703 inde
2812 648 3091 715 admistis,
3138 649 3379 720 periculi
3414 652 3687 709 indicium

1990 735 2203 791 futuris
2251 736 2603 805 temporibus
2630 744 2773 805 erat,
2819 738 2974 807 quod
3020 738 3342 808 periculum
3378 756 3482 796 nos
3521 742 3689 797 dein-

1991 838 2120 893 ceps
2164 824 2435 879 vidimus.
2488 825 2747 897 Denique
2797 840 2984 896 nuper
3038 828 3203 883 civile
3266 829 3481 886 bellum
3542 831 3690 887 inter

1991 926 2154 983 reges
2189 914 2542 968 Francorum
2572 913 2983 970 Theodericum
3016 923 3071 971 et
3102 916 3489 987 Dagobertum
3538 920 3690 974 circa

1991 1001 2115 1057 illos
2162 1001 2302 1056 lines
2330 1009 2415 1057 est
2457 1010 2671 1069 actum,
2709 1003 2926 1073 ubique
2970 1004 3185 1059 vicinia
3216 1021 3464 1077 quaeque
3511 1008 3688 1079 depo-

1991 1088 2211 1159 pulata,
2244 1089 2390 1159 agri,
2438 1089 2608 1156 villm,
2643 1089 2812 1157 :edes,
2862 1096 2916 1145 et
2948 1090 3090 1159 ipsa,
3124 1091 3277 1161 quod
3308 1093 3547 1162 gravius
3580 1104 3684 1159 est,

1990 1185 2320 1234 sanctorum
2370 1192 2610 1248 corpora
2646 1178 2777 1249 igne
2802 1185 2939 1234 sunt
2968 1186 3233 1234 cremata.
3267 1181 3427 1236 Unde
3468 1181 3689 1252 liquido

1990 1273 2143 1335 patet
2172 1265 2369 1321 divino
2406 1280 2531 1321 eam
2564 1265 2782 1336 Spiritu
2830 1266 3005 1322 fuisse
3036 1266 3337 1335 imbutam,
3391 1284 3522 1340 quae
3571 1272 3684 1340 pri-

1987 1353 2115 1409 dem
2148 1353 2486 1424 anticipavit
2516 1354 2845 1411 discrimen.

2640 1479 2870 1536 CAPUT
2911 1479 3035 1536 VII.

2060 1577 2305 1633 Consilio
2354 1576 2536 1647 igitur
2587 1576 2792 1647 adepto
2846 1591 2979 1632 cum
3031 1577 3268 1647 praefato
3320 1578 3685 1637 Waldeberto

1990 1665 2213 1731 abbate,
2265 1666 2364 1737 qui
2436 1666 2685 1737 ingenio,
2738 1672 2791 1720 et
2852 1665 3051 1735 vigore
3100 1666 3310 1737 sagaci,
3360 1675 3414 1724 et
3475 1677 3683 1725 natura

1990 1751 2141 1808 bona
2189 1753 2245 1808 in
2287 1753 2497 1810 talibus
2545 1754 2717 1810 rebus
2760 1754 3036 1824 praeditus
3082 1764 3225 1821 erat,
3275 1770 3449 1825 quem
3493 1767 3684 1827 postea

1919 1859 1957 1927 ς)
1986 1848 2041 1897 et
2080 1842 2340 1897 comitem
2386 1842 2626 1910 itineris,
2654 1850 2710 1899 et
2752 1842 2968 1898 socium
3000 1842 3211 1899 laboris
3261 1844 3482 1911 habuit,
3516 1847 3686 1917 elegit

1988 1930 2094 1985 iter
2124 1929 2348 1986 Christo
2377 1930 2523 1986 duce
2565 1930 2749 1986 instar
2776 1930 3119 1986 sanctissimi
3154 1931 3402 1988 Abrahae
3433 1934 3683 2003 patriar-

1984 2017 2128 2086 chae,
2169 2017 2269 2087 qui
2302 2017 2373 2073 de
2419 2018 2821 2087 Mesopotamia
2865 2018 3041 2088 Syria:
3094 2033 3376 2089 egressus,
3430 2021 3683 2077 Philisti-

1984 2120 2192 2161 norum
2236 2105 2475 2161 colonus
2513 2106 2749 2173 exstitit,
2782 2120 3029 2177 eamque
3076 2107 3188 2163 Deo
3218 2108 3578 2178 promittente
3623 2111 3679 2166 in

1985 2200 2208 2263 postera
2258 2194 2617 2250 successione
2662 2194 2897 2250 sortitus
2934 2202 3035 2251 est.
3087 2195 3262 2262 Quem
3315 2196 3535 2253 imitata
3583 2199 3679 2253 Dei

1986 2281 2204 2337 famula
2273 2281 2609 2352 relinquens
2665 2282 2866 2352 patriae
2933 2282 3142 2351 solum,
3192 2292 3461 2354 paternas
3521 2287 3681 2342 sedes

1986 2369 2205 2425 malens
2247 2384 2381 2425 cum
2412 2369 2635 2425 Christo
2674 2385 2858 2440 egere,
2901 2386 3078 2441 quam
3124 2387 3466 2429 mammonae
3519 2373 3681 2430 lucra

1985 2458 2290 2527 possidere,
2340 2472 2518 2528 quam
2551 2465 2628 2513 tot
2668 2459 2785 2528 pati
2828 2458 3179 2529 discrimina,
3227 2475 3358 2516 cum
3397 2462 3525 2517 vitae
3572 2464 3679 2519 sti-

1983 2546 2192 2616 pendio
2222 2546 2294 2602 ad
2325 2546 2528 2602 urbem
2560 2546 2825 2603 Lauduni
2852 2546 3092 2616 Clavati,
3120 2563 3252 2605 cum
3291 2552 3543 2606 maximo
3573 2564 3679 2620 ap-

1982 2643 2208 2704 paratu,
2254 2642 2310 2691 et
2338 2650 2472 2692 cum
2502 2635 2811 2691 animabus
2840 2649 2874 2691 a
2907 2636 3017 2691 Deo
3046 2636 3153 2693 sibi
3184 2637 3520 2707 commissis,
3555 2654 3679 2710 pro-

1981 2724 2274 2780 ﬁciscitur.
3272 2774 3279 2783 .

2050 2812 2187 2879 Quae
2220 2812 2360 2869 urbs
2390 2812 2519 2868 licet
2540 2813 2836 2869 obsidione
2863 2814 3068 2871 vallari
3095 2814 3168 2871 ab
3192 2815 3455 2872 hostibus
3480 2817 3674 2887 possit,

1980 2907 2168 2956 tamen
2201 2909 2413 2957 natura
2461 2901 2587 2968 loci,
2619 2910 2673 2958 et
2703 2902 2761 2958 in
2808 2905 3106 2960 cacumine
3151 2904 3278 2960 saxi
3319 2897 3453 2971 sita,
3484 2906 3675 2961 muni-

1979 2989 2189 3045 tionem
2222 2989 2516 3046 robustam
2564 2990 2836 3059 obtinuit,
2874 3001 2936 3049 ut
2985 2992 3174 3063 frangi
3206 3007 3240 3048 a
3272 2993 3534 3050 barbaris
3572 3009 3674 3050 ne-

1980 3086 2155 3149 queat
2202 3078 2575 3150 periculoque
2624 3088 2833 3136 careat.
2880 3081 3024 3136 Nam
3068 3090 3121 3137 et
3153 3089 3378 3137 vetusto
3427 3090 3675 3152 tempore

1907 3158 1947 3213 C
1979 3182 2111 3224 cum
2146 3181 2271 3222 eam
2306 3168 2593 3235 Wandali,
2627 3168 2816 3235 Alani,
2856 3169 3026 3235 lluni,
3060 3176 3397 3241 czeterzeque
3440 3170 3673 3226 Germa-

1976 3256 2086 3311 niae
2115 3268 2170 3312 et
2200 3255 2443 3326 Scythize
2475 3264 2671 3328 gentes
2699 3256 2917 3313 frustra
2944 3258 3270 3326 vallassent,
3304 3258 3467 3315 nulla
3498 3274 3671 3331 agge-

1976 3359 2108 3401 rum
2140 3353 2262 3402 arte
2302 3345 2645 3413 imminenti,
2679 3360 2790 3401 non
2825 3346 3263 3403 fundibulornm
3291 3348 3520 3417 jaculis,
3557 3363 3673 3404 non

1974 3447 2269 3490 armorum
2302 3433 2539 3504 spiculis
2557 3434 2926 3505 jacientibus,
2961 3450 3064 3491 nec
3091 3435 3335 3492 arietum
3370 3436 3672 3506 impulsio-

1974 3523 2148 3580 nibus
2177 3523 2435 3580 obtinere
2471 3524 2800 3592 valuerunt,
2832 3524 2930 3581 sed
2968 3539 3126 3580 casso
3160 3526 3352 3581 labore
3385 3525 3668 3595 frustrati,

1977 3614 2185 3669 inertes
2245 3620 2623 3670 recesserunt.
2677 3614 2929 3684 Excepto
2988 3614 3141 3670 enim
3199 3629 3496 3671 murorum
3545 3629 3671 3671 am-

1975 3701 2120 3767 bitu,
2168 3702 2269 3772 qui
2298 3701 2661 3758 extrinsecus
2690 3702 2745 3757 in
2781 3702 3185 3772 proceritatem
3224 3703 3381 3760 collis
3409 3705 3675 3760 extendi-

1974 3796 2092 3857 tur,
2156 3791 2505 3847 intrinsecus
2565 3790 2742 3861 ipsius
2800 3791 2957 3847 muri
3018 3791 3297 3848 circuitus
3354 3792 3523 3847 homo
3578 3807 3672 3847 co—

1972 3887 2260 3951 mquatur,
2296 3880 2449 3936 unde
2476 3887 2531 3936 et
2557 3880 2961 3936 machinarum
2991 3888 3114 3936 arte
3143 3880 3306 3936 nulla
3332 3881 3474 3937 illud
3504 3882 3673 3951 oppi-

1971 3968 2112 4025 dum
2146 3967 2377 4038 fatigari
2404 3968 2598 4037 possit,
2633 3969 2729 4025 sed
2756 3976 2811 4025 et
2840 3968 3183 4024 altrinsecus
3207 3982 3351 4025 saxa
3381 3970 3675 4025 naturalia

1973 4057 2264 4126 ambiunt;
2297 4056 2437 4113 urbs
2490 4056 2641 4112 infra
2673 4056 2879 4113 referta
2909 4057 3126 4128 puteis;
3157 4056 3229 4112 ad
3259 4057 3411 4127 ipsos
3439 4071 3675 4127 quoque

1974 4154 2271 4216 portarum
2316 4144 2510 4202 exitus
2554 4145 2736 4202 fontes
2787 4153 3061 4201 emanant
3109 4159 3407 4216 perennes,
3459 4146 3561 4216 qui
3613 4145 3672 4200 in

1974 4248 2116 4290 usus
2146 4233 2497 4303 hominibus,
2524 4234 2829 4304 pecoribus
2847 4247 2913 4290 ac
2933 4234 3214 4304 jumentis
3248 4234 3404 4304 potui
3435 4234 3672 4290 dantur.

2043 4322 2246 4393 Igitur,
2265 4338 2395 4379 cum
2411 4324 2532 4394 jam
2549 4323 2619 4379 ad
2636 4323 3077 4379 illuminandam
3102 4322 3326 4387 urbem,
3351 4322 3676 4379 velutisolis

159 4410 328 4471 “""T‘
362 4410 607 4441 ⁸³³¹¹¹¹⁸¹¹⁰
630 4410 950 4471 ⁸“ἰ““’.““’““⁷
970 4410 1202 4441 ¹’““”“““”
1221 4410 1314 4427 ⁸⁵⁸⁸⁵
1350 4410 1612 4469 ῗ““’““⁸⁴⁴’
1644 4410 1713 4468 ⁹⁴ῗ
1742 4410 1843 4425 ""“
1921 4427 1929 4433 '
1976 4411 2194 4479 radius,
2218 4411 2548 4468 veneranda
2564 4411 2774 4467 femina
2793 4425 2924 4468 cum
2959 4411 3079 4469 suis
3099 4411 3446 4483 sequacibus
3465 4410 3678 4467 sanctis

156 4474 419 4517 cessmne
489 4460 834 4516 haereditatts
909 4466 1179 4528 paternas,
1240 4458 1531 4515 Christum
1601 4458 1860 4514 faciendo
1899 4461 1946 4518 D
1980 4499 2494 4528 “undamn”,
2537 4499 2744 4528 mm“,
2766 4499 2955 4528 “nm,
2979 4500 3129 4528 "HM
3157 4501 3316 4528 “mn
3340 4498 3414 4528 πη,
3491 4499 3648 4528 “mn

1976 4499 2517 4569 appropinquasset,
2537 4499 2747 4569 praasul
2765 4499 2958 4570 oppidi
2978 4500 3131 4556 illius
3146 4501 3318 4556 Attilo
3340 4498 3457 4573 [al.,
3476 4499 3674 4567 Attila,

1974 4585 2188 4659 Attolaj
2211 4601 2344 4643 cum
2363 4601 2588 4643 summo
2616 4587 2811 4644 favore
2832 4587 2883 4643 ei
2908 4587 3137 4643 obviam
3162 4588 3367 4659 pergit,
3394 4595 3675 4658 tanquam

1975 4675 2238 4731 divinum
2269 4690 2505 4743 munus,
2538 4676 2979 4747 angelicamque
3015 4678 3244 4732 turbam
3275 4676 3523 4732 venisset
3553 4676 3676 4746 [al.,

1977 4771 2258 4834 tanquam
2283 4764 2329 4819 si
2352 4764 2615 4821 divinum
2648 4778 2864 4821 munus
2887 4765 3177 4835 turbaque
3206 4764 3467 4835 angelica
3496 4765 3682 4819 venis-

1975 4851 2101 4922 set],
2136 4866 2318 4908 ovans
2365 4861 2592 4909 sanctas
2623 4852 2870 4909 famulas
2896 4858 3045 4909 683
3075 4852 3284 4908 Christi
3333 4866 3466 4908 cum
3499 4852 3676 4908 choro

1978 4940 2367 5011 psallentium,
2420 4957 2551 4997 cum
2602 4941 2938 5011 psalmodia,
2988 4949 3043 4998 et
3087 4940 3455 5012 hymnidicis,
3512 4954 3679 4996 sum-

1975 5030 2203 5100 misque
2245 5029 2519 5086 laudibus
2549 5030 2790 5086 deduxit
2833 5032 2889 5085 in
2920 5030 3144 5086 urbem.
3179 5029 3285 5086 Sed
3326 5028 3679 5085 miraculum

1978 5117 2119 5174 illud
2172 5119 2546 5188 magnificum
2593 5118 2772 5184 dictu,
2810 5119 2967 5188 quod
3008 5127 3173 5175 nocte
3203 5117 3404 5175 eadem
3454 5117 3511 5173 in
3558 5116 3683 5187 ipsa

1977 5208 2122 5265 urbe
2148 5216 2374 5279 gestum
2405 5208 2495 5275 sit,
2530 5222 2645 5263 non
2676 5214 2758 5263 est
2785 5207 3092 5264 silendum.

2618 5330 2848 5387 CAPUT
2878 5332 3031 5389 VIII.

2049 5428 2363 5485 Prtedictus
2420 5429 2614 5499 itaque
2686 5428 2943 5498 pontifex
3008 5428 3276 5499 praecepit
3351 5430 3547 5499 pueris
3618 5443 3685 5486 ac

1980 5516 2359 5575 familiaribus
2402 5518 2507 5574 sibi
2559 5516 2807 5585 creditis,
2841 5517 2914 5573 ob
2956 5517 3395 5588 praeparandam
3451 5518 3509 5573 in
3555 5531 3681 5574 cra-

1980 5606 2130 5663 stino
2159 5606 2249 5662 die
2292 5606 2525 5663 familiae
2554 5606 2763 5663 Christi
2807 5605 3129 5663 refectionis
3175 5606 3420 5677 gratiam
3470 5607 3682 5663 adesse.

1983 5693 2225 5750 Ministri
2258 5694 2438 5765 igitur
2466 5694 2688 5753 attoniti
2722 5694 2992 5751 velociter
3030 5708 3134 5765 per
3174 5701 3421 5763 noctem,
3463 5703 3683 5766 portam
