  <div class='ocr_page' id='page_1' title='image "/cluster/home/n/w/nwhite01/storage/ocr_20150623/156-157/uc1.31175010662024/621.png"; bbox 0 0 3930 6430; ppageno 0'>
   <div class='ocr_carea' id='block_1_1' title="bbox 284 395 412 449">
    <p class='ocr_par' dir='ltr' id='par_1_1' title="bbox 284 395 412 449">
     <span class='ocr_line' id='line_1_1' title="bbox 284 395 412 449; baseline -0.008 0"><span class='ocrx_word' id='word_1_1' title='bbox 284 395 412 449; x_wconf 75' lang='grc'><strong>1231</strong></span> 
     </span>
    </p>
   </div>
   <div class='ocr_carea' id='block_1_2' title="bbox 1308 388 2724 450">
    <p class='ocr_par' dir='ltr' id='par_1_2' title="bbox 1308 388 2724 450">
     <span class='ocr_line' id='line_1_2' title="bbox 1308 388 2724 450; baseline 0.003 -4"><span class='ocrx_word' id='word_1_2' title='bbox 1308 391 1400 446; x_wconf 82' lang='grc' dir='ltr'><strong>ΔΙ)</strong></span> <span class='ocrx_word' id='word_1_3' title='bbox 1437 390 1586 450; x_wconf 87' lang='lat' dir='ltr'><strong>OPP.</strong></span> <span class='ocrx_word' id='word_1_4' title='bbox 1628 388 1788 446; x_wconf 75' lang='lat' dir='ltr'><strong>VEN.</strong></span> <span class='ocrx_word' id='word_1_5' title='bbox 1830 389 2158 448; x_wconf 81' lang='lat' dir='ltr'><strong>CUIBERTI</strong></span> <span class='ocrx_word' id='word_1_6' title='bbox 2197 392 2291 448; x_wconf 86' lang='lat' dir='ltr'><strong>DE</strong></span> <span class='ocrx_word' id='word_1_7' title='bbox 2326 391 2724 450; x_wconf 80' lang='lat' dir='ltr'><strong>NOVIGENTO</strong></span> 
     </span>
    </p>
   </div>
   <div class='ocr_carea' id='block_1_3' title="bbox 3655 401 3805 454">
    <p class='ocr_par' dir='ltr' id='par_1_3' title="bbox 3655 401 3805 454">
     <span class='ocr_line' id='line_1_3' title="bbox 3655 401 3805 454; baseline 0 0"><span class='ocrx_word' id='word_1_8' title='bbox 3655 403 3677 454; x_wconf 89' lang='grc'><strong>1</strong></span> <span class='ocrx_word' id='word_1_9' title='bbox 3690 401 3805 454; x_wconf 78' lang='grc'><strong>232</strong></span> 
     </span>
    </p>
   </div>
   <div class='ocr_carea' id='block_1_4' title="bbox 283 519 3805 599">
    <p class='ocr_par' dir='ltr' id='par_1_4' title="bbox 283 519 3805 599">
     <span class='ocr_line' id='line_1_4' title="bbox 283 519 3805 599; baseline 0.001 -16"><span class='ocrx_word' id='word_1_10' title='bbox 283 525 474 599; x_wconf 88' lang='lat' dir='ltr'><strong>oppidi</strong></span> <span class='ocrx_word' id='word_1_11' title='bbox 520 523 781 596; x_wconf 89' lang='lat' dir='ltr'><strong>ingressi,</strong></span> <span class='ocrx_word' id='word_1_12' title='bbox 832 521 1060 578; x_wconf 85' lang='lat' dir='ltr'><strong>obviam</strong></span> <span class='ocrx_word' id='word_1_13' title='bbox 1107 520 1214 578; x_wconf 90' lang='lat' dir='ltr'><strong>sibi</strong></span> <span class='ocrx_word' id='word_1_14' title='bbox 1250 520 1502 578; x_wconf 88' lang='lat' dir='ltr'><strong>ferarum</strong></span> <span class='ocrx_word' id='word_1_15' title='bbox 1545 535 1613 576; x_wconf 89' lang='lat' dir='ltr'><strong>ac</strong></span> <span class='ocrx_word' id='word_1_16' title='bbox 1663 519 1978 576; x_wconf 75' lang='lat' dir='ltr'><strong>bestiarum</strong></span> <span class='ocrx_word' id='word_1_17' title='bbox 2015 522 2062 575; x_wconf 82' lang='lat' dir='ltr'><strong>A</strong></span> <span class='ocrx_word' id='word_1_18' title='bbox 2091 519 2232 578; x_wconf 84' lang='lat' dir='ltr'><strong>Erat</strong></span> <span class='ocrx_word' id='word_1_19' title='bbox 2259 521 2413 578; x_wconf 91' lang='lat' dir='ltr'><strong>enim</strong></span> <span class='ocrx_word' id='word_1_20' title='bbox 2445 521 2644 580; x_wconf 88' lang='lat' dir='ltr'><strong>hilaris</strong></span> <span class='ocrx_word' id='word_1_21' title='bbox 2671 537 2920 595; x_wconf 83' lang='lat' dir='ltr'><strong>semper,</strong></span> <span class='ocrx_word' id='word_1_22' title='bbox 2951 531 3006 582; x_wconf 90' lang='lat' dir='ltr'><strong>et</strong></span> <span class='ocrx_word' id='word_1_23' title='bbox 3035 523 3256 596; x_wconf 90' lang='lat' dir='ltr'><strong>placido</strong></span> <span class='ocrx_word' id='word_1_24' title='bbox 3295 525 3484 597; x_wconf 91' lang='lat' dir='ltr'><strong>vultu,</strong></span> <span class='ocrx_word' id='word_1_25' title='bbox 3515 528 3805 586; x_wconf 90' lang='lat' dir='ltr'><strong>charitate</strong></span> 
     </span>
    </p>
   </div>
   <div class='ocr_carea' id='block_1_5' title="bbox 286 608 1987 684">
    <p class='ocr_par' dir='ltr' id='par_1_5' title="bbox 286 608 1987 684">
     <span class='ocr_line' id='line_1_5' title="bbox 286 608 1987 684; baseline -0.004 -13"><span class='ocrx_word' id='word_1_26' title='bbox 286 615 513 671; x_wconf 88' lang='lat' dir='ltr'><strong>diversa</strong></span> <span class='ocrx_word' id='word_1_27' title='bbox 555 627 770 684; x_wconf 89' lang='lat' dir='ltr'><strong>genera</strong></span> <span class='ocrx_word' id='word_1_28' title='bbox 798 610 1128 668; x_wconf 81' lang='lat' dir='ltr'><strong>cernebant.</strong></span> <span class='ocrx_word' id='word_1_29' title='bbox 1178 610 1322 666; x_wconf 91' lang='lat' dir='ltr'><strong>Nam</strong></span> <span class='ocrx_word' id='word_1_30' title='bbox 1369 609 1463 666; x_wconf 91' lang='lat' dir='ltr'><strong>ille</strong></span> <span class='ocrx_word' id='word_1_31' title='bbox 1492 609 1803 676; x_wconf 91' lang='lat' dir='ltr'><strong>bubulum,</strong></span> <span class='ocrx_word' id='word_1_32' title='bbox 1837 608 1987 665; x_wconf 91' lang='lat' dir='ltr'><strong>alius</strong></span> 
     </span>
    </p>
   </div>
   <div class='ocr_carea' id='block_1_6' title="bbox 287 697 1982 774">
    <p class='ocr_par' dir='ltr' id='par_1_6' title="bbox 287 697 1982 774">
     <span class='ocr_line' id='line_1_6' title="bbox 287 697 1982 774; baseline -0.004 -14"><span class='ocrx_word' id='word_1_33' title='bbox 287 717 560 774; x_wconf 85' lang='lat' dir='ltr'><strong>cervum;</strong></span> <span class='ocrx_word' id='word_1_34' title='bbox 619 703 713 759; x_wconf 90' lang='lat' dir='ltr'><strong>ille</strong></span> <span class='ocrx_word' id='word_1_35' title='bbox 771 715 996 769; x_wconf 88' lang='lat' dir='ltr'><strong>ursum,</strong></span> <span class='ocrx_word' id='word_1_36' title='bbox 1046 699 1195 756; x_wconf 89' lang='lat' dir='ltr'><strong>alius</strong></span> <span class='ocrx_word' id='word_1_37' title='bbox 1249 713 1433 766; x_wconf 86' lang='lat' dir='ltr'><strong>suem,</strong></span> <span class='ocrx_word' id='word_1_38' title='bbox 1483 697 1748 755; x_wconf 90' lang='lat' dir='ltr'><strong>nonnulli</strong></span> <span class='ocrx_word' id='word_1_39' title='bbox 1797 698 1982 769; x_wconf 88' lang='lat' dir='ltr'><strong>lupos,</strong></span> 
     </span>
    </p>
   </div>
   <div class='ocr_carea' id='block_1_7' title="bbox 288 787 1985 865">
    <p class='ocr_par' dir='ltr' id='par_1_7' title="bbox 288 787 1985 865">
     <span class='ocr_line' id='line_1_7' title="bbox 288 787 1985 865; baseline -0.005 -15"><span class='ocrx_word' id='word_1_40' title='bbox 288 793 550 865; x_wconf 87' lang='lat' dir='ltr'><strong>plerique</strong></span> <span class='ocrx_word' id='word_1_41' title='bbox 581 791 957 848; x_wconf 88' lang='lat' dir='ltr'><strong>nihilominus</strong></span> <span class='ocrx_word' id='word_1_42' title='bbox 999 789 1220 860; x_wconf 84' lang='lat' dir='ltr'><strong>vulpes,</strong></span> <span class='ocrx_word' id='word_1_43' title='bbox 1264 787 1415 845; x_wconf 90' lang='lat' dir='ltr'><strong>alius</strong></span> <span class='ocrx_word' id='word_1_44' title='bbox 1444 787 1672 844; x_wconf 89' lang='lat' dir='ltr'><strong>interim</strong></span> <span class='ocrx_word' id='word_1_45' title='bbox 1703 787 1985 844; x_wconf 91' lang='lat' dir='ltr'><strong>lascivum</strong></span> 
     </span>
    </p>
   </div>
   <div class='ocr_carea' id='block_1_8' title="bbox 289 877 1986 950">
    <p class='ocr_par' dir='ltr' id='par_1_8' title="bbox 289 877 1986 950">
     <span class='ocr_line' id='line_1_8' title="bbox 289 877 1986 950; baseline -0.004 -11"><span class='ocrx_word' id='word_1_46' title='bbox 289 884 542 950; x_wconf 88' lang='lat' dir='ltr'><strong>asinum,</strong></span> <span class='ocrx_word' id='word_1_47' title='bbox 591 888 928 950; x_wconf 87' lang='lat' dir='ltr'><strong>trucemque</strong></span> <span class='ocrx_word' id='word_1_48' title='bbox 975 879 1286 934; x_wconf 86' lang='lat' dir='ltr'><strong>cernebant</strong></span> <span class='ocrx_word' id='word_1_49' title='bbox 1339 877 1580 946; x_wconf 89' lang='lat' dir='ltr'><strong>leonem,</strong></span> <span class='ocrx_word' id='word_1_50' title='bbox 1628 877 1986 948; x_wconf 84' lang='lat' dir='ltr'><strong>egredientes</strong></span> 
     </span>
    </p>
   </div>
   <div class='ocr_carea' id='block_1_9' title="bbox 288 967 1986 1044">
    <p class='ocr_par' dir='ltr' id='par_1_9' title="bbox 288 967 1986 1044">
     <span class='ocr_line' id='line_1_9' title="bbox 288 967 1986 1044; baseline -0.004 -16"><span class='ocrx_word' id='word_1_51' title='bbox 288 981 345 1028; x_wconf 87' lang='lat' dir='ltr'><strong>et</strong></span> <span class='ocrx_word' id='word_1_52' title='bbox 399 971 686 1044; x_wconf 83' lang='lat' dir='ltr'><strong>fugientes</strong></span> <span class='ocrx_word' id='word_1_53' title='bbox 735 968 907 1024; x_wconf 89' lang='lat' dir='ltr'><strong>simul</strong></span> <span class='ocrx_word' id='word_1_54' title='bbox 959 969 1028 1024; x_wconf 92' lang='lat' dir='ltr'><strong>de</strong></span> <span class='ocrx_word' id='word_1_55' title='bbox 1078 967 1308 1023; x_wconf 85' lang='lat' dir='ltr'><strong>civitate</strong></span> <span class='ocrx_word' id='word_1_56' title='bbox 1363 975 1418 1023; x_wconf 88' lang='lat' dir='ltr'><strong>et</strong></span> <span class='ocrx_word' id='word_1_57' title='bbox 1469 973 1674 1022; x_wconf 83' lang='lat' dir='ltr'><strong>catera</strong></span> <span class='ocrx_word' id='word_1_58' title='bbox 1729 972 1986 1022; x_wconf 89' lang='lat' dir='ltr'><strong>monstra</strong></span> 
     </span>
    </p>
   </div>
   <div class='ocr_carea' id='block_1_10' title="bbox 288 1055 1982 1130">
    <p class='ocr_par' dir='ltr' id='par_1_10' title="bbox 288 1055 1982 1130">
     <span class='ocr_line' id='line_1_10' title="bbox 288 1055 1982 1130; baseline -0.004 -13"><span class='ocrx_word' id='word_1_59' title='bbox 288 1060 621 1126; x_wconf 73' lang='lat' dir='ltr'><strong>bestiarum,</strong></span> <span class='ocrx_word' id='word_1_60' title='bbox 671 1073 802 1130; x_wconf 89' lang='lat' dir='ltr'><strong>qua</strong></span> <span class='ocrx_word' id='word_1_61' title='bbox 849 1056 988 1113; x_wconf 92' lang='lat' dir='ltr'><strong>huic</strong></span> <span class='ocrx_word' id='word_1_62' title='bbox 1033 1056 1190 1127; x_wconf 90' lang='lat' dir='ltr'><strong>operi</strong></span> <span class='ocrx_word' id='word_1_63' title='bbox 1233 1056 1487 1113; x_wconf 82' lang='lat' dir='ltr'><strong>intexere</strong></span> <span class='ocrx_word' id='word_1_64' title='bbox 1537 1055 1830 1128; x_wconf 82' lang='lat' dir='ltr'><strong>prolixum</strong></span> <span class='ocrx_word' id='word_1_65' title='bbox 1877 1061 1982 1123; x_wconf 91' lang='lat' dir='ltr'><strong>est,</strong></span> 
     </span>
    </p>
   </div>
   <div class='ocr_carea' id='block_1_11' title="bbox 289 1146 1192 1206">
    <p class='ocr_par' dir='ltr' id='par_1_11' title="bbox 289 1146 1192 1206">
     <span class='ocr_line' id='line_1_11' title="bbox 289 1146 1192 1206; baseline -0.007 0"><span class='ocrx_word' id='word_1_66' title='bbox 289 1165 360 1206; x_wconf 89' lang='lat' dir='ltr'><strong>ne</strong></span> <span class='ocrx_word' id='word_1_67' title='bbox 388 1149 679 1206; x_wconf 89' lang='lat' dir='ltr'><strong>fastidium</strong></span> <span class='ocrx_word' id='word_1_68' title='bbox 706 1147 882 1203; x_wconf 90' lang='lat' dir='ltr'><strong>lector</strong></span> <span class='ocrx_word' id='word_1_69' title='bbox 912 1146 1192 1203; x_wconf 89' lang='lat' dir='ltr'><strong>incurrat.</strong></span> 
     </span>
    </p>
   </div>
   <div class='ocr_carea' id='block_1_12' title="bbox 357 1233 1985 1307">
    <p class='ocr_par' dir='ltr' id='par_1_12' title="bbox 357 1233 1985 1307">
     <span class='ocr_line' id='line_1_12' title="bbox 357 1233 1985 1307; baseline -0.003 -13"><span class='ocrx_word' id='word_1_70' title='bbox 357 1239 479 1306; x_wconf 92' lang='lat' dir='ltr'><strong>Quo</strong></span> <span class='ocrx_word' id='word_1_71' title='bbox 510 1236 791 1294; x_wconf 89' lang='lat' dir='ltr'><strong>miraculo</strong></span> <span class='ocrx_word' id='word_1_72' title='bbox 822 1249 1035 1307; x_wconf 86' lang='lat' dir='ltr'><strong>pavore</strong></span> <span class='ocrx_word' id='word_1_73' title='bbox 1077 1235 1332 1306; x_wconf 89' lang='lat' dir='ltr'><strong>percussi</strong></span> <span class='ocrx_word' id='word_1_74' title='bbox 1362 1249 1562 1292; x_wconf 92' lang='lat' dir='ltr'><strong>omnes</strong></span> <span class='ocrx_word' id='word_1_75' title='bbox 1590 1233 1838 1291; x_wconf 89' lang='lat' dir='ltr'><strong>ministri</strong></span> <span class='ocrx_word' id='word_1_76' title='bbox 1869 1233 1985 1289; x_wconf 92' lang='lat' dir='ltr'><strong>mi-</strong></span> 
     </span>
    </p>
   </div>
   <div class='ocr_carea' id='block_1_13' title="bbox 289 1323 1983 1396">
    <p class='ocr_par' dir='ltr' id='par_1_13' title="bbox 289 1323 1983 1396">
     <span class='ocr_line' id='line_1_13' title="bbox 289 1323 1983 1396; baseline -0.003 -12"><span class='ocrx_word' id='word_1_77' title='bbox 289 1328 588 1393; x_wconf 88' lang='lat' dir='ltr'><strong>rabantur,</strong></span> <span class='ocrx_word' id='word_1_78' title='bbox 618 1324 894 1396; x_wconf 91' lang='lat' dir='ltr'><strong>quoniam</strong></span> <span class='ocrx_word' id='word_1_79' title='bbox 929 1323 984 1380; x_wconf 93' lang='lat' dir='ltr'><strong>in</strong></span> <span class='ocrx_word' id='word_1_80' title='bbox 1019 1324 1114 1381; x_wconf 92' lang='lat' dir='ltr'><strong>illo</strong></span> <span class='ocrx_word' id='word_1_81' title='bbox 1157 1323 1278 1380; x_wconf 89' lang='lat' dir='ltr'><strong>loco</strong></span> <span class='ocrx_word' id='word_1_82' title='bbox 1309 1324 1430 1381; x_wconf 88' lang='lat' dir='ltr'><strong>ista</strong></span> <span class='ocrx_word' id='word_1_83' title='bbox 1463 1323 1654 1381; x_wconf 92' lang='lat' dir='ltr'><strong>bestia</strong></span> <span class='ocrx_word' id='word_1_84' title='bbox 1691 1337 1983 1394; x_wconf 90' lang='lat' dir='ltr'><strong>nusquam</strong></span> 
     </span>
    </p>
   </div>
   <div class='ocr_carea' id='block_1_14' title="bbox 289 1411 1982 1484">
    <p class='ocr_par' dir='ltr' id='par_1_14' title="bbox 289 1411 1982 1484">
     <span class='ocr_line' id='line_1_14' title="bbox 289 1411 1982 1484; baseline -0.002 -13"><span class='ocrx_word' id='word_1_85' title='bbox 289 1423 457 1471; x_wconf 87' lang='lat' dir='ltr'><strong>antea</strong></span> <span class='ocrx_word' id='word_1_86' title='bbox 499 1420 904 1484; x_wconf 89' lang='lat' dir='ltr'><strong>apparuerant.</strong></span> <span class='ocrx_word' id='word_1_87' title='bbox 953 1411 1102 1480; x_wconf 88' lang='lat' dir='ltr'><strong>Quid</strong></span> <span class='ocrx_word' id='word_1_88' title='bbox 1149 1413 1310 1469; x_wconf 90' lang='lat' dir='ltr'><strong>aliud</strong></span> <span class='ocrx_word' id='word_1_89' title='bbox 1340 1413 1515 1469; x_wconf 90' lang='lat' dir='ltr'><strong>datur</strong></span> <span class='ocrx_word' id='word_1_90' title='bbox 1563 1411 1827 1483; x_wconf 87' lang='lat' dir='ltr'><strong>intelligi,</strong></span> <span class='ocrx_word' id='word_1_91' title='bbox 1873 1411 1982 1468; x_wconf 84' lang='lat' dir='ltr'><strong>nisi</strong></span> 
     </span>
    </p>
   </div>
   <div class='ocr_carea' id='block_1_15' title="bbox 288 1501 1984 1574">
    <p class='ocr_par' dir='ltr' id='par_1_15' title="bbox 288 1501 1984 1574">
     <span class='ocr_line' id='line_1_15' title="bbox 288 1501 1984 1574; baseline -0.001 -16"><span class='ocrx_word' id='word_1_92' title='bbox 288 1504 440 1574; x_wconf 89' lang='lat' dir='ltr'><strong>quod</strong></span> <span class='ocrx_word' id='word_1_93' title='bbox 488 1503 848 1560; x_wconf 90' lang='lat' dir='ltr'><strong>sanctitatem</strong></span> <span class='ocrx_word' id='word_1_94' title='bbox 881 1515 949 1557; x_wconf 91' lang='lat' dir='ltr'><strong>ac</strong></span> <span class='ocrx_word' id='word_1_95' title='bbox 991 1501 1251 1572; x_wconf 81' lang='lat' dir='ltr'><strong>vigorem</strong></span> <span class='ocrx_word' id='word_1_96' title='bbox 1301 1501 1647 1557; x_wconf 87' lang='lat' dir='ltr'><strong>ancillarum</strong></span> <span class='ocrx_word' id='word_1_97' title='bbox 1697 1502 1795 1557; x_wconf 89' lang='lat' dir='ltr'><strong>Dei</strong></span> <span class='ocrx_word' id='word_1_98' title='bbox 1827 1501 1984 1557; x_wconf 88' lang='lat' dir='ltr'><strong>anti-</strong></span> 
     </span>
    </p>
   </div>
   <div class='ocr_carea' id='block_1_16' title="bbox 287 1589 1986 1664">
    <p class='ocr_par' dir='ltr' id='par_1_16' title="bbox 287 1589 1986 1664">
     <span class='ocr_line' id='line_1_16' title="bbox 287 1589 1986 1664; baseline -0.002 -15"><span class='ocrx_word' id='word_1_99' title='bbox 287 1608 442 1664; x_wconf 88' lang='lat' dir='ltr'><strong>quus</strong></span> <span class='ocrx_word' id='word_1_100' title='bbox 470 1591 646 1648; x_wconf 91' lang='lat' dir='ltr'><strong>hostis</strong></span> <span class='ocrx_word' id='word_1_101' title='bbox 671 1605 786 1646; x_wconf 90' lang='lat' dir='ltr'><strong>non</strong></span> <span class='ocrx_word' id='word_1_102' title='bbox 819 1591 1026 1658; x_wconf 81' lang='lat' dir='ltr'><strong>ferens,</strong></span> <span class='ocrx_word' id='word_1_103' title='bbox 1074 1605 1208 1647; x_wconf 92' lang='lat' dir='ltr'><strong>cum</strong></span> <span class='ocrx_word' id='word_1_104' title='bbox 1239 1589 1359 1646; x_wconf 92' lang='lat' dir='ltr'><strong>suis</strong></span> <span class='ocrx_word' id='word_1_105' title='bbox 1387 1590 1729 1647; x_wconf 84' lang='lat' dir='ltr'><strong>satellitibus</strong></span> <span class='ocrx_word' id='word_1_106' title='bbox 1759 1589 1986 1661; x_wconf 80' lang='lat' dir='ltr'><strong>fugiens</strong></span> 
     </span>
    </p>
   </div>
   <div class='ocr_carea' id='block_1_17' title="bbox 287 1678 1984 1738">
    <p class='ocr_par' dir='ltr' id='par_1_17' title="bbox 287 1678 1984 1738">
     <span class='ocr_line' id='line_1_17' title="bbox 287 1678 1984 1738; baseline -0.003 0"><span class='ocrx_word' id='word_1_107' title='bbox 287 1680 580 1738; x_wconf 86' lang='lat' dir='ltr'><strong>discessit?</strong></span> <span class='ocrx_word' id='word_1_108' title='bbox 626 1681 740 1737; x_wconf 89' lang='lat' dir='ltr'><strong>Nec</strong></span> <span class='ocrx_word' id='word_1_109' title='bbox 788 1680 1070 1736; x_wconf 91' lang='lat' dir='ltr'><strong>immerito</strong></span> <span class='ocrx_word' id='word_1_110' title='bbox 1122 1679 1181 1734; x_wconf 91' lang='lat' dir='ltr'><strong>in</strong></span> <span class='ocrx_word' id='word_1_111' title='bbox 1229 1679 1542 1735; x_wconf 89' lang='lat' dir='ltr'><strong>bestiarum</strong></span> <span class='ocrx_word' id='word_1_112' title='bbox 1593 1693 1651 1734; x_wconf 92' lang='lat' dir='ltr'><strong>se</strong></span> <span class='ocrx_word' id='word_1_113' title='bbox 1695 1678 1984 1734; x_wconf 89' lang='lat' dir='ltr'><strong>ferarum-</strong></span> 
     </span>
    </p>
   </div>
   <div class='ocr_carea' id='block_1_18' title="bbox 287 1765 1983 1842">
    <p class='ocr_par' dir='ltr' id='par_1_18' title="bbox 287 1765 1983 1842">
     <span class='ocr_line' id='line_1_18' title="bbox 287 1765 1983 1842; baseline -0.004 -15"><span class='ocrx_word' id='word_1_114' title='bbox 287 1786 419 1842; x_wconf 85' lang='lat' dir='ltr'><strong>que,</strong></span> <span class='ocrx_word' id='word_1_115' title='bbox 487 1777 542 1826; x_wconf 91' lang='lat' dir='ltr'><strong>et</strong></span> <span class='ocrx_word' id='word_1_116' title='bbox 581 1776 978 1826; x_wconf 87' lang='lat' dir='ltr'><strong>monstruosas</strong></span> <span class='ocrx_word' id='word_1_117' title='bbox 1047 1767 1329 1823; x_wconf 85' lang='lat' dir='ltr'><strong>deformat</strong></span> <span class='ocrx_word' id='word_1_118' title='bbox 1391 1766 1628 1838; x_wconf 81' lang='lat' dir='ltr'><strong>figuras,</strong></span> <span class='ocrx_word' id='word_1_119' title='bbox 1700 1765 1983 1835; x_wconf 87' lang='lat' dir='ltr'><strong>variaque</strong></span> 
     </span>
    </p>
   </div>
   <div class='ocr_carea' id='block_1_19' title="bbox 289 1853 1986 1930">
    <p class='ocr_par' dir='ltr' id='par_1_19' title="bbox 289 1853 1986 1930">
     <span class='ocr_line' id='line_1_19' title="bbox 289 1853 1986 1930; baseline -0.004 -16"><span class='ocrx_word' id='word_1_120' title='bbox 289 1859 562 1930; x_wconf 85' lang='lat' dir='ltr'><strong>ﬁgmenta</strong></span> <span class='ocrx_word' id='word_1_121' title='bbox 627 1857 926 1928; x_wconf 88' lang='lat' dir='ltr'><strong>depromit.</strong></span> <span class='ocrx_word' id='word_1_122' title='bbox 995 1856 1116 1927; x_wconf 91' lang='lat' dir='ltr'><strong>qui,</strong></span> <span class='ocrx_word' id='word_1_123' title='bbox 1187 1865 1380 1926; x_wconf 86' lang='lat' dir='ltr'><strong>utpote</strong></span> <span class='ocrx_word' id='word_1_124' title='bbox 1430 1869 1465 1911; x_wconf 92' lang='lat' dir='ltr'><strong>a</strong></span> <span class='ocrx_word' id='word_1_125' title='bbox 1527 1855 1675 1910; x_wconf 88' lang='lat' dir='ltr'><strong>bono</strong></span> <span class='ocrx_word' id='word_1_126' title='bbox 1722 1853 1986 1910; x_wconf 91' lang='lat' dir='ltr'><strong>Creatore</strong></span> 
     </span>
    </p>
   </div>
   <div class='ocr_carea' id='block_1_20' title="bbox 287 1941 1985 2015">
    <p class='ocr_par' dir='ltr' id='par_1_20' title="bbox 287 1941 1985 2015">
     <span class='ocr_line' id='line_1_20' title="bbox 287 1941 1985 2015; baseline -0.004 -12"><span class='ocrx_word' id='word_1_127' title='bbox 287 1948 473 2002; x_wconf 90' lang='lat' dir='ltr'><strong>bonus</strong></span> <span class='ocrx_word' id='word_1_128' title='bbox 513 1952 741 2002; x_wconf 91' lang='lat' dir='ltr'><strong>creatus</strong></span> <span class='ocrx_word' id='word_1_129' title='bbox 783 1944 1044 2015; x_wconf 88' lang='lat' dir='ltr'><strong>angelus,</strong></span> <span class='ocrx_word' id='word_1_130' title='bbox 1096 1943 1368 2014; x_wconf 87' lang='lat' dir='ltr'><strong>superbia</strong></span> <span class='ocrx_word' id='word_1_131' title='bbox 1415 1942 1680 2012; x_wconf 90' lang='lat' dir='ltr'><strong>deinceps</strong></span> <span class='ocrx_word' id='word_1_132' title='bbox 1725 1941 1985 1998; x_wconf 90' lang='lat' dir='ltr'><strong>tumidus</strong></span> 
     </span>
    </p>
   </div>
   <div class='ocr_carea' id='block_1_21' title="bbox 285 2029 1982 2102">
    <p class='ocr_par' dir='ltr' id='par_1_21' title="bbox 285 2029 1982 2102">
     <span class='ocr_line' id='line_1_21' title="bbox 285 2029 1982 2102; baseline -0.004 -11"><span class='ocrx_word' id='word_1_133' title='bbox 285 2035 508 2091; x_wconf 92' lang='lat' dir='ltr'><strong>dudum</strong></span> <span class='ocrx_word' id='word_1_134' title='bbox 559 2034 785 2090; x_wconf 85' lang='lat' dir='ltr'><strong>dixerat</strong></span> <span class='ocrx_word' id='word_1_135' title='bbox 833 2033 890 2088; x_wconf 90' lang='lat' dir='ltr'><strong>in</strong></span> <span class='ocrx_word' id='word_1_136' title='bbox 943 2033 1113 2088; x_wconf 91' lang='lat' dir='ltr'><strong>corde</strong></span> <span class='ocrx_word' id='word_1_137' title='bbox 1159 2046 1312 2089; x_wconf 89' lang='lat' dir='ltr'><strong>suo:</strong></span> <span class='ocrx_word' id='word_1_138' title='bbox 1360 2055 1378 2079; x_wconf 75' lang='grc' dir='ltr'><strong>α</strong></span> <span class='ocrx_word' id='word_1_139' title='bbox 1431 2031 1618 2102; x_wconf 90' lang='lat' dir='ltr'><strong>Super</strong></span> <span class='ocrx_word' id='word_1_140' title='bbox 1659 2039 1813 2086; x_wconf 88' lang='lat' dir='ltr'><strong>astra</strong></span> <span class='ocrx_word' id='word_1_141' title='bbox 1858 2029 1982 2085; x_wconf 73' lang='lat' dir='ltr'><strong>cali</strong></span> 
     </span>
    </p>
   </div>
   <div class='ocr_carea' id='block_1_22' title="bbox 285 2119 1998 2194">
    <p class='ocr_par' dir='ltr' id='par_1_22' title="bbox 285 2119 1998 2194">
     <span class='ocr_line' id='line_1_22' title="bbox 285 2119 1998 2194; baseline -0.002 -16"><span class='ocrx_word' id='word_1_142' title='bbox 285 2123 610 2191; x_wconf 88' lang='lat' dir='ltr'><strong>ascendam,</strong></span> <span class='ocrx_word' id='word_1_143' title='bbox 659 2136 869 2194; x_wconf 88' lang='lat' dir='ltr'><strong>ponam</strong></span> <span class='ocrx_word' id='word_1_144' title='bbox 901 2122 1176 2178; x_wconf 89' lang='lat' dir='ltr'><strong>thronum</strong></span> <span class='ocrx_word' id='word_1_145' title='bbox 1223 2135 1416 2177; x_wconf 92' lang='lat' dir='ltr'><strong>meum</strong></span> <span class='ocrx_word' id='word_1_146' title='bbox 1467 2121 1538 2176; x_wconf 90' lang='lat' dir='ltr'><strong>ad</strong></span> <span class='ocrx_word' id='word_1_147' title='bbox 1586 2119 1930 2190; x_wconf 87' lang='lat' dir='ltr'><strong>Aquilonem</strong></span> <span class='ocrx_word' id='word_1_148' title='bbox 1965 2133 1998 2174; x_wconf 90' lang='lat'><strong>:-</strong></span> 
     </span>
    </p>
   </div>
   <div class='ocr_carea' id='block_1_23' title="bbox 285 2208 1981 2276">
    <p class='ocr_par' dir='ltr' id='par_1_23' title="bbox 285 2208 1981 2276">
     <span class='ocr_line' id='line_1_23' title="bbox 285 2208 1981 2276; baseline -0.002 -8"><span class='ocrx_word' id='word_1_149' title='bbox 285 2212 488 2268; x_wconf 90' lang='lat' dir='ltr'><strong>similis</strong></span> <span class='ocrx_word' id='word_1_150' title='bbox 551 2225 648 2268; x_wconf 92' lang='lat' dir='ltr'><strong>ero</strong></span> <span class='ocrx_word' id='word_1_151' title='bbox 711 2211 1004 2268; x_wconf 87' lang='lat' dir='ltr'><strong>Altissimo</strong></span> <span class='ocrx_word' id='word_1_152' title='bbox 1065 2212 1198 2275; x_wconf 90' lang='lat' dir='ltr'><strong>(Isa.</strong></span> <span class='ocrx_word' id='word_1_153' title='bbox 1265 2225 1379 2275; x_wconf 75' lang='lat' dir='ltr'><strong>xiv,</strong></span> <span class='ocrx_word' id='word_1_154' title='bbox 1444 2209 1560 2276; x_wconf 59' lang='lat' dir='ltr'><strong>l4);</strong></span> <span class='ocrx_word' id='word_1_155' title='bbox 1613 2229 1640 2258; x_wconf 87' lang='lat'>»</span> <span class='ocrx_word' id='word_1_156' title='bbox 1690 2223 1850 2264; x_wconf 89' lang='lat' dir='ltr'><strong>nunc</strong></span> <span class='ocrx_word' id='word_1_157' title='bbox 1913 2208 1981 2264; x_wconf 91' lang='lat' dir='ltr'><strong>de</strong></span> 
     </span>
    </p>
   </div>
   <div class='ocr_carea' id='block_1_24' title="bbox 283 2292 1978 2372">
    <p class='ocr_par' dir='ltr' id='par_1_24' title="bbox 283 2292 1978 2372">
     <span class='ocr_line' id='line_1_24' title="bbox 283 2292 1978 2372; baseline -0.002 -15"><span class='ocrx_word' id='word_1_158' title='bbox 283 2314 536 2372; x_wconf 91' lang='lat' dir='ltr'><strong>superna</strong></span> <span class='ocrx_word' id='word_1_159' title='bbox 566 2292 843 2367; x_wconf 78' lang='lat' dir='ltr'><strong>claritate,</strong></span> <span class='ocrx_word' id='word_1_160' title='bbox 867 2308 921 2356; x_wconf 90' lang='lat' dir='ltr'><strong>et</strong></span> <span class='ocrx_word' id='word_1_161' title='bbox 942 2299 1210 2369; x_wconf 90' lang='lat' dir='ltr'><strong>paradiso</strong></span> <span class='ocrx_word' id='word_1_162' title='bbox 1225 2298 1561 2354; x_wconf 88' lang='lat' dir='ltr'><strong>deliciarum</strong></span> <span class='ocrx_word' id='word_1_163' title='bbox 1584 2297 1816 2368; x_wconf 90' lang='lat' dir='ltr'><strong>ejectus,</strong></span> <span class='ocrx_word' id='word_1_164' title='bbox 1847 2311 1978 2353; x_wconf 92' lang='lat' dir='ltr'><strong>cum</strong></span> 
     </span>
    </p>
   </div>
   <div class='ocr_carea' id='block_1_25' title="bbox 283 2385 1976 2461">
    <p class='ocr_par' dir='ltr' id='par_1_25' title="bbox 283 2385 1976 2461">
     <span class='ocr_line' id='line_1_25' title="bbox 283 2385 1976 2461; baseline -0.002 -17"><span class='ocrx_word' id='word_1_165' title='bbox 283 2391 404 2445; x_wconf 88' lang='lat' dir='ltr'><strong>suis</strong></span> <span class='ocrx_word' id='word_1_166' title='bbox 433 2389 782 2461; x_wconf 88' lang='lat' dir='ltr'><strong>sequacibus</strong></span> <span class='ocrx_word' id='word_1_167' title='bbox 831 2387 888 2444; x_wconf 92' lang='lat' dir='ltr'><strong>in</strong></span> <span class='ocrx_word' id='word_1_168' title='bbox 931 2387 1322 2448; x_wconf 89' lang='lat' dir='ltr'><strong>formicarum.</strong></span> <span class='ocrx_word' id='word_1_169' title='bbox 1373 2385 1976 2452; x_wconf 89' lang='lat' dir='ltr'><strong>vermium,soricum,</strong></span> 
     </span>
    </p>
   </div>
   <div class='ocr_carea' id='block_1_26' title="bbox 283 2474 1979 2550">
    <p class='ocr_par' dir='ltr' id='par_1_26' title="bbox 283 2474 1979 2550">
     <span class='ocr_line' id='line_1_26' title="bbox 283 2474 1979 2550; baseline -0.004 -15"><span class='ocrx_word' id='word_1_170' title='bbox 283 2479 370 2535; x_wconf 83' lang='lat' dir='ltr'><strong>vel</strong></span> <span class='ocrx_word' id='word_1_171' title='bbox 398 2478 656 2550; x_wconf 90' lang='lat' dir='ltr'><strong>qualibet</strong></span> <span class='ocrx_word' id='word_1_172' title='bbox 687 2477 926 2533; x_wconf 83' lang='lat' dir='ltr'><strong>deformi</strong></span> <span class='ocrx_word' id='word_1_173' title='bbox 957 2477 1142 2546; x_wconf 90' lang='lat' dir='ltr'><strong>specie</strong></span> <span class='ocrx_word' id='word_1_174' title='bbox 1186 2482 1370 2542; x_wconf 90' lang='lat' dir='ltr'><strong>actus,</strong></span> <span class='ocrx_word' id='word_1_175' title='bbox 1402 2474 1740 2544; x_wconf 78' lang='lat' dir='ltr'><strong>mysterium</strong></span> <span class='ocrx_word' id='word_1_176' title='bbox 1777 2487 1979 2544; x_wconf 89' lang='lat' dir='ltr'><strong>opera-</strong></span> 
     </span>
    </p>
   </div>
   <div class='ocr_carea' id='block_1_27' title="bbox 283 2562 1975 2637">
    <p class='ocr_par' dir='ltr' id='par_1_27' title="bbox 283 2562 1975 2637">
     <span class='ocr_line' id='line_1_27' title="bbox 283 2562 1975 2637; baseline -0.002 -15"><span class='ocrx_word' id='word_1_177' title='bbox 283 2575 380 2622; x_wconf 91' lang='lat' dir='ltr'><strong>tur</strong></span> <span class='ocrx_word' id='word_1_178' title='bbox 409 2565 1108 2637; x_wconf 80' lang='lat' dir='ltr'><strong>iniquitaliszsiquidem</strong></span> <span class='ocrx_word' id='word_1_179' title='bbox 1158 2563 1360 2634; x_wconf 89' lang='lat' dir='ltr'><strong>priscis</strong></span> <span class='ocrx_word' id='word_1_180' title='bbox 1396 2563 1769 2633; x_wconf 84' lang='lat' dir='ltr'><strong>temporibus.</strong></span> <span class='ocrx_word' id='word_1_181' title='bbox 1820 2562 1975 2632; x_wconf 92' lang='lat' dir='ltr'><strong>quod</strong></span> 
     </span>
    </p>
   </div>
   <div class='ocr_carea' id='block_1_28' title="bbox 281 2651 1978 2726">
    <p class='ocr_par' dir='ltr' id='par_1_28' title="bbox 281 2651 1978 2726">
     <span class='ocr_line' id='line_1_28' title="bbox 281 2651 1978 2726; baseline -0.003 -15"><span class='ocrx_word' id='word_1_182' title='bbox 281 2655 543 2726; x_wconf 90' lang='lat' dir='ltr'><strong>plerique</strong></span> <span class='ocrx_word' id='word_1_183' title='bbox 572 2654 764 2710; x_wconf 89' lang='lat' dir='ltr'><strong>adhuc</strong></span> <span class='ocrx_word' id='word_1_184' title='bbox 794 2653 1072 2708; x_wconf 91' lang='lat' dir='ltr'><strong>memoria</strong></span> <span class='ocrx_word' id='word_1_185' title='bbox 1112 2651 1378 2718; x_wconf 89' lang='lat' dir='ltr'><strong>retinent,</strong></span> <span class='ocrx_word' id='word_1_186' title='bbox 1409 2658 1464 2707; x_wconf 91' lang='lat' dir='ltr'><strong>et</strong></span> <span class='ocrx_word' id='word_1_187' title='bbox 1494 2651 1828 2721; x_wconf 91' lang='lat' dir='ltr'><strong>superstites</strong></span> <span class='ocrx_word' id='word_1_188' title='bbox 1858 2663 1978 2706; x_wconf 91' lang='lat' dir='ltr'><strong>esse</strong></span> 
     </span>
    </p>
   </div>
   <div class='ocr_carea' id='block_1_29' title="bbox 281 2739 1978 2813">
    <p class='ocr_par' dir='ltr' id='par_1_29' title="bbox 281 2739 1978 2813">
     <span class='ocr_line' id='line_1_29' title="bbox 281 2739 1978 2813; baseline -0.002 -14"><span class='ocrx_word' id='word_1_189' title='bbox 281 2750 623 2810; x_wconf 90' lang='lat' dir='ltr'><strong>noscuntur,</strong></span> <span class='ocrx_word' id='word_1_190' title='bbox 656 2741 755 2813; x_wconf 88' lang='lat' dir='ltr'><strong>qui</strong></span> <span class='ocrx_word' id='word_1_191' title='bbox 785 2741 892 2798; x_wconf 89' lang='lat' dir='ltr'><strong>hoc</strong></span> <span class='ocrx_word' id='word_1_192' title='bbox 925 2741 1150 2796; x_wconf 85' lang='lat' dir='ltr'><strong>facinus</strong></span> <span class='ocrx_word' id='word_1_193' title='bbox 1178 2740 1471 2809; x_wconf 89' lang='lat' dir='ltr'><strong>viderunt,</strong></span> <span class='ocrx_word' id='word_1_194' title='bbox 1505 2741 1660 2810; x_wconf 90' lang='lat' dir='ltr'><strong>quod</strong></span> <span class='ocrx_word' id='word_1_195' title='bbox 1691 2739 1750 2795; x_wconf 89' lang='lat' dir='ltr'><strong>in</strong></span> <span class='ocrx_word' id='word_1_196' title='bbox 1779 2739 1978 2795; x_wconf 85' lang='lat' dir='ltr'><strong>eodem</strong></span> 
     </span>
    </p>
   </div>
   <div class='ocr_carea' id='block_1_30' title="bbox 282 2828 1978 2902">
    <p class='ocr_par' dir='ltr' id='par_1_30' title="bbox 282 2828 1978 2902">
     <span class='ocr_line' id='line_1_30' title="bbox 282 2828 1978 2902; baseline -0.002 -14"><span class='ocrx_word' id='word_1_197' title='bbox 282 2832 514 2902; x_wconf 90' lang='lat' dir='ltr'><strong>oppido,</strong></span> <span class='ocrx_word' id='word_1_198' title='bbox 546 2840 611 2888; x_wconf 91' lang='lat' dir='ltr'><strong>ut</strong></span> <span class='ocrx_word' id='word_1_199' title='bbox 649 2829 924 2899; x_wconf 90' lang='lat' dir='ltr'><strong>creditur,</strong></span> <span class='ocrx_word' id='word_1_200' title='bbox 957 2829 1184 2901; x_wconf 89' lang='lat' dir='ltr'><strong>antiqui</strong></span> <span class='ocrx_word' id='word_1_201' title='bbox 1229 2829 1443 2900; x_wconf 84' lang='lat' dir='ltr'><strong>anguis</strong></span> <span class='ocrx_word' id='word_1_202' title='bbox 1485 2829 1735 2885; x_wconf 89' lang='lat' dir='ltr'><strong>versutia</strong></span> <span class='ocrx_word' id='word_1_203' title='bbox 1766 2828 1978 2885; x_wconf 86' lang='lat' dir='ltr'><strong>crude-</strong></span> 
     </span>
    </p>
   </div>
   <div class='ocr_carea' id='block_1_31' title="bbox 280 2918 1978 2991">
    <p class='ocr_par' dir='ltr' id='par_1_31' title="bbox 280 2918 1978 2991">
     <span class='ocr_line' id='line_1_31' title="bbox 280 2918 1978 2991; baseline -0.001 -14"><span class='ocrx_word' id='word_1_204' title='bbox 280 2921 411 2977; x_wconf 88' lang='lat' dir='ltr'><strong>liter</strong></span> <span class='ocrx_word' id='word_1_205' title='bbox 456 2920 710 2991; x_wconf 79' lang='lat' dir='ltr'><strong>vigebat,</strong></span> <span class='ocrx_word' id='word_1_206' title='bbox 756 2919 1024 2990; x_wconf 88' lang='lat' dir='ltr'><strong>plebcios,</strong></span> <span class='ocrx_word' id='word_1_207' title='bbox 1085 2919 1330 2974; x_wconf 93' lang='lat' dir='ltr'><strong>rusticos</strong></span> <span class='ocrx_word' id='word_1_208' title='bbox 1375 2925 1550 2989; x_wconf 91' lang='lat' dir='ltr'><strong>atque</strong></span> <span class='ocrx_word' id='word_1_209' title='bbox 1607 2918 1836 2974; x_wconf 89' lang='lat' dir='ltr'><strong>hebetes</strong></span> <span class='ocrx_word' id='word_1_210' title='bbox 1879 2919 1978 2976; x_wconf 80' lang='lat' dir='ltr'><strong>ho-</strong></span> 
     </span>
    </p>
   </div>
   <div class='ocr_carea' id='block_1_32' title="bbox 280 3006 1970 3078">
    <p class='ocr_par' dir='ltr' id='par_1_32' title="bbox 280 3006 1970 3078">
     <span class='ocr_line' id='line_1_32' title="bbox 280 3006 1970 3078; baseline 0 -14"><span class='ocrx_word' id='word_1_211' title='bbox 280 3009 463 3065; x_wconf 87' lang='lat' dir='ltr'><strong>mines</strong></span> <span class='ocrx_word' id='word_1_212' title='bbox 507 3017 630 3066; x_wconf 93' lang='lat' dir='ltr'><strong>arte</strong></span> <span class='ocrx_word' id='word_1_213' title='bbox 686 3008 896 3065; x_wconf 90' lang='lat' dir='ltr'><strong>callida</strong></span> <span class='ocrx_word' id='word_1_214' title='bbox 942 3006 1316 3073; x_wconf 79' lang='lat' dir='ltr'><strong>ludificabat,</strong></span> <span class='ocrx_word' id='word_1_215' title='bbox 1365 3006 1434 3062; x_wconf 91' lang='lat' dir='ltr'><strong>de</strong></span> <span class='ocrx_word' id='word_1_216' title='bbox 1485 3021 1603 3078; x_wconf 92' lang='lat' dir='ltr'><strong>quo</strong></span> <span class='ocrx_word' id='word_1_217' title='bbox 1651 3006 1970 3064; x_wconf 87' lang='lat' dir='ltr'><strong>scribitur:</strong></span> 
     </span>
    </p>
   </div>
   <div class='ocr_carea' id='block_1_33' title="bbox 283 3094 1974 3167">
    <p class='ocr_par' dir='ltr' id='par_1_33' title="bbox 283 3094 1974 3167">
     <span class='ocr_line' id='line_1_33' title="bbox 283 3094 1974 3167; baseline -0.001 -14"><span class='ocrx_word' id='word_1_218' title='bbox 283 3119 302 3145; x_wconf 77' lang='grc' dir='ltr'>ι</span> <span class='ocrx_word' id='word_1_219' title='bbox 340 3096 522 3167; x_wconf 89' lang='lat' dir='ltr'><strong>Cujus</strong></span> <span class='ocrx_word' id='word_1_220' title='bbox 551 3096 706 3152; x_wconf 90' lang='lat' dir='ltr'><strong>mille</strong></span> <span class='ocrx_word' id='word_1_221' title='bbox 741 3095 985 3152; x_wconf 88' lang='lat' dir='ltr'><strong>nocendi</strong></span> <span class='ocrx_word' id='word_1_222' title='bbox 1027 3102 1162 3152; x_wconf 88' lang='lat' dir='ltr'><strong>sunt</strong></span> <span class='ocrx_word' id='word_1_223' title='bbox 1192 3102 1362 3151; x_wconf 89' lang='lat' dir='ltr'><strong>artes.</strong></span> <span class='ocrx_word' id='word_1_224' title='bbox 1404 3116 1424 3143; x_wconf 76' lang='grc' dir='ltr'><strong>ι</strong></span> <span class='ocrx_word' id='word_1_225' title='bbox 1461 3094 1607 3150; x_wconf 91' lang='lat' dir='ltr'><strong>Nam</strong></span> <span class='ocrx_word' id='word_1_226' title='bbox 1647 3094 1756 3151; x_wconf 91' lang='lat' dir='ltr'><strong>sub</strong></span> <span class='ocrx_word' id='word_1_227' title='bbox 1787 3095 1974 3165; x_wconf 89' lang='lat' dir='ltr'><strong>specie</strong></span> 
     </span>
    </p>
   </div>
   <div class='ocr_carea' id='block_1_34' title="bbox 276 3182 1972 3256">
    <p class='ocr_par' dir='ltr' id='par_1_34' title="bbox 276 3182 1972 3256">
     <span class='ocr_line' id='line_1_34' title="bbox 276 3182 1972 3256; baseline 0.001 -17"><span class='ocrx_word' id='word_1_228' title='bbox 276 3185 608 3242; x_wconf 87' lang='lat' dir='ltr'><strong>idololatria</strong></span> <span class='ocrx_word' id='word_1_229' title='bbox 657 3184 776 3256; x_wconf 84' lang='lat' dir='ltr'><strong>[al.,</strong></span> <span class='ocrx_word' id='word_1_230' title='bbox 824 3182 1202 3256; x_wconf 75' lang='lat' dir='ltr'><strong>baptismatis]</strong></span> <span class='ocrx_word' id='word_1_231' title='bbox 1249 3197 1344 3240; x_wconf 83' lang='lat' dir='ltr'><strong>eos</strong></span> <span class='ocrx_word' id='word_1_232' title='bbox 1373 3183 1481 3240; x_wconf 88' lang='lat' dir='ltr'><strong>sibi</strong></span> <span class='ocrx_word' id='word_1_233' title='bbox 1513 3184 1744 3254; x_wconf 91' lang='lat' dir='ltr'><strong>proprie</strong></span> <span class='ocrx_word' id='word_1_234' title='bbox 1771 3184 1972 3240; x_wconf 90' lang='lat' dir='ltr'><strong>vendi-</strong></span> 
     </span>
    </p>
   </div>
   <div class='ocr_carea' id='block_1_35' title="bbox 275 3270 1972 3344">
    <p class='ocr_par' dir='ltr' id='par_1_35' title="bbox 275 3270 1972 3344">
     <span class='ocr_line' id='line_1_35' title="bbox 275 3270 1972 3344; baseline 0.001 -16"><span class='ocrx_word' id='word_1_235' title='bbox 275 3274 454 3330; x_wconf 90' lang='lat' dir='ltr'><strong>cabat.</strong></span> <span class='ocrx_word' id='word_1_236' title='bbox 499 3273 759 3344; x_wconf 89' lang='lat' dir='ltr'><strong>Denique</strong></span> <span class='ocrx_word' id='word_1_237' title='bbox 791 3287 922 3329; x_wconf 90' lang='lat' dir='ltr'><strong>raro</strong></span> <span class='ocrx_word' id='word_1_238' title='bbox 951 3282 1204 3342; x_wconf 91' lang='lat' dir='ltr'><strong>tempore</strong></span> <span class='ocrx_word' id='word_1_239' title='bbox 1254 3279 1481 3342; x_wconf 89' lang='lat' dir='ltr'><strong>peracto</strong></span> <span class='ocrx_word' id='word_1_240' title='bbox 1514 3270 1631 3343; x_wconf 85' lang='lat' dir='ltr'><strong>[al.,</strong></span> <span class='ocrx_word' id='word_1_241' title='bbox 1667 3279 1818 3328; x_wconf 90' lang='lat' dir='ltr'><strong>retro</strong></span> <span class='ocrx_word' id='word_1_242' title='bbox 1847 3279 1972 3329; x_wconf 93' lang='lat' dir='ltr'><strong>acto</strong></span> 
     </span>
    </p>
   </div>
   <div class='ocr_carea' id='block_1_36' title="bbox 275 3359 1974 3436">
    <p class='ocr_par' dir='ltr' id='par_1_36' title="bbox 275 3359 1974 3436">
     <span class='ocr_line' id='line_1_36' title="bbox 275 3359 1974 3436; baseline -0.001 -18"><span class='ocrx_word' id='word_1_243' title='bbox 275 3361 566 3436; x_wconf 88' lang='lat' dir='ltr'><strong>tempore],</strong></span> <span class='ocrx_word' id='word_1_244' title='bbox 614 3369 670 3418; x_wconf 91' lang='lat' dir='ltr'><strong>et</strong></span> <span class='ocrx_word' id='word_1_245' title='bbox 720 3361 936 3418; x_wconf 87' lang='lat' dir='ltr'><strong>idolum</strong></span> <span class='ocrx_word' id='word_1_246' title='bbox 981 3361 1313 3418; x_wconf 85' lang='lat' dir='ltr'><strong>vocitabant</strong></span> <span class='ocrx_word' id='word_1_247' title='bbox 1344 3361 1523 3428; x_wconf 85' lang='lat' dir='ltr'><strong>velut,</strong></span> <span class='ocrx_word' id='word_1_248' title='bbox 1575 3373 1609 3416; x_wconf 89' lang='lat' dir='ltr'><strong>a</strong></span> <span class='ocrx_word' id='word_1_249' title='bbox 1654 3359 1791 3417; x_wconf 90' lang='lat' dir='ltr'><strong>ludo</strong></span> <span class='ocrx_word' id='word_1_250' title='bbox 1822 3361 1974 3417; x_wconf 90' lang='lat' dir='ltr'><strong>inci-</strong></span> 
     </span>
    </p>
   </div>
   <div class='ocr_carea' id='block_1_37' title="bbox 277 3445 1972 3516">
    <p class='ocr_par' dir='ltr' id='par_1_37' title="bbox 277 3445 1972 3516">
     <span class='ocr_line' id='line_1_37' title="bbox 277 3445 1972 3516; baseline 0 -14"><span class='ocrx_word' id='word_1_251' title='bbox 277 3449 512 3516; x_wconf 90' lang='lat' dir='ltr'><strong>pientes,</strong></span> <span class='ocrx_word' id='word_1_252' title='bbox 561 3447 619 3502; x_wconf 92' lang='lat' dir='ltr'><strong>in</strong></span> <span class='ocrx_word' id='word_1_253' title='bbox 669 3447 856 3503; x_wconf 92' lang='lat' dir='ltr'><strong>medio</strong></span> <span class='ocrx_word' id='word_1_254' title='bbox 904 3460 1108 3503; x_wconf 91' lang='lat' dir='ltr'><strong>eorum</strong></span> <span class='ocrx_word' id='word_1_255' title='bbox 1158 3446 1438 3502; x_wconf 83' lang='lat' dir='ltr'><strong>duntaxat</strong></span> <span class='ocrx_word' id='word_1_256' title='bbox 1483 3445 1712 3502; x_wconf 90' lang='lat' dir='ltr'><strong>diabolo</strong></span> <span class='ocrx_word' id='word_1_257' title='bbox 1757 3445 1972 3502; x_wconf 82' lang='lat' dir='ltr'><strong>debac-</strong></span> 
     </span>
    </p>
   </div>
   <div class='ocr_carea' id='block_1_38' title="bbox 273 3533 1754 3606">
    <p class='ocr_par' dir='ltr' id='par_1_38' title="bbox 273 3533 1754 3606">
     <span class='ocr_line' id='line_1_38' title="bbox 273 3533 1754 3606; baseline -0.002 -16"><span class='ocrx_word' id='word_1_258' title='bbox 273 3535 501 3602; x_wconf 88' lang='lat' dir='ltr'><strong>chante,</strong></span> <span class='ocrx_word' id='word_1_259' title='bbox 529 3535 877 3606; x_wconf 87' lang='lat' dir='ltr'><strong>plerumque</strong></span> <span class='ocrx_word' id='word_1_260' title='bbox 911 3533 1220 3590; x_wconf 91' lang='lat' dir='ltr'><strong>homicidia</strong></span> <span class='ocrx_word' id='word_1_261' title='bbox 1252 3534 1754 3604; x_wconf 80' lang='lat' dir='ltr'><strong>perpetrabantur.</strong></span> 
     </span>
    </p>
   </div>
   <div class='ocr_carea' id='block_1_39' title="bbox 343 3621 1972 3695">
    <p class='ocr_par' dir='ltr' id='par_1_39' title="bbox 343 3621 1972 3695">
     <span class='ocr_line' id='line_1_39' title="bbox 343 3621 1972 3695; baseline -0.001 -15"><span class='ocrx_word' id='word_1_262' title='bbox 343 3625 558 3695; x_wconf 87' lang='lat' dir='ltr'><strong>Egerat</strong></span> <span class='ocrx_word' id='word_1_263' title='bbox 587 3624 694 3680; x_wconf 90' lang='lat' dir='ltr'><strong>hoc</strong></span> <span class='ocrx_word' id='word_1_264' title='bbox 727 3623 1120 3694; x_wconf 87' lang='lat' dir='ltr'><strong>nequissimus</strong></span> <span class='ocrx_word' id='word_1_265' title='bbox 1150 3623 1375 3678; x_wconf 85' lang='lat' dir='ltr'><strong>damon</strong></span> <span class='ocrx_word' id='word_1_266' title='bbox 1401 3621 1609 3678; x_wconf 91' lang='lat' dir='ltr'><strong>callida</strong></span> <span class='ocrx_word' id='word_1_267' title='bbox 1639 3621 1872 3689; x_wconf 90' lang='lat' dir='ltr'><strong>astutia,</strong></span> <span class='ocrx_word' id='word_1_268' title='bbox 1907 3629 1972 3679; x_wconf 87' lang='lat' dir='ltr'><strong>ut</strong></span> 
     </span>
    </p>
   </div>
   <div class='ocr_carea' id='block_1_40' title="bbox 271 3709 1971 3782">
    <p class='ocr_par' dir='ltr' id='par_1_40' title="bbox 271 3709 1971 3782">
     <span class='ocr_line' id='line_1_40' title="bbox 271 3709 1971 3782; baseline 0.001 -15"><span class='ocrx_word' id='word_1_269' title='bbox 271 3711 318 3767; x_wconf 92' lang='lat' dir='ltr'><strong>si</strong></span> <span class='ocrx_word' id='word_1_270' title='bbox 370 3713 504 3782; x_wconf 92' lang='lat' dir='ltr'><strong>quis</strong></span> <span class='ocrx_word' id='word_1_271' title='bbox 551 3711 762 3768; x_wconf 90' lang='lat' dir='ltr'><strong>ibidem</strong></span> <span class='ocrx_word' id='word_1_272' title='bbox 827 3711 1160 3782; x_wconf 88' lang='lat' dir='ltr'><strong>proximum</strong></span> <span class='ocrx_word' id='word_1_273' title='bbox 1205 3709 1442 3767; x_wconf 88' lang='lat' dir='ltr'><strong>alterius</strong></span> <span class='ocrx_word' id='word_1_274' title='bbox 1500 3711 1755 3782; x_wconf 91' lang='lat' dir='ltr'><strong>quolibet</strong></span> <span class='ocrx_word' id='word_1_275' title='bbox 1801 3711 1971 3768; x_wconf 89' lang='lat' dir='ltr'><strong>modo</strong></span> 
     </span>
    </p>
   </div>
   <div class='ocr_carea' id='block_1_41' title="bbox 270 3798 1970 3872">
    <p class='ocr_par' dir='ltr' id='par_1_41' title="bbox 270 3798 1970 3872">
     <span class='ocr_line' id='line_1_41' title="bbox 270 3798 1970 3872; baseline -0.001 -16"><span class='ocrx_word' id='word_1_276' title='bbox 270 3799 640 3869; x_wconf 88' lang='lat' dir='ltr'><strong>debilitasset,</strong></span> <span class='ocrx_word' id='word_1_277' title='bbox 688 3813 723 3856; x_wconf 91' lang='lat' dir='ltr'><strong>a</strong></span> <span class='ocrx_word' id='word_1_278' title='bbox 759 3800 1226 3872; x_wconf 83' lang='lat' dir='ltr'><strong>consanguineis,</strong></span> <span class='ocrx_word' id='word_1_279' title='bbox 1273 3798 1364 3855; x_wconf 90' lang='lat' dir='ltr'><strong>vel</strong></span> <span class='ocrx_word' id='word_1_280' title='bbox 1412 3798 1690 3856; x_wconf 87' lang='lat' dir='ltr'><strong>affinitate</strong></span> <span class='ocrx_word' id='word_1_281' title='bbox 1722 3798 1970 3869; x_wconf 90' lang='lat' dir='ltr'><strong>conjun-</strong></span> 
     </span>
    </p>
   </div>
   <div class='ocr_carea' id='block_1_42' title="bbox 270 3885 1970 3958">
    <p class='ocr_par' dir='ltr' id='par_1_42' title="bbox 270 3885 1970 3958">
     <span class='ocr_line' id='line_1_42' title="bbox 270 3885 1970 3958; baseline -0.001 -15"><span class='ocrx_word' id='word_1_282' title='bbox 270 3887 394 3956; x_wconf 92' lang='lat' dir='ltr'><strong>ctis,</strong></span> <span class='ocrx_word' id='word_1_283' title='bbox 429 3887 707 3945; x_wconf 82' lang='lat' dir='ltr'><strong>innoxius</strong></span> <span class='ocrx_word' id='word_1_284' title='bbox 737 3887 879 3945; x_wconf 91' lang='lat' dir='ltr'><strong>foret</strong></span> <span class='ocrx_word' id='word_1_285' title='bbox 922 3887 996 3944; x_wconf 89' lang='lat' dir='ltr'><strong>ab</strong></span> <span class='ocrx_word' id='word_1_286' title='bbox 1028 3887 1304 3944; x_wconf 74' lang='lat' dir='ltr'><strong>effusione</strong></span> <span class='ocrx_word' id='word_1_287' title='bbox 1339 3886 1662 3958; x_wconf 82' lang='lat' dir='ltr'><strong>sanguinis,</strong></span> <span class='ocrx_word' id='word_1_288' title='bbox 1707 3885 1970 3944; x_wconf 87' lang='lat' dir='ltr'><strong>videlicet</strong></span> 
     </span>
    </p>
   </div>
   <div class='ocr_carea' id='block_1_43' title="bbox 268 3975 1968 4048">
    <p class='ocr_par' dir='ltr' id='par_1_43' title="bbox 268 3975 1968 4048">
     <span class='ocr_line' id='line_1_43' title="bbox 268 3975 1968 4048; baseline -0.001 -17"><span class='ocrx_word' id='word_1_289' title='bbox 268 3983 333 4032; x_wconf 91' lang='lat' dir='ltr'><strong>ut</strong></span> <span class='ocrx_word' id='word_1_290' title='bbox 358 3977 416 4032; x_wconf 93' lang='lat' dir='ltr'><strong>in</strong></span> <span class='ocrx_word' id='word_1_291' title='bbox 450 3975 677 4048; x_wconf 84' lang='lat' dir='ltr'><strong>longius</strong></span> <span class='ocrx_word' id='word_1_292' title='bbox 708 3975 1062 4033; x_wconf 89' lang='lat' dir='ltr'><strong>consuetudo</strong></span> <span class='ocrx_word' id='word_1_293' title='bbox 1107 3975 1357 4032; x_wconf 91' lang='lat' dir='ltr'><strong>nefanda</strong></span> <span class='ocrx_word' id='word_1_294' title='bbox 1387 3976 1806 4032; x_wconf 90' lang='lat' dir='ltr'><strong>incrementum</strong></span> <span class='ocrx_word' id='word_1_295' title='bbox 1839 3987 1968 4032; x_wconf 91' lang='lat' dir='ltr'><strong>ma-</strong></span> 
     </span>
    </p>
   </div>
   <div class='ocr_carea' id='block_1_44' title="bbox 265 4061 1968 4135">
    <p class='ocr_par' dir='ltr' id='par_1_44' title="bbox 265 4061 1968 4135">
     <span class='ocr_line' id='line_1_44' title="bbox 265 4061 1968 4135; baseline 0.001 -17"><span class='ocrx_word' id='word_1_296' title='bbox 265 4061 548 4134; x_wconf 89' lang='lat' dir='ltr'><strong>lignitatis</strong></span> <span class='ocrx_word' id='word_1_297' title='bbox 590 4071 852 4135; x_wconf 87' lang='lat' dir='ltr'><strong>augeret,</strong></span> <span class='ocrx_word' id='word_1_298' title='bbox 893 4071 948 4120; x_wconf 92' lang='lat' dir='ltr'><strong>et</strong></span> <span class='ocrx_word' id='word_1_299' title='bbox 996 4063 1264 4120; x_wconf 90' lang='lat' dir='ltr'><strong>miseram</strong></span> <span class='ocrx_word' id='word_1_300' title='bbox 1314 4063 1518 4120; x_wconf 92' lang='lat' dir='ltr'><strong>urbem</strong></span> <span class='ocrx_word' id='word_1_301' title='bbox 1559 4064 1680 4120; x_wconf 89' lang='lat' dir='ltr'><strong>suis</strong></span> <span class='ocrx_word' id='word_1_302' title='bbox 1727 4063 1968 4120; x_wconf 90' lang='lat' dir='ltr'><strong>habenis</strong></span> 
     </span>
    </p>
   </div>
   <div class='ocr_carea' id='block_1_45' title="bbox 266 4152 1961 4224">
    <p class='ocr_par' dir='ltr' id='par_1_45' title="bbox 266 4152 1961 4224">
     <span class='ocr_line' id='line_1_45' title="bbox 266 4152 1961 4224; baseline 0 -17"><span class='ocrx_word' id='word_1_303' title='bbox 266 4152 543 4210; x_wconf 88' lang='lat' dir='ltr'><strong>irretitam</strong></span> <span class='ocrx_word' id='word_1_304' title='bbox 578 4153 817 4224; x_wconf 91' lang='lat' dir='ltr'><strong>iniquus</strong></span> <span class='ocrx_word' id='word_1_305' title='bbox 857 4153 1051 4223; x_wconf 88' lang='lat' dir='ltr'><strong>prado</strong></span> <span class='ocrx_word' id='word_1_306' title='bbox 1082 4153 1240 4210; x_wconf 89' lang='lat' dir='ltr'><strong>velut</strong></span> <span class='ocrx_word' id='word_1_307' title='bbox 1285 4153 1579 4224; x_wconf 84' lang='lat' dir='ltr'><strong>propriam</strong></span> <span class='ocrx_word' id='word_1_308' title='bbox 1609 4153 1961 4210; x_wconf 90' lang='lat' dir='ltr'><strong>vendicaret.</strong></span> 
     </span>
    </p>
   </div>
   <div class='ocr_carea' id='block_1_46' title="bbox 265 4239 1960 4310">
    <p class='ocr_par' dir='ltr' id='par_1_46' title="bbox 265 4239 1960 4310">
     <span class='ocr_line' id='line_1_46' title="bbox 265 4239 1960 4310; baseline 0.001 -14"><span class='ocrx_word' id='word_1_309' title='bbox 265 4239 370 4296; x_wconf 91' lang='lat' dir='ltr'><strong>Sed</strong></span> <span class='ocrx_word' id='word_1_310' title='bbox 398 4242 762 4310; x_wconf 89' lang='lat' dir='ltr'><strong>omnipotens</strong></span> <span class='ocrx_word' id='word_1_311' title='bbox 792 4241 1092 4297; x_wconf 85' lang='lat' dir='ltr'><strong>miseratur</strong></span> <span class='ocrx_word' id='word_1_312' title='bbox 1132 4242 1393 4298; x_wconf 91' lang='lat' dir='ltr'><strong>omnium</strong></span> <span class='ocrx_word' id='word_1_313' title='bbox 1420 4255 1616 4298; x_wconf 91' lang='lat' dir='ltr'><strong>rerum</strong></span> <span class='ocrx_word' id='word_1_314' title='bbox 1663 4241 1960 4310; x_wconf 90' lang='lat' dir='ltr'><strong>Dominus,</strong></span> 
     </span>
    </p>
   </div>
   <div class='ocr_carea' id='block_1_47' title="bbox 269 4329 1969 4402">
    <p class='ocr_par' dir='ltr' id='par_1_47' title="bbox 269 4329 1969 4402">
     <span class='ocr_line' id='line_1_47' title="bbox 269 4329 1969 4402; baseline 0.001 -17"><span class='ocrx_word' id='word_1_315' title='bbox 269 4350 291 4378; x_wconf 72' lang='grc' dir='ltr'>ι</span> <span class='ocrx_word' id='word_1_316' title='bbox 327 4329 429 4400; x_wconf 91' lang='lat' dir='ltr'><strong>qui</strong></span> <span class='ocrx_word' id='word_1_317' title='bbox 470 4329 597 4385; x_wconf 90' lang='lat' dir='ltr'><strong>vult</strong></span> <span class='ocrx_word' id='word_1_318' title='bbox 623 4343 822 4386; x_wconf 92' lang='lat' dir='ltr'><strong>omnes</strong></span> <span class='ocrx_word' id='word_1_319' title='bbox 864 4329 1122 4386; x_wconf 89' lang='lat' dir='ltr'><strong>homines</strong></span> <span class='ocrx_word' id='word_1_320' title='bbox 1151 4329 1342 4386; x_wconf 91' lang='lat' dir='ltr'><strong>salvos</strong></span> <span class='ocrx_word' id='word_1_321' title='bbox 1368 4329 1510 4398; x_wconf 83' lang='lat' dir='ltr'><strong>ﬁeri,</strong></span> <span class='ocrx_word' id='word_1_322' title='bbox 1539 4337 1593 4386; x_wconf 93' lang='lat' dir='ltr'><strong>et</strong></span> <span class='ocrx_word' id='word_1_323' title='bbox 1623 4329 1698 4386; x_wconf 90' lang='lat' dir='ltr'><strong>ad</strong></span> <span class='ocrx_word' id='word_1_324' title='bbox 1726 4330 1969 4402; x_wconf 88' lang='lat' dir='ltr'><strong>agnitio-</strong></span> 
     </span>
    </p>
   </div>
   <div class='ocr_carea' id='block_1_48' title="bbox 2013 3127 2055 3184">
    <p class='ocr_par' dir='ltr' id='par_1_48' title="bbox 2013 3127 2055 3184">
     <span class='ocr_line' id='line_1_48' title="bbox 2013 3127 2055 3184; baseline 0 0"><span class='ocrx_word' id='word_1_325' title='bbox 2013 3127 2055 3184; x_wconf 88' lang='lat' dir='ltr'><strong>C</strong></span> 
     </span>
    </p>
   </div>
   <div class='ocr_carea' id='block_1_49' title="bbox 263 4413 2042 4490">
    <p class='ocr_par' dir='ltr' id='par_1_49' title="bbox 263 4413 2042 4490">
     <span class='ocr_line' id='line_1_49' title="bbox 263 4413 2042 4490; baseline 0.001 -18"><span class='ocrx_word' id='word_1_326' title='bbox 263 4431 394 4473; x_wconf 92' lang='lat' dir='ltr'><strong>nem</strong></span> <span class='ocrx_word' id='word_1_327' title='bbox 443 4416 704 4473; x_wconf 91' lang='lat' dir='ltr'><strong>veritatis</strong></span> <span class='ocrx_word' id='word_1_328' title='bbox 750 4413 949 4473; x_wconf 77' lang='lat' dir='ltr'><strong>venire</strong></span> <span class='ocrx_word' id='word_1_329' title='bbox 1003 4418 1058 4487; x_wconf 91' lang='lat' dir='ltr'><strong>(I</strong></span> <span class='ocrx_word' id='word_1_330' title='bbox 1090 4418 1232 4473; x_wconf 79' lang='lat' dir='ltr'><strong>Tim.</strong></span> <span class='ocrx_word' id='word_1_331' title='bbox 1283 4434 1342 4486; x_wconf 83' lang='grc' dir='ltr'><strong>ιι,</strong></span> <span class='ocrx_word' id='word_1_332' title='bbox 1390 4416 1470 4488; x_wconf 79' lang='grc'><strong>4),</strong></span> <span class='ocrx_word' id='word_1_333' title='bbox 1507 4438 1534 4468; x_wconf 82' lang='grc'>»</span> <span class='ocrx_word' id='word_1_334' title='bbox 1584 4417 1656 4474; x_wconf 91' lang='lat' dir='ltr'><strong>ad</strong></span> <span class='ocrx_word' id='word_1_335' title='bbox 1687 4418 1776 4474; x_wconf 90' lang='lat' dir='ltr'><strong>sui</strong></span> <span class='ocrx_word' id='word_1_336' title='bbox 1805 4418 1958 4490; x_wconf 88' lang='lat' dir='ltr'><strong>juris</strong></span> <span class='ocrx_word' id='word_1_337' title='bbox 1995 4425 2042 4484; x_wconf 82' lang='lat'><strong>1)</strong></span> 
     </span>
    </p>
   </div>
   <div class='ocr_carea' id='block_1_50' title="bbox 265 4504 1960 4578">
    <p class='ocr_par' dir='ltr' id='par_1_50' title="bbox 265 4504 1960 4578">
     <span class='ocr_line' id='line_1_50' title="bbox 265 4504 1960 4578; baseline 0.001 -16"><span class='ocrx_word' id='word_1_338' title='bbox 265 4505 484 4576; x_wconf 91' lang='lat' dir='ltr'><strong>plasma</strong></span> <span class='ocrx_word' id='word_1_339' title='bbox 526 4504 839 4562; x_wconf 89' lang='lat' dir='ltr'><strong>clementer</strong></span> <span class='ocrx_word' id='word_1_340' title='bbox 881 4505 1206 4576; x_wconf 89' lang='lat' dir='ltr'><strong>respiciens,</strong></span> <span class='ocrx_word' id='word_1_341' title='bbox 1256 4506 1390 4563; x_wconf 91' lang='lat' dir='ltr'><strong>olim</strong></span> <span class='ocrx_word' id='word_1_342' title='bbox 1417 4506 1538 4578; x_wconf 88' lang='lat' dir='ltr'><strong>jam</strong></span> <span class='ocrx_word' id='word_1_343' title='bbox 1569 4506 1677 4564; x_wconf 91' lang='lat' dir='ltr'><strong>hoc</strong></span> <span class='ocrx_word' id='word_1_344' title='bbox 1725 4506 1960 4564; x_wconf 89' lang='lat' dir='ltr'><strong>sacrile-</strong></span> 
     </span>
    </p>
   </div>
   <div class='ocr_carea' id='block_1_51' title="bbox 262 4593 1960 4666">
    <p class='ocr_par' dir='ltr' id='par_1_51' title="bbox 262 4593 1960 4666">
     <span class='ocr_line' id='line_1_51' title="bbox 262 4593 1960 4666; baseline 0.001 -16"><span class='ocrx_word' id='word_1_345' title='bbox 262 4609 403 4666; x_wconf 92' lang='lat' dir='ltr'><strong>gum</strong></span> <span class='ocrx_word' id='word_1_346' title='bbox 435 4601 491 4651; x_wconf 92' lang='lat' dir='ltr'><strong>et</strong></span> <span class='ocrx_word' id='word_1_347' title='bbox 535 4594 849 4652; x_wconf 90' lang='lat' dir='ltr'><strong>nefandum</strong></span> <span class='ocrx_word' id='word_1_348' title='bbox 894 4593 1119 4652; x_wconf 88' lang='lat' dir='ltr'><strong>facinus</strong></span> <span class='ocrx_word' id='word_1_349' title='bbox 1165 4609 1201 4651; x_wconf 92' lang='lat' dir='ltr'><strong>a</strong></span> <span class='ocrx_word' id='word_1_350' title='bbox 1245 4595 1477 4652; x_wconf 88' lang='lat' dir='ltr'><strong>civitate</strong></span> <span class='ocrx_word' id='word_1_351' title='bbox 1524 4595 1636 4652; x_wconf 85' lang='lat' dir='ltr'><strong>ista</strong></span> <span class='ocrx_word' id='word_1_352' title='bbox 1679 4593 1960 4653; x_wconf 89' lang='lat' dir='ltr'><strong>radicitus</strong></span> 
     </span>
    </p>
   </div>
   <div class='ocr_carea' id='block_1_52' title="bbox 259 4681 583 4740">
    <p class='ocr_par' dir='ltr' id='par_1_52' title="bbox 259 4681 583 4740">
     <span class='ocr_line' id='line_1_52' title="bbox 259 4681 583 4740; baseline -0.003 -1"><span class='ocrx_word' id='word_1_353' title='bbox 259 4681 583 4740; x_wconf 85' lang='lat' dir='ltr'><strong>evacuavit.</strong></span> 
     </span>
    </p>
   </div>
   <div class='ocr_carea' id='block_1_53' title="bbox 921 4753 1297 4812">
    <p class='ocr_par' dir='ltr' id='par_1_53' title="bbox 921 4753 1297 4812">
     <span class='ocr_line' id='line_1_53' title="bbox 921 4753 1297 4812; baseline -0.005 0"><span class='ocrx_word' id='word_1_354' title='bbox 921 4753 1155 4812; x_wconf 84' lang='lat' dir='ltr'><strong>CAPUT</strong></span> <span class='ocrx_word' id='word_1_355' title='bbox 1197 4755 1297 4812; x_wconf 86' lang='lat' dir='ltr'><strong>IX.</strong></span> 
     </span>
    </p>
   </div>
   <div class='ocr_carea' id='block_1_54' title="bbox 328 4859 1956 4930">
    <p class='ocr_par' dir='ltr' id='par_1_54' title="bbox 328 4859 1956 4930">
     <span class='ocr_line' id='line_1_54' title="bbox 328 4859 1956 4930; baseline 0 -14"><span class='ocrx_word' id='word_1_356' title='bbox 328 4859 434 4917; x_wconf 91' lang='lat' dir='ltr'><strong>Sed</strong></span> <span class='ocrx_word' id='word_1_357' title='bbox 479 4874 638 4916; x_wconf 90' lang='lat' dir='ltr'><strong>nunc</strong></span> <span class='ocrx_word' id='word_1_358' title='bbox 667 4874 874 4917; x_wconf 88' lang='lat' dir='ltr'><strong>rursus</strong></span> <span class='ocrx_word' id='word_1_359' title='bbox 921 4860 994 4916; x_wconf 88' lang='lat' dir='ltr'><strong>ad</strong></span> <span class='ocrx_word' id='word_1_360' title='bbox 1023 4867 1266 4930; x_wconf 81' lang='lat' dir='ltr'><strong>captam</strong></span> <span class='ocrx_word' id='word_1_361' title='bbox 1311 4860 1614 4918; x_wconf 90' lang='lat' dir='ltr'><strong>redeamus</strong></span> <span class='ocrx_word' id='word_1_362' title='bbox 1660 4860 1956 4918; x_wconf 89' lang='lat' dir='ltr'><strong>narratio—</strong></span> 
     </span>
    </p>
   </div>
   <div class='ocr_carea' id='block_1_55' title="bbox 256 4949 1954 5022">
    <p class='ocr_par' dir='ltr' id='par_1_55' title="bbox 256 4949 1954 5022">
     <span class='ocr_line' id='line_1_55' title="bbox 256 4949 1954 5022; baseline 0.001 -17"><span class='ocrx_word' id='word_1_363' title='bbox 256 4963 408 5006; x_wconf 89' lang='lat' dir='ltr'><strong>nem.</strong></span> <span class='ocrx_word' id='word_1_364' title='bbox 459 4950 721 5022; x_wconf 89' lang='lat' dir='ltr'><strong>Denique</strong></span> <span class='ocrx_word' id='word_1_365' title='bbox 764 4949 1148 5020; x_wconf 89' lang='lat' dir='ltr'><strong>contemplata</strong></span> <span class='ocrx_word' id='word_1_366' title='bbox 1189 4950 1513 5006; x_wconf 90' lang='lat' dir='ltr'><strong>conditione</strong></span> <span class='ocrx_word' id='word_1_367' title='bbox 1552 4949 1679 5018; x_wconf 90' lang='lat' dir='ltr'><strong>loci,</strong></span> <span class='ocrx_word' id='word_1_368' title='bbox 1711 4964 1954 5008; x_wconf 88' lang='lat' dir='ltr'><strong>cernen—</strong></span> 
     </span>
    </p>
   </div>
   <div class='ocr_carea' id='block_1_56' title="bbox 255 5037 1956 5109">
    <p class='ocr_par' dir='ltr' id='par_1_56' title="bbox 255 5037 1956 5109">
     <span class='ocr_line' id='line_1_56' title="bbox 255 5037 1956 5109; baseline 0.002 -17"><span class='ocrx_word' id='word_1_369' title='bbox 255 5044 457 5108; x_wconf 90' lang='lat' dir='ltr'><strong>tesque</strong></span> <span class='ocrx_word' id='word_1_370' title='bbox 485 5037 756 5094; x_wconf 88' lang='lat' dir='ltr'><strong>idoneum</strong></span> <span class='ocrx_word' id='word_1_371' title='bbox 778 5051 845 5094; x_wconf 92' lang='lat' dir='ltr'><strong>ac</strong></span> <span class='ocrx_word' id='word_1_372' title='bbox 865 5037 1280 5109; x_wconf 88' lang='lat' dir='ltr'><strong>gratissimum,</strong></span> <span class='ocrx_word' id='word_1_373' title='bbox 1302 5045 1356 5094; x_wconf 91' lang='lat' dir='ltr'><strong>et</strong></span> <span class='ocrx_word' id='word_1_374' title='bbox 1385 5037 1604 5108; x_wconf 90' lang='lat' dir='ltr'><strong>absque</strong></span> <span class='ocrx_word' id='word_1_375' title='bbox 1625 5038 1956 5096; x_wconf 90' lang='lat' dir='ltr'><strong>discrimine</strong></span> 
     </span>
    </p>
   </div>
   <div class='ocr_carea' id='block_1_57' title="bbox 254 5125 1952 5196">
    <p class='ocr_par' dir='ltr' id='par_1_57' title="bbox 254 5125 1952 5196">
     <span class='ocr_line' id='line_1_57' title="bbox 254 5125 1952 5196; baseline 0.002 -15"><span class='ocrx_word' id='word_1_376' title='bbox 254 5125 594 5182; x_wconf 88' lang='lat' dir='ltr'><strong>munitionis</strong></span> <span class='ocrx_word' id='word_1_377' title='bbox 643 5126 854 5194; x_wconf 92' lang='lat' dir='ltr'><strong>locum,</strong></span> <span class='ocrx_word' id='word_1_378' title='bbox 905 5133 1204 5196; x_wconf 73' lang='lat' dir='ltr'><strong>coeperunt</strong></span> <span class='ocrx_word' id='word_1_379' title='bbox 1254 5126 1633 5184; x_wconf 90' lang='lat' dir='ltr'><strong>fundamenta</strong></span> <span class='ocrx_word' id='word_1_380' title='bbox 1685 5126 1952 5184; x_wconf 89' lang='lat' dir='ltr'><strong>ecclesia-</strong></span> 
     </span>
    </p>
   </div>
   <div class='ocr_carea' id='block_1_58' title="bbox 253 5214 1954 5286">
    <p class='ocr_par' dir='ltr' id='par_1_58' title="bbox 253 5214 1954 5286">
     <span class='ocr_line' id='line_1_58' title="bbox 253 5214 1954 5286; baseline 0.004 -18"><span class='ocrx_word' id='word_1_381' title='bbox 253 5227 384 5270; x_wconf 89' lang='lat' dir='ltr'><strong>rum</strong></span> <span class='ocrx_word' id='word_1_382' title='bbox 415 5221 591 5283; x_wconf 89' lang='lat' dir='ltr'><strong>atque</strong></span> <span class='ocrx_word' id='word_1_383' title='bbox 623 5214 925 5270; x_wconf 89' lang='lat' dir='ltr'><strong>domorum</strong></span> <span class='ocrx_word' id='word_1_384' title='bbox 969 5216 1186 5286; x_wconf 89' lang='lat' dir='ltr'><strong>jacere.</strong></span> <span class='ocrx_word' id='word_1_385' title='bbox 1225 5214 1445 5279; x_wconf 89' lang='lat' dir='ltr'><strong>Quibus</strong></span> <span class='ocrx_word' id='word_1_386' title='bbox 1484 5215 1591 5272; x_wconf 88' lang='lat' dir='ltr'><strong>rite</strong></span> <span class='ocrx_word' id='word_1_387' title='bbox 1616 5215 1859 5284; x_wconf 91' lang='lat' dir='ltr'><strong>peractis</strong></span> <span class='ocrx_word' id='word_1_388' title='bbox 1887 5230 1954 5274; x_wconf 84' lang='lat' dir='ltr'><strong>ac</strong></span> 
     </span>
    </p>
   </div>
   <div class='ocr_carea' id='block_1_59' title="bbox 252 5301 1954 5375">
    <p class='ocr_par' dir='ltr' id='par_1_59' title="bbox 252 5301 1954 5375">
     <span class='ocr_line' id='line_1_59' title="bbox 252 5301 1954 5375; baseline 0.002 -18"><span class='ocrx_word' id='word_1_389' title='bbox 252 5315 524 5371; x_wconf 90' lang='lat' dir='ltr'><strong>prospere</strong></span> <span class='ocrx_word' id='word_1_390' title='bbox 566 5301 761 5374; x_wconf 88' lang='lat' dir='ltr'><strong>gestis,</strong></span> <span class='ocrx_word' id='word_1_391' title='bbox 795 5309 1091 5374; x_wconf 82' lang='lat' dir='ltr'><strong>caperunt</strong></span> <span class='ocrx_word' id='word_1_392' title='bbox 1118 5303 1192 5359; x_wconf 88' lang='lat' dir='ltr'><strong>ad</strong></span> <span class='ocrx_word' id='word_1_393' title='bbox 1226 5303 1426 5360; x_wconf 91' lang='lat' dir='ltr'><strong>laudes</strong></span> <span class='ocrx_word' id='word_1_394' title='bbox 1455 5303 1554 5360; x_wconf 91' lang='lat' dir='ltr'><strong>Dei</strong></span> <span class='ocrx_word' id='word_1_395' title='bbox 1584 5305 1954 5375; x_wconf 85' lang='lat' dir='ltr'><strong>omnipoten-</strong></span> 
     </span>
    </p>
   </div>
   <div class='ocr_carea' id='block_1_60' title="bbox 250 5389 1952 5451">
    <p class='ocr_par' dir='ltr' id='par_1_60' title="bbox 250 5389 1952 5451">
     <span class='ocr_line' id='line_1_60' title="bbox 250 5389 1952 5451; baseline 0.004 -6"><span class='ocrx_word' id='word_1_396' title='bbox 250 5389 322 5445; x_wconf 94' lang='lat' dir='ltr'><strong>tis</strong></span> <span class='ocrx_word' id='word_1_397' title='bbox 364 5389 592 5447; x_wconf 91' lang='lat' dir='ltr'><strong>Domini</strong></span> <span class='ocrx_word' id='word_1_398' title='bbox 656 5390 838 5447; x_wconf 91' lang='lat' dir='ltr'><strong>nostri</strong></span> <span class='ocrx_word' id='word_1_399' title='bbox 904 5391 1040 5448; x_wconf 83' lang='lat' dir='ltr'><strong>Jesu</strong></span> <span class='ocrx_word' id='word_1_400' title='bbox 1110 5391 1320 5450; x_wconf 90' lang='lat' dir='ltr'><strong>Christi</strong></span> <span class='ocrx_word' id='word_1_401' title='bbox 1391 5393 1678 5450; x_wconf 90' lang='lat' dir='ltr'><strong>nobilium</strong></span> <span class='ocrx_word' id='word_1_402' title='bbox 1733 5393 1952 5451; x_wconf 91' lang='lat' dir='ltr'><strong>soboles</strong></span> 
     </span>
    </p>
   </div>
   <div class='ocr_carea' id='block_1_61' title="bbox 249 5477 1952 5551">
    <p class='ocr_par' dir='ltr' id='par_1_61' title="bbox 249 5477 1952 5551">
     <span class='ocr_line' id='line_1_61' title="bbox 249 5477 1952 5551; baseline 0.003 -18"><span class='ocrx_word' id='word_1_403' title='bbox 249 5477 668 5549; x_wconf 90' lang='lat' dir='ltr'><strong>servitiumque</strong></span> <span class='ocrx_word' id='word_1_404' title='bbox 709 5492 1074 5536; x_wconf 89' lang='lat' dir='ltr'><strong>concurrere.</strong></span> <span class='ocrx_word' id='word_1_405' title='bbox 1125 5478 1264 5547; x_wconf 90' lang='lat' dir='ltr'><strong>Quis</strong></span> <span class='ocrx_word' id='word_1_406' title='bbox 1290 5479 1443 5536; x_wconf 89' lang='lat' dir='ltr'><strong>enim</strong></span> <span class='ocrx_word' id='word_1_407' title='bbox 1478 5481 1569 5536; x_wconf 92' lang='lat' dir='ltr'><strong>vir</strong></span> <span class='ocrx_word' id='word_1_408' title='bbox 1599 5489 1814 5551; x_wconf 90' lang='lat' dir='ltr'><strong>potens,</strong></span> <span class='ocrx_word' id='word_1_409' title='bbox 1849 5489 1952 5538; x_wconf 90' lang='lat' dir='ltr'><strong>aut</strong></span> 
     </span>
    </p>
   </div>
   <div class='ocr_carea' id='block_1_62' title="bbox 247 5565 1948 5641">
    <p class='ocr_par' dir='ltr' id='par_1_62' title="bbox 247 5565 1948 5641">
     <span class='ocr_line' id='line_1_62' title="bbox 247 5565 1948 5641; baseline 0.003 -20"><span class='ocrx_word' id='word_1_410' title='bbox 247 5565 459 5622; x_wconf 89' lang='lat' dir='ltr'><strong>femina</strong></span> <span class='ocrx_word' id='word_1_411' title='bbox 483 5565 710 5634; x_wconf 90' lang='lat' dir='ltr'><strong>nobilis,</strong></span> <span class='ocrx_word' id='word_1_412' title='bbox 736 5568 836 5640; x_wconf 91' lang='lat' dir='ltr'><strong>qui</strong></span> <span class='ocrx_word' id='word_1_413' title='bbox 871 5567 983 5624; x_wconf 91' lang='lat' dir='ltr'><strong>illis</strong></span> <span class='ocrx_word' id='word_1_414' title='bbox 1011 5567 1071 5622; x_wconf 91' lang='lat' dir='ltr'><strong>in</strong></span> <span class='ocrx_word' id='word_1_415' title='bbox 1105 5567 1243 5624; x_wconf 91' lang='lat' dir='ltr'><strong>locis</strong></span> <span class='ocrx_word' id='word_1_416' title='bbox 1273 5568 1489 5640; x_wconf 86' lang='lat' dir='ltr'><strong>degerit</strong></span> <span class='ocrx_word' id='word_1_417' title='bbox 1523 5567 1639 5641; x_wconf 86' lang='lat' dir='ltr'><strong>[al.,</strong></span> <span class='ocrx_word' id='word_1_418' title='bbox 1675 5567 1948 5640; x_wconf 86' lang='lat' dir='ltr'><strong>degeret],</strong></span> 
     </span>
    </p>
   </div>
   <div class='ocr_carea' id='block_1_63' title="bbox 247 5653 1952 5730">
    <p class='ocr_par' dir='ltr' id='par_1_63' title="bbox 247 5653 1952 5730">
     <span class='ocr_line' id='line_1_63' title="bbox 247 5653 1952 5730; baseline 0.002 -20"><span class='ocrx_word' id='word_1_419' title='bbox 247 5653 351 5726; x_wconf 94' lang='lat' dir='ltr'><strong>qui</strong></span> <span class='ocrx_word' id='word_1_420' title='bbox 400 5668 518 5712; x_wconf 91' lang='lat' dir='ltr'><strong>non</strong></span> <span class='ocrx_word' id='word_1_421' title='bbox 568 5654 793 5714; x_wconf 88' lang='lat' dir='ltr'><strong>beatam</strong></span> <span class='ocrx_word' id='word_1_422' title='bbox 847 5655 1216 5726; x_wconf 87' lang='lat' dir='ltr'><strong>Salabergam</strong></span> <span class='ocrx_word' id='word_1_423' title='bbox 1261 5670 1334 5714; x_wconf 84' lang='lat' dir='ltr'><strong>ex</strong></span> <span class='ocrx_word' id='word_1_424' title='bbox 1379 5655 1588 5716; x_wconf 76' lang='lat' dir='ltr'><strong>affectu</strong></span> <span class='ocrx_word' id='word_1_425' title='bbox 1637 5656 1952 5730; x_wconf 86' lang='lat' dir='ltr'><strong>diligeret?</strong></span> 
     </span>
    </p>
   </div>
   <div class='ocr_carea' id='block_1_64' title="bbox 2095 610 3803 688">
    <p class='ocr_par' dir='ltr' id='par_1_64' title="bbox 2095 610 3803 688">
     <span class='ocr_line' id='line_1_64' title="bbox 2095 610 3803 688; baseline 0.005 -23"><span class='ocrx_word' id='word_1_426' title='bbox 2095 616 2272 681; x_wconf 88' lang='lat' dir='ltr'><strong>atque</strong></span> <span class='ocrx_word' id='word_1_427' title='bbox 2314 610 2640 669; x_wconf 92' lang='lat' dir='ltr'><strong>humilitate</strong></span> <span class='ocrx_word' id='word_1_428' title='bbox 2689 613 3012 684; x_wconf 89' lang='lat' dir='ltr'><strong>perspicua,</strong></span> <span class='ocrx_word' id='word_1_429' title='bbox 3063 613 3437 686; x_wconf 87' lang='lat' dir='ltr'><strong>eleemosynis</strong></span> <span class='ocrx_word' id='word_1_430' title='bbox 3483 617 3803 688; x_wconf 90' lang='lat' dir='ltr'><strong>promptis-</strong></span> 
     </span>
    </p>
   </div>
   <div class='ocr_carea' id='block_1_65' title="bbox 2094 699 3798 773">
    <p class='ocr_par' dir='ltr' id='par_1_65' title="bbox 2094 699 3798 773">
     <span class='ocr_line' id='line_1_65' title="bbox 2094 699 3798 773; baseline 0.002 -17"><span class='ocrx_word' id='word_1_431' title='bbox 2094 699 2262 766; x_wconf 89' lang='lat' dir='ltr'><strong>sima,</strong></span> <span class='ocrx_word' id='word_1_432' title='bbox 2307 707 2362 757; x_wconf 92' lang='lat' dir='ltr'><strong>et</strong></span> <span class='ocrx_word' id='word_1_433' title='bbox 2391 714 2522 772; x_wconf 88' lang='lat' dir='ltr'><strong>qua</strong></span> <span class='ocrx_word' id='word_1_434' title='bbox 2551 701 2704 758; x_wconf 86' lang='lat' dir='ltr'><strong>circa</strong></span> <span class='ocrx_word' id='word_1_435' title='bbox 2733 702 2832 758; x_wconf 90' lang='lat' dir='ltr'><strong>Dei</strong></span> <span class='ocrx_word' id='word_1_436' title='bbox 2883 703 3104 760; x_wconf 92' lang='lat' dir='ltr'><strong>cultum</strong></span> <span class='ocrx_word' id='word_1_437' title='bbox 3152 713 3309 773; x_wconf 92' lang='lat' dir='ltr'><strong>sunt,</strong></span> <span class='ocrx_word' id='word_1_438' title='bbox 3359 705 3526 762; x_wconf 91' lang='lat' dir='ltr'><strong>valde</strong></span> <span class='ocrx_word' id='word_1_439' title='bbox 3565 706 3798 763; x_wconf 90' lang='lat' dir='ltr'><strong>devota.</strong></span> 
     </span>
    </p>
   </div>
   <div class='ocr_carea' id='block_1_66' title="bbox 2093 783 3804 863">
    <p class='ocr_par' dir='ltr' id='par_1_66' title="bbox 2093 783 3804 863">
     <span class='ocr_line' id='line_1_66' title="bbox 2093 783 3804 863; baseline 0.004 -21"><span class='ocrx_word' id='word_1_440' title='bbox 2093 783 2240 853; x_wconf 91' lang='lat' dir='ltr'><strong>Quid</strong></span> <span class='ocrx_word' id='word_1_441' title='bbox 2267 787 2522 844; x_wconf 85' lang='lat' dir='ltr'><strong>multa?</strong></span> <span class='ocrx_word' id='word_1_442' title='bbox 2559 789 2715 845; x_wconf 90' lang='lat' dir='ltr'><strong>Infra</strong></span> <span class='ocrx_word' id='word_1_443' title='bbox 2744 791 2941 863; x_wconf 88' lang='lat' dir='ltr'><strong>exigui</strong></span> <span class='ocrx_word' id='word_1_444' title='bbox 2985 792 3258 862; x_wconf 90' lang='lat' dir='ltr'><strong>temporis</strong></span> <span class='ocrx_word' id='word_1_445' title='bbox 3295 794 3547 862; x_wconf 90' lang='lat' dir='ltr'><strong>spatium</strong></span> <span class='ocrx_word' id='word_1_446' title='bbox 3577 807 3804 851; x_wconf 85' lang='lat' dir='ltr'><strong>coacer-</strong></span> 
     </span>
    </p>
   </div>
   <div class='ocr_carea' id='block_1_67' title="bbox 2093 875 3799 966">
    <p class='ocr_par' dir='ltr' id='par_1_67' title="bbox 2093 875 3799 966">
     <span class='ocr_line' id='line_1_67' title="bbox 2093 875 3799 966; baseline 0.005 -36"><span class='ocrx_word' id='word_1_447' title='bbox 2093 883 2242 932; x_wconf 88' lang='lat' dir='ltr'><strong>vata</strong></span> <span class='ocrx_word' id='word_1_448' title='bbox 2289 875 2346 932; x_wconf 92' lang='lat' dir='ltr'><strong>in</strong></span> <span class='ocrx_word' id='word_1_449' title='bbox 2389 877 2587 934; x_wconf 92' lang='lat' dir='ltr'><strong>eodem</strong></span> <span class='ocrx_word' id='word_1_450' title='bbox 2641 878 2766 935; x_wconf 91' lang='lat' dir='ltr'><strong>loco</strong></span> <span class='ocrx_word' id='word_1_451' title='bbox 2806 887 2963 966; x_wconf 49' lang='lat' dir='ltr'><strong>sunt,</strong></span> <span class='ocrx_word' id='word_1_452' title='bbox 3012 880 3098 936; x_wconf 91' lang='lat' dir='ltr'><strong>vel</strong></span> <span class='ocrx_word' id='word_1_453' title='bbox 3128 881 3473 938; x_wconf 87' lang='lat' dir='ltr'><strong>monasterio</strong></span> <span class='ocrx_word' id='word_1_454' title='bbox 3524 883 3799 939; x_wconf 89' lang='lat' dir='ltr'><strong>adunata</strong></span> 
     </span>
    </p>
   </div>
   <div class='ocr_carea' id='block_1_68' title="bbox 2094 964 3330 1036">
    <p class='ocr_par' dir='ltr' id='par_1_68' title="bbox 2094 964 3330 1036">
     <span class='ocr_line' id='line_1_68' title="bbox 2094 964 3330 1036; baseline 0.002 -16"><span class='ocrx_word' id='word_1_455' title='bbox 2094 964 2226 1036; x_wconf 92' lang='lat' dir='ltr'><strong>plus</strong></span> <span class='ocrx_word' id='word_1_456' title='bbox 2251 964 2518 1022; x_wconf 90' lang='lat' dir='ltr'><strong>minusve</strong></span> <span class='ocrx_word' id='word_1_457' title='bbox 2550 973 2815 1024; x_wconf 87' lang='lat' dir='ltr'><strong>trecenta</strong></span> <span class='ocrx_word' id='word_1_458' title='bbox 2841 964 3073 1024; x_wconf 84' lang='lat' dir='ltr'><strong>famula</strong></span> <span class='ocrx_word' id='word_1_459' title='bbox 3099 967 3330 1026; x_wconf 87' lang='lat' dir='ltr'><strong>Christi.</strong></span> 
     </span>
    </p>
   </div>
   <div class='ocr_carea' id='block_1_69' title="bbox 2163 1053 3796 1130">
    <p class='ocr_par' dir='ltr' id='par_1_69' title="bbox 2163 1053 3796 1130">
     <span class='ocr_line' id='line_1_69' title="bbox 2163 1053 3796 1130; baseline 0.006 -22"><span class='ocrx_word' id='word_1_460' title='bbox 2163 1053 2400 1124; x_wconf 87' lang='lat' dir='ltr'><strong>lllisque</strong></span> <span class='ocrx_word' id='word_1_461' title='bbox 2441 1055 2730 1126; x_wconf 89' lang='lat' dir='ltr'><strong>dispositis</strong></span> <span class='ocrx_word' id='word_1_462' title='bbox 2761 1070 2862 1127; x_wconf 91' lang='lat' dir='ltr'><strong>per</strong></span> <span class='ocrx_word' id='word_1_463' title='bbox 2891 1063 3114 1112; x_wconf 89' lang='lat' dir='ltr'><strong>turmas</strong></span> <span class='ocrx_word' id='word_1_464' title='bbox 3143 1056 3326 1114; x_wconf 91' lang='lat' dir='ltr'><strong>instar</strong></span> <span class='ocrx_word' id='word_1_465' title='bbox 3354 1058 3796 1130; x_wconf 83' lang='lat' dir='ltr'><strong>Agaunensium</strong></span> 
     </span>
    </p>
   </div>
   <div class='ocr_carea' id='block_1_70' title="bbox 2093 1141 3791 1217">
    <p class='ocr_par' dir='ltr' id='par_1_70' title="bbox 2093 1141 3791 1217">
     <span class='ocr_line' id='line_1_70' title="bbox 2093 1141 3791 1217; baseline 0.003 -21"><span class='ocrx_word' id='word_1_466' title='bbox 2093 1141 2533 1212; x_wconf 83' lang='lat' dir='ltr'><strong>monachorum,</strong></span> <span class='ocrx_word' id='word_1_467' title='bbox 2567 1143 2936 1215; x_wconf 88' lang='lat' dir='ltr'><strong>habendique</strong></span> <span class='ocrx_word' id='word_1_468' title='bbox 2963 1144 3358 1201; x_wconf 87' lang='lat' dir='ltr'><strong>castimoniam</strong></span> <span class='ocrx_word' id='word_1_469' title='bbox 3395 1146 3514 1217; x_wconf 79' lang='lat' dir='ltr'><strong>[al.,</strong></span> <span class='ocrx_word' id='word_1_470' title='bbox 3543 1146 3791 1204; x_wconf 78' lang='lat' dir='ltr'><strong>habendi</strong></span> 
     </span>
    </p>
   </div>
   <div class='ocr_carea' id='block_1_71' title="bbox 2093 1230 3788 1306">
    <p class='ocr_par' dir='ltr' id='par_1_71' title="bbox 2093 1230 3788 1306">
     <span class='ocr_line' id='line_1_71' title="bbox 2093 1230 3788 1306; baseline 0.004 -21"><span class='ocrx_word' id='word_1_471' title='bbox 2093 1230 2378 1301; x_wconf 90' lang='lat' dir='ltr'><strong>normam]</strong></span> <span class='ocrx_word' id='word_1_472' title='bbox 2428 1231 2729 1302; x_wconf 91' lang='lat' dir='ltr'><strong>disposuit.</strong></span> <span class='ocrx_word' id='word_1_473' title='bbox 2775 1233 2876 1289; x_wconf 86' lang='lat' dir='ltr'><strong>Die</strong></span> <span class='ocrx_word' id='word_1_474' title='bbox 2927 1245 2993 1289; x_wconf 89' lang='lat' dir='ltr'><strong>ac</strong></span> <span class='ocrx_word' id='word_1_475' title='bbox 3044 1241 3209 1290; x_wconf 89' lang='lat' dir='ltr'><strong>nocte</strong></span> <span class='ocrx_word' id='word_1_476' title='bbox 3255 1234 3588 1306; x_wconf 88' lang='lat' dir='ltr'><strong>pracipiens</strong></span> <span class='ocrx_word' id='word_1_477' title='bbox 3639 1235 3788 1306; x_wconf 88' lang='lat' dir='ltr'><strong>psal-</strong></span> 
     </span>
    </p>
   </div>
   <div class='ocr_carea' id='block_1_72' title="bbox 2092 1317 3792 1397">
    <p class='ocr_par' dir='ltr' id='par_1_72' title="bbox 2092 1317 3792 1397">
     <span class='ocr_line' id='line_1_72' title="bbox 2092 1317 3792 1397; baseline 0.005 -23"><span class='ocrx_word' id='word_1_478' title='bbox 2092 1317 2244 1375; x_wconf 89' lang='lat' dir='ltr'><strong>lendi</strong></span> <span class='ocrx_word' id='word_1_479' title='bbox 2285 1333 2557 1377; x_wconf 84' lang='lat' dir='ltr'><strong>canerem</strong></span> <span class='ocrx_word' id='word_1_480' title='bbox 2590 1322 2968 1392; x_wconf 87' lang='lat' dir='ltr'><strong>omnipotenti</strong></span> <span class='ocrx_word' id='word_1_481' title='bbox 3003 1323 3116 1378; x_wconf 92' lang='lat' dir='ltr'><strong>Deo</strong></span> <span class='ocrx_word' id='word_1_482' title='bbox 3162 1337 3489 1393; x_wconf 88' lang='lat' dir='ltr'><strong>personare,</strong></span> <span class='ocrx_word' id='word_1_483' title='bbox 3537 1326 3792 1397; x_wconf 87' lang='lat' dir='ltr'><strong>etjuxta</strong></span> 
     </span>
    </p>
   </div>
   <div class='ocr_carea' id='block_1_73' title="bbox 2093 1407 3786 1480">
    <p class='ocr_par' dir='ltr' id='par_1_73' title="bbox 2093 1407 3786 1480">
     <span class='ocr_line' id='line_1_73' title="bbox 2093 1407 3786 1480; baseline 0.004 -16"><span class='ocrx_word' id='word_1_484' title='bbox 2093 1407 2389 1480; x_wconf 85' lang='lat' dir='ltr'><strong>egregium</strong></span> <span class='ocrx_word' id='word_1_485' title='bbox 2459 1409 2888 1480; x_wconf 89' lang='lat' dir='ltr'><strong>pradicatorem</strong></span> <span class='ocrx_word' id='word_1_486' title='bbox 2963 1411 3250 1479; x_wconf 90' lang='lat' dir='ltr'><strong>Paulum,</strong></span> <span class='ocrx_word' id='word_1_487' title='bbox 3313 1412 3436 1469; x_wconf 90' lang='lat' dir='ltr'><strong>sine</strong></span> <span class='ocrx_word' id='word_1_488' title='bbox 3503 1412 3786 1470; x_wconf 84' lang='lat' dir='ltr'><strong>intermis-</strong></span> 
     </span>
    </p>
   </div>
   <div class='ocr_carea' id='block_1_74' title="bbox 2093 1497 3788 1570">
    <p class='ocr_par' dir='ltr' id='par_1_74' title="bbox 2093 1497 3788 1570">
     <span class='ocr_line' id='line_1_74' title="bbox 2093 1497 3788 1570; baseline 0.004 -18"><span class='ocrx_word' id='word_1_489' title='bbox 2093 1497 2254 1553; x_wconf 91' lang='lat' dir='ltr'><strong>sione</strong></span> <span class='ocrx_word' id='word_1_490' title='bbox 2312 1512 2478 1554; x_wconf 90' lang='lat' dir='ltr'><strong>orare</strong></span> <span class='ocrx_word' id='word_1_491' title='bbox 2542 1500 2598 1570; x_wconf 90' lang='grc' dir='ltr'><strong>(ι</strong></span> <span class='ocrx_word' id='word_1_492' title='bbox 2653 1501 2832 1556; x_wconf 84' lang='lat' dir='ltr'><strong>Thess.</strong></span> <span class='ocrx_word' id='word_1_493' title='bbox 2898 1516 2948 1564; x_wconf 79' lang='grc' dir='ltr'><strong>ν,</strong></span> <span class='ocrx_word' id='word_1_494' title='bbox 3001 1501 3111 1570; x_wconf 83' lang='grc'><strong>17).</strong></span> <span class='ocrx_word' id='word_1_495' title='bbox 3176 1500 3314 1568; x_wconf 89' lang='lat' dir='ltr'><strong>Qua</strong></span> <span class='ocrx_word' id='word_1_496' title='bbox 3363 1502 3642 1558; x_wconf 89' lang='lat' dir='ltr'><strong>institutio</strong></span> <span class='ocrx_word' id='word_1_497' title='bbox 3691 1503 3788 1559; x_wconf 90' lang='lat' dir='ltr'><strong>ha-</strong></span> 
     </span>
    </p>
   </div>
   <div class='ocr_carea' id='block_1_75' title="bbox 2092 1587 3783 1660">
    <p class='ocr_par' dir='ltr' id='par_1_75' title="bbox 2092 1587 3783 1660">
     <span class='ocr_line' id='line_1_75' title="bbox 2092 1587 3783 1660; baseline 0.005 -19"><span class='ocrx_word' id='word_1_498' title='bbox 2092 1593 2294 1643; x_wconf 91' lang='lat' dir='ltr'><strong>ctenus</strong></span> <span class='ocrx_word' id='word_1_499' title='bbox 2328 1587 2386 1642; x_wconf 93' lang='lat' dir='ltr'><strong>in</strong></span> <span class='ocrx_word' id='word_1_500' title='bbox 2425 1589 2642 1657; x_wconf 92' lang='lat' dir='ltr'><strong>eodem,</strong></span> <span class='ocrx_word' id='word_1_501' title='bbox 2675 1589 2900 1646; x_wconf 90' lang='lat' dir='ltr'><strong>Christo</strong></span> <span class='ocrx_word' id='word_1_502' title='bbox 2944 1591 3198 1660; x_wconf 90' lang='lat' dir='ltr'><strong>auspice,</strong></span> <span class='ocrx_word' id='word_1_503' title='bbox 3239 1591 3563 1648; x_wconf 87' lang='lat' dir='ltr'><strong>celebratur</strong></span> <span class='ocrx_word' id='word_1_504' title='bbox 3596 1607 3783 1649; x_wconf 80' lang='lat' dir='ltr'><strong>cano-</strong></span> 
     </span>
    </p>
   </div>
   <div class='ocr_carea' id='block_1_76' title="bbox 2093 1673 3782 1748">
    <p class='ocr_par' dir='ltr' id='par_1_76' title="bbox 2093 1673 3782 1748">
     <span class='ocr_line' id='line_1_76' title="bbox 2093 1673 3782 1748; baseline 0.004 -18"><span class='ocrx_word' id='word_1_505' title='bbox 2093 1673 2205 1730; x_wconf 90' lang='lat' dir='ltr'><strong>bio.</strong></span> <span class='ocrx_word' id='word_1_506' title='bbox 2267 1675 2572 1748; x_wconf 85' lang='lat' dir='ltr'><strong>Flagrabat</strong></span> <span class='ocrx_word' id='word_1_507' title='bbox 2619 1677 2832 1748; x_wconf 92' lang='lat' dir='ltr'><strong>quippe</strong></span> <span class='ocrx_word' id='word_1_508' title='bbox 2878 1677 2935 1734; x_wconf 93' lang='lat' dir='ltr'><strong>in</strong></span> <span class='ocrx_word' id='word_1_509' title='bbox 2976 1680 3174 1736; x_wconf 82' lang='lat' dir='ltr'><strong>eodem</strong></span> <span class='ocrx_word' id='word_1_510' title='bbox 3219 1680 3498 1737; x_wconf 88' lang='lat' dir='ltr'><strong>desiderio</strong></span> <span class='ocrx_word' id='word_1_511' title='bbox 3543 1681 3782 1737; x_wconf 90' lang='lat' dir='ltr'><strong>canendi</strong></span> 
     </span>
    </p>
   </div>
   <div class='ocr_carea' id='block_1_77' title="bbox 2093 1764 3786 1840">
    <p class='ocr_par' dir='ltr' id='par_1_77' title="bbox 2093 1764 3786 1840">
     <span class='ocr_line' id='line_1_77' title="bbox 2093 1764 3786 1840; baseline 0.005 -22"><span class='ocrx_word' id='word_1_512' title='bbox 2093 1764 2369 1820; x_wconf 89' lang='lat' dir='ltr'><strong>carminis</strong></span> <span class='ocrx_word' id='word_1_513' title='bbox 2415 1766 2583 1822; x_wconf 89' lang='lat' dir='ltr'><strong>valde</strong></span> <span class='ocrx_word' id='word_1_514' title='bbox 2627 1780 2791 1823; x_wconf 90' lang='lat' dir='ltr'><strong>amor</strong></span> <span class='ocrx_word' id='word_1_515' title='bbox 2819 1767 3094 1824; x_wconf 88' lang='lat' dir='ltr'><strong>intentus.</strong></span> <span class='ocrx_word' id='word_1_516' title='bbox 3141 1768 3341 1824; x_wconf 88' lang='lat' dir='ltr'><strong>Plures</strong></span> <span class='ocrx_word' id='word_1_517' title='bbox 3384 1768 3688 1840; x_wconf 83' lang='lat' dir='ltr'><strong>siquidem,</strong></span> <span class='ocrx_word' id='word_1_518' title='bbox 3721 1779 3786 1827; x_wconf 92' lang='lat' dir='ltr'><strong>ut</strong></span> 
     </span>
    </p>
   </div>
   <div class='ocr_carea' id='block_1_78' title="bbox 2092 1851 3784 1922">
    <p class='ocr_par' dir='ltr' id='par_1_78' title="bbox 2092 1851 3784 1922">
     <span class='ocr_line' id='line_1_78' title="bbox 2092 1851 3784 1922; baseline 0.002 -15"><span class='ocrx_word' id='word_1_519' title='bbox 2092 1865 2270 1922; x_wconf 87' lang='lat' dir='ltr'><strong>supra</strong></span> <span class='ocrx_word' id='word_1_520' title='bbox 2297 1851 2575 1919; x_wconf 88' lang='lat' dir='ltr'><strong>diximus,</strong></span> <span class='ocrx_word' id='word_1_521' title='bbox 2609 1853 2910 1921; x_wconf 88' lang='lat' dir='ltr'><strong>nobilium,</strong></span> <span class='ocrx_word' id='word_1_522' title='bbox 2945 1853 3016 1909; x_wconf 90' lang='lat' dir='ltr'><strong>ad</strong></span> <span class='ocrx_word' id='word_1_523' title='bbox 3053 1853 3352 1911; x_wconf 87' lang='lat' dir='ltr'><strong>servitium</strong></span> <span class='ocrx_word' id='word_1_524' title='bbox 3385 1855 3592 1912; x_wconf 89' lang='lat' dir='ltr'><strong>Christi</strong></span> <span class='ocrx_word' id='word_1_525' title='bbox 3619 1855 3784 1913; x_wconf 85' lang='lat' dir='ltr'><strong>colli-</strong></span> 
     </span>
    </p>
   </div>
   <div class='ocr_carea' id='block_1_79' title="bbox 2093 1939 2879 2011">
    <p class='ocr_par' dir='ltr' id='par_1_79' title="bbox 2093 1939 2879 2011">
     <span class='ocr_line' id='line_1_79' title="bbox 2093 1939 2879 2011; baseline 0 -15"><span class='ocrx_word' id='word_1_526' title='bbox 2093 1939 2309 2011; x_wconf 88' lang='lat' dir='ltr'><strong>gendas</strong></span> <span class='ocrx_word' id='word_1_527' title='bbox 2337 1941 2536 1998; x_wconf 90' lang='lat' dir='ltr'><strong>sitiens</strong></span> <span class='ocrx_word' id='word_1_528' title='bbox 2563 1940 2879 1998; x_wconf 89' lang='lat' dir='ltr'><strong>adunabat.</strong></span> 
     </span>
    </p>
   </div>
   <div class='ocr_carea' id='block_1_80' title="bbox 2160 2028 3782 2090">
    <p class='ocr_par' dir='ltr' id='par_1_80' title="bbox 2160 2028 3782 2090">
     <span class='ocr_line' id='line_1_80' title="bbox 2160 2028 3782 2090; baseline 0.003 -6"><span class='ocrx_word' id='word_1_529' title='bbox 2160 2028 2304 2085; x_wconf 90' lang='lat' dir='ltr'><strong>Nam</strong></span> <span class='ocrx_word' id='word_1_530' title='bbox 2354 2029 2504 2086; x_wconf 90' lang='lat' dir='ltr'><strong>inter</strong></span> <span class='ocrx_word' id='word_1_531' title='bbox 2551 2038 2786 2087; x_wconf 86' lang='lat' dir='ltr'><strong>cateras</strong></span> <span class='ocrx_word' id='word_1_532' title='bbox 2816 2031 3095 2087; x_wconf 90' lang='lat' dir='ltr'><strong>nobilium</strong></span> <span class='ocrx_word' id='word_1_533' title='bbox 3149 2031 3576 2089; x_wconf 89' lang='lat' dir='ltr'><strong>Sicambrorum</strong></span> <span class='ocrx_word' id='word_1_534' title='bbox 3618 2031 3782 2090; x_wconf 89' lang='lat' dir='ltr'><strong>femi—</strong></span> 
     </span>
    </p>
   </div>
   <div class='ocr_carea' id='block_1_81' title="bbox 2089 2117 3780 2195">
    <p class='ocr_par' dir='ltr' id='par_1_81' title="bbox 2089 2117 3780 2195">
     <span class='ocr_line' id='line_1_81' title="bbox 2089 2117 3780 2195; baseline 0.002 -23"><span class='ocrx_word' id='word_1_535' title='bbox 2089 2131 2216 2185; x_wconf 89' lang='lat' dir='ltr'><strong>nas,</strong></span> <span class='ocrx_word' id='word_1_536' title='bbox 2251 2117 2434 2186; x_wconf 90' lang='lat' dir='ltr'><strong>Odila,</strong></span> <span class='ocrx_word' id='word_1_537' title='bbox 2485 2119 2780 2176; x_wconf 88' lang='lat' dir='ltr'><strong>nobilitate</strong></span> <span class='ocrx_word' id='word_1_538' title='bbox 2822 2127 2876 2176; x_wconf 91' lang='lat' dir='ltr'><strong>et</strong></span> <span class='ocrx_word' id='word_1_539' title='bbox 2925 2119 3154 2191; x_wconf 90' lang='lat' dir='ltr'><strong>ingenio</strong></span> <span class='ocrx_word' id='word_1_540' title='bbox 3200 2128 3423 2176; x_wconf 89' lang='lat' dir='ltr'><strong>natura</strong></span> <span class='ocrx_word' id='word_1_541' title='bbox 3474 2119 3618 2177; x_wconf 89' lang='lat' dir='ltr'><strong>bono</strong></span> <span class='ocrx_word' id='word_1_542' title='bbox 3661 2119 3780 2195; x_wconf 82' lang='grc' dir='ltr'><strong>[αι.,</strong></span> 
     </span>
    </p>
   </div>
   <div class='ocr_carea' id='block_1_82' title="bbox 2090 2205 3774 2280">
    <p class='ocr_par' dir='ltr' id='par_1_82' title="bbox 2090 2205 3774 2280">
     <span class='ocr_line' id='line_1_82' title="bbox 2090 2205 3774 2280; baseline 0.004 -20"><span class='ocrx_word' id='word_1_543' title='bbox 2090 2205 2304 2276; x_wconf 90' lang='lat' dir='ltr'><strong>ingenii</strong></span> <span class='ocrx_word' id='word_1_544' title='bbox 2344 2214 2556 2262; x_wconf 89' lang='lat' dir='ltr'><strong>natura</strong></span> <span class='ocrx_word' id='word_1_545' title='bbox 2598 2205 2750 2278; x_wconf 90' lang='lat' dir='ltr'><strong>boni]</strong></span> <span class='ocrx_word' id='word_1_546' title='bbox 2802 2207 3038 2278; x_wconf 84' lang='lat' dir='ltr'><strong>pollens,</strong></span> <span class='ocrx_word' id='word_1_547' title='bbox 3072 2223 3204 2278; x_wconf 87' lang='lat' dir='ltr'><strong>qua</strong></span> <span class='ocrx_word' id='word_1_548' title='bbox 3247 2216 3302 2264; x_wconf 89' lang='lat' dir='ltr'><strong>et</strong></span> <span class='ocrx_word' id='word_1_549' title='bbox 3333 2209 3454 2279; x_wconf 88' lang='lat' dir='ltr'><strong>ipsa</strong></span> <span class='ocrx_word' id='word_1_550' title='bbox 3501 2209 3715 2280; x_wconf 89' lang='lat' dir='ltr'><strong>pridem</strong></span> <span class='ocrx_word' id='word_1_551' title='bbox 3745 2224 3774 2266; x_wconf 90' lang='lat' dir='ltr'><strong>a</strong></span> 
     </span>
    </p>
   </div>
   <div class='ocr_carea' id='block_1_83' title="bbox 2088 2293 3779 2368">
    <p class='ocr_par' dir='ltr' id='par_1_83' title="bbox 2088 2293 3779 2368">
     <span class='ocr_line' id='line_1_83' title="bbox 2088 2293 3779 2368; baseline 0.004 -21"><span class='ocrx_word' id='word_1_552' title='bbox 2088 2293 2403 2349; x_wconf 91' lang='lat' dir='ltr'><strong>venerabili</strong></span> <span class='ocrx_word' id='word_1_553' title='bbox 2437 2295 2802 2351; x_wconf 87' lang='lat' dir='ltr'><strong>Waldeberto</strong></span> <span class='ocrx_word' id='word_1_554' title='bbox 2830 2295 3144 2353; x_wconf 91' lang='lat' dir='ltr'><strong>Christiani</strong></span> <span class='ocrx_word' id='word_1_555' title='bbox 3178 2297 3393 2368; x_wconf 88' lang='lat' dir='ltr'><strong>vigoris</strong></span> <span class='ocrx_word' id='word_1_556' title='bbox 3426 2297 3693 2368; x_wconf 89' lang='lat' dir='ltr'><strong>insignia,</strong></span> <span class='ocrx_word' id='word_1_557' title='bbox 3723 2307 3779 2354; x_wconf 90' lang='lat' dir='ltr'><strong>et</strong></span> 
     </span>
    </p>
   </div>
   <div class='ocr_carea' id='block_1_84' title="bbox 2087 2381 3773 2456">
    <p class='ocr_par' dir='ltr' id='par_1_84' title="bbox 2087 2381 3773 2456">
     <span class='ocr_line' id='line_1_84' title="bbox 2087 2381 3773 2456; baseline 0.005 -20"><span class='ocrx_word' id='word_1_558' title='bbox 2087 2381 2318 2438; x_wconf 89' lang='lat' dir='ltr'><strong>salubre</strong></span> <span class='ocrx_word' id='word_1_559' title='bbox 2357 2391 2653 2453; x_wconf 86' lang='lat' dir='ltr'><strong>acceperat</strong></span> <span class='ocrx_word' id='word_1_560' title='bbox 2703 2384 3047 2452; x_wconf 89' lang='lat' dir='ltr'><strong>antidotum,</strong></span> <span class='ocrx_word' id='word_1_561' title='bbox 3098 2385 3332 2441; x_wconf 87' lang='lat' dir='ltr'><strong>consilio</strong></span> <span class='ocrx_word' id='word_1_562' title='bbox 3375 2395 3602 2456; x_wconf 86' lang='lat' dir='ltr'><strong>accepto</strong></span> <span class='ocrx_word' id='word_1_563' title='bbox 3645 2401 3773 2444; x_wconf 89' lang='lat' dir='ltr'><strong>cum</strong></span> 
     </span>
    </p>
   </div>
   <div class='ocr_carea' id='block_1_85' title="bbox 2086 2469 3775 2546">
    <p class='ocr_par' dir='ltr' id='par_1_85' title="bbox 2086 2469 3775 2546">
     <span class='ocr_line' id='line_1_85' title="bbox 2086 2469 3775 2546; baseline 0.003 -21"><span class='ocrx_word' id='word_1_564' title='bbox 2086 2469 2255 2541; x_wconf 86' lang='lat' dir='ltr'><strong>legali</strong></span> <span class='ocrx_word' id='word_1_565' title='bbox 2309 2471 2529 2546; x_wconf 87' lang='lat' dir='ltr'><strong>[regali]</strong></span> <span class='ocrx_word' id='word_1_566' title='bbox 2566 2473 2687 2528; x_wconf 90' lang='lat' dir='ltr'><strong>viro</strong></span> <span class='ocrx_word' id='word_1_567' title='bbox 2741 2473 2948 2530; x_wconf 88' lang='lat' dir='ltr'><strong>illustri</strong></span> <span class='ocrx_word' id='word_1_568' title='bbox 3001 2473 3248 2541; x_wconf 86' lang='lat' dir='ltr'><strong>Bodone,</strong></span> <span class='ocrx_word' id='word_1_569' title='bbox 3297 2489 3471 2546; x_wconf 91' lang='lat' dir='ltr'><strong>quem</strong></span> <span class='ocrx_word' id='word_1_570' title='bbox 3515 2475 3775 2546; x_wconf 89' lang='lat' dir='ltr'><strong>superius</strong></span> 
     </span>
    </p>
   </div>
   <div class='ocr_carea' id='block_1_86' title="bbox 2085 2556 3775 2634">
    <p class='ocr_par' dir='ltr' id='par_1_86' title="bbox 2085 2556 3775 2634">
     <span class='ocr_line' id='line_1_86' title="bbox 2085 2556 3775 2634; baseline 0.005 -22"><span class='ocrx_word' id='word_1_571' title='bbox 2085 2556 2268 2630; x_wconf 80' lang='lat' dir='ltr'><strong>[adde,</strong></span> <span class='ocrx_word' id='word_1_572' title='bbox 2314 2560 2654 2633; x_wconf 89' lang='lat' dir='ltr'><strong>Leudinum]</strong></span> <span class='ocrx_word' id='word_1_573' title='bbox 2707 2561 3106 2632; x_wconf 89' lang='lat' dir='ltr'><strong>pradiximus,</strong></span> <span class='ocrx_word' id='word_1_574' title='bbox 3152 2563 3254 2634; x_wconf 93' lang='lat' dir='ltr'><strong>qui</strong></span> <span class='ocrx_word' id='word_1_575' title='bbox 3306 2577 3372 2620; x_wconf 89' lang='lat' dir='ltr'><strong>eo</strong></span> <span class='ocrx_word' id='word_1_576' title='bbox 3415 2571 3662 2634; x_wconf 90' lang='lat' dir='ltr'><strong>tempore</strong></span> <span class='ocrx_word' id='word_1_577' title='bbox 3693 2564 3775 2620; x_wconf 91' lang='lat' dir='ltr'><strong>in-</strong></span> 
     </span>
    </p>
   </div>
   <div class='ocr_carea' id='block_1_87' title="bbox 2084 2649 3774 2725">
    <p class='ocr_par' dir='ltr' id='par_1_87' title="bbox 2084 2649 3774 2725">
     <span class='ocr_line' id='line_1_87' title="bbox 2084 2649 3774 2725; baseline 0.005 -21"><span class='ocrx_word' id='word_1_578' title='bbox 2084 2649 2366 2718; x_wconf 89' lang='lat' dir='ltr'><strong>dustrius,</strong></span> <span class='ocrx_word' id='word_1_579' title='bbox 2398 2657 2453 2706; x_wconf 92' lang='lat' dir='ltr'><strong>et</strong></span> <span class='ocrx_word' id='word_1_580' title='bbox 2496 2659 2713 2721; x_wconf 88' lang='lat' dir='ltr'><strong>potens,</strong></span> <span class='ocrx_word' id='word_1_581' title='bbox 2759 2658 2813 2708; x_wconf 92' lang='lat' dir='ltr'><strong>et</strong></span> <span class='ocrx_word' id='word_1_582' title='bbox 2842 2651 3163 2708; x_wconf 90' lang='lat' dir='ltr'><strong>secundum</strong></span> <span class='ocrx_word' id='word_1_583' title='bbox 3202 2652 3396 2708; x_wconf 88' lang='lat' dir='ltr'><strong>saculi</strong></span> <span class='ocrx_word' id='word_1_584' title='bbox 3443 2652 3774 2725; x_wconf 87' lang='lat' dir='ltr'><strong>dignitatem</strong></span> 
     </span>
    </p>
   </div>
   <div class='ocr_carea' id='block_1_88' title="bbox 2087 2735 3773 2810">
    <p class='ocr_par' dir='ltr' id='par_1_88' title="bbox 2087 2735 3773 2810">
     <span class='ocr_line' id='line_1_88' title="bbox 2087 2735 3773 2810; baseline 0.004 -17"><span class='ocrx_word' id='word_1_585' title='bbox 2087 2735 2297 2794; x_wconf 87' lang='lat' dir='ltr'><strong>florens</strong></span> <span class='ocrx_word' id='word_1_586' title='bbox 2343 2745 2486 2805; x_wconf 90' lang='lat' dir='ltr'><strong>erat,</strong></span> <span class='ocrx_word' id='word_1_587' title='bbox 2548 2739 2873 2810; x_wconf 89' lang='lat' dir='ltr'><strong>postpositis</strong></span> <span class='ocrx_word' id='word_1_588' title='bbox 2938 2739 3384 2810; x_wconf 88' lang='lat' dir='ltr'><strong>phaleramentis</strong></span> <span class='ocrx_word' id='word_1_589' title='bbox 3435 2741 3657 2809; x_wconf 90' lang='lat' dir='ltr'><strong>mundi,</strong></span> <span class='ocrx_word' id='word_1_590' title='bbox 3701 2743 3773 2799; x_wconf 89' lang='lat' dir='ltr'><strong>ad</strong></span> 
     </span>
    </p>
   </div>
   <div class='ocr_carea' id='block_1_89' title="bbox 2084 2827 3774 2900">
    <p class='ocr_par' dir='ltr' id='par_1_89' title="bbox 2084 2827 3774 2900">
     <span class='ocr_line' id='line_1_89' title="bbox 2084 2827 3774 2900; baseline 0.002 -18"><span class='ocrx_word' id='word_1_591' title='bbox 2084 2827 2391 2884; x_wconf 90' lang='lat' dir='ltr'><strong>Dominum</strong></span> <span class='ocrx_word' id='word_1_592' title='bbox 2442 2835 2580 2884; x_wconf 91' lang='lat' dir='ltr'><strong>sunt</strong></span> <span class='ocrx_word' id='word_1_593' title='bbox 2607 2829 2898 2898; x_wconf 88' lang='lat' dir='ltr'><strong>conversi;</strong></span> <span class='ocrx_word' id='word_1_594' title='bbox 2947 2830 3236 2900; x_wconf 90' lang='lat' dir='ltr'><strong>rebusque</strong></span> <span class='ocrx_word' id='word_1_595' title='bbox 3271 2830 3392 2886; x_wconf 89' lang='lat' dir='ltr'><strong>suis</strong></span> <span class='ocrx_word' id='word_1_596' title='bbox 3421 2830 3774 2887; x_wconf 90' lang='lat' dir='ltr'><strong>monasteriis</strong></span> 
     </span>
    </p>
   </div>
   <div class='ocr_carea' id='block_1_90' title="bbox 2083 2915 3773 2988">
    <p class='ocr_par' dir='ltr' id='par_1_90' title="bbox 2083 2915 3773 2988">
     <span class='ocr_line' id='line_1_90' title="bbox 2083 2915 3773 2988; baseline 0.004 -18"><span class='ocrx_word' id='word_1_597' title='bbox 2083 2915 2319 2984; x_wconf 92' lang='lat' dir='ltr'><strong>collatis,</strong></span> <span class='ocrx_word' id='word_1_598' title='bbox 2369 2923 2494 2987; x_wconf 91' lang='lat' dir='ltr'><strong>post</strong></span> <span class='ocrx_word' id='word_1_599' title='bbox 2544 2917 2767 2973; x_wconf 90' lang='lat' dir='ltr'><strong>beatam</strong></span> <span class='ocrx_word' id='word_1_600' title='bbox 2821 2916 3208 2988; x_wconf 89' lang='lat' dir='ltr'><strong>Salabergam,</strong></span> <span class='ocrx_word' id='word_1_601' title='bbox 3261 2919 3526 2974; x_wconf 91' lang='lat' dir='ltr'><strong>eumdem</strong></span> <span class='ocrx_word' id='word_1_602' title='bbox 3576 2918 3773 2976; x_wconf 89' lang='lat' dir='ltr'><strong>callem</strong></span> 
     </span>
    </p>
   </div>
   <div class='ocr_carea' id='block_1_91' title="bbox 2083 3004 3772 3080">
    <p class='ocr_par' dir='ltr' id='par_1_91' title="bbox 2083 3004 3772 3080">
     <span class='ocr_line' id='line_1_91' title="bbox 2083 3004 3772 3080; baseline 0.003 -21"><span class='ocrx_word' id='word_1_603' title='bbox 2083 3010 2328 3060; x_wconf 90' lang='lat' dir='ltr'><strong>terentes</strong></span> <span class='ocrx_word' id='word_1_604' title='bbox 2393 3004 2742 3062; x_wconf 91' lang='lat' dir='ltr'><strong>Landunum</strong></span> <span class='ocrx_word' id='word_1_605' title='bbox 2809 3006 3194 3076; x_wconf 83' lang='lat' dir='ltr'><strong>properabant</strong></span> <span class='ocrx_word' id='word_1_606' title='bbox 3255 3004 3772 3080; x_wconf 87' lang='lat' dir='ltr'><strong>[properaverunt].</strong></span> 
     </span>
    </p>
   </div>
   <div class='ocr_carea' id='block_1_92' title="bbox 2083 3091 3778 3166">
    <p class='ocr_par' dir='ltr' id='par_1_92' title="bbox 2083 3091 3778 3166">
     <span class='ocr_line' id='line_1_92' title="bbox 2083 3091 3778 3166; baseline 0.003 -18"><span class='ocrx_word' id='word_1_607' title='bbox 2083 3091 2236 3148; x_wconf 79' lang='grc' dir='ltr'><strong>Βοᾱο</strong></span> <span class='ocrx_word' id='word_1_608' title='bbox 2269 3092 2449 3150; x_wconf 90' lang='lat' dir='ltr'><strong>incisa</strong></span> <span class='ocrx_word' id='word_1_609' title='bbox 2476 3094 2708 3150; x_wconf 88' lang='lat' dir='ltr'><strong>casarie</strong></span> <span class='ocrx_word' id='word_1_610' title='bbox 2752 3094 3040 3162; x_wconf 91' lang='lat' dir='ltr'><strong>monachi,</strong></span> <span class='ocrx_word' id='word_1_611' title='bbox 3083 3094 3142 3151; x_wconf 92' lang='lat' dir='ltr'><strong>in</strong></span> <span class='ocrx_word' id='word_1_612' title='bbox 3175 3103 3461 3166; x_wconf 89' lang='lat' dir='ltr'><strong>quantum</strong></span> <span class='ocrx_word' id='word_1_613' title='bbox 3488 3109 3578 3152; x_wconf 89' lang='lat' dir='ltr'><strong>res</strong></span> <span class='ocrx_word' id='word_1_614' title='bbox 3617 3096 3778 3153; x_wconf 88' lang='lat' dir='ltr'><strong>sine-</strong></span> 
     </span>
    </p>
   </div>
   <div class='ocr_carea' id='block_1_93' title="bbox 2083 3181 3778 3256">
    <p class='ocr_par' dir='ltr' id='par_1_93' title="bbox 2083 3181 3778 3256">
     <span class='ocr_line' id='line_1_93' title="bbox 2083 3181 3778 3256; baseline 0.002 -20"><span class='ocrx_word' id='word_1_615' title='bbox 2083 3181 2201 3248; x_wconf 90' lang='lat' dir='ltr'><strong>bat,</strong></span> <span class='ocrx_word' id='word_1_616' title='bbox 2235 3181 2443 3252; x_wconf 90' lang='lat' dir='ltr'><strong>agebat</strong></span> <span class='ocrx_word' id='word_1_617' title='bbox 2477 3182 2753 3239; x_wconf 83' lang='lat' dir='ltr'><strong>offictum.</strong></span> <span class='ocrx_word' id='word_1_618' title='bbox 2787 3183 2869 3240; x_wconf 86' lang='lat' dir='ltr'><strong>Ac</strong></span> <span class='ocrx_word' id='word_1_619' title='bbox 2899 3198 3013 3240; x_wconf 90' lang='lat' dir='ltr'><strong>non</strong></span> <span class='ocrx_word' id='word_1_620' title='bbox 3041 3183 3224 3240; x_wconf 93' lang='lat' dir='ltr'><strong>multo</strong></span> <span class='ocrx_word' id='word_1_621' title='bbox 3253 3189 3378 3254; x_wconf 87' lang='lat' dir='ltr'><strong>post</strong></span> <span class='ocrx_word' id='word_1_622' title='bbox 3405 3183 3553 3241; x_wconf 92' lang='lat' dir='ltr'><strong>Tulli</strong></span> <span class='ocrx_word' id='word_1_623' title='bbox 3583 3184 3778 3256; x_wconf 92' lang='lat' dir='ltr'><strong>oppidi</strong></span> 
     </span>
    </p>
   </div>
   <div class='ocr_carea' id='block_1_94' title="bbox 2080 3269 3780 3342">
    <p class='ocr_par' dir='ltr' id='par_1_94' title="bbox 2080 3269 3780 3342">
     <span class='ocr_line' id='line_1_94' title="bbox 2080 3269 3780 3342; baseline 0.003 -17"><span class='ocrx_word' id='word_1_624' title='bbox 2080 3269 2326 3339; x_wconf 90' lang='lat' dir='ltr'><strong>adeptus</strong></span> <span class='ocrx_word' id='word_1_625' title='bbox 2383 3271 2798 3342; x_wconf 87' lang='lat' dir='ltr'><strong>episcopatum,</strong></span> <span class='ocrx_word' id='word_1_626' title='bbox 2861 3281 3086 3328; x_wconf 90' lang='lat' dir='ltr'><strong>natura</strong></span> <span class='ocrx_word' id='word_1_627' title='bbox 3139 3277 3290 3328; x_wconf 72' lang='lat'><strong>684</strong></span> <span class='ocrx_word' id='word_1_628' title='bbox 3347 3272 3602 3330; x_wconf 93' lang='lat' dir='ltr'><strong>debitum</strong></span> <span class='ocrx_word' id='word_1_629' title='bbox 3653 3275 3780 3330; x_wconf 86' lang='lat' dir='ltr'><strong>red-</strong></span> 
     </span>
    </p>
   </div>
   <div class='ocr_carea' id='block_1_95' title="bbox 2080 3357 3778 3432">
    <p class='ocr_par' dir='ltr' id='par_1_95' title="bbox 2080 3357 3778 3432">
     <span class='ocr_line' id='line_1_95' title="bbox 2080 3357 3778 3432; baseline 0.003 -18"><span class='ocrx_word' id='word_1_630' title='bbox 2080 3357 2244 3414; x_wconf 90' lang='lat' dir='ltr'><strong>didit.</strong></span> <span class='ocrx_word' id='word_1_631' title='bbox 2309 3359 2650 3416; x_wconf 82' lang='lat' dir='ltr'><strong>Veneranda</strong></span> <span class='ocrx_word' id='word_1_632' title='bbox 2711 3375 2945 3432; x_wconf 91' lang='lat' dir='ltr'><strong>quoque</strong></span> <span class='ocrx_word' id='word_1_633' title='bbox 3000 3360 3165 3418; x_wconf 92' lang='lat' dir='ltr'><strong>Odila</strong></span> <span class='ocrx_word' id='word_1_634' title='bbox 3226 3361 3436 3418; x_wconf 89' lang='lat' dir='ltr'><strong>Christi</strong></span> <span class='ocrx_word' id='word_1_635' title='bbox 3509 3361 3778 3432; x_wconf 89' lang='lat' dir='ltr'><strong>stigmate</strong></span> 
     </span>
    </p>
   </div>
   <div class='ocr_carea' id='block_1_96' title="bbox 2079 3448 3775 3522">
    <p class='ocr_par' dir='ltr' id='par_1_96' title="bbox 2079 3448 3775 3522">
     <span class='ocr_line' id='line_1_96' title="bbox 2079 3448 3775 3522; baseline 0.004 -20"><span class='ocrx_word' id='word_1_636' title='bbox 2079 3454 2344 3518; x_wconf 91' lang='lat' dir='ltr'><strong>suscepto</strong></span> <span class='ocrx_word' id='word_1_637' title='bbox 2385 3462 2682 3506; x_wconf 86' lang='lat' dir='ltr'><strong>sacrarum</strong></span> <span class='ocrx_word' id='word_1_638' title='bbox 2724 3449 3023 3521; x_wconf 90' lang='lat' dir='ltr'><strong>virginum</strong></span> <span class='ocrx_word' id='word_1_639' title='bbox 3071 3464 3130 3506; x_wconf 92' lang='lat' dir='ltr'><strong>se</strong></span> <span class='ocrx_word' id='word_1_640' title='bbox 3176 3448 3350 3507; x_wconf 91' lang='lat' dir='ltr'><strong>choro</strong></span> <span class='ocrx_word' id='word_1_641' title='bbox 3391 3451 3775 3522; x_wconf 90' lang='lat' dir='ltr'><strong>conjungens,</strong></span> 
     </span>
    </p>
   </div>
   <div class='ocr_carea' id='block_1_97' title="bbox 2079 3535 3780 3611">
    <p class='ocr_par' dir='ltr' id='par_1_97' title="bbox 2079 3535 3780 3611">
     <span class='ocr_line' id='line_1_97' title="bbox 2079 3535 3780 3611; baseline 0.002 -20"><span class='ocrx_word' id='word_1_642' title='bbox 2079 3535 2187 3592; x_wconf 91' lang='lat' dir='ltr'><strong>sub</strong></span> <span class='ocrx_word' id='word_1_643' title='bbox 2231 3535 2568 3592; x_wconf 88' lang='lat' dir='ltr'><strong>obedientia</strong></span> <span class='ocrx_word' id='word_1_644' title='bbox 2618 3544 2834 3602; x_wconf 90' lang='lat' dir='ltr'><strong>tenore,</strong></span> <span class='ocrx_word' id='word_1_645' title='bbox 2889 3545 3067 3594; x_wconf 78' lang='lat' dir='ltr'><strong>Vitam</strong></span> <span class='ocrx_word' id='word_1_646' title='bbox 3100 3537 3326 3595; x_wconf 90' lang='lat' dir='ltr'><strong>beatam</strong></span> <span class='ocrx_word' id='word_1_647' title='bbox 3372 3537 3603 3610; x_wconf 87' lang='lat' dir='ltr'><strong>degens,</strong></span> <span class='ocrx_word' id='word_1_648' title='bbox 3654 3541 3780 3611; x_wconf 84' lang='lat' dir='ltr'><strong>Spi-</strong></span> 
     </span>
    </p>
   </div>
   <div class='ocr_carea' id='block_1_98' title="bbox 2079 3622 3256 3694">
    <p class='ocr_par' dir='ltr' id='par_1_98' title="bbox 2079 3622 3256 3694">
     <span class='ocr_line' id='line_1_98' title="bbox 2079 3622 3256 3694; baseline 0.002 -14"><span class='ocrx_word' id='word_1_649' title='bbox 2079 3622 2278 3693; x_wconf 91' lang='lat' dir='ltr'><strong>ritum,</strong></span> <span class='ocrx_word' id='word_1_650' title='bbox 2307 3625 2400 3681; x_wconf 90' lang='lat' dir='ltr'><strong>cui</strong></span> <span class='ocrx_word' id='word_1_651' title='bbox 2431 3625 2626 3682; x_wconf 91' lang='lat' dir='ltr'><strong>omnia</strong></span> <span class='ocrx_word' id='word_1_652' title='bbox 2655 3625 2958 3694; x_wconf 91' lang='lat' dir='ltr'><strong>debentur,</strong></span> <span class='ocrx_word' id='word_1_653' title='bbox 2993 3627 3256 3685; x_wconf 90' lang='lat' dir='ltr'><strong>reddidit.</strong></span> 
     </span>
    </p>
   </div>
   <div class='ocr_carea' id='block_1_99' title="bbox 2715 3746 3128 3790">
    <p class='ocr_par' dir='ltr' id='par_1_99' title="bbox 2715 3746 3128 3790">
     <span class='ocr_line' id='line_1_99' title="bbox 2715 3746 3128 3790; baseline 0 -2"><span class='ocrx_word' id='word_1_654' title='bbox 2715 3746 3051 3790; x_wconf 67' lang='lat' dir='ltr'><strong>HIRACULUI</strong></span> <span class='ocrx_word' id='word_1_655' title='bbox 3091 3747 3128 3788; x_wconf 89' lang='lat' dir='ltr'><strong>l.</strong></span> 
     </span>
    </p>
   </div>
   <div class='ocr_carea' id='block_1_100' title="bbox 2150 3837 3779 3912">
    <p class='ocr_par' dir='ltr' id='par_1_100' title="bbox 2150 3837 3779 3912">
     <span class='ocr_line' id='line_1_100' title="bbox 2150 3837 3779 3912; baseline 0.004 -19"><span class='ocrx_word' id='word_1_656' title='bbox 2150 3837 2336 3908; x_wconf 88' lang='lat' dir='ltr'><strong>Igitur</strong></span> <span class='ocrx_word' id='word_1_657' title='bbox 2380 3852 2515 3894; x_wconf 92' lang='lat' dir='ltr'><strong>cum</strong></span> <span class='ocrx_word' id='word_1_658' title='bbox 2559 3838 2727 3896; x_wconf 89' lang='lat' dir='ltr'><strong>beata</strong></span> <span class='ocrx_word' id='word_1_659' title='bbox 2781 3839 3094 3912; x_wconf 89' lang='lat' dir='ltr'><strong>Salaberga</strong></span> <span class='ocrx_word' id='word_1_660' title='bbox 3138 3841 3196 3897; x_wconf 92' lang='lat' dir='ltr'><strong>in</strong></span> <span class='ocrx_word' id='word_1_661' title='bbox 3238 3841 3540 3899; x_wconf 85' lang='lat' dir='ltr'><strong>sanctitate</strong></span> <span class='ocrx_word' id='word_1_662' title='bbox 3583 3857 3779 3900; x_wconf 84' lang='lat' dir='ltr'><strong>avosa</strong></span> 
     </span>
    </p>
   </div>
   <div class='ocr_carea' id='block_1_101' title="bbox 2080 3924 3778 4000">
    <p class='ocr_par' dir='ltr' id='par_1_101' title="bbox 2080 3924 3778 4000">
     <span class='ocr_line' id='line_1_101' title="bbox 2080 3924 3778 4000; baseline 0.004 -18"><span class='ocrx_word' id='word_1_663' title='bbox 2080 3924 2382 4000; x_wconf 84' lang='lat' dir='ltr'><strong>[morosa],</strong></span> <span class='ocrx_word' id='word_1_664' title='bbox 2427 3934 2482 3984; x_wconf 89' lang='lat' dir='ltr'><strong>et</strong></span> <span class='ocrx_word' id='word_1_665' title='bbox 2509 3934 2714 3984; x_wconf 89' lang='lat' dir='ltr'><strong>ornato</strong></span> <span class='ocrx_word' id='word_1_666' title='bbox 2747 3926 3070 4000; x_wconf 86' lang='lat' dir='ltr'><strong>[exornato]</strong></span> <span class='ocrx_word' id='word_1_667' title='bbox 3102 3929 3291 3998; x_wconf 87' lang='lat' dir='ltr'><strong>vultu,</strong></span> <span class='ocrx_word' id='word_1_668' title='bbox 3321 3945 3454 3987; x_wconf 92' lang='lat' dir='ltr'><strong>cum</strong></span> <span class='ocrx_word' id='word_1_669' title='bbox 3481 3930 3778 3989; x_wconf 79' lang='lat' dir='ltr'><strong>sororibus</strong></span> 
     </span>
    </p>
   </div>
   <div class='ocr_carea' id='block_1_102' title="bbox 2074 4014 3774 4090">
    <p class='ocr_par' dir='ltr' id='par_1_102' title="bbox 2074 4014 3774 4090">
     <span class='ocr_line' id='line_1_102' title="bbox 2074 4014 3774 4090; baseline 0.005 -20"><span class='ocrx_word' id='word_1_670' title='bbox 2074 4014 2164 4086; x_wconf 89' lang='lat' dir='ltr'><strong>pie</strong></span> <span class='ocrx_word' id='word_1_671' title='bbox 2193 4015 2369 4072; x_wconf 87' lang='lat' dir='ltr'><strong>vitam</strong></span> <span class='ocrx_word' id='word_1_672' title='bbox 2407 4015 2661 4086; x_wconf 88' lang='lat' dir='ltr'><strong>duceret,</strong></span> <span class='ocrx_word' id='word_1_673' title='bbox 2709 4017 2902 4088; x_wconf 87' lang='lat' dir='ltr'><strong>puella</strong></span> <span class='ocrx_word' id='word_1_674' title='bbox 2931 4019 3198 4090; x_wconf 89' lang='lat' dir='ltr'><strong>quadam</strong></span> <span class='ocrx_word' id='word_1_675' title='bbox 3230 4019 3684 4077; x_wconf 88' lang='lat' dir='ltr'><strong>sanctimonialis</strong></span> <span class='ocrx_word' id='word_1_676' title='bbox 3717 4021 3774 4078; x_wconf 92' lang='lat' dir='ltr'><strong>in</strong></span> 
     </span>
    </p>
   </div>
   <div class='ocr_carea' id='block_1_103' title="bbox 2073 4104 3777 4179">
    <p class='ocr_par' dir='ltr' id='par_1_103' title="bbox 2073 4104 3777 4179">
     <span class='ocr_line' id='line_1_103' title="bbox 2073 4104 3777 4179; baseline 0.004 -19"><span class='ocrx_word' id='word_1_677' title='bbox 2073 4104 2270 4160; x_wconf 90' lang='lat' dir='ltr'><strong>eodem</strong></span> <span class='ocrx_word' id='word_1_678' title='bbox 2317 4105 2575 4162; x_wconf 74' lang='lat' dir='ltr'><strong>coenobio</strong></span> <span class='ocrx_word' id='word_1_679' title='bbox 2620 4105 2838 4164; x_wconf 88' lang='lat' dir='ltr'><strong>cadiva</strong></span> <span class='ocrx_word' id='word_1_680' title='bbox 2883 4109 3133 4164; x_wconf 87' lang='lat' dir='ltr'><strong>vesania</strong></span> <span class='ocrx_word' id='word_1_681' title='bbox 3179 4108 3377 4179; x_wconf 85' lang='lat' dir='ltr'><strong>[gutta</strong></span> <span class='ocrx_word' id='word_1_682' title='bbox 3423 4108 3639 4165; x_wconf 86' lang='lat' dir='ltr'><strong>cadiva</strong></span> <span class='ocrx_word' id='word_1_683' title='bbox 3677 4123 3777 4166; x_wconf 85' lang='lat' dir='ltr'><strong>ve-</strong></span> 
     </span>
    </p>
   </div>
   <div class='ocr_carea' id='block_1_104' title="bbox 2074 4191 3775 4266">
    <p class='ocr_par' dir='ltr' id='par_1_104' title="bbox 2074 4191 3775 4266">
     <span class='ocr_line' id='line_1_104' title="bbox 2074 4191 3775 4266; baseline 0.005 -18"><span class='ocrx_word' id='word_1_684' title='bbox 2074 4191 2274 4266; x_wconf 88' lang='lat' dir='ltr'><strong>sania]</strong></span> <span class='ocrx_word' id='word_1_685' title='bbox 2307 4194 2505 4250; x_wconf 87' lang='lat' dir='ltr'><strong>morbo</strong></span> <span class='ocrx_word' id='word_1_686' title='bbox 2552 4194 2804 4265; x_wconf 91' lang='lat' dir='ltr'><strong>indepta,</strong></span> <span class='ocrx_word' id='word_1_687' title='bbox 2851 4195 2991 4253; x_wconf 89' lang='lat' dir='ltr'><strong>dum</strong></span> <span class='ocrx_word' id='word_1_688' title='bbox 3022 4210 3260 4254; x_wconf 89' lang='lat' dir='ltr'><strong>cursum</strong></span> <span class='ocrx_word' id='word_1_689' title='bbox 3292 4197 3352 4253; x_wconf 91' lang='lat' dir='ltr'><strong>in</strong></span> <span class='ocrx_word' id='word_1_690' title='bbox 3398 4197 3634 4254; x_wconf 87' lang='lat' dir='ltr'><strong>ecclesia</strong></span> <span class='ocrx_word' id='word_1_691' title='bbox 3680 4213 3775 4256; x_wconf 84' lang='lat' dir='ltr'><strong>ca-</strong></span> 
     </span>
    </p>
   </div>
   <div class='ocr_carea' id='block_1_105' title="bbox 2073 4281 3770 4352">
    <p class='ocr_par' dir='ltr' id='par_1_105' title="bbox 2073 4281 3770 4352">
     <span class='ocr_line' id='line_1_105' title="bbox 2073 4281 3770 4352; baseline 0.004 -16"><span class='ocrx_word' id='word_1_692' title='bbox 2073 4294 2209 4337; x_wconf 87' lang='lat' dir='ltr'><strong>nere</strong></span> <span class='ocrx_word' id='word_1_693' title='bbox 2254 4281 2536 4352; x_wconf 80' lang='lat' dir='ltr'><strong>coepisset,</strong></span> <span class='ocrx_word' id='word_1_694' title='bbox 2581 4296 2777 4340; x_wconf 90' lang='lat' dir='ltr'><strong>coram</strong></span> <span class='ocrx_word' id='word_1_695' title='bbox 2824 4284 3097 4342; x_wconf 90' lang='lat' dir='ltr'><strong>omnibus</strong></span> <span class='ocrx_word' id='word_1_696' title='bbox 3141 4283 3419 4342; x_wconf 78' lang='lat' dir='ltr'><strong>effrenata</strong></span> <span class='ocrx_word' id='word_1_697' title='bbox 3468 4293 3656 4342; x_wconf 90' lang='lat' dir='ltr'><strong>mente</strong></span> <span class='ocrx_word' id='word_1_698' title='bbox 3714 4287 3770 4344; x_wconf 90' lang='lat' dir='ltr'><strong>in</strong></span> 
     </span>
    </p>
   </div>
   <div class='ocr_carea' id='block_1_106' title="bbox 2074 4370 3769 4440">
    <p class='ocr_par' dir='ltr' id='par_1_106' title="bbox 2074 4370 3769 4440">
     <span class='ocr_line' id='line_1_106' title="bbox 2074 4370 3769 4440; baseline 0.004 -14"><span class='ocrx_word' id='word_1_699' title='bbox 2074 4376 2286 4426; x_wconf 88' lang='lat' dir='ltr'><strong>terram</strong></span> <span class='ocrx_word' id='word_1_700' title='bbox 2351 4371 2590 4428; x_wconf 90' lang='lat' dir='ltr'><strong>corruit.</strong></span> <span class='ocrx_word' id='word_1_701' title='bbox 2655 4370 2839 4440; x_wconf 90' lang='lat' dir='ltr'><strong>Quam</strong></span> <span class='ocrx_word' id='word_1_702' title='bbox 2890 4387 3028 4430; x_wconf 87' lang='lat' dir='ltr'><strong>mox</strong></span> <span class='ocrx_word' id='word_1_703' title='bbox 3083 4374 3248 4431; x_wconf 88' lang='lat' dir='ltr'><strong>beata</strong></span> <span class='ocrx_word' id='word_1_704' title='bbox 3303 4383 3360 4432; x_wconf 91' lang='lat' dir='ltr'><strong>et</strong></span> <span class='ocrx_word' id='word_1_705' title='bbox 3421 4374 3769 4433; x_wconf 88' lang='lat' dir='ltr'><strong>venerabilis</strong></span> 
     </span>
    </p>
   </div>
   <div class='ocr_carea' id='block_1_107' title="bbox 2068 4459 3769 4534">
    <p class='ocr_par' dir='ltr' id='par_1_107' title="bbox 2068 4459 3769 4534">
     <span class='ocr_line' id='line_1_107' title="bbox 2068 4459 3769 4534; baseline 0.004 -20"><span class='ocrx_word' id='word_1_706' title='bbox 2068 4465 2250 4515; x_wconf 89' lang='lat' dir='ltr'><strong>mater</strong></span> <span class='ocrx_word' id='word_1_707' title='bbox 2278 4472 2474 4516; x_wconf 92' lang='lat' dir='ltr'><strong>secum</strong></span> <span class='ocrx_word' id='word_1_708' title='bbox 2514 4459 2876 4519; x_wconf 83' lang='lat' dir='ltr'><strong>familiariter</strong></span> <span class='ocrx_word' id='word_1_709' title='bbox 2918 4469 3232 4534; x_wconf 90' lang='lat' dir='ltr'><strong>acceptam,</strong></span> <span class='ocrx_word' id='word_1_710' title='bbox 3265 4463 3464 4520; x_wconf 88' lang='lat' dir='ltr'><strong>sedula</strong></span> <span class='ocrx_word' id='word_1_711' title='bbox 3507 4463 3769 4521; x_wconf 90' lang='lat' dir='ltr'><strong>oratione</strong></span> 
     </span>
    </p>
   </div>
   <div class='ocr_carea' id='block_1_108' title="bbox 2067 4547 3767 4623">
    <p class='ocr_par' dir='ltr' id='par_1_108' title="bbox 2067 4547 3767 4623">
     <span class='ocr_line' id='line_1_108' title="bbox 2067 4547 3767 4623; baseline 0.004 -20"><span class='ocrx_word' id='word_1_712' title='bbox 2067 4561 2168 4616; x_wconf 90' lang='lat' dir='ltr'><strong>pro</strong></span> <span class='ocrx_word' id='word_1_713' title='bbox 2195 4561 2264 4604; x_wconf 91' lang='lat' dir='ltr'><strong>ea</strong></span> <span class='ocrx_word' id='word_1_714' title='bbox 2315 4547 2496 4604; x_wconf 91' lang='lat' dir='ltr'><strong>Deum</strong></span> <span class='ocrx_word' id='word_1_715' title='bbox 2528 4561 2780 4618; x_wconf 90' lang='lat' dir='ltr'><strong>poscens,</strong></span> <span class='ocrx_word' id='word_1_716' title='bbox 2825 4549 3145 4621; x_wconf 83' lang='lat' dir='ltr'><strong>Opitulante</strong></span> <span class='ocrx_word' id='word_1_717' title='bbox 3196 4550 3396 4608; x_wconf 91' lang='lat' dir='ltr'><strong>divina</strong></span> <span class='ocrx_word' id='word_1_718' title='bbox 3441 4551 3642 4623; x_wconf 87' lang='lat' dir='ltr'><strong>gratia,</strong></span> <span class='ocrx_word' id='word_1_719' title='bbox 3695 4553 3767 4609; x_wconf 89' lang='lat' dir='ltr'><strong>ab</strong></span> 
     </span>
    </p>
   </div>
   <div class='ocr_carea' id='block_1_109' title="bbox 2065 4635 3766 4710">
    <p class='ocr_par' dir='ltr' id='par_1_109' title="bbox 2065 4635 3766 4710">
     <span class='ocr_line' id='line_1_109' title="bbox 2065 4635 3766 4710; baseline 0.004 -18"><span class='ocrx_word' id='word_1_720' title='bbox 2065 4635 2264 4692; x_wconf 83' lang='lat' dir='ltr'><strong>eadem</strong></span> <span class='ocrx_word' id='word_1_721' title='bbox 2307 4644 2459 4707; x_wconf 90' lang='lat' dir='ltr'><strong>peste</strong></span> <span class='ocrx_word' id='word_1_722' title='bbox 2500 4639 2796 4710; x_wconf 85' lang='lat' dir='ltr'><strong>purgavit,</strong></span> <span class='ocrx_word' id='word_1_723' title='bbox 2827 4647 2884 4696; x_wconf 91' lang='lat' dir='ltr'><strong>et</strong></span> <span class='ocrx_word' id='word_1_724' title='bbox 2913 4641 2971 4696; x_wconf 92' lang='lat' dir='ltr'><strong>in</strong></span> <span class='ocrx_word' id='word_1_725' title='bbox 3002 4641 3302 4698; x_wconf 91' lang='lat' dir='ltr'><strong>servilium</strong></span> <span class='ocrx_word' id='word_1_726' title='bbox 3341 4641 3545 4698; x_wconf 87' lang='lat' dir='ltr'><strong>Christi</strong></span> <span class='ocrx_word' id='word_1_727' title='bbox 3589 4641 3766 4700; x_wconf 90' lang='lat' dir='ltr'><strong>libere</strong></span> 
     </span>
    </p>
   </div>
   <div class='ocr_carea' id='block_1_110' title="bbox 2065 4724 3764 4797">
    <p class='ocr_par' dir='ltr' id='par_1_110' title="bbox 2065 4724 3764 4797">
     <span class='ocr_line' id='line_1_110' title="bbox 2065 4724 3764 4797; baseline 0.004 -17"><span class='ocrx_word' id='word_1_728' title='bbox 2065 4724 2226 4781; x_wconf 87' lang='lat' dir='ltr'><strong>abire</strong></span> <span class='ocrx_word' id='word_1_729' title='bbox 2247 4725 2423 4797; x_wconf 89' lang='lat' dir='ltr'><strong>jussit</strong></span> <span class='ocrx_word' id='word_1_730' title='bbox 2452 4725 2816 4784; x_wconf 91' lang='lat' dir='ltr'><strong>incolumem.</strong></span> <span class='ocrx_word' id='word_1_731' title='bbox 2852 4728 3108 4786; x_wconf 86' lang='lat' dir='ltr'><strong>Plurima</strong></span> <span class='ocrx_word' id='word_1_732' title='bbox 3155 4729 3308 4786; x_wconf 90' lang='lat' dir='ltr'><strong>enim</strong></span> <span class='ocrx_word' id='word_1_733' title='bbox 3339 4737 3394 4787; x_wconf 93' lang='lat' dir='ltr'><strong>et</strong></span> <span class='ocrx_word' id='word_1_734' title='bbox 3422 4729 3586 4786; x_wconf 89' lang='lat' dir='ltr'><strong>valde</strong></span> <span class='ocrx_word' id='word_1_735' title='bbox 3615 4731 3764 4787; x_wconf 86' lang='lat' dir='ltr'><strong>cele-</strong></span> 
     </span>
    </p>
   </div>
   <div class='ocr_carea' id='block_1_111' title="bbox 2065 4813 3764 4890">
    <p class='ocr_par' dir='ltr' id='par_1_111' title="bbox 2065 4813 3764 4890">
     <span class='ocr_line' id='line_1_111' title="bbox 2065 4813 3764 4890; baseline 0.003 -20"><span class='ocrx_word' id='word_1_736' title='bbox 2065 4813 2317 4870; x_wconf 89' lang='lat' dir='ltr'><strong>berrima</strong></span> <span class='ocrx_word' id='word_1_737' title='bbox 2346 4822 2483 4872; x_wconf 89' lang='lat' dir='ltr'><strong>sunt</strong></span> <span class='ocrx_word' id='word_1_738' title='bbox 2514 4829 2647 4887; x_wconf 84' lang='lat' dir='ltr'><strong>qua</strong></span> <span class='ocrx_word' id='word_1_739' title='bbox 2676 4815 2736 4872; x_wconf 91' lang='lat' dir='ltr'><strong>in</strong></span> <span class='ocrx_word' id='word_1_740' title='bbox 2769 4816 3042 4874; x_wconf 86' lang='lat' dir='ltr'><strong>laudibus</strong></span> <span class='ocrx_word' id='word_1_741' title='bbox 3088 4824 3264 4890; x_wconf 89' lang='lat' dir='ltr'><strong>atque</strong></span> <span class='ocrx_word' id='word_1_742' title='bbox 3293 4819 3566 4876; x_wconf 88' lang='lat' dir='ltr'><strong>memoria</strong></span> <span class='ocrx_word' id='word_1_743' title='bbox 3594 4831 3764 4875; x_wconf 86' lang='lat' dir='ltr'><strong>vene-</strong></span> 
     </span>
    </p>
   </div>
   <div class='ocr_carea' id='block_1_112' title="bbox 2064 4899 3761 4978">
    <p class='ocr_par' dir='ltr' id='par_1_112' title="bbox 2064 4899 3761 4978">
     <span class='ocr_line' id='line_1_112' title="bbox 2064 4899 3761 4978; baseline 0.002 -22"><span class='ocrx_word' id='word_1_744' title='bbox 2064 4899 2262 4957; x_wconf 85' lang='lat' dir='ltr'><strong>randa</strong></span> <span class='ocrx_word' id='word_1_745' title='bbox 2292 4903 2493 4958; x_wconf 88' lang='lat' dir='ltr'><strong>matris</strong></span> <span class='ocrx_word' id='word_1_746' title='bbox 2516 4901 2663 4973; x_wconf 88' lang='lat' dir='ltr'><strong>stylo</strong></span> <span class='ocrx_word' id='word_1_747' title='bbox 2696 4903 3056 4973; x_wconf 88' lang='lat' dir='ltr'><strong>inseruntur,</strong></span> <span class='ocrx_word' id='word_1_748' title='bbox 3087 4919 3220 4978; x_wconf 84' lang='lat' dir='ltr'><strong>qua</strong></span> <span class='ocrx_word' id='word_1_749' title='bbox 3250 4905 3610 4978; x_wconf 90' lang='lat' dir='ltr'><strong>postmodum</strong></span> <span class='ocrx_word' id='word_1_750' title='bbox 3636 4907 3761 4964; x_wconf 86' lang='lat' dir='ltr'><strong>suis</strong></span> 
     </span>
    </p>
   </div>
   <div class='ocr_carea' id='block_1_113' title="bbox 2063 4988 2611 5060">
    <p class='ocr_par' dir='ltr' id='par_1_113' title="bbox 2063 4988 2611 5060">
     <span class='ocr_line' id='line_1_113' title="bbox 2063 4988 2611 5060; baseline 0 -14"><span class='ocrx_word' id='word_1_751' title='bbox 2063 4988 2426 5060; x_wconf 87' lang='lat' dir='ltr'><strong>aptabuntur</strong></span> <span class='ocrx_word' id='word_1_752' title='bbox 2455 4990 2611 5048; x_wconf 92' lang='lat' dir='ltr'><strong>locis.</strong></span> 
     </span>
    </p>
   </div>
   <div class='ocr_carea' id='block_1_114' title="bbox 2739 5098 3074 5158">
    <p class='ocr_par' dir='ltr' id='par_1_114' title="bbox 2739 5098 3074 5158">
     <span class='ocr_line' id='line_1_114' title="bbox 2739 5098 3074 5158; baseline 0 -2"><span class='ocrx_word' id='word_1_753' title='bbox 2739 5098 2966 5158; x_wconf 85' lang='lat' dir='ltr'><strong>CAPUT</strong></span> <span class='ocrx_word' id='word_1_754' title='bbox 3004 5100 3074 5156; x_wconf 83' lang='lat' dir='ltr'><strong>X.</strong></span> 
     </span>
    </p>
   </div>
   <div class='ocr_carea' id='block_1_115' title="bbox 2694 5218 3124 5262">
    <p class='ocr_par' dir='ltr' id='par_1_115' title="bbox 2694 5218 3124 5262">
     <span class='ocr_line' id='line_1_115' title="bbox 2694 5218 3124 5262; baseline 0 -2"><span class='ocrx_word' id='word_1_755' title='bbox 2694 5218 3024 5262; x_wconf 77' lang='lat' dir='ltr'><strong>MIRACULUM</strong></span> <span class='ocrx_word' id='word_1_756' title='bbox 3066 5221 3124 5262; x_wconf 85' lang='lat' dir='ltr'><strong>ll.</strong></span> 
     </span>
    </p>
   </div>
   <div class='ocr_carea' id='block_1_116' title="bbox 2133 5305 3754 5380">
    <p class='ocr_par' dir='ltr' id='par_1_116' title="bbox 2133 5305 3754 5380">
     <span class='ocr_line' id='line_1_116' title="bbox 2133 5305 3754 5380; baseline 0.003 -16"><span class='ocrx_word' id='word_1_757' title='bbox 2133 5305 2391 5373; x_wconf 89' lang='lat' dir='ltr'><strong>Quodam</strong></span> <span class='ocrx_word' id='word_1_758' title='bbox 2438 5321 2576 5365; x_wconf 89' lang='lat' dir='ltr'><strong>vero</strong></span> <span class='ocrx_word' id='word_1_759' title='bbox 2606 5315 2859 5380; x_wconf 91' lang='lat' dir='ltr'><strong>tempore</strong></span> <span class='ocrx_word' id='word_1_760' title='bbox 2888 5311 3028 5368; x_wconf 89' lang='lat' dir='ltr'><strong>dum</strong></span> <span class='ocrx_word' id='word_1_761' title='bbox 3074 5313 3222 5370; x_wconf 89' lang='lat' dir='ltr'><strong>beati</strong></span> <span class='ocrx_word' id='word_1_762' title='bbox 3265 5314 3377 5371; x_wconf 90' lang='lat' dir='ltr'><strong>viri</strong></span> <span class='ocrx_word' id='word_1_763' title='bbox 3408 5313 3754 5372; x_wconf 87' lang='lat' dir='ltr'><strong>Waldeberti</strong></span> 
     </span>
    </p>
   </div>
   <div class='ocr_carea' id='block_1_117' title="bbox 2059 5395 3754 5474">
    <p class='ocr_par' dir='ltr' id='par_1_117' title="bbox 2059 5395 3754 5474">
     <span class='ocr_line' id='line_1_117' title="bbox 2059 5395 3754 5474; baseline 0.003 -22"><span class='ocrx_word' id='word_1_764' title='bbox 2059 5395 2496 5466; x_wconf 89' lang='lat' dir='ltr'><strong>prastolaretur</strong></span> <span class='ocrx_word' id='word_1_765' title='bbox 2555 5396 2892 5466; x_wconf 89' lang='lat' dir='ltr'><strong>adventum,</strong></span> <span class='ocrx_word' id='word_1_766' title='bbox 2942 5408 2996 5457; x_wconf 93' lang='lat' dir='ltr'><strong>et</strong></span> <span class='ocrx_word' id='word_1_767' title='bbox 3049 5400 3274 5457; x_wconf 90' lang='lat' dir='ltr'><strong>Falerni</strong></span> <span class='ocrx_word' id='word_1_768' title='bbox 3329 5402 3493 5474; x_wconf 91' lang='lat' dir='ltr'><strong>copia</strong></span> <span class='ocrx_word' id='word_1_769' title='bbox 3539 5401 3754 5460; x_wconf 90' lang='lat' dir='ltr'><strong>deesset</strong></span> 
     </span>
    </p>
   </div>
   <div class='ocr_carea' id='block_1_118' title="bbox 2051 5482 3751 5561">
    <p class='ocr_par' dir='ltr' id='par_1_118' title="bbox 2051 5482 3751 5561">
     <span class='ocr_line' id='line_1_118' title="bbox 2051 5482 3751 5561; baseline 0.002 -21"><span class='ocrx_word' id='word_1_770' title='bbox 2051 5484 2152 5555; x_wconf 90' lang='lat' dir='ltr'><strong>jus</strong></span> <span class='ocrx_word' id='word_1_771' title='bbox 2182 5482 2354 5540; x_wconf 91' lang='lat' dir='ltr'><strong>tritici</strong></span> <span class='ocrx_word' id='word_1_772' title='bbox 2404 5483 2492 5540; x_wconf 90' lang='lat' dir='ltr'><strong>vel</strong></span> <span class='ocrx_word' id='word_1_773' title='bbox 2523 5484 2742 5551; x_wconf 88' lang='lat' dir='ltr'><strong>hordei,</strong></span> <span class='ocrx_word' id='word_1_774' title='bbox 2776 5487 2932 5558; x_wconf 92' lang='lat' dir='ltr'><strong>quod</strong></span> <span class='ocrx_word' id='word_1_775' title='bbox 2981 5489 3258 5545; x_wconf 90' lang='lat' dir='ltr'><strong>cervisam</strong></span> <span class='ocrx_word' id='word_1_776' title='bbox 3304 5498 3671 5561; x_wconf 89' lang='lat' dir='ltr'><strong>nuncupant,</strong></span> <span class='ocrx_word' id='word_1_777' title='bbox 3704 5497 3751 5546; x_wconf 84' lang='lat' dir='ltr'><strong>et</strong></span> 
     </span>
    </p>
   </div>
   <div class='ocr_carea' id='block_1_119' title="bbox 2058 5570 3750 5650">
    <p class='ocr_par' dir='ltr' id='par_1_119' title="bbox 2058 5570 3750 5650">
     <span class='ocr_line' id='line_1_119' title="bbox 2058 5570 3750 5650; baseline 0.002 -22"><span class='ocrx_word' id='word_1_778' title='bbox 2058 5579 2182 5628; x_wconf 89' lang='lat' dir='ltr'><strong>arte</strong></span> <span class='ocrx_word' id='word_1_779' title='bbox 2214 5570 2522 5628; x_wconf 87' lang='lat' dir='ltr'><strong>conficitur</strong></span> <span class='ocrx_word' id='word_1_780' title='bbox 2567 5571 2844 5642; x_wconf 90' lang='lat' dir='ltr'><strong>humana,</strong></span> <span class='ocrx_word' id='word_1_781' title='bbox 2879 5589 2996 5646; x_wconf 90' lang='lat' dir='ltr'><strong>quo</strong></span> <span class='ocrx_word' id='word_1_782' title='bbox 3024 5573 3404 5634; x_wconf 82' lang='lat' dir='ltr'><strong>Orientalium</strong></span> <span class='ocrx_word' id='word_1_783' title='bbox 3443 5573 3563 5650; x_wconf 78' lang='lat' dir='ltr'><strong>[at.,</strong></span> <span class='ocrx_word' id='word_1_784' title='bbox 3593 5577 3750 5636; x_wconf 88' lang='lat' dir='ltr'><strong>Occi-</strong></span> 
     </span>
    </p>
   </div>
   <div class='ocr_carea' id='block_1_120' title="bbox 2057 5657 3746 5737">
    <p class='ocr_par' dir='ltr' id='par_1_120' title="bbox 2057 5657 3746 5737">
     <span class='ocr_line' id='line_1_120' title="bbox 2057 5657 3746 5737; baseline 0.002 -23"><span class='ocrx_word' id='word_1_785' title='bbox 2057 5657 2402 5730; x_wconf 88' lang='lat' dir='ltr'><strong>dentalium]</strong></span> <span class='ocrx_word' id='word_1_786' title='bbox 2439 5658 2728 5732; x_wconf 87' lang='lat' dir='ltr'><strong>pleraque</strong></span> <span class='ocrx_word' id='word_1_787' title='bbox 2756 5661 3018 5720; x_wconf 89' lang='lat' dir='ltr'><strong>nationes</strong></span> <span class='ocrx_word' id='word_1_788' title='bbox 3045 5670 3318 5736; x_wconf 90' lang='lat' dir='ltr'><strong>utuntur,</strong></span> <span class='ocrx_word' id='word_1_789' title='bbox 3343 5664 3518 5737; x_wconf 88' lang='lat' dir='ltr'><strong>jussit</strong></span> <span class='ocrx_word' id='word_1_790' title='bbox 3548 5664 3746 5722; x_wconf 88' lang='lat' dir='ltr'><strong>facere.</strong></span> 
     </span>
    </p>
   </div>
  </div>
