3930 6450
186 454 320 513 1933

1387 455 1615 514 ADDIT.
1651 482 1725 499 --
1763 457 1921 514 VITA
1960 460 2015 515 S.
2059 455 2520 516 SALABERGIE.

3564 455 3704 513 1234

177 590 313 655 Quae
345 603 477 647 cum
519 588 577 646 in
621 602 745 658 vas,
790 587 943 660 quod
993 586 1195 660 lingua
1240 587 1473 659 vulgari
1507 596 1744 645 tonnam
1786 602 1883 644 vo-
1920 594 1966 645 A
1995 603 2126 660 quze
2155 588 2232 646 ita
2262 588 2514 645 imbutas
2538 601 2607 645 ac
2643 587 2878 644 devotas
2907 586 3141 644 haberet
3178 584 3511 657 discipulas,
3545 602 3702 658 qua-

178 686 331 746 cant,
367 679 540 734 missa
587 677 808 745 fuisset,
861 691 929 733 ac
969 692 1101 733 cum
1147 692 1251 734 vas
1294 678 1364 733 ad
1402 677 1563 748 plene
1608 677 1881 735 refertum

179 780 252 822 ex
286 773 451 835 potus
483 765 709 836 liquore
736 779 850 820 non
893 768 1058 832 esset,
1112 763 1329 821 famula
1358 763 1590 832 Christi,
1623 764 1715 820 cui
1746 764 1885 821 ohe-

181 853 409 910 dientiaa
439 867 615 910 causa
661 852 862 909 eodem
910 866 1084 920 anno,
1132 853 1315 924 juxta.
1352 860 1604 909 tenorem
1643 851 1881 923 regulae,

181 944 252 997 ad
282 941 578 998 cellarium
606 940 1068 1007 custodiendum,
1102 941 1516 1011 sororibusque
1546 940 1881 996 ministran-

180 1031 319 1086 dum
350 1032 488 1087 ordo
518 1033 806 1097 evenerat,
848 1029 920 1084 ad
965 1030 1351 1085 venerabilem
1383 1037 1622 1085 matrem
1656 1044 1885 1085 summa

181 1133 313 1175 cum
342 1118 668 1176 humilitate
697 1117 935 1173 veniens
960 1118 1037 1173 ait
1066 1133 1079 1172 :
1114 1140 1135 1167 ι
1176 1118 1415 1185 Domna,
1441 1117 1651 1189 inquit,
1679 1124 1878 1184 mater,

182 1208 323 1278 quid
348 1207 644 1275 faciemus,
678 1205 818 1276 quia
844 1221 948 1263 vas
978 1222 1091 1263 non
1121 1213 1205 1263 est
1236 1206 1470 1278 plenum
1503 1221 1574 1262 ex
1605 1206 1805 1273 sicera,
1829 1212 1885 1261 et

180 1310 280 1351 aer
322 1303 548 1364 aestuat,
598 1296 645 1351 si
675 1302 909 1351 sanctus
950 1296 1043 1351 vir
1084 1296 1264 1353 abbas
1310 1295 1653 1352 inveniendo
1697 1309 1885 1351 moras

182 1385 533 1453 innexuerit,
584 1399 786 1441 vereor
829 1400 901 1441 ne
964 1393 1132 1455 potus
1175 1385 1368 1457 liquor
1417 1386 1474 1440 in
1518 1384 1880 1441 acerbitatem

179 1473 323 1529 aceti
372 1481 593 1530 acescat
659 1473 781 1543 [αι.,
831 1473 1161 1543 accrescat].
1221 1494 1242 1521 ι
1281 1472 1368 1530 Ad
1413 1488 1591 1544 quam
1639 1472 1735 1527 illa
1758 1472 1877 1528 ait:

183 1585 204 1610 ι
260 1562 438 1628 Vade,
483 1570 538 1618 et
583 1562 740 1633 quod
774 1562 1137 1633 subsequens
1183 1576 1256 1618 ex
1289 1563 1512 1632 liquore
1553 1568 1638 1617 est
1683 1560 1881 1617 confe-

173 1657 355 1717 ctum,
389 1649 567 1705 funde
590 1650 647 1705 in
682 1664 892 1714 vase»
929 1653 1003 1707 At
1036 1651 1135 1707 illa
1157 1665 1273 1707 non
1304 1650 1479 1707 dubia
1508 1650 1672 1708 celeri
1702 1663 1882 1705 cursu

174 1752 436 1810 pergens,
473 1747 537 1796 ut
572 1739 890 1811 jussionem
927 1740 1141 1796 scilicet
1171 1740 1370 1795 matris
1401 1740 1682 1809 impleret,
1712 1752 1879 1807 repe-

171 1826 248 1882 rit
276 1841 379 1883 vas
406 1827 661 1897 plenum,
689 1828 843 1897 quod
880 1828 1185 1898 paululum
1228 1827 1448 1898 pridem
1479 1827 1876 1883 semivacuum

171 1915 504 1987 reliquerat.
568 1916 651 1972 Ac
714 1915 796 1972 sic
844 1917 1252 1987 omnipotentis
1307 1916 1408 1972 Dei
1484 1914 1876 1972 misericordia

167 2012 365 2061 actum
395 2012 498 2072 est,
526 2013 609 2073 ut,
652 2005 793 2062 dum
823 2006 1025 2062 matris
1054 2006 1193 2062 fides
1221 2012 1501 2072 armatur,
1542 2003 1873 2061 obedientize

168 2092 337 2163 vigor
366 2092 425 2147 in
458 2092 743 2164 discipula
774 2092 1083 2149 roboratur
1113 2093 1237 2163 [al.,
1267 2099 1501 2148 amatur
1528 2090 1869 2159 obedientia,

167 2179 338 2250 vigor
368 2178 426 2234 in
455 2179 758 2250 discipula,
805 2177 964 2251 etc.],
1015 2180 1320 2251 virtusque
1363 2179 1563 2236 divina
1610 2179 1875 2250 protinus

166 2268 465 2338 panditur,
516 2276 820 2339 potusque,
869 2268 1023 2338 quod
1064 2269 1348 2339 exiguum
1384 2275 1527 2335 erat,
1570 2267 1630 2323 in
1684 2267 1874 2338 majus

165 2364 438 2428 augetur,
472 2370 849 2427 remeansque
882 2356 980 2412 Dei
1029 2356 1266 2425 famula,
1319 2370 1453 2412 cum
1497 2354 1791 2411 alacritate
1818 2362 1874 2410 et

166 2443 497 2501 humilitate
542 2452 754 2500 sanctas
806 2445 978 2501 matri
1022 2445 1283 2500 narravit
1328 2443 1697 2500 miraculum.
1743 2443 1870 2513 llla,

164 2546 396 2589 summo
425 2546 621 2590 rerum
658 2533 912 2590 Creatori
958 2534 1201 2589 Domino
1248 2541 1440 2589 nostro
1485 2534 1620 2589 Jesu
1645 2532 1872 2590 Christo

163 2622 387 2693 gratias
415 2620 609 2691 refert,
659 2622 762 2693 qui
792 2621 1176 2678 servientibus
1224 2622 1329 2678 sibi
1380 2621 1438 2677 in
1472 2622 1713 2679 veritate
1760 2621 1871 2677 cito

162 2711 368 2766 adesse
400 2711 717 2767 consuevit.

830 2879 1062 2937 CAPUT
1105 2880 1201 2936 XI.

786 3046 1120 3088 MIRACULUM
1166 3046 1246 3087 IlI.

231 3156 531 3211 Patratum
555 3153 823 3224 deinceps
844 3152 1002 3210 aliud
1024 3153 1406 3211 miraculum:
1427 3154 1865 3225 sororquwdam

158 3244 251 3301 vel
302 3243 593 3299 abluendo
632 3241 1106 3298 vestimentorum
1149 3241 1366 3309 sordes,
1399 3248 1464 3297 ut
1512 3255 1634 3296 mos
1663 3248 1764 3308 est,
1797 3241 1868 3298 ad

154 3328 364 3385 cellam
394 3327 656 3394 officinae,
704 3341 823 3397 qua
868 3327 990 3383 haec
1034 3330 1126 3399 agi
1160 3326 1395 3384 solitum
1424 3334 1568 3396 erat,
1607 3327 1864 3393 veniens,

157 3424 396 3488 accepto
443 3415 682 3472 vasculo
737 3414 893 3486 quod
948 3415 1006 3470 in
1064 3415 1277 3471 talibus
1334 3416 1508 3472 rebus
1564 3416 1869 3472 necessitas

160 3506 439 3577 poposcit,
486 3505 746 3561 deferens
794 3502 966 3559 simul
1012 3510 1069 3559 et
1117 3504 1333 3574 exigua
1366 3504 1542 3575 ligna,
1589 3504 1865 3574 pervenit.

157 3594 269 3651 Sed
316 3592 456 3662 quia
511 3600 735 3659 catena,
796 3591 854 3645 in
900 3605 1020 3661 qua
1082 3592 1363 3662 pendehet
1422 3605 1546 3658 vas,
1603 3591 1772 3647 exilis
1814 3600 1869 3649 et

161 3681 396 3738 brevior
442 3680 762 3749 constabat,
815 3679 933 3751 igni
990 3694 1104 3735 non
1151 3680 1648 3751 appropinquans,
1697 3693 1864 3749 repe-

160 3771 324 3827 riens
362 3769 431 3825 de
466 3767 750 3825 industria
798 3767 1017 3825 famula
1061 3767 1163 3824 Dei
1215 3768 1390 3823 aliam
1426 3775 1707 3835 catenam,
1758 3767 1865 3822 sibi

160 3859 414 3914 invicem
463 3856 685 3925 nexuit,
735 3864 790 3912 et
835 3871 965 3912 ecce
1010 3856 1124 3911 alia
1159 3855 1372 3912 sodalis
1408 3856 1536 3926 ejus
1586 3871 1718 3912 cum
1756 3855 1867 3911 alio

162 3945 401 4003 vasculo
430 3959 502 4001 ex
534 3945 681 4001 aeris
708 3944 935 4001 metallo
971 3944 1117 4000 facto
1142 3944 1455 4000 adveniens
1484 3944 1667 4000 simile
1698 3951 1866 4013 opta-

159 4036 261 4091 bat
307 4048 473 4104 opus,
527 4033 825 4090 humiliter
870 4032 1168 4103 postulans
1223 4033 1388 4089 socize
1443 4032 1589 4089 dixit
1641 4048 1653 4087 :
1701 4030 1867 4089 Com-

160 4121 335 4178 moda
364 4120 527 4186 mihi,
568 4134 749 4186 soror,
785 4133 961 4176 unam
994 4127 1275 4188 catenam,
1308 4128 1373 4177 ut
1399 4121 1584 4177 ambze
1615 4120 1866 4176 velocius

155 4223 489 4280 operemur.
519 4210 613 4265 Ait
646 4208 842 4264 socia:
890 4208 998 4264 Pro
1039 4208 1335 4265 charitatis
1378 4209 1564 4280 gratia
1610 4223 1865 4265 commo-

156 4298 313 4354 dabo
360 4297 486 4365 tibi,
536 4298 634 4353 sed
687 4311 856 4368 perge
886 4304 950 4353 tu
987 4303 1042 4353 et
1088 4296 1230 4353 affer
1284 4298 1425 4369 ligni
1457 4298 1862 4368 quantitatem,

157 4394 454 4456 quantum
483 4385 750 4452 volueris,
786 4384 926 4455 quia
945 4384 1127 4441 ardue
1147 4386 1584 4455 suspenduntur
1606 4384 1861 4451 vascula,

160 4483 226 4532 ut
274 4474 571 4531 valeamus
640 4473 910 4544 perlicere
975 4474 1131 4544 quod
1189 4476 1495 4530 necessitas
1552 4473 1858 4544 compellit.
1901 4492 1945 4546 ι)

156 4568 304 4631 Quae
332 4578 465 4621 cum
496 4562 744 4630 abiisset,
796 4575 1170 4634 nequaquam
1219 4563 1432 4633 reperit
1475 4563 1633 4634 quod
1682 4563 1859 4634 petiit.

158 4655 331 4709 Tunc
360 4659 623 4722 utraeque
668 4650 890 4707 ancillae
929 4650 1140 4708 Christi
1174 4652 1364 4708 anxiae
1390 4666 1510 4709 esse
1540 4658 1859 4724 cmperunt,

158 4741 311 4814 quid
354 4748 546 4797 tamen
594 4739 843 4796 facerent
873 4740 1118 4811 ignarae;
1147 4748 1203 4797 et
1245 4741 1434 4797 subito
1472 4755 1683 4812 magno
1729 4754 1863 4796 cum

157 4830 360 4888 sonitu
418 4829 560 4886 cella
603 4828 846 4885 officinae
903 4829 1072 4901 quasi
1116 4842 1323 4886 casura
1349 4829 1520 4886 semel
1565 4829 1861 4895 ﬂectendo,

159 4919 455 4977 addicitur
502 4918 642 4990 igni.
687 4918 851 4974 Tunc
897 4918 1116 4974 concito
1159 4932 1338 4975 cursu
1367 4917 1598 4974 famulae
1632 4917 1862 4981 Christi,

156 5022 481 5077 omnesque
525 5020 747 5063 sorores
789 5006 862 5062 ad
895 5021 1023 5064 eam
1071 5006 1460 5076 aspiciendam
1506 5007 1770 5067 veniunt.
1811 5014 1867 5063 et

155 5095 437 5167 quisnam
494 5103 642 5151 esset
700 5096 896 5167 fragor
959 5096 1305 5165 strepitusve
1369 5095 1691 5166 inquirunt.
1758 5096 1862 5153 Sed

159 5183 424 5240 videntes
471 5182 820 5239 miraculum
864 5183 1193 5253 stupefactze
1222 5191 1359 5240 sunt
1404 5183 1461 5238 in
1494 5198 1556 5240 re
1600 5198 1732 5255 quae
1770 5198 1866 5240 ac-

156 5271 403 5329 ciderat.
435 5271 599 5327 Tunc
628 5271 973 5328 venerabilis
1017 5279 1201 5328 mater
1233 5272 1399 5342 jubet
1429 5272 1498 5329 ad
1547 5273 1654 5329 hoc
1691 5273 1862 5329 mira-

159 5359 282 5417 culi
314 5373 519 5431 genus,
561 5366 627 5416 nt
674 5359 766 5415 vir
814 5359 911 5416 Dei
941 5359 1123 5417 Italus
1151 5361 1466 5431 presbyter,
1506 5368 1683 5432 atque
1710 5361 1866 5433 ejus-

159 5449 299 5504 dem
327 5447 573 5503 emnobii
618 5447 978 5518 praepositus,
1029 5449 1526 5520 contemplaturus
1551 5450 1862 5507 accederet.

161 5536 273 5595 Vir
301 5543 495 5593 autem
543 5536 641 5592 Dei
687 5550 822 5592 cum
865 5535 1144 5603 affuisset,
1190 5537 1392 5594 videns
1439 5538 1641 5595 cellam
1669 5539 1867 5611 frago-

163 5625 335 5681 ribus
357 5638 465 5680 nec
486 5623 740 5681 dirutam
772 5624 868 5681 sed
899 5624 1134 5681 illaesam
1169 5632 1625 5696 permanentem,
1663 5627 1869 5684 uberes

167 5716 284 5770 Deo
345 5711 563 5783 gratias
625 5711 823 5768 retulit
888 5713 1242 5783 perpendens
1307 5715 1574 5770 meritum
1645 5716 1863 5772 matris.

1991 692 2124 735 rum
2155 678 2423 734 charitati
2457 677 2696 734 ferventi
2719 676 2890 733 etiam
2921 676 3201 733 elementa
3231 675 3528 733 servirent.

2640 801 2872 858 CAPUT
2913 800 3042 857 XII.

2062 916 2318 981 Quadam
2369 915 2619 985 denique
2665 915 2756 972 die
2807 929 2938 970 cum
2988 920 3154 970 extra
3199 928 3436 970 murum
3479 913 3692 985 oppidi,

1992 1004 2142 1061 infra
2169 1005 2423 1061 claustra
2472 1012 2661 1060 tamen
2706 1002 2945 1060 caanobii
2980 1002 3180 1059 aestivo
3212 1011 3463 1072 tempore
3494 1002 3695 1058 deam-

1992 1093 2236 1163 bularet,
2288 1093 2429 1150 vidit
2479 1092 2891 1149 Landefridum
2940 1092 3290 1147 monachum
3339 1105 3512 1147 suum
3554 1091 3695 1147 hor-

1993 1182 2257 1239 tulanum
2289 1181 2347 1237 in
2379 1181 2526 1238 horti
2575 1180 2820 1248 ambitu,
2870 1179 3061 1236 nescio
3108 1178 3251 1250 quid
3294 1179 3464 1236 oleris
3489 1193 3685 1246 causa,

1994 1271 2450 1340 investigantem,
2503 1268 2742 1324 innoxia
2791 1269 3057 1338 gramina
3100 1267 3548 1323 abscindentem.
3600 1268 3688 1323 Ad

1989 1373 2163 1429 quem
2192 1359 2303 1414 sub
2355 1358 2505 1413 sibili
2551 1372 2685 1412 voce
2732 1356 3057 1426 silentique,
3110 1355 3267 1426 quod
3315 1368 3690 1425 nequaquam

1990 1447 2186 1518 aliqua
2216 1460 2478 1502 sororum
2527 1446 2730 1501 audire
2769 1451 3052 1513 potuerat,
3088 1443 3167 1499 ait
3200 1458 3212 1497 ε
3263 1443 3444 1510 Defer,
3478 1444 3687 1513 inquit,

1989 1536 2153 1592 nobis
2189 1549 2261 1590 ex
2306 1533 2566 1600 lactucis,
2611 1537 2762 1588 685
2810 1532 2986 1588 frater
3030 1531 3393 1587 Landefride.
3432 1532 3561 1587 Haec
3592 1531 3691 1587 illa

1991 1624 2285 1679 innuendo
2316 1622 2500 1693 magis
2531 1636 2707 1692 quam
2749 1621 3034 1692 loquendo
3076 1618 3307 1676 affatur.
3361 1622 3492 1676 Haec
3536 1634 3688 1690 prae-

1989 1710 2141 1767 fatus
2168 1711 2343 1766 frater
2373 1724 2611 1766 narrare
2642 1715 3020 1765 consueverat
3044 1709 3145 1778 qui
3182 1709 3375 1764 adhuc
3407 1717 3685 1779 superest.

1988 1801 2196 1858 Mirum
2237 1799 2421 1856 dictul
2471 1799 2597 1857 Vox
2628 1813 2759 1869 quae
2792 1811 2967 1868 parvo
3005 1797 3267 1853 anhelitu
3296 1805 3351 1853 et
3385 1798 3544 1853 nullo
3576 1798 3687 1852 alio

1916 1894 1956 1948 Β
1987 1889 2253 1945 audiente
2279 1888 2488 1944 emissa
2542 1886 2751 1955 fuerat,
2801 1888 2859 1942 in
2915 1900 3087 1943 aures
3125 1886 3319 1943 fratris
3368 1884 3685 1942 admodum

1986 1977 2263 2047 pervenit,
2331 1976 2501 2047 quasi
2569 1976 2628 2032 in
2678 1975 2983 2045 praesentia
3031 1975 3225 2031 fratris
3293 1974 3476 2046 ipsius
3535 1975 3690 2030 dicta

1982 2067 2200 2123 fuisset.
2233 2066 2371 2122 Erat
2416 2075 2609 2123 autem
2640 2064 2895 2135 spatium
2926 2065 3076 2120 inter
3104 2064 3257 2135 ipsos
3290 2063 3457 2135 quasi
3487 2063 3687 2120 stadiis

1982 2164 2255 2226 quatuor,
2287 2162 2389 2211 aut
2417 2154 2686 2225 amplius.

2616 2269 2849 2327 CAPUT
2888 2269 3045 2326 XIII.

2050 2386 2271 2465 Accidit
2300 2399 2537 2458 quoque
2565 2392 2619 2441 et
2649 2383 2806 2440 aliud
2838 2383 3102 2440 miraculi
3125 2398 3327 2455 genus.
3360 2383 3505 2441 Cum
3536 2398 3683 2454 quo-

1980 2476 2111 2533 dam
2145 2478 2400 2546 tempore
2439 2474 2499 2531 in
2539 2473 2803 2545 coquinae
2842 2472 3051 2541 officio,
3096 2479 3160 2529 ut
3192 2487 3318 2529 mos
3358 2480 3500 2540 erat,
3538 2472 3683 2527 heb-

1979 2564 2284 2622 domadam
2347 2577 2513 2619 suam
2559 2561 2854 2618 sororibus
2900 2560 3233 2627 deserviret,
3281 2568 3337 2616 et
3400 2560 3680 2630 pisciculi,

1982 2653 2068 2709 vel
2115 2652 2229 2708 alia
2271 2651 2542 2723 quaelibet
2606 2649 2932 2706 monasticis
2992 2648 3200 2705 usibus
3246 2656 3401 2719 apta,
3447 2648 3683 2705 minime

1977 2747 2367 2813 suppeterent,
2419 2738 2664 2796 Basinus
2713 2737 3157 2794 archidiaconus
3211 2737 3470 2808 ejusdem
3519 2737 3683 2794 urbis

1978 2830 2131 2886 domi
2178 2828 2567 2895 recumbebat,
2612 2835 2667 2883 et
2712 2842 2842 2883 ecce
2886 2840 3003 2882 vox
3048 2826 3108 2882 in
3139 2839 3310 2882 aures
3354 2826 3482 2896 ejus
3528 2824 3679 2881 inso-

1978 2918 2107 2974 nuit
2157 2918 2365 2973 docens
2416 2931 2428 2970 :
2478 2915 2633 2973 Nosti
2684 2915 2839 2985 quod
2886 2914 3179 2970 abbatissa
3227 2928 3377 2970 onus
3414 2912 3679 2983 coquinae

1978 3006 2274 3063 sororibus
2304 3012 2550 3061 exercet.
2601 3004 2687 3059 Ad
2735 3017 2863 3058 eam
2892 3002 3192 3058 visendam
3222 3002 3451 3072 expedit
3494 3008 3547 3057 te
3575 3002 3679 3057 de--

1976 3096 2107 3151 bere
2137 3094 2486 3164 quantocius
2534 3105 2854 3162 properare.
2901 3091 3006 3146 Sed
3058 3090 3150 3146 ille
3196 3090 3380 3146 levius
3419 3090 3678 3146 retinens

1909 3183 2247 3255 cneglexit.
2322 3182 2584 3251 Cumque
2647 3194 2831 3247 usque
2907 3186 2992 3234 ter
3061 3178 3257 3234 fuisset
3321 3178 3673 3244 admonitus,

1976 3273 2148 3328 etiam
2180 3271 2417 3340 insuper
2457 3268 2700 3324 verbera
2732 3265 2989 3323 minatur
3016 3266 3308 3322 adhibere.
3361 3266 3510 3333 Quid
3540 3280 3679 3335 age-

1979 3370 2084 3425 ret,
2124 3359 2265 3431 quid
2314 3365 2487 3414 tantae
2537 3356 2705 3412 matri
2755 3354 3089 3410 munusculi
3131 3354 3390 3421 deferret,
3447 3352 3681 3409 minime

1975 3450 2049 3505 ad
2101 3446 2498 3519 hujuscemodi
2550 3460 2695 3514 opus
2745 3443 3014 3499 habebat.
3060 3442 3315 3498 Tandem
3365 3441 3678 3512 aliquando

1977 3539 2142 3594 domo
2169 3549 2432 3608 egressus
2475 3534 2533 3590 in
2578 3532 2801 3593 foribus
2829 3531 2953 3588 ostii
3001 3531 3211 3601 reperit
3253 3530 3543 3587 hominem
3592 3530 3675 3599 pi-

1974 3640 2125 3682 scem
2176 3639 2336 3680 mira:
2393 3621 2813 3694 magnitudinis
2855 3627 3191 3691 gestantem,
3243 3633 3417 3688 quem
3480 3617 3676 3673 divino

1976 3722 2128 3771 nutu
2156 3713 2396 3770 allatum
2445 3711 2701 3778 credens,
2749 3709 2883 3765 dato
2911 3697 3200 3765 duntaxat
3229 3708 3427 3779 pretio,
3464 3707 3675 3777 piscem

1977 3803 2155 3860 beatae
2196 3801 2366 3857 matri
2406 3798 2628 3855 detulit.
2681 3799 2768 3855 Ex
2804 3812 2919 3868 quo
2969 3797 3065 3853 illa
3120 3796 3481 3867 pulmentum
3512 3810 3676 3851 soro-

1976 3893 2140 3950 ribus
2175 3890 2475 3955 adhibens,
2508 3901 2706 3943 omnes
2757 3899 2943 3957 usque
2993 3885 3067 3940 ad
3109 3885 3428 3941 satietatem
3459 3884 3673 3940 refecit.

1975 3980 2135 4048 Quod
2181 3994 2252 4036 ne
2296 3977 2390 4033 cui
2432 3977 2501 4032 de
2548 3974 2834 4031 industria
2886 3971 3105 4029 factum
3158 3973 3330 4029 fuisse
3373 3973 3672 4041 credatur;

1975 4069 2073 4127 sed
2101 4076 2252 4125 nutu
2282 4066 2479 4123 divino
2508 4064 2581 4120 ad
2608 4064 2736 4135 ejus
2767 4062 3129 4120 refectionem
3157 4061 3502 4133 exigendam
3534 4076 3675 4132 pras-

1975 4164 2262 4227 paratum,
2310 4152 2587 4225 quoniam
2635 4165 2771 4206 vero
2819 4157 3039 4221 quanto
3070 4162 3265 4204 amore
3297 4148 3356 4203 in
3400 4148 3511 4204 hac
3554 4149 3675 4203 vita

1973 4245 2330 4315 omnipotens
2373 4245 2520 4298 Deus
2558 4254 2687 4296 eam
2725 4236 3011 4305 dilexerit,
3057 4238 3170 4294 imo
3209 4244 3273 4294 ut
3319 4251 3533 4294 aurum
3571 4237 3672 4293 ob-

1975 4334 2156 4390 rizum
2189 4329 2547 4403 purgaverit,
2578 4328 2801 4384 silentio
2830 4342 2945 4383 non
2974 4334 3058 4384 est
3086 4326 3576 4397 praetereundum.

2610 4451 2841 4508 CAPUT
2879 4451 3032 4507 XIV.

2044 4567 2301 4633 Quodam
2330 4580 2583 4637 namque
2615 4573 2867 4636 tempore
2898 4565 3144 4621 febrium
3177 4564 3307 4637 igne
3348 4565 3471 4636 [al.,
3500 4565 3670 4635 vena]

1973 4669 2234 4723 accensa,
2273 4668 2510 4727 gravem
2551 4653 2868 4710 molestiam
2903 4653 3159 4724 corporis
3202 4652 3542 4724 perferebat,
3595 4653 3672 4710 ita

1975 4753 2038 4802 ut
2084 4743 2354 4815 loquendi
2395 4742 2723 4799 facultatem
2775 4742 3091 4811 amitteret;
3136 4741 3234 4797 sed
3276 4756 3407 4797 cum
3465 4740 3673 4797 melius

1971 4833 2197 4890 Christo
2242 4831 2488 4903 praesule
2523 4829 2925 4897 convaluisset,
2958 4829 3243 4884 sciscitata
3275 4829 3388 4884 imo
3416 4829 3675 4900 ﬂagitata

1971 4934 2007 4977 a
2036 4920 2330 4977 sororibus
2372 4933 2643 4990 quwnam
2694 4917 2894 4974 fuisset
2926 4916 3207 4987 correptio
3252 4916 3370 4985 illa,
3418 4917 3673 4974 fervente

1971 5008 2181 5079 Spiritu
2210 5007 2542 5079 respondit:
2583 5006 2628 5063 Ο
2677 5005 3023 5063 dulcissimae
3049 5018 3288 5071 sorores,
3322 5005 3464 5076 quid
3504 5005 3672 5061 inve-

1972 5098 2187 5169 stigare
2213 5095 2391 5152 vultis
2429 5095 2511 5151 rei
2539 5094 2814 5151 causam?
2850 5095 2899 5151 A
2929 5093 3098 5150 saevis
3137 5107 3393 5165 namque
3425 5093 3671 5151 nimium

1971 5192 2027 5242 et
2089 5184 2249 5242 tetris
2303 5184 2671 5256 opprimebar
2729 5182 3089 5240 daemonibus
3142 5180 3268 5256 [at.,
3317 5182 3669 5254 spiritibus];

1974 5273 2208 5345 quando
2238 5279 2431 5328 autem
2464 5271 2667 5327 melius
2710 5270 3177 5327 convalescebam
3227 5271 3360 5328 duae
3403 5272 3508 5327 alae
3535 5272 3674 5328 dor-

1974 5376 2104 5419 sum
2151 5375 2347 5417 meum
2376 5359 2667 5417 venientes
2704 5360 2990 5431 gyrabant
3014 5360 3134 5431 [αι.
3159 5372 3193 5414 a
3220 5360 3390 5416 dorso
3421 5373 3546 5417 meo
3574 5375 3675 5417 ve-

1974 5450 2195 5506 nientes
2224 5448 2509 5521 gyrabant
2550 5448 2683 5519 me],
2716 5462 2970 5520 quarum
3017 5448 3161 5504 visio
3191 5461 3337 5505 auro
3367 5449 3674 5520 purissimo

1977 5538 2242 5609 pulchior
2285 5544 2428 5594 erat.
2462 5537 2609 5594 Nam
2656 5545 2711 5595 et
2736 5536 3040 5594 summitas
3085 5550 3288 5594 earum
3337 5538 3530 5611 gladio
3569 5553 3674 5595 an»-

1976 5626 2135 5698 cipiti
2165 5628 2390 5683 acutior
2430 5625 2805 5683 sentiebatur.
2838 5626 2981 5683 Cum
3025 5634 3219 5683 autem
3247 5627 3323 5684 ab
3371 5628 3464 5685 his
3487 5628 3671 5684 valla-

1977 5716 2103 5784 bar,
2133 5715 2435 5788 fugiebant
2470 5714 2747 5772 teterrimi
2777 5714 3033 5786 spiritus.
3081 5714 3229 5783 Quid
3275 5723 3469 5774 autem
3516 5717 3676 5773 aliud
