3940 6408
267 355 401 410 I235

740 353 830 408 AD
867 351 1020 408 OPP.
1063 351 1217 407 VEN.
1258 349 1591 406 GUIBERTI
1632 345 1722 404 DE
1762 346 2166 405 NOVIGENTO
2204 346 2432 402 ADDIT.
2463 373 2529 384 —-
2562 344 2724 400 VITA
2760 345 2816 398 S.
2859 341 3306 398 SALABERG/E.

3643 340 3793 392 1⁸236

264 495 438 550 datur
486 489 748 564 intelligi,
797 489 908 547 nisi
951 488 1105 560 quod
1148 487 1510 558 omnipotens
1553 486 1702 542 Deus
1742 484 1962 557 plasma
1998 489 2043 542 Δ
2071 482 2317 540 ostendit
2346 481 2635 539 civitatem
2686 479 2787 537 Dei
2827 477 3127 540 Altissimi,
3175 485 3230 533 et
3272 474 3572 532 duodecim
3615 474 3796 564 sedes

264 595 436 638 suum
468 579 526 636 in
556 579 822 650 przesenti
851 579 1139 635 duntaxat
1183 581 1462 648 purgaret
1501 573 1642 642 vita,
1674 581 1728 630 et
1759 575 1966 631 dextra

263 685 384 727 suae
413 668 778 740 protectionis
811 668 930 739 [al.,
959 667 1208 722 dexterae
1238 679 1358 721 suae
1389 663 1756 734 protectione]
1791 663 1964 720 robo-

266 767 459 817 ratum
497 772 631 814 cum
662 757 876 813 sanctis
919 761 1279 827 aggregaret.
1329 752 1448 810 A133
1475 753 1684 808 etenim
1716 752 1774 808 in
1815 751 1963 808 Scri-

269 847 455 919 pturis
481 847 696 904 sanctis
726 859 992 918 supernae
1037 843 1446 915 intelliguntur
1477 849 1800 913 potestates.
1824 841 1966 898 Con-

269 936 560 993 valescens
611 949 868 1004 corpore,
917 933 1013 988 sed
1075 939 1265 988 mente
1329 930 1636 997 robustior,
1687 944 1840 986 anno
1909 939 1965 988 et

270 1038 472 1082 novem
513 1038 628 1080 non
659 1021 840 1094 plenis
875 1020 1172 1078 mensibus
1214 1020 1361 1076 vixit
1401 1019 1712 1076 tentatione
1738 1025 1960 1075 exacta.

269 1113 412 1170 Nam
451 1113 584 1184 quis
629 1111 818 1168 valeat
853 1109 980 1182 ejus
1029 1108 1348 1166 sanctitatis
1386 1109 1835 1180 sagacitatisque
1867 1122 1965 1164 as-

269 1201 474 1259 tutiam
523 1195 826 1271 condignis
869 1199 1082 1256 referre
1131 1197 1454 1268 praeconiis,
1499 1197 1668 1269 cujus
1715 1197 1966 1254 charitas

270 1298 324 1346 et
354 1289 649 1346 humilitas
685 1295 1028 1344 cunctarum
1067 1286 1461 1358 subjectarum
1505 1285 1611 1342 sibi
1656 1287 1966 1356 praemine-

271 1380 367 1435 bat
391 1379 551 1434 mirae
579 1377 902 1434 dulcedinis
929 1383 984 1432 et
1022 1375 1293 1431 bonitatis
1334 1375 1584 1430 affectu?
1629 1377 1764 1431 Erat
1811 1375 1964 1430 enim

271 1467 472 1524 hilaris
517 1466 686 1523 vultu
729 1472 1092 1535 venustoque
1139 1471 1397 1534 aspectu,
1465 1463 1674 1519 alacris
1731 1463 1789 1519 in
1844 1463 1966 1520 eol-

272 1557 487 1628 loquio,
523 1555 816 1612 moderata
855 1554 913 1610 in
951 1553 1146 1622 verbo,
1196 1552 1434 1610 consilio
1464 1552 1734 1623 prudens,
1779 1551 1838 1608 in
1871 1568 1964 1609 or-

271 1641 542 1699 dinandis
591 1639 832 1696 coenobii
881 1639 1073 1696 causis
1117 1639 1428 1710 praecipua,
1485 1651 1666 1708 sagax
1713 1637 1962 1709 ingenio,

269 1731 764 1800 elcemosynarum
835 1728 1018 1785 amori
1067 1727 1282 1794 dedita,
1327 1735 1384 1784 et
1424 1725 1810 1797 hospitalitate
1850 1741 1966 1782 non

271 1819 458 1890 pigra,
488 1817 549 1874 in
593 1815 846 1889 regulari
878 1829 1081 1872 norma
1110 1815 1375 1883 discreta,
1423 1823 1755 1872 sanctarum
1801 1814 1970 1870 femi-

272 1921 480 1964 narum
539 1905 717 1961 vitam
763 1904 1016 1973 imitans,
1064 1904 1322 1961 Melaniae
1359 1903 1626 1960 videlicet
1669 1910 1726 1958 et
1756 1902 1966 1970 Paulae,

274 2010 526 2067 quarum
571 1993 834 2059 Melania,
871 2000 936 2050 ut
964 1993 1026 2049 B.
1063 1992 1581 2062 Hieronymusait,
1616 1991 1972 2048 nobilissima

274 2085 663 2141 Romanarum
707 2081 1054 2138 feminarum
1090 2081 1215 2149 fuit,
1246 2089 1302 2137 et
1331 2080 1644 2138 Marcellini
1675 2079 1968 2150 quondam

274 2171 526 2228 consulis
567 2171 701 2238 ﬁlia,
756 2169 1214 2241 Hierosolymam
1258 2169 1574 2240 navigavit,
1610 2169 1706 2225 ubi
1745 2176 1971 2224 tantum

277 2261 600 2318 humilitate
660 2267 715 2316 et
759 2261 1038 2316 charitate
1077 2259 1323 2330 insignis
1377 2257 1596 2315 exstitit
1645 2265 1708 2314 ut
1749 2257 1973 2314 Thech

276 2363 484 2406 nomen
527 2349 825 2418 acceperit.
871 2347 1051 2404 Paula
1080 2361 1234 2412 vero,
1280 2347 1474 2402 relicto
1497 2345 1840 2416 patrimonio
1868 2359 1973 2402 ur-

279 2439 450 2502 bano,
479 2440 806 2493 Grmcorum
852 2444 980 2493 orta
1025 2435 1309 2506 prosapia,
1343 2435 1806 2492 Bethlehemitica
1837 2447 1976 2490 rura

277 2534 567 2596 expetens,
603 2540 736 2582 cum
785 2538 1012 2580 summa
1053 2523 1303 2580 bonitate
1333 2531 1388 2580 et
1431 2523 1753 2580 humilitate
1797 2523 1974 2579 vitam

280 2615 512 2686 degens,
553 2627 784 2670 sacrum
815 2611 1081 2682 spiritum
1114 2612 1352 2669 Domino
1382 2612 1548 2668 fudit.
1580 2613 1652 2668 Et
1683 2619 1746 2668 ut
1774 2611 1978 2668 altiora

282 2711 579 2772 repetam:
615 2703 787 2758 Beata
833 2701 1144 2773 Salaberga
1189 2699 1410 2758 imitata
1459 2701 1730 2758 Helenam
1781 2701 1978 2772 Augu-

283 2800 453 2857 stam,
479 2789 840 2848 Constantini
865 2790 1114 2862 Augusti
1143 2797 1404 2857 matrem,
1426 2797 1488 2847 ut
1516 2789 1756 2847 historia
1778 2795 1978 2845 narrat

283 2879 679 2945 ecclesiastica,
712 2879 1066 2935 mortificatis
1107 2879 1298 2936 carnis
1346 2878 1618 2935 membris
1659 2877 1978 2948 mundique

285 2969 509 3040 pompis
542 2968 885 3039 postpositis,
927 2967 1278 3039 quotidianis
1308 2969 1422 3025 Deo
1453 2967 1845 3024 famulabatur
1873 2967 1978 3024 ob-

283 3056 516 3128 sequiis.
549 3056 844 3128 Quidquid
887 3055 1041 3112 enim
1084 3056 1144 3113 in
1175 3056 1437 3112 coenobio
1467 3056 1703 3112 vilitatis
1739 3064 1792 3112 et
1845 3071 1977 3126 quae

285 3145 584 3202 munditiae
629 3153 815 3202 essent
861 3146 1218 3216 exercendae,
1249 3145 1475 3202 sibimet
1513 3145 1846 3216 deputabat.
1875 3148 1986 3201 Co-

286 3235 526 3306 quinam
569 3242 760 3290 autem
809 3243 864 3292 et
911 3235 1166 3306 reliquas
1207 3249 1433 3302 causas,
1489 3249 1621 3305 quae
1657 3235 1986 3290 monasticis

286 3325 460 3380 rebus
495 3323 690 3396 peragi
728 3323 931 3394 solent,
962 3324 1214 3381 vicissim
1243 3323 1362 3380 suis
1387 3323 1843 3381 hebdomadibus
1871 3322 1986 3379 mi-

288 3411 588 3468 nistrabat.

941 3535 1168 3594 CAPUT
1206 3535 1332 3592 XV.

365 3677 468 3734 Sed
505 3692 640 3734 cum
675 3677 765 3733 his
793 3685 847 3734 ct
875 3677 1092 3735 caeteris
1123 3678 1213 3735 his
1253 3677 1540 3734 similibus
1572 3677 1733 3735 bonis
1761 3676 1987 3736 Christo

292 3765 538 3836 praesule
569 3765 822 3836 polleret,
850 3767 1104 3838 quodam
1145 3775 1401 3838 tempore
1433 3767 1573 3823 vidit
1601 3768 1660 3823 in
1690 3767 1988 3824 mansione

292 3870 468 3925 quam
523 3855 888 3926 frequentare
928 3856 1098 3914 solita
1143 3865 1286 3926 erat,
1334 3856 1774 3914 tabernaculum
1800 3871 1831 3914 e
1861 3857 1987 3928 polo

294 3945 453 4000 mirae
491 3945 768 4002 claritatis
808 3960 877 4002 ac
922 3945 1242 4017 splendoris
1272 3947 1635 4014 descendere,
1682 3947 1837 4017 quod
1883 3946 1988 4002 de-

291 4047 488 4090 orsum
521 4034 834 4104 spatiosum
883 4043 936 4090 et
984 4051 1218 4092 sursum
1267 4037 1516 4090 arduum
1563 4035 1888 4091 videbatur.
1921 4035 1986 4090 lu

294 4135 410 4190 quo
445 4130 669 4194 recepta
699 4123 826 4179 avis
859 4126 1006 4180 miro
1031 4123 1334 4194 splendere
1369 4124 1676 4194 refulgens,
1719 4139 1846 4180 eam
1879 4138 1988 4194 ap-

291 4211 633 4279 prehensam
697 4211 755 4267 in
823 4212 1036 4268 exstasi
1097 4213 1362 4282 positam,
1444 4213 1556 4269 imo
1627 4211 1985 4278 translatam,

293 4307 455 4354 trans
485 4299 729 4355 ﬂuvium
779 4300 1088 4370 quemdam
1133 4301 1421 4372 ingentem
1469 4301 1802 4371 asportavit,
1846 4309 1901 4358 et
1931 4301 1988 4355 in

295 4395 460 4457 prata
499 4387 668 4443 valde
697 4403 924 4444 amoena
949 4388 1197 4456 immisit,
1234 4389 1332 4447 ubi
1363 4391 1720 4446 diversorum
1755 4390 1982 4458 ﬂorum,

291 4483 346 4532 et
380 4474 660 4532 immensa
689 4476 1190 4534 odoramentorum
1234 4493 1445 4550 genera
1484 4479 1840 4550 fragrabant,
1892 4487 1984 4535 at-

293 4579 408 4633 que
439 4563 588 4620 inter
617 4565 921 4622 candentia
951 4565 1088 4634 lilia,
1137 4574 1192 4624 et
1221 4581 1485 4624 rosarum
1511 4566 1847 4623 rubentium
1878 4566 1986 4622 ilo-

295 4667 383 4708 res
413 4652 554 4710 vidit
581 4653 858 4710 immensa
881 4655 1168 4712 infantum
1190 4656 1426 4727 agmina
1456 4655 1761 4727 utriusque
1789 4671 1986 4722 sexus,

293 4739 475 4797 niveis
494 4740 826 4812 cicladibus,
847 4750 902 4798 et
933 4742 1206 4799 laureatis
1235 4743 1526 4815 capitibus
1547 4750 1806 4808 ovantes,
1839 4743 1989 4798 inter

291 4843 438 4898 quos
478 4837 534 4885 et
562 4829 924 4902 Magobertus
951 4831 1231 4902 puerulus
1268 4831 1484 4888 aderat.
1517 4831 1642 4900 Qua
1672 4831 1796 4886 visa
1838 4831 1918 4886 ait
1971 4845 1985 4886 ε

290 4917 570 4987 Agnoscis
629 4933 738 4984 me,
800 4909 1024 4976 mater?
1067 4919 1172 4977 illa
1218 4919 1297 4976 ait
1349 4935 1362 4975 :
1412 4920 1628 4977 Nescio.
1679 4920 1990 4989 Respondit

292 5019 469 5074 puer:
506 5007 627 5078 Ego
654 5023 782 5064 sum
839 5008 1208 5080 Magobertus
1239 5008 1395 5066 titius
1443 5009 1766 5076 Amilianae,
1814 5023 1987 5080 quem

291 5104 423 5150 ante
454 5102 506 5150 te
536 5097 736 5152 misisti
773 5105 829 5153 et
875 5111 1007 5152 sum
1049 5097 1216 5154 modo
1248 5097 1305 5154 in
1353 5097 1463 5153 hac
1504 5097 1764 5153 claritate
1809 5109 1987 5167 quam

292 5183 501 5238 cernis.
543 5183 660 5240 Nec
711 5199 873 5242 mora
915 5185 1060 5242 vidit
1110 5185 1340 5242 beatum
1399 5186 1593 5242 virum
1655 5193 1712 5242 et
1759 5199 1994 5242 venera'

293 5271 465 5328 bilem
487 5277 639 5328 osa
666 5273 1006 5331 Ansericum
1053 5274 1400 5344 pontificem,
1449 5275 1684 5331 obviam
1725 5274 1835 5331 sibi
1883 5289 1990 5332 ve-

291 5361 436 5426 nire,
479 5361 552 5416 ad
615 5375 792 5432 quam
850 5362 931 5420 ait
981 5377 994 5416 :
1035 5363 1308 5434 Agnoscis
1355 5363 1486 5419 me?
1521 5370 1577 5419 et
1633 5362 1730 5418 illa
1777 5363 1990 5420 fatetur

291 5462 350 5505 se
381 5448 668 5520 ignorare.
716 5450 839 5522 Ego
885 5465 1038 5520 sum,
1086 5450 1294 5520 inquit,
1347 5451 1660 5508 Ansericus
1687 5451 1989 5521 episcopus

289 5535 680 5605 Suessionum,
721 5553 893 5611 quem
935 5537 1200 5596 crebrius
1230 5537 1286 5594 in
1316 5539 1486 5596 domo
1517 5546 1618 5596 tua
1645 5539 1984 5596 accersitum

287 5624 498 5699 vidisti,
555 5626 686 5684 veni
749 5635 804 5684 et
849 5627 1148 5684 ostendam
1192 5624 1288 5681 tibi
1339 5627 1540 5690 valvas
1589 5626 1861 5698 paradisi,
1915 5627 1988 5683 Et

2072 571 2463 643 apostolorum
2495 585 2567 626 ex
2607 583 2751 626 auro
2800 568 3160 642 gemmisque
3207 565 3534 623 rutilantes.
3569 563 3680 621 Cui
3729 571 3792 620 et

2072 663 2153 718 ait
2203 677 2215 716 :
2271 661 2415 717 Ecce
2463 659 2562 716 tibi
2617 659 2775 715 locus
2821 664 3184 730 praeparatus
3220 662 3323 711 est.
3376 653 3479 710 Sed
3523 653 3669 724 quia
3714 653 3786 708 Β.

2071 750 2266 807 Mariae
2298 747 2632 822 ingemmati
2663 754 2801 804 sunt
2825 746 3001 814 oculi,
3032 752 3088 802 et
3118 758 3311 816 preces
3338 756 3602 799 sororum
3627 743 3789 798 ferre

2070 854 2187 896 non
2238 845 2437 910 potest,
2496 837 2638 909 quia
2679 837 2873 892 adhuc
2929 835 3012 892 eis
3059 833 3380 891 necessaria
3441 847 3520 900 es,
3564 832 3788 902 depre-

2071 935 2200 985 cata
2227 935 2312 984 est
2359 926 2571 984 Filium
2597 941 2792 992 suum,
2829 933 2888 981 ut
2921 939 2954 978 a
2996 923 3217 994 superis
3245 921 3488 978 celerius
3513 921 3650 977 illuc
3680 934 3786 976 re—

2072 1017 2317 1074 vertaris
2357 1015 2596 1086 praemia
2643 1027 2977 1086 possessura
3023 1011 3126 1069 tibi
3181 1025 3217 1068 a
3261 1009 3502 1067 Domino
3542 1008 3778 1070 collata.

2072 1107 2308 1164 Interim
2340 1105 2466 1161 avis
2513 1104 2610 1161 illa
2659 1104 2866 1159 iterum
2911 1101 3069 1158 illam
3117 1099 3536 1172 apprehensum
3585 1097 3642 1180 in
3676 1111 3783 1154 ore

2071 1195 2218 1266 ejus,
2258 1193 2520 1251 anhelitu
2569 1197 2904 1262 recuperato
2954 1191 3074 1262 [at.,
3125 1188 3277 1259 dato]
3328 1201 3362 1243 a
3409 1185 3636 1257 superis
3684 1199 3779 1240 re-

2074 1284 2246 1340 misit.

2717 1368 2948 1426 CAPUT
2988 1367 3140 1425 XVI.

2145 1478 2331 1550 Igitur
2359 1478 2499 1534 dum
2538 1477 2791 1548 quadam
2823 1483 2989 1532 nocte
3013 1476 3332 1546 quiesceret
3361 1474 3438 1545 [at
3467 1513 3482 1542 ,
3510 1487 3782 1542 soporem

2074 1568 2361 1638 caperet],.
2396 1567 2452 1622 iu
2507 1565 2691 1636 specie
2734 1563 3081 1622 venerabilis
3119 1563 3235 1628 διὶτὶ
3277 1561 3644 1629 Waldeberti,
3679 1571 3785 1617 ut—

2078 1663 2204 1726 pote
2229 1655 2472 1725 angelus
2522 1653 2752 1709 Domini
2807 1653 3075 1724 apparuit
3107 1653 3158 1710 ei
3207 1651 3391 1716 tertio,
3425 1651 3528 1722 qui
3569 1658 3624 1707 et
3649 1651 3785 1706 cin-

2080 1745 2283 1815 gulum
2315 1743 2442 1814 ejus
2483 1743 2646 1808 vidit,
2694 1750 2751 1799 et
2791 1742 2862 1798 de
2909 1742 3144 1800 renibus
3191 1741 3541 1797 abstractum
3581 1753 3783 1796 secum

2079 1833 2302 1900 detulit,
2335 1831 2492 1902 quod
2524 1830 2825 1902 cingulum
2869 1829 3114 1887 ulterius
3159 1845 3272 1886 non
3320 1829 3661 1900 comparuit,
3694 1827 3784 1884 si-

2079 1921 2383 1992 gniﬁcans.
2416 1926 2480 1976 ut
2526 1921 2750 1990 opinor,
2783 1919 2938 1990 quod
2983 1919 3042 1975 in
3086 1918 3413 1990 posteritate
3440 1919 3566 1989 ejus
3593 1917 3787 1974 honor

2079 2008 2541 2066 successionihus
2589 2008 2924 2065 accreverit.
2975 2009 3156 2078 Cujus
3189 2015 3376 2064 vestes
3423 2015 3486 2063 ut
3513 2007 3637 2076 ipsa
3684 2019 3785 2062 re-

2082 2100 2227 2155 ferre
2271 2097 2506 2165 solebat,
2561 2098 2809 2154 candore
2856 2098 3033 2153 nimio
3079 2097 3378 2168 fulgebant
3413 2103 3468 2152 et
3500 2095 3610 2151 hac
3641 2109 3785 2151 voce

2081 2185 2423 2242 admiranda
2485 2184 2700 2244 affatur
2749 2185 3019 2242 feminam
3077 2200 3090 2240 :
3153 2185 3198 2242 Ο
3243 2185 3570 2241 dulcissima
3639 2183 3778 2251 tilia,

2083 2287 2346 2345 praepara
2388 2282 2442 2330 te
2476 2282 2541 2330 ut
2583 2274 2830 2344 accipias
2887 2275 3176 2342 bravium,
3234 2281 3290 2330 et
3334 2273 3555 2330 exitum
3611 2281 3782 2330 tuum

2084 2363 2428 2434 praestolare,
2467 2363 2608 2434 quia
2635 2372 2690 2419 et
2714 2378 2819 2434 ego
2839 2377 2911 2420 ex
2940 2363 3180 2419 victoria
3201 2370 3302 2420 tua
3320 2363 3488 2433 cupio
3512 2362 3783 2420 bravium

2083 2453 2360 2522 accipere,
2396 2452 2536 2522 quia
2578 2451 2886 2508 centesima
2911 2467 2984 2508 ex
3025 2452 3136 2508 hac
3181 2453 3272 2509 die
3313 2453 3432 2509 dies
3467 2453 3787 2508 vocationis

2086 2549 2198 2596 tute
2227 2540 2474 2608 eveniet,
2505 2547 2570 2596 ut
2593 2540 2808 2597 laboris
2827 2541 2911 2597 tui
2940 2541 3195 2598 fructum
3216 2556 3390 2613 quem
3407 2555 3540 2597 cum
3571 2555 3788 2612 magno

2083 2630 2294 2686 sudore
2323 2627 2600 2699 quaesisti,
2651 2643 2782 2684 cum
2831 2628 3208 2700 multiplicato
3249 2628 3462 2686 faenore
3491 2628 3550 2684 in
3577 2628 3790 2686 horreo

2086 2717 2309 2774 Domini
2344 2717 2426 2773 tui
2461 2717 2755 2774 recondas.
2792 2718 2925 2773 Haec
2952 2717 3197 2774 audiens
3228 2717 3344 2784 illa,
3373 2731 3490 2774 una
3521 2731 3590 2774 ex
3619 2731 3790 2773 soro-

2087 2807 2251 2863 ribus
2285 2806 2391 2862 sibi
2442 2805 2710 2862 familiari
2757 2807 3050 2876 accersita,
3098 2805 3216 2862 vim
3247 2806 3454 2862 somnii
3501 2814 3789 2862 tenorem~

2087 2910 2199 2968 que
2223 2895 2302 2952 rei
2338 2895 2556 2966 pandit,
2587 2903 2640 2952 et
2670 2895 2888 2952 caeteris
2915 2910 3171 2966 promere
3204 2894 3444 2952 distulit.

2711 3003 2938 3060 CAPUT
2976 3002 3157 3060 XVII.

2021 3089 2062 3144 δ
2164 3109 2420 3182 Angelus
2449 3117 2640 3166 autem
2673 3109 2897 3166 Domini
2927 3109 3194 3180 praecepit
3233 3109 3284 3166 ei
3315 3114 3378 3166 ut
3407 3123 3503 3180 per
3529 3107 3797 3180 singulos

2093 3199 2214 3256 dies
2261 3213 2328 3256 ac
2369 3207 2564 3256 noctes
2607 3198 2756 3254 infra
2805 3198 2968 3255 illum
3023 3197 3415 3256 centenarium
3476 3212 3792 3255 numerum

2092 3287 2348 3358 expleret
2379 3288 2734 3358 psalterium.
2767 3288 2855 3344 Ab
2897 3288 2991 3344 illa
3023 3287 3201 3359 igitur
3228 3287 3318 3344 die
3355 3287 3522 3358 coepit
3555 3287 3792 3358 vigiliis,

2089 3375 2350 3446 jejuniis,
2394 3375 2648 3446 psalmis,
2679 3383 2734 3432 et
2777 3375 3135 3432 orationibus
3181 3375 3307 3446 plus
3335 3375 3495 3431 solito
3548 3376 3796 3431 Domino

2094 3463 2276 3520 libare
2341 3471 2560 3534 quanto
2612 3463 2828 3520 firmior
2875 3463 2944 3520 de
2989 3464 3290 3534 promisso,
3337 3470 3494 3519 tanto
3543 3462 3798 3520 alacrior

2095 3553 2164 3608 de
2211 3551 2506 3624 obsequio.
2553 3552 2700 3609 Ante
2732 3551 3068 3623 vigesimam
3097 3559 3292 3609 autem
3321 3551 3637 3607 vocationis
3665 3553 3798 3622 ejus

2095 3641 2266 3708 diem,
2302 3641 2512 3712 pedum
2559 3641 2752 3698 dolore
2797 3647 2950 3698 tacta
2997 3639 3205 3698 lectulo
3236 3639 3505 3697 decubuit
3538 3640 3658 3710 [αι.,
3692 3656 3796 3697 oc-

2095 3729 2319 3799 cubuit]
2368 3735 2524 3785 utet
2579 3728 2650 3784 de
2711 3728 2835 3785 viro
2867 3729 3112 3800 perfecto
3158 3729 3370 3786 dicitur
3419 3743 3486 3782 ;ι
3545 3728 3797 3784 Florebit

2095 3818 2442 3890 amigdalus,
2495 3817 2962 3890 impinguabitur
3013 3817 3251 3884 locusta,
3305 3824 3360 3874 et
3417 3815 3796 3886 dissipabitur

2095 3907 2402 3978 capparis:
2440 3904 2715 3977 quoniam
2767 3905 2869 3962 ibit
2901 3906 3068 3962 homo
3109 3906 3164 3961 in
3196 3906 3428 3962 domum
3457 3905 3794 3961 aeternitatis

2096 4011 2216 4052 sua:
2246 3995 2434 4066 (Eccli.
2465 4009 2566 4060 xu,
2589 3995 2673 4066 v).
2707 4016 2728 4042 ι
2760 3994 3073 4051 Novissime
3097 3994 3323 4065 expleto
3346 3993 3551 4054 officio.
3585 4009 3792 4050 convo-

2097 4084 2238 4140 catis
2299 4097 2560 4140 sororum
2624 4083 2977 4154 agminibus,
3046 4083 3154 4140 hac
3196 4097 3293 4138 eas
3339 4097 3474 4138 voce
3516 4081 3734 4138 affatur
3773 4099 3784 4136 :

2098 4173 2430 4228 Permanete
2479 4169 2536 4225 in
2582 4170 2816 4226 servitio
2859 4169 3265 4240 omnipotentis
3307 4170 3426 4238 Dei,
3468 4175 3506 4226 ὀ
3560 4169 3790 4226 famulm

2096 4259 2324 4328 Christi,
2373 4258 2525 4330 quis,
2577 4273 2691 4315 non
2735 4258 2834 4330 qui
2871 4259 3103 4330 coeperit
3141 4260 3314 4330 juxta
3353 4259 3616 4315 divinum
3659 4273 3790 4315 ora-

2098 4349 2298 4404 culum
2329 4349 2545 4418 (Matth.
2600 4362 2658 4416 x,
2701 4349 2812 4418 ‘22),
2861 4348 2956 4404 sed
2987 4348 3087 4418 qui
3115 4347 3561 4419 perseveraverit
3603 4361 3790 4419 usque

2097 4439 2156 4493 in
2187 4437 2358 4494 tinem
2387 4437 2480 4494 hic
2507 4435 2702 4493 salvus
2727 4436 2853 4492 erit.

2707 4542 2939 4601 CAPUT
2977 4542 3187 4600 XVIII.

2168 4653 2412 4718 Interea,
2447 4658 2510 4708 ut
2537 4649 2744 4706 assolet
2791 4649 2848 4705 in
2877 4663 3074 4706 rerum
3103 4649 3416 4720 opulentia,
3449 4647 3785 4705 discordiam

2097 4741 2268 4797 etiam
2322 4741 2468 4796 inter
2517 4740 2876 4811 propinquos
2939 4737 3226 4810 generari,
3292 4751 3604 4809 germanus
3661 4737 3788 4807 ejus

2099 4831 2251 4886 Bodo
2281 4829 2509 4900 aliquas
2552 4828 2738 4897 villas,
2783 4842 2932 4898 quas
2974 4841 3075 4898 per
3105 4827 3437 4884 chartarum
3483 4825 3684 4882 seriem
3716 4825 3784 4880 ad

2099 4918 2284 4988 ipsum
2335 4918 2760 4974 condonaverat
2802 4916 3146 4984 cienobium,
3195 4915 3394 4972 illicita
3421 4913 3784 4985 usurpatione

2100 5007 2400 5074 retinebat,
2431 5006 2527 5062 sed
2559 5012 2851 5076 comperta
2890 5000 3181 5076 germanae
3224 5003 3582 5076 aegritudine,
3611 5009 3666 5059 et
3695 5003 3786 5058 illa

2099 5111 2203 5168 pro
2253 5095 2362 5152 hac
2410 5111 2470 5151 re
2535 5095 2713 5152 anxia
2770 5093 3080 5151 Dominum
3140 5093 3500 5164 deprecante,
3562 5105 3785 5149 summa

2099 5199 2231 5240 cum
2279 5183 2638 5240 festinatione
2682 5183 2754 5239 ad
2796 5196 2922 5239 eam
2966 5182 3142 5247 venit,
3195 5196 3447 5252 moxque
3493 5181 3562 5235 de
3607 5179 3784 5234 medio

2097 5273 2429 5330 chartarum
2474 5271 2692 5329 sanctio
2739 5271 2984 5328 invicem
3030 5271 3316 5338 roborata,
3363 5269 3638 5326 hactenus
3665 5277 3785 5324 rata

2097 5361 2376 5431 perdurat
2423 5361 2545 5432 [al.,
2587 5374 2841 5430 moxque
2883 5359 3116 5416 chartas
3161 5358 3403 5414 invicem
3437 5356 3782 5424 roborantes,

2099 5449 2378 5507 hactenus
2405 5457 2587 5506 totum
2638 5455 2828 5506 ratum
2881 5448 3202 5518 perduxit]:
3232 5447 3328 5504 sed
3365 5459 3496 5503 cum
3528 5446 3786 5503 sensisset

2097 5552 2158 5595 se
2181 5537 2561 5608 migraturam
2578 5551 2614 5592 a
2627 5550 2864 5607 corpore
2884 5537 3012 5594 vale
3027 5537 3223 5593 dicens
3243 5535 3560 5600 sororibus,
3581 5534 3784 5592 Italum

2099 5625 2495 5696 presbyterum
2542 5625 2815 5696 poposcit,
2867 5633 2932 5682 ut
2957 5639 3060 5696 pro
3089 5639 3168 5692 se,
3199 5625 3350 5681 sicut
3379 5637 3504 5680 mes
3528 5628 3635 5690 est,
3668 5622 3787 5679 ofﬁ-
