3940 6394
1537 315 2540 466 ELENCHUS

361 661 955 726 AUGTORUM
989 661 1114 724 ET
1145 656 1588 724 OPERU’M
1623 660 1814 726 QUI
1846 663 1964 725 IN
1995 662 2212 727 HOC
2243 662 2538 730 TOMO
2573 664 2866 728 CLVII
2903 664 3682 732 CONTINENTUR

1237 1218 1704 1281 GOFFRIDUS
1763 1220 2036 1281 ABBAS
2087 1221 2770 1286 VINDOCINENSIS.

359 1352 662 1430 Epistolas
677 1399 692 1414 .
3312 1353 3456 1417 Col.
3588 1355 3670 1413 33

357 1429 697 1510 Opuscula.
3546 1433 3619 1492 21
3632 1434 3664 1493 1

355 1509 722 1573 sermones.
1113 1512 1130 1520 ’

2229 1523 2244 1534 ·
2979 1540 2989 1551 σ
3549 1512 3669 1572 287

352 1590 446 1651 De
477 1591 868 1653 ordinatione
901 1593 1344 1670 episcoporum
1374 1599 1436 1653 et
1465 1593 1835 1654 investitura
1867 1593 2191 1654 laicorum.
3547 1591 3665 1652 281

1212 1727 1708 1790 THIOFRIDUS
1764 1730 2039 1792 ABBAS
2087 1726 2802 1795 EFTERNACENSIS.
2979 1705 2988 1710 ’

354 1863 577 1943 Flores
605 1863 923 1943 Epitaphii
957 1870 1346 1923 sanctorum.

354 1935 699 2005 Sermones
729 1935 878 2004 ddo.
3546 1935 3666 1999 405

353 2021 735 2102 Fragmenta
763 2022 925 2084 Vitae
953 2023 1018 2086 S.
1054 2022 1474 2084 Willibrordi.
3549 2013 3664 2078 411

1397 2155 1588 2219 PIBO
1647 2153 2108 2216 EPISCOPUS
2165 2152 2649 2215 TULLENSIS.

349 2262 727 2342 Diplomata.

3314 2333 3320 2340 ο
3545 2255 3669 2316 413

1395 2389 1762 2452 SUAVIUS
1819 2389 2095 2450 ABBAS
2152 2388 2228 2448 S.
2298 2385 2632 2446 SEVERI.

353 2522 602 2585 Statuta
631 2541 744 2603 pro
775 2523 849 2584 S.
893 2521 1112 2584 Severi
1142 2521 1320 2582 villa.
3548 2519 3670 2582 477

1349 2650 1848 2717 FOLCARDUS
1904 2652 2177 2713 ABBAS
2234 2651 2691 2715 LOBIENSIS.

347 2786 632 2866 Epistola
662 2791 742 2848 ad
773 2787 1113 2849 Henricum
1141 2786 1610 2864 imperatorem.
3546 2787 3662 2850 481

950 2917 1486 2980 ADELGORIUS
1529 2912 2248 2981 ARCHIEl’ISCOPUS
2294 2874 3058 2980 MAGDEBURGENSIS

346 3032 631 3140 Epistola
663 3057 744 3117 ad
775 3023 1113 3135 episeopos
1141 3054 1452 3129 Saxoniae,
1485 3053 1792 3126 Francise,
1828 3058 1980 3128 etc.,
2013 3059 2077 3113 et
2106 3070 2327 3114 omnes
2357 3053 2589 3116 Christi
2620 3052 2864 3116 ﬁdeles.
3538 3055 3659 3118 483

939 3187 1526 3252 THEODORICUS
1580 3185 1856 3248 ABBAS
1913 3186 1981 3248 S.
2043 3183 2411 3248 HUBERTI
2459 3186 3090 3252 ANDAGINENSIS.
3373 3172 3380 3176 ’

343 3327 628 3406 Epistola
657 3326 735 3386 ad
766 3323 1174 3385 Leodienses.
3280 3317 3286 3321 ’
3367 3333 3374 3338 ’
3538 3319 3660 3380 487

1159 3451 1394 3516 HUGO
1451 3451 2044 3518 LUGDUNENSIS
2100 3452 2847 3519 ARCHIEPISCOPUS.

343 3591 648 3670 Epistolae
678 3596 741 3649 et
770 3585 1116 3666 privilegia.
3531 3585 3654 3648 507

1063 3721 1392 3784 PETRUS
1446 3718 1800 3780 ALPONSI
1855 3719 1972 3779 EX
2025 3717 2325 3781 JUDZEO
2378 3718 2950 3784 CHRISTIANUS.

340 3853 688 3934 Disciplina
716 3851 1050 3914 clericalis.
2021 3817 2038 3833 ”
2737 3831 2746 3836 ’
3531 3850 3641 3918 6'71

501 3984 948 4050 GALTERUS
1003 3984 1116 4044 AB
1173 3982 1496 4046 INSULIS
1539 3981 2726 4125 MAiggggEgSISUgFISCOPUS,
2782 3941 2898 4044 ΕΤ¹
2936 3981 3464 4047 LIETBERTUS

334 4197 623 4278 Epistola
652 4165 888 4258 Galteri
917 4198 998 4260 ad
1027 4196 1376 4258 Robertum
1430 4197 1843 4278 prapoeitum
1868 4195 2263 4278 Insulanum.
3530 4199 3647 4260 713

336 4276 629 4356 Diploma
659 4278 952 4356 ejusdem
985 4294 1102 4356 pro
1135 4279 1519 4338 monasterio
1552 4276 1945 4340 Gellonensi.
3533 4279 3648 4342 715

337 4358 641 4438 Epistolae
669 4357 998 4418 Lietberti.
1666 4428 1675 4432 _
3530 4357 3648 4422 715

966 4485 1444 4551 WERNERUS
1496 4460 1778 4552 ABBAS
1831 4455 1914 4549 δέ
1963 4459 2252 4564 ΒΙλᾹΒΠ
2286 4487 2371 4549 1N
2427 4486 2522 4550 sn

1496 4460 1778 4552 ABBAS
1831 4455 1914 4549 δέ
1963 4459 2252 4564 ΒΙλᾹΒΠ
2286 4487 2371 4549 1N
2427 4486 2676 4551 SILVA
2735 4487 3019 4554 NIGRA.

329 4625 793 4694 Deﬂorationes
823 4623 942 4690 SS.
974 4625 1255 4688 Patrum.
1727 4601 1731 4606 1
2361 4607 2366 4614 ’
3532 4624 3638 4688 721

411 4764 481 4827 S.
541 4760 988 4827 ROBERTUS
1042 4757 1318 4822 ABBAS
1371 4754 1946 4831 MOLISMENSIS,
2007 4753 2338 4816 ORDINIS
2392 4753 3005 4822 CISTERCIENSIS
3062 4755 3543 4824 FUNDATOR.

329 4891 632 4972 Epistolaa
648 4938 663 4952 .
3495 4891 3641 4957 1293

1509 5017 1958 5082 MATHILDIS
2010 5018 2436 5084 COMITISSA
2452 5070 2466 5084 .

333 5129 481 5190 Vita
509 5137 574 5190 et
601 5129 964 5209 diplomata.
3492 5131 3643 5196 1993
