3940 6404
246 441 313 492 29
499 458 506 466 ·
1811 433 1971 488 VITA
3480 438 3546 493 30

242 562 594 622 Burchardos
618 564 908 636 Gvﬁridos,
941 565 1204 629 Joannes,
1231 563 1483 634 llugones
1514 565 1570 616 et
1591 561 1734 616 alios
1767 573 1778 612 :
1803 559 1898 615 sed
1929 573 2226 631 nunquam
2257 575 2437 632 neque
2465 561 2784 627 nobiliores,
2808 577 2985 634 neque
3009 579 3296 621 armorum
3317 567 3418 620 aut
3430 563 3548 635 pie-

242 659 388 714 tatis
411 660 590 729 gloria
603 661 966 728 illustriores,
988 676 1158 732 quam
1176 659 1471 714 Borbonios
1487 677 1503 710 :
1519 663 1582 712 ut
1599 661 1760 714 tanto
1775 658 1995 714 scilicet
2012 657 2233 714 caeteris
2249 659 2509 717 laudibus
2521 666 2943 735 praecellerent,
2963 667 3176 738 quanto
3195 665 3336 737 regii
3348 683 3549 738 prtero-

236 758 426 827 gativa
455 759 755 828 sanguinis
770 759 1090 814 anteibant.
1126 756 1277 814 Unde
1293 772 1408 811 nou
1429 757 1554 810 sine
1577 755 1764 810 divino
1782 755 2017 827 quodam
2039 757 2272 813 consilio
2289 759 2511 828 factum
2535 760 2781 830 videtur,
2802 765 2867 816 ut
2895 761 3319 818 l’indocinensis
3349 764 3544 832 honor,

241 855 407 924 1'69st
427 855 706 926 quondam
729 854 1078 910 licereditatis
1101 855 1306 925 portio,
1339 869 1470 908 cum
1485 853 1739 908 dominos
1754 855 1932 910 antea
1957 871 2102 927 saepe
2118 859 2417 922 mutasset,
2435 874 2501 914 ac
2515 875 2618 931 per
2634 861 2863 932 singula
2879 863 3000 932 fere
3019 862 3294 917 comitum
3311 878 3548 918 suorum

243 953 434 1025 capita
473 954 729 1024 familias
751 955 1114 1018 atternasset,
1134 955 1195 1008 in
1226 953 1330 1006 hac
1367 951 1598 1006 tandem
1617 955 1681 1006 ut
1699 951 1808 1007 sibi
1825 950 2133 1020 honoriﬁca
2153 956 2210 1008 et
2224 955 2530 1023 fortunata
2555 957 2732 1026 regali
2752 957 2931 1028 stirpe
2945 958 3263 1028 conquierit
3281 977 3298 1014 :
3319 975 3451 1014 cum
3479 960 3548 1015 ab

245 1049 466 1106 Joanne
485 1051 750 1106 Borbonio
767 1048 1031 1106 Marchice
1051 1051 1277 1114 comite,
1303 1049 1399 1119 qui
1415 1047 1576 1102 abavi
1601 1047 1689 1102 tui
1709 1047 1916 1102 abavus
1930 1045 2072 1116 fuit,
2095 1065 2200 1120 per
2218 1066 2382 1122 quem
2402 1053 2676 1108 comitum
2698 1053 3195 1110 Vindocinensium
3222 1056 3452 1126 familia
3480 1055 3546 1110 in

249 1144 588 1202 Borboniam
600 1148 815 1202 inserta
835 1151 938 1214 est,
954 1147 1026 1202 ad
1043 1146 1351 1202 Henricum
1367 1161 1542 1216 usque
1564 1145 1648 1211 IV,
1669 1148 1895 1216 patrem
1913 1148 2096 1210 tuum,
2121 1161 2315 1218 regum
2327 1149 2604 1216 fortissim
2613 1166 2706 1204 um
2724 1154 2782 1206 et
2801 1150 3330 1220 clementissimum,
3357 1153 3549 1210 Borbo-

247 1247 482 1300 niorum
509 1245 796 1300 l’indocini
807 1247 1133 1317 principum
1153 1248 1396 1300 stemma
1412 1247 1567 1298 recta
1581 1246 1639 1298 et
1653 1258 1934 1315 nusquam
1952 1242 2282 1314 interrupta
2301 1244 2445 1300 serie
2472 1245 2739 1301 decurrat
2757 1265 2775 1301 :
2787 1261 2922 1319 quos
2933 1262 3126 1304 omnes
3140 1251 3243 1302 aut
3259 1251 3471 1304 summi
3485 1250 3549 1305 in

253 1343 438 1398 Gallia
447 1344 590 1414 gesti
606 1344 1000 1414 magistratus,
1019 1343 1548 1414 administrattequc
1566 1341 1891 1413 provinciae,
1912 1343 2017 1394 aut
2039 1339 2416 1412 triumphales
2437 1342 2671 1398 devictis
2703 1343 2953 1400 hostibus
2973 1343 3212 1410 adorem,
3245 1351 3348 1400 aut
3378 1351 3547 1424 parta

250 1441 489 1512 denique
510 1442 595 1496 vel
615 1446 860 1497 externa
883 1443 966 1496 vel
986 1442 1139 1496 avita
1160 1457 1331 1512 regna
1347 1440 1752 1495 nobilitarunt.
1769 1439 1855 1494 Ex
1865 1452 1969 1510 quo
1980 1437 2205 1509 quidem
2217 1455 2474 1510 praesaga
2495 1440 2609 1504 iam
2630 1445 2820 1498 mente
2837 1443 3098 1498 sentiunt
3121 1443 3546 1500 Vindocinenses

251 1538 356 1604 tui,
378 1555 482 1610 quo
508 1541 561 1592 te
577 1541 859 1610 majorum
877 1543 1101 1594 tuorum
1130 1537 1331 1594 decora
1358 1541 1554 1594 vocent
1567 1557 1584 1593 :
1599 1537 1731 1610 quid
1754 1529 2192 1606 sibiexpa'terno
2211 1536 2278 1590 de
2293 1541 2348 1590 te
2347 1537 2567 1606 judicio
2583 1539 2854 1610 spondere
2869 1539 3107 1596 debeant
3129 1557 3142 1604 ;
3161 1541 3293 1610 quid
3311 1542 3547 1613 posteris

249 1636 368 1690 tuis
399 1635 690 1692 l’indocini
710 1638 928 1707 futuris
945 1636 1174 1691 ducibus
1193 1655 1210 1690 :
1229 1636 1424 1707 quibus
1445 1639 1723 1690 utnovam
1742 1633 2030 1705 familiam
2049 1634 2228 1701 ducis,
2243 1651 2448 1692 novum
2467 1638 2663 1704 etiam,
2681 1639 2824 1710 quod
2836 1639 3051 1694 eximia
3069 1639 3184 1694 ἡιεε
3197 1640 3414 1695 indoles
3447 1644 3548 1696 tua

245 1732 662 1802 pollicetur-,ad
677 1734 1060 1788 immortalem
1079 1733 1328 1788 nominis
1344 1737 1559 1804 famam
1575 1731 1686 1788 iter
1695 1731 1973 1788 ostendes.
1987 1731 2194 1802 Go/frid
2201 1749 2264 1788 us
2275 1749 2400 1790 vero
2415 1735 2684 1801 noster,si
2693 1735 2768 1791 ad
2785 1738 2956 1792 vitam
2970 1737 3547 1811 rediret,quantopere

249 1828 358 1882 sibi
371 1828 736 1901 aperibusque
753 1830 873 1884 suis
889 1835 941 1883 te
949 1829 1314 1900 potissimum
1333 1829 1472 1884 duce
1492 1829 1674 1883 lucem
1692 1828 1974 1884 redditam
1986 1832 2380 1900 gratularetur
2404 1832 2432 1884 .9
2451 1836 2552 1888 aut
2575 1835 2740 1905 cujus
2755 1818 2862 1890 illa
2875 1836 3144 1906 auspiciis
3182 1837 3242 1890 in
3255 1836 3546 1908 publicum

249 1925 411 1980 exire
429 1927 647 1994 mallet,
681 1941 848 1998 quam
871 1926 1083 1991 tuis,in
1102 1925 1402 1997 cujusipse
1420 1926 1604 1980 tutela
1631 1930 1687 1980 et
1720 1927 2058 1997 patrocinio,
2089 1929 2139 1982 si
2157 1931 2386 1997 viveret,
2417 1931 2789 1987 versaretur?
2807 1932 2914 1987 Sed
2943 1933 3043 1988 tibi
3069 1939 3345 2003 prceterea
3377 1932 3546 1989 debe-

249 2023 480 2079 bantur.
499 2024 638 2078 Nam
657 2024 708 2079 si
722 2025 894 2095 fundi
907 2025 1197 2080 domin-um
1209 2027 1436 2094 fruetus
1451 2027 1792 2096 sequuntur,
1809 2023 1932 2097 quis
1956 2040 2072 2079 non
2087 2025 2544 2098 intelligat,quod
2557 2030 2617 2082 in
2641 2027 3033 2085 Vindocinensi
3047 2030 3182 2086 olim
3193 2045 3326 2100 agro
3337 2033 3545 2094 satum,

251 2127 562 2192 natumque
580 2124 679 2186 sit,
707 2121 810 2176 tibi
831 2122 936 2176 uni
953 2121 1158 2191 deberi,
1175 2121 1246 2176 ad
1275 2137 1440 2192 quem
1461 2122 1688 2192 integra
1713 2121 2000 2178 Vindocini
2023 2127 2293 2195 possessio
2321 2127 2490 2199 pleno
2505 2144 2572 2184 ac
2588 2128 2764 2184 solido
2795 2129 2930 2199 jure
2961 2132 3256 2200 transfusa
3287 2129 3416 2184 est?
3443 2131 3547 2186 Hoc

248 2234 375 2289 ergo
401 2235 616 2290 majore
638 2219 760 2290 jam
785 2218 1014 2288 ﬁducia,
1033 2235 1137 2290 quo
1150 2219 1396 2289 justiore
1431 2218 1706 2290 obsequio,
1738 2220 1810 2273 ad
1832 2223 1886 2276 to
1899 2235 2028 2276 cum
2046 2227 2358 2293 proxeneta
2397 2241 2497 2280 suo
2515 2241 2670 2281 nunc
2709 2227 3226 2298 venit:rogantque
3279 2227 3500 2298 pariter
3527 2247 3546 2293 ,-

250 2316 387 2388 ipse,
411 2319 476 2370 ut
497 2316 649 2371 hunc
669 2318 788 2385 eius
809 2317 1028 2388 ingenii
1047 2319 1232 2388 fetum
1244 2317 1422 2390 ipsius
1435 2317 1552 2372 vice
1571 2320 1776 2387 foveas,
1800 2320 1854 2374 et
1867 2321 2010 2390 quod
2024 2321 2207 2389 iurati
2222 2321 2358 2376 olim
2371 2323 2600 2378 comites
2629 2322 3066 2380 Vindocinenses
3080 2325 3424 2380 monasterio
3445 2341 3547 2382 suo

245 2413 570 2484 prcesidium
587 2413 1030 2485 sp0ponderunt,
1050 2415 1109 2470 id
1121 2419 1310 2470 ratum
1331 2431 1398 2470 ac
1413 2417 1750 2486 perpetuum
1769 2431 1888 2472 esse
1903 2417 2074 2482 velis;
2092 2433 2206 2488 ego,
2226 2420 2293 2473 ut
2307 2421 2476 2472 tenue
2493 2418 2592 2473 hoc
2613 2418 2896 2488 specimen
2911 2419 3104 2488 ofﬁcii,
3120 2419 3191 2474 ad
3211 2419 3549 2474 deditissimi

247 2511 938 2568 animiauctoramentum
948 2511 1208 2584 placidus
1220 2511 1474 2582 excipias
1486 2531 1504 2573 :
1516 2513 1910 2586 familiamque
1922 2514 2138 2570 ordinis
2150 2512 2338 2570 nostri
2353 2515 2676 2570 universa-m
2685 2555 2700 2584 ,
2717 2515 2946 2587 paterni
2961 2517 3137 2572 liwres
3152 2515 3420 2588 eae-mpii,
3440 2533 3549 2588 qua

245 2609 436 2681 ipsum
457 2609 630 2676 vides,
653 2609 1024 2682 benignitate,
1039 2610 1452 2682 clementiaque
1476 2615 1693 2668 tueare.

619 2734 1028 2791 lllustrissimre
1053 2734 1115 2789 Α.
1155 2736 1208 2792 Τ.

1982 2807 2387 2874 Deditissimus,

2160 2907 2395 2963 Jacobus
2411 2906 2751 2976 Sirmondus,
2777 2909 3102 2966 SocietatisJ
3108 2926 3224 2966 esu.

1632 3251 2142 3340 LECTORI.

1743 3417 2040 3434 “In

322 3514 554 3572 Goliridi
593 3517 826 3584 abbatis,
867 3520 1013 3592 quod
1055 3521 1180 3589 jure
1208 3520 1439 3588 mireris,
1475 3536 1654 3592 neque
1695 3519 1840 3591 apud
1868 3520 1927 3582 Α
1956 3525 2062 3574 tur.
2094 3519 2373 3591 Epistolas
2407 3519 2476 3574 ab
2507 3516 2782 3589 opusculis
2827 3526 2879 3574 et
2932 3516 3272 3574 sermonibus
3301 3516 3544 3588 sejunxi-

251 3603 474 3660 illorum
529 3613 834 3677 temporum
865 3609 1179 3678 historicos,
1229 3626 1404 3682 neque
1431 3610 1572 3680 apud
1603 3624 1698 3665 eos
1756 3609 1848 3680 qui

249 3701 442 3748 nostra
497 3694 583 3750 vel
641 3711 864 3751 avorum
894 3699 1156 3754 memoria
1202 3698 1487 3754 illustrium
1521 3698 1847 3768 scriptorum

252 3781 465 3838 indices
495 3790 797 3852 texuerunt,
822 3785 934 3840 ulla
963 3803 1190 3859 usquam
1222 3795 1304 3842 est
1333 3787 1558 3842 mentio.
1578 3786 1716 3842 Huic
1745 3801 1848 3840 nos

252 3869 469 3926 silentio
499 3879 557 3926 ut
585 3871 768 3943 aliqua
790 3889 854 3928 ex
884 3883 1036 3944 parte
1071 3876 1440 3942 mederemur,
1471 3875 1596 3930 vitae
1625 3875 1846 3930 brevia-

257 3959 399 4013 rium
429 3975 494 4016 ex
525 3960 642 4028 ejus
669 3960 839 4032 ipsius
855 3963 1102 4034 epistolis
1129 3963 1483 4034 collegimus:
1506 3973 1618 4020 tum
1639 3963 1850 4034 aliquot

253 4047 518 4120 deinceps
546 4050 789 4118 ejusdem
817 4051 919 4106 aevi
949 4055 1015 4108 de
1033 4053 1125 4108 illo
1143 4054 1475 4122 testimonia,
1498 4052 1669 4108 indito
1685 4052 1848 4107 etiam

253 4137 528 4193 Francisci
555 4138 843 4194 Torrensis
873 4141 1046 4195 nostri
1078 4141 1260 4215 elogio
1295 4161 1308 4207 ;
1344 4143 1496 4210 cujus
1547 4140 1848 4214 diligentias

251 4216 600 4300 πολυστορίαν
631 4227 858 4284 Goﬁ'ridi
889 4229 1094 4302 Opera,
1131 4247 1252 4302 quae
1283 4235 1515 4286 caeteros
1546 4231 1753 4303 fugisse
1772 4228 1848 4287 vi-

249 4315 540 4383 debantur,
565 4316 785 4373 minime
812 4322 1106 4374 latuerunt.
1124 4321 1182 4374 In
1213 4319 1453 4376 editione
1482 4337 1652 4392 porro
1680 4322 1847 4378 ador-

249 4405 426 4458 nanda
448 4405 593 4460 binis
611 4407 1010 4477 exemplaribus
1046 4409 1281 4480 antiquaa
1311 4418 1361 4464 el
1393 4410 1580 4480 probae
1611 4418 1847 4482 utroque

248 4502 391 4548 notia
423 4493 506 4548 usi
527 4510 740 4548 sumus.
783 4497 923 4550 Nam
939 4504 1137 4567 praeter
1163 4497 1652 4564 Cenomannicum,
1702 4499 1844 4572 quod

249 4597 280 4636 e
310 4582 365 4636 S.
403 4581 544 4636 Petri
585 4582 656 4638 de
703 4583 920 4645 Cultura
953 4585 1202 4641 emnobio
1250 4586 1396 4642 nacti
1435 4587 1552 4656 jam
1603 4603 1842 4658 eramus,

247 4669 480 4724 alterum
511 4669 670 4725 nobis
699 4688 730 4726 e
750 4673 1080 4728 monasterio
1109 4689 1207 4729 suo
1241 4675 1608 4746 suppeditavit
1635 4675 1846 4746 prolixa

248 4765 302 4812 et
323 4757 620 4830 singularis
665 4761 732 4814 D.
765 4761 1042 4816 Michaelis
1074 4763 1284 4818 Subleti
1331 4763 1541 4819 abbatis
1583 4764 1844 4820 Vindoci-

245 4847 434 4902 nensis
478 4848 814 4904 humanitas.
858 4849 953 4906 Cui
985 4851 1211 4922 quidem
1251 4853 1515 4924 opuscula
1560 4853 1690 4919 duo,
1740 4867 1838 4907 xm
1870 4873 1922 4932 Β

244 4952 465 5007 nempe,
493 4951 558 4992 ac
587 4938 1021 5009 xvmdebemus,
1047 4957 1168 5013 qua:
1180 4941 1233 4996 in
1257 4941 1431 4998 altero
1452 4941 1840 4998 desideraban-

1957 3624 2104 3663 mus.
2145 3609 2408 3664 Permisla
2465 3609 2610 3663 enim
2647 3615 2699 3662 et
2726 3607 2952 3663 confusa
2987 3606 3040 3661 in
3099 3614 3334 3679 utroque
3391 3615 3548 3663 erant

1957 3697 2157 3753 omnia.
2183 3696 2290 3752 Sed
2319 3697 2376 3751 in
2402 3696 2667 3768 epistolis,
2703 3695 2825 3768 quia
2853 3695 2908 3750 in
2937 3695 3128 3752 codice
3161 3695 3546 3752 Vindocinensi

1955 3802 2242 3857 perpaucae
2295 3789 2485 3840 erant.
2549 3786 3054 3841 Cenomannensem
3112 3783 3282 3840 secuti
3312 3800 3544 3840 sumus:
3597 3773 3600 3776 ’

1956 3874 2148 3930 ordine
2177 3873 2336 3929 etiam
2376 3873 2596 3939 intacto,
2655 3874 2770 3930 nisi
2797 3873 2944 3945 quod
2999 3871 3260 3943 epistolas
3316 3872 3542 3945 aliquot,

1957 3980 2077 4035 quae
2104 3969 2258 4019 extra
2299 3961 2567 4028 ordinem,
2617 3969 2803 4034 utpote
2850 3969 2974 4032 post
3030 3959 3278 4030 primam,
3330 3960 3544 4032 Opinor,

1957 4051 2337 4107 collectionem
2367 4066 2398 4104 a
2425 4048 2674 4106 (ποθ’τίἀο
2686 4050 2920 4120 scriptas,
2951 4049 3092 4104 inter
3119 4047 3257 4104 alios
3283 4054 3548 4105 tractatus

1958 4149 2010 4196 et
2037 4155 2320 4196 sermones
2347 4154 2552 4210 sparsae
2574 4139 2899 4212 legebantur
2920 4135 3141 4210 (quibus
3171 4144 3224 4192 et
3251 4137 3547 4194 asteriscos

1957 4230 2009 4286 in
2040 4229 2240 4294 indice,
2277 4235 2334 4282 ut
2380 4228 2456 4282 tui
2503 4243 2722 4300 quoque
2766 4227 2874 4282 sint
2923 4225 3136 4296 judicii,
3192 4224 3548 4298 prmﬁximus)

1955 4319 2070 4373 suis
2089 4333 2330 4389 quasque
2377 4316 2512 4372 locis
2537 4317 2607 4372 ad
2635 4323 2865 4372 caeteras
2910 4314 3241 4384 adjecimus:
3264 4323 3548 4387 totumque

1954 4415 2305 4478 utrarumque
2335 4421 2536 4476 corpus
2592 4404 2804 4460 levandi
2837 4403 3040 4459 fastidii
3062 4403 3236 4477 gratia
3265 4403 3318 4458 in
3375 4405 3547 4460 libros

1954 4495 2192 4568 quinque
2221 4493 2401 4566 partiti
2447 4509 2635 4548 sumus
2669 4511 2682 4546 :
2715 4508 2839 4549 cum
2867 4491 3169 4548 lectoribus
3223 4492 3548 4565 plerumque

1952 4584 2098 4638 idem
2118 4583 2261 4654 quod
2319 4582 2424 4636 iter
2453 4581 2774 4638 facientibus
2803 4579 3024 4637 evenire
3072 4579 3264 4647 soleat,
3326 4581 3542 4652 quibus,

1953 4681 2012 4730 ut
2039 4671 2400 4728 Numatianus
2422 4670 2496 4726 ait
2530 4685 2542 4724 :

2129 4826 2441 4880 Intervalla
2465 4825 2568 4880 vice
2587 4825 2751 4895 fessis
2773 4827 3044 4896 pressiore
3058 4823 3298 4890 videtur,

2212 4913 2315 4984 Qui
2339 4917 2502 4968 notat
2520 4913 2832 4986 inscriptus
2847 4913 3032 4968 millia
3047 4911 3233 4966 multa
3251 4913 3414 4982 lapis.

1367 5261 1986 5380 GOFFRIDI
2075 5261 2437 5381 VITA.

237 5559 489 5620 Goﬂ'rido
539 5561 716 5630 patria
769 5560 866 5616 fuit
901 5561 959 5616 in
1015 5559 1330 5632 Andegavis
1365 5575 1376 5614 :
1410 5575 1584 5634 genus
1633 5558 1840 5616 clarum

236 5653 296 5706 in
327 5649 523 5722 primis
552 5663 617 5704 ac
647 5648 854 5717 nobile,
897 5649 1042 5720 quod
1071 5647 1272 5704 indicat
1299 5648 1419 5718 ejus
1467 5647 1694 5720 epistola
1725 5653 1758 5706 2
1787 5658 1842 5706 et

235 5740 376 5810 alia,
409 5738 463 5792 in
497 5737 697 5808 quibus
741 5736 1065 5793 Rainaldum
1122 5736 1392 5792 Credonis
1435 5737 1734 5805 dominum,
1787 5744 1840 5794 et

233 5827 562 5884 Mauricium
613 5825 729 5896 ejus
766 5824 933 5882 ﬁlium
977 5825 1420 5897 consanguineos
1460 5841 1589 5882 suos
1645 5834 1828 5884 vocat.

231 5916 523 5973 Educatus
565 5927 600 5969 a
637 5912 943 5970 Guarnerio
999 5914 1384 5971 archidiacono
1431 5913 1832 5986 Andegavensi,

1950 5561 2324 5633 magistroque
2353 5575 2483 5614 usus
2514 5558 2826 5627 Guillelmo,
2861 5560 2930 5615 ad
2956 5575 3121 5632 quem
3150 5561 3290 5618 libro
3322 5577 3379 5616 IV
3401 5561 3542 5619 scri-

1949 5649 2028 5705 bit
2057 5665 2071 5720 ;
2096 5648 2272 5722 prima
2296 5657 2454 5704 aetate
2480 5649 2626 5704 inter
2641 5645 2945 5704 monachos
2977 5650 3390 5707 Vindocinensis
3419 5665 3543 5706 mo-

1947 5737 2197 5804 nasterii,
2239 5737 2385 5810 quod
2434 5735 2716 5794 Goifridus
2771 5737 3052 5794 Martellus
3109 5753 3296 5795 comes
3350 5738 3543 5808 paucis

1945 5834 2071 5882 ante
2109 5826 2266 5882 annis
2316 5825 2373 5880 in
2419 5825 2717 5882 Carnutum
2763 5823 2965 5880 ﬁnibus
3005 5824 3276 5894 fundarat,
3337 5839 3543 5882 nomen

1945 5916 2119 5972 dedit.
2159 5915 2276 5973 Nec
2302 5915 2473 5972 multo
2501 5923 2644 5992 post,
2666 5913 2904 5972 novitius
2919 5913 3102 5972 adhuc
3121 5921 3174 5970 et
3187 5913 3432 5987 juvenis,
3477 5928 3542 5970 ac
