  <div class='ocr_page' id='page_1' title='image "/cluster/home/n/w/nwhite01/storage/ocr_20150623/156-157/uc1.31175010662024/657.png"; bbox 0 0 3940 6422; ppageno 0'>
   <div class='ocr_carea' id='block_1_1' title="bbox 458 400 2754 458">
    <p class='ocr_par' dir='ltr' id='par_1_1' title="bbox 458 400 2754 458">
     <span class='ocr_line' id='line_1_1' title="bbox 458 400 2754 458; baseline -0.002 0"><span class='ocrx_word' id='word_1_1' title='bbox 458 405 518 458; x_wconf 85' lang='grc'><strong>31</strong></span> <span class='ocrx_word' id='word_1_2' title='bbox 1453 402 1785 458; x_wconf 81' lang='lat' dir='ltr'><strong>GOFFRlDl</strong></span> <span class='ocrx_word' id='word_1_3' title='bbox 1836 402 2123 458; x_wconf 82' lang='lat' dir='ltr'><strong>ABBATIS</strong></span> <span class='ocrx_word' id='word_1_4' title='bbox 2167 404 2285 457; x_wconf 83' lang='lat' dir='ltr'><strong>VIN</strong></span> <span class='ocrx_word' id='word_1_5' title='bbox 2330 400 2754 457; x_wconf 81' lang='lat' dir='ltr'><strong>DOCINENSIS</strong></span> 
     </span>
    </p>
   </div>
   <div class='ocr_carea' id='block_1_2' title="bbox 3699 407 3767 460">
    <p class='ocr_par' dir='ltr' id='par_1_2' title="bbox 3699 407 3767 460">
     <span class='ocr_line' id='line_1_2' title="bbox 3699 407 3767 460; baseline 0.029 -2"><span class='ocrx_word' id='word_1_6' title='bbox 3699 407 3767 460; x_wconf 80' lang='grc'><strong>32</strong></span> 
     </span>
    </p>
   </div>
   <div class='ocr_carea' id='block_1_3' title="bbox 457 523 3766 598">
    <p class='ocr_par' dir='ltr' id='par_1_3' title="bbox 457 523 3766 598">
     <span class='ocr_line' id='line_1_3' title="bbox 457 523 3766 598; baseline -0 -16"><span class='ocrx_word' id='word_1_7' title='bbox 457 527 719 584; x_wconf 85' lang='lat' dir='ltr'><strong>diaconus</strong></span> <span class='ocrx_word' id='word_1_8' title='bbox 776 533 1007 590; x_wconf 84' lang='lat' dir='ltr'><strong>tantum,</strong></span> <span class='ocrx_word' id='word_1_9' title='bbox 1057 526 1300 583; x_wconf 88' lang='lat' dir='ltr'><strong>Bernone</strong></span> <span class='ocrx_word' id='word_1_10' title='bbox 1317 534 1546 591; x_wconf 90' lang='lat' dir='ltr'><strong>mortuo,</strong></span> <span class='ocrx_word' id='word_1_11' title='bbox 1569 525 1790 597; x_wconf 75' lang='lat' dir='ltr'><strong>quintus</strong></span> <span class='ocrx_word' id='word_1_12' title='bbox 1814 526 2060 595; x_wconf 86' lang='lat' dir='ltr'><strong>ejusdem</strong></span> <span class='ocrx_word' id='word_1_13' title='bbox 2086 528 2137 588; x_wconf 79' lang='grc' dir='ltr'><strong>Α</strong></span> <span class='ocrx_word' id='word_1_14' title='bbox 2171 525 2406 581; x_wconf 74' lang='lat' dir='ltr'><strong>arbitros</strong></span> <span class='ocrx_word' id='word_1_15' title='bbox 2433 523 2840 590; x_wconf 91' lang='lat' dir='ltr'><strong>controversia,</strong></span> <span class='ocrx_word' id='word_1_16' title='bbox 2873 541 2994 598; x_wconf 73' lang='lat' dir='ltr'><strong>(pta</strong></span> <span class='ocrx_word' id='word_1_17' title='bbox 3021 524 3089 580; x_wconf 92' lang='lat' dir='ltr'><strong>de</strong></span> <span class='ocrx_word' id='word_1_18' title='bbox 3120 527 3382 596; x_wconf 87' lang='lat' dir='ltr'><strong>majoratu</strong></span> <span class='ocrx_word' id='word_1_19' title='bbox 3413 534 3466 582; x_wconf 92' lang='lat' dir='ltr'><strong>et</strong></span> <span class='ocrx_word' id='word_1_20' title='bbox 3493 527 3766 584; x_wconf 85' lang='lat' dir='ltr'><strong>senescal-</strong></span> 
     </span>
    </p>
   </div>
   <div class='ocr_carea' id='block_1_4' title="bbox 456 614 2052 672">
    <p class='ocr_par' dir='ltr' id='par_1_4' title="bbox 456 614 2052 672">
     <span class='ocr_line' id='line_1_4' title="bbox 456 614 2052 672; baseline -0.003 0"><span class='ocrx_word' id='word_1_21' title='bbox 456 614 694 672; x_wconf 74' lang='lat' dir='ltr'><strong>canobii</strong></span> <span class='ocrx_word' id='word_1_22' title='bbox 713 615 884 670; x_wconf 82' lang='lat' dir='ltr'><strong>abbas</strong></span> <span class='ocrx_word' id='word_1_23' title='bbox 902 615 1242 670; x_wconf 68' lang='lat' dir='ltr'><strong>renuntiatus</strong></span> <span class='ocrx_word' id='word_1_24' title='bbox 1281 622 1384 670; x_wconf 89' lang='lat' dir='ltr'><strong>est.</strong></span> <span class='ocrx_word' id='word_1_25' title='bbox 1413 615 1545 669; x_wconf 88' lang='lat' dir='ltr'><strong>Tum</strong></span> <span class='ocrx_word' id='word_1_26' title='bbox 1564 615 1632 668; x_wconf 88' lang='lat' dir='ltr'><strong>ab</strong></span> <span class='ocrx_word' id='word_1_27' title='bbox 1654 615 1819 669; x_wconf 87' lang='lat' dir='ltr'><strong>Ivone</strong></span> <span class='ocrx_word' id='word_1_28' title='bbox 1841 615 2052 670; x_wconf 92' lang='lat' dir='ltr'><strong>Carno-</strong></span> 
     </span>
    </p>
   </div>
   <div class='ocr_carea' id='block_1_5' title="bbox 459 702 2055 777">
    <p class='ocr_par' dir='ltr' id='par_1_5' title="bbox 459 702 2055 777">
     <span class='ocr_line' id='line_1_5' title="bbox 459 702 2055 777; baseline -0.002 -18"><span class='ocrx_word' id='word_1_29' title='bbox 459 705 598 760; x_wconf 89' lang='lat' dir='ltr'><strong>tensi</strong></span> <span class='ocrx_word' id='word_1_30' title='bbox 628 704 889 776; x_wconf 88' lang='lat' dir='ltr'><strong>episcopo</strong></span> <span class='ocrx_word' id='word_1_31' title='bbox 913 707 1288 777; x_wconf 78' lang='lat' dir='ltr'><strong>inauguratus,</strong></span> <span class='ocrx_word' id='word_1_32' title='bbox 1319 703 1656 773; x_wconf 83' lang='lat' dir='ltr'><strong>Romamque</strong></span> <span class='ocrx_word' id='word_1_33' title='bbox 1689 702 1758 756; x_wconf 90' lang='lat' dir='ltr'><strong>ad</strong></span> <span class='ocrx_word' id='word_1_34' title='bbox 1774 703 2055 758; x_wconf 76' lang='lat' dir='ltr'><strong>Urbanum</strong></span> 
     </span>
    </p>
   </div>
   <div class='ocr_carea' id='block_1_6' title="bbox 463 790 2053 861">
    <p class='ocr_par' dir='ltr' id='par_1_6' title="bbox 463 790 2053 861">
     <span class='ocr_line' id='line_1_6' title="bbox 463 790 2053 861; baseline -0.003 -13"><span class='ocrx_word' id='word_1_35' title='bbox 463 795 528 860; x_wconf 86' lang='grc' dir='ltr'><strong>ιι,</strong></span> <span class='ocrx_word' id='word_1_36' title='bbox 563 791 899 849; x_wconf 87' lang='lat' dir='ltr'><strong>Guibertina</strong></span> <span class='ocrx_word' id='word_1_37' title='bbox 937 790 1188 848; x_wconf 73' lang='lat' dir='ltr'><strong>factionis</strong></span> <span class='ocrx_word' id='word_1_38' title='bbox 1215 797 1360 846; x_wconf 87' lang='lat' dir='ltr'><strong>metu</strong></span> <span class='ocrx_word' id='word_1_39' title='bbox 1391 790 1712 856; x_wconf 78' lang='lat' dir='ltr'><strong>latitantem,</strong></span> <span class='ocrx_word' id='word_1_40' title='bbox 1759 790 2053 861; x_wconf 89' lang='lat' dir='ltr'><strong>profectus,</strong></span> 
     </span>
    </p>
   </div>
   <div class='ocr_carea' id='block_1_7' title="bbox 465 878 2059 950">
    <p class='ocr_par' dir='ltr' id='par_1_7' title="bbox 465 878 2059 950">
     <span class='ocr_line' id='line_1_7' title="bbox 465 878 2059 950; baseline -0.003 -14"><span class='ocrx_word' id='word_1_41' title='bbox 465 880 758 938; x_wconf 80' lang='lat' dir='ltr'><strong>immortali</strong></span> <span class='ocrx_word' id='word_1_42' title='bbox 811 879 1121 950; x_wconf 83' lang='lat' dir='ltr'><strong>pontificem</strong></span> <span class='ocrx_word' id='word_1_43' title='bbox 1177 878 1444 935; x_wconf 78' lang='lat' dir='ltr'><strong>beneficio</strong></span> <span class='ocrx_word' id='word_1_44' title='bbox 1498 879 1760 945; x_wconf 85' lang='lat' dir='ltr'><strong>devinxit,</strong></span> <span class='ocrx_word' id='word_1_45' title='bbox 1821 878 2059 949; x_wconf 84' lang='lat' dir='ltr'><strong>pecunia</strong></span> 
     </span>
    </p>
   </div>
   <div class='ocr_carea' id='block_1_8' title="bbox 458 967 2055 1032">
    <p class='ocr_par' dir='ltr' id='par_1_8' title="bbox 458 967 2055 1032">
     <span class='ocr_line' id='line_1_8' title="bbox 458 967 2055 1032; baseline -0.004 -6"><span class='ocrx_word' id='word_1_46' title='bbox 458 969 602 1026; x_wconf 89' lang='lat' dir='ltr'><strong>unde</strong></span> <span class='ocrx_word' id='word_1_47' title='bbox 631 971 975 1028; x_wconf 87' lang='lat' dir='ltr'><strong>Lateranum.</strong></span> <span class='ocrx_word' id='word_1_48' title='bbox 1011 976 1064 1022; x_wconf 91' lang='lat' dir='ltr'><strong>et</strong></span> <span class='ocrx_word' id='word_1_49' title='bbox 1088 968 1275 1022; x_wconf 90' lang='lat' dir='ltr'><strong>turrim</strong></span> <span class='ocrx_word' id='word_1_50' title='bbox 1317 967 1691 1023; x_wconf 88' lang='lat' dir='ltr'><strong>Crescentiam</strong></span> <span class='ocrx_word' id='word_1_51' title='bbox 1741 967 2055 1032; x_wconf 86' lang='lat' dir='ltr'><strong>redimeret,</strong></span> 
     </span>
    </p>
   </div>
   <div class='ocr_carea' id='block_1_9' title="bbox 458 1055 2058 1126">
    <p class='ocr_par' dir='ltr' id='par_1_9' title="bbox 458 1055 2058 1126">
     <span class='ocr_line' id='line_1_9' title="bbox 458 1055 2058 1126; baseline -0.003 -14"><span class='ocrx_word' id='word_1_52' title='bbox 458 1057 659 1113; x_wconf 75' lang='lat' dir='ltr'><strong>affatim</strong></span> <span class='ocrx_word' id='word_1_53' title='bbox 697 1055 918 1112; x_wconf 88' lang='lat' dir='ltr'><strong>collata.</strong></span> <span class='ocrx_word' id='word_1_54' title='bbox 955 1055 1074 1124; x_wconf 90' lang='lat' dir='ltr'><strong>Quo</strong></span> <span class='ocrx_word' id='word_1_55' title='bbox 1101 1055 1324 1111; x_wconf 88' lang='lat' dir='ltr'><strong>nomine</strong></span> <span class='ocrx_word' id='word_1_56' title='bbox 1353 1055 1564 1126; x_wconf 89' lang='lat' dir='ltr'><strong>primus</strong></span> <span class='ocrx_word' id='word_1_57' title='bbox 1591 1055 1833 1112; x_wconf 90' lang='lat' dir='ltr'><strong>omnium</strong></span> <span class='ocrx_word' id='word_1_58' title='bbox 1863 1055 2058 1126; x_wconf 89' lang='lat' dir='ltr'><strong>pedem</strong></span> 
     </span>
    </p>
   </div>
   <div class='ocr_carea' id='block_1_10' title="bbox 461 1143 2061 1214">
    <p class='ocr_par' dir='ltr' id='par_1_10' title="bbox 461 1143 2061 1214">
     <span class='ocr_line' id='line_1_10' title="bbox 461 1143 2061 1214; baseline -0.003 -12"><span class='ocrx_word' id='word_1_59' title='bbox 461 1146 679 1203; x_wconf 90' lang='lat' dir='ltr'><strong>Urbano</strong></span> <span class='ocrx_word' id='word_1_60' title='bbox 700 1144 756 1200; x_wconf 90' lang='lat' dir='ltr'><strong>in</strong></span> <span class='ocrx_word' id='word_1_61' title='bbox 801 1143 934 1200; x_wconf 88' lang='lat' dir='ltr'><strong>sede</strong></span> <span class='ocrx_word' id='word_1_62' title='bbox 989 1143 1267 1214; x_wconf 77' lang='lat' dir='ltr'><strong>pontificis</strong></span> <span class='ocrx_word' id='word_1_63' title='bbox 1311 1159 1436 1201; x_wconf 91' lang='lat' dir='ltr'><strong>cum</strong></span> <span class='ocrx_word' id='word_1_64' title='bbox 1488 1145 1755 1200; x_wconf 84' lang='lat' dir='ltr'><strong>Laterano</strong></span> <span class='ocrx_word' id='word_1_65' title='bbox 1810 1145 2061 1199; x_wconf 90' lang='lat' dir='ltr'><strong>restituta</strong></span> 
     </span>
    </p>
   </div>
   <div class='ocr_carea' id='block_1_11' title="bbox 461 1232 2060 1304">
    <p class='ocr_par' dir='ltr' id='par_1_11' title="bbox 461 1232 2060 1304">
     <span class='ocr_line' id='line_1_11' title="bbox 461 1232 2060 1304; baseline -0.003 -14"><span class='ocrx_word' id='word_1_66' title='bbox 461 1235 736 1291; x_wconf 83' lang='lat' dir='ltr'><strong>osculatus</strong></span> <span class='ocrx_word' id='word_1_67' title='bbox 760 1241 861 1290; x_wconf 90' lang='lat' dir='ltr'><strong>est.</strong></span> <span class='ocrx_word' id='word_1_68' title='bbox 914 1236 959 1287; x_wconf 83' lang='lat' dir='ltr'><strong>A</strong></span> <span class='ocrx_word' id='word_1_69' title='bbox 989 1247 1098 1302; x_wconf 92' lang='lat' dir='ltr'><strong>quo</strong></span> <span class='ocrx_word' id='word_1_70' title='bbox 1129 1240 1182 1288; x_wconf 91' lang='lat' dir='ltr'><strong>et</strong></span> <span class='ocrx_word' id='word_1_71' title='bbox 1210 1233 1509 1304; x_wconf 81' lang='lat' dir='ltr'><strong>presbyter</strong></span> <span class='ocrx_word' id='word_1_72' title='bbox 1530 1241 1804 1294; x_wconf 84' lang='lat' dir='ltr'><strong>sacratus,</strong></span> <span class='ocrx_word' id='word_1_73' title='bbox 1860 1232 2060 1288; x_wconf 88' lang='lat' dir='ltr'><strong>Eccle-</strong></span> 
     </span>
    </p>
   </div>
   <div class='ocr_carea' id='block_1_12' title="bbox 460 1319 2062 1390">
    <p class='ocr_par' dir='ltr' id='par_1_12' title="bbox 460 1319 2062 1390">
     <span class='ocr_line' id='line_1_12' title="bbox 460 1319 2062 1390; baseline -0.001 -12"><span class='ocrx_word' id='word_1_74' title='bbox 460 1322 593 1378; x_wconf 89' lang='lat' dir='ltr'><strong>siam</strong></span> <span class='ocrx_word' id='word_1_75' title='bbox 624 1321 786 1378; x_wconf 90' lang='lat' dir='ltr'><strong>etiam</strong></span> <span class='ocrx_word' id='word_1_76' title='bbox 818 1323 884 1377; x_wconf 81' lang='grc' dir='ltr'>Β.</span> <span class='ocrx_word' id='word_1_77' title='bbox 927 1321 1145 1386; x_wconf 88' lang='lat' dir='ltr'><strong>Prisca,</strong></span> <span class='ocrx_word' id='word_1_78' title='bbox 1167 1321 1313 1377; x_wconf 90' lang='lat' dir='ltr'><strong>unde</strong></span> <span class='ocrx_word' id='word_1_79' title='bbox 1342 1321 1394 1377; x_wconf 91' lang='lat' dir='ltr'><strong>vi</strong></span> <span class='ocrx_word' id='word_1_80' title='bbox 1423 1320 1828 1376; x_wconf 86' lang='lat' dir='ltr'><strong>aGuitbertinis</strong></span> <span class='ocrx_word' id='word_1_81' title='bbox 1867 1319 2062 1390; x_wconf 79' lang='lat' dir='ltr'><strong>dejecli</strong></span> 
     </span>
    </p>
   </div>
   <div class='ocr_carea' id='block_1_13' title="bbox 461 1405 2062 1480">
    <p class='ocr_par' dir='ltr' id='par_1_13' title="bbox 461 1405 2062 1480">
     <span class='ocr_line' id='line_1_13' title="bbox 461 1405 2062 1480; baseline -0.002 -14"><span class='ocrx_word' id='word_1_82' title='bbox 461 1405 680 1467; x_wconf 81' lang='lat' dir='ltr'><strong>fuerant</strong></span> <span class='ocrx_word' id='word_1_83' title='bbox 706 1409 1162 1478; x_wconf 87' lang='lat' dir='ltr'><strong>Vindocineuses,</strong></span> <span class='ocrx_word' id='word_1_84' title='bbox 1185 1425 1307 1466; x_wconf 90' lang='lat' dir='ltr'><strong>cum</strong></span> <span class='ocrx_word' id='word_1_85' title='bbox 1326 1425 1540 1465; x_wconf 84' lang='lat' dir='ltr'><strong>annexa</strong></span> <span class='ocrx_word' id='word_1_86' title='bbox 1565 1409 1854 1464; x_wconf 89' lang='lat' dir='ltr'><strong>cardinalis</strong></span> <span class='ocrx_word' id='word_1_87' title='bbox 1884 1409 2062 1480; x_wconf 79' lang='lat' dir='ltr'><strong>digiti-</strong></span> 
     </span>
    </p>
   </div>
   <div class='ocr_carea' id='block_1_14' title="bbox 462 1495 2062 1571">
    <p class='ocr_par' dir='ltr' id='par_1_14' title="bbox 462 1495 2062 1571">
     <span class='ocr_line' id='line_1_14' title="bbox 462 1495 2062 1571; baseline -0.002 -17"><span class='ocrx_word' id='word_1_88' title='bbox 462 1508 570 1556; x_wconf 87' lang='lat' dir='ltr'><strong>tate</strong></span> <span class='ocrx_word' id='word_1_89' title='bbox 601 1498 937 1571; x_wconf 83' lang='lat' dir='ltr'><strong>postliminio</strong></span> <span class='ocrx_word' id='word_1_90' title='bbox 967 1499 1199 1567; x_wconf 83' lang='lat' dir='ltr'><strong>recepit.</strong></span> <span class='ocrx_word' id='word_1_91' title='bbox 1231 1499 1504 1553; x_wconf 83' lang='lat' dir='ltr'><strong>Reversus</strong></span> <span class='ocrx_word' id='word_1_92' title='bbox 1534 1498 1586 1552; x_wconf 84' lang='lat' dir='ltr'><strong>in</strong></span> <span class='ocrx_word' id='word_1_93' title='bbox 1614 1497 1822 1552; x_wconf 84' lang='lat' dir='ltr'><strong>Gallias</strong></span> <span class='ocrx_word' id='word_1_94' title='bbox 1852 1495 2062 1552; x_wconf 73' lang='lat' dir='ltr'><strong>Salmu-</strong></span> 
     </span>
    </p>
   </div>
   <div class='ocr_carea' id='block_1_15' title="bbox 459 1581 2063 1659">
    <p class='ocr_par' dir='ltr' id='par_1_15' title="bbox 459 1581 2063 1659">
     <span class='ocr_line' id='line_1_15' title="bbox 459 1581 2063 1659; baseline -0.006 -15"><span class='ocrx_word' id='word_1_95' title='bbox 459 1605 580 1644; x_wconf 88' lang='lat' dir='ltr'><strong>rum</strong></span> <span class='ocrx_word' id='word_1_96' title='bbox 615 1588 684 1643; x_wconf 89' lang='lat' dir='ltr'><strong>ad</strong></span> <span class='ocrx_word' id='word_1_97' title='bbox 709 1585 952 1659; x_wconf 81' lang='lat' dir='ltr'><strong>Ligerim</strong></span> <span class='ocrx_word' id='word_1_98' title='bbox 1009 1586 1205 1642; x_wconf 90' lang='lat' dir='ltr'><strong>eodem</strong></span> <span class='ocrx_word' id='word_1_99' title='bbox 1233 1585 1354 1656; x_wconf 92' lang='lat' dir='ltr'><strong>ipso</strong></span> <span class='ocrx_word' id='word_1_100' title='bbox 1385 1601 1548 1651; x_wconf 85' lang='lat' dir='ltr'><strong>anno,</strong></span> <span class='ocrx_word' id='word_1_101' title='bbox 1581 1586 1678 1657; x_wconf 88' lang='lat' dir='ltr'><strong>qui</strong></span> <span class='ocrx_word' id='word_1_102' title='bbox 1709 1584 1806 1640; x_wconf 90' lang='lat' dir='ltr'><strong>fuit</strong></span> <span class='ocrx_word' id='word_1_103' title='bbox 1864 1581 2063 1640; x_wconf 88' lang='lat' dir='ltr'><strong>Christi</strong></span> 
     </span>
    </p>
   </div>
   <div class='ocr_carea' id='block_1_16' title="bbox 461 1673 2063 1748">
    <p class='ocr_par' dir='ltr' id='par_1_16' title="bbox 461 1673 2063 1748">
     <span class='ocr_line' id='line_1_16' title="bbox 461 1673 2063 1748; baseline -0.003 -16"><span class='ocrx_word' id='word_1_104' title='bbox 461 1677 623 1743; x_wconf 71' lang='grc'><strong>1094,</strong></span> <span class='ocrx_word' id='word_1_105' title='bbox 652 1676 722 1731; x_wconf 94' lang='lat' dir='ltr'><strong>ab</strong></span> <span class='ocrx_word' id='word_1_106' title='bbox 755 1676 990 1748; x_wconf 79' lang='lat' dir='ltr'><strong>liugone</strong></span> <span class='ocrx_word' id='word_1_107' title='bbox 1019 1674 1202 1748; x_wconf 84' lang='lat' dir='ltr'><strong>legato</strong></span> <span class='ocrx_word' id='word_1_108' title='bbox 1227 1675 1297 1730; x_wconf 90' lang='lat' dir='ltr'><strong>ad</strong></span> <span class='ocrx_word' id='word_1_109' title='bbox 1315 1674 1565 1730; x_wconf 86' lang='lat' dir='ltr'><strong>Fulconis</strong></span> <span class='ocrx_word' id='word_1_110' title='bbox 1595 1674 1821 1731; x_wconf 85' lang='lat' dir='ltr'><strong>Rechini</strong></span> <span class='ocrx_word' id='word_1_111' title='bbox 1850 1673 2063 1730; x_wconf 91' lang='lat' dir='ltr'><strong>comitis</strong></span> 
     </span>
    </p>
   </div>
   <div class='ocr_carea' id='block_1_17' title="bbox 460 1762 2064 1836">
    <p class='ocr_par' dir='ltr' id='par_1_17' title="bbox 460 1762 2064 1836">
     <span class='ocr_line' id='line_1_17' title="bbox 460 1762 2064 1836; baseline -0.004 -14"><span class='ocrx_word' id='word_1_112' title='bbox 460 1764 828 1836; x_wconf 77' lang='lat' dir='ltr'><strong>expiationem</strong></span> <span class='ocrx_word' id='word_1_113' title='bbox 859 1763 1070 1820; x_wconf 89' lang='lat' dir='ltr'><strong>accitus</strong></span> <span class='ocrx_word' id='word_1_114' title='bbox 1125 1772 1236 1818; x_wconf 88' lang='lat' dir='ltr'><strong>est.</strong></span> <span class='ocrx_word' id='word_1_115' title='bbox 1302 1765 1440 1818; x_wconf 87' lang='lat' dir='ltr'><strong>Tum</strong></span> <span class='ocrx_word' id='word_1_116' title='bbox 1469 1762 1717 1834; x_wconf 89' lang='lat' dir='ltr'><strong>sequenti</strong></span> <span class='ocrx_word' id='word_1_117' title='bbox 1764 1777 1887 1818; x_wconf 84' lang='lat' dir='ltr'><strong>mox</strong></span> <span class='ocrx_word' id='word_1_118' title='bbox 1921 1777 2064 1817; x_wconf 89' lang='lat' dir='ltr'><strong>anno</strong></span> 
     </span>
    </p>
   </div>
   <div class='ocr_carea' id='block_1_18' title="bbox 464 1850 2059 1923">
    <p class='ocr_par' dir='ltr' id='par_1_18' title="bbox 464 1850 2059 1923">
     <span class='ocr_line' id='line_1_18' title="bbox 464 1850 2059 1923; baseline -0.002 -15"><span class='ocrx_word' id='word_1_119' title='bbox 464 1855 534 1908; x_wconf 89' lang='lat' dir='ltr'><strong>ad</strong></span> <span class='ocrx_word' id='word_1_120' title='bbox 566 1853 988 1910; x_wconf 86' lang='lat' dir='ltr'><strong>celeberrimum</strong></span> <span class='ocrx_word' id='word_1_121' title='bbox 1018 1852 1164 1923; x_wconf 90' lang='lat' dir='ltr'><strong>apud</strong></span> <span class='ocrx_word' id='word_1_122' title='bbox 1209 1853 1492 1908; x_wconf 83' lang='lat' dir='ltr'><strong>Arvernos</strong></span> <span class='ocrx_word' id='word_1_123' title='bbox 1526 1851 1816 1908; x_wconf 89' lang='lat' dir='ltr'><strong>concilium</strong></span> <span class='ocrx_word' id='word_1_124' title='bbox 1863 1850 1933 1905; x_wconf 91' lang='lat' dir='ltr'><strong>ab</strong></span> <span class='ocrx_word' id='word_1_125' title='bbox 1954 1852 2059 1908; x_wconf 92' lang='lat' dir='ltr'><strong>Ur-</strong></span> 
     </span>
    </p>
   </div>
   <div class='ocr_carea' id='block_1_19' title="bbox 463 1939 2061 2007">
    <p class='ocr_par' dir='ltr' id='par_1_19' title="bbox 463 1939 2061 2007">
     <span class='ocr_line' id='line_1_19' title="bbox 463 1939 2061 2007; baseline -0.002 -11"><span class='ocrx_word' id='word_1_126' title='bbox 463 1943 606 1999; x_wconf 88' lang='lat' dir='ltr'><strong>bano</strong></span> <span class='ocrx_word' id='word_1_127' title='bbox 635 1950 863 1998; x_wconf 89' lang='lat' dir='ltr'><strong>vocatus</strong></span> <span class='ocrx_word' id='word_1_128' title='bbox 886 1939 1146 2007; x_wconf 86' lang='lat' dir='ltr'><strong>interfuit,</strong></span> <span class='ocrx_word' id='word_1_129' title='bbox 1179 1939 1464 1996; x_wconf 82' lang='lat' dir='ltr'><strong>adfuturus</strong></span> <span class='ocrx_word' id='word_1_130' title='bbox 1491 1939 1649 1994; x_wconf 90' lang='lat' dir='ltr'><strong>etiam</strong></span> <span class='ocrx_word' id='word_1_131' title='bbox 1710 1939 2061 1994; x_wconf 90' lang='lat' dir='ltr'><strong>Lateranensi</strong></span> 
     </span>
    </p>
   </div>
   <div class='ocr_carea' id='block_1_20' title="bbox 462 2028 2062 2100">
    <p class='ocr_par' dir='ltr' id='par_1_20' title="bbox 462 2028 2062 2100">
     <span class='ocr_line' id='line_1_20' title="bbox 462 2028 2062 2100; baseline -0.004 -14"><span class='ocrx_word' id='word_1_132' title='bbox 462 2029 748 2088; x_wconf 81' lang='lat' dir='ltr'><strong>Paschalis</strong></span> <span class='ocrx_word' id='word_1_133' title='bbox 807 2031 872 2093; x_wconf 85' lang='lat' dir='ltr'><strong>ll.</strong></span> <span class='ocrx_word' id='word_1_134' title='bbox 899 2037 954 2084; x_wconf 87' lang='lat' dir='ltr'><strong>et</strong></span> <span class='ocrx_word' id='word_1_135' title='bbox 1007 2029 1256 2085; x_wconf 81' lang='lat' dir='ltr'><strong>Romano</strong></span> <span class='ocrx_word' id='word_1_136' title='bbox 1283 2028 1413 2084; x_wconf 87' lang='lat' dir='ltr'><strong>item</strong></span> <span class='ocrx_word' id='word_1_137' title='bbox 1444 2028 1650 2084; x_wconf 88' lang='lat' dir='ltr'><strong>Callisti</strong></span> <span class='ocrx_word' id='word_1_138' title='bbox 1698 2029 1766 2092; x_wconf 84' lang='lat' dir='ltr'><strong>ll,</strong></span> <span class='ocrx_word' id='word_1_139' title='bbox 1799 2045 1829 2082; x_wconf 89' lang='lat' dir='ltr'><strong>a</strong></span> <span class='ocrx_word' id='word_1_140' title='bbox 1860 2028 2062 2100; x_wconf 88' lang='lat' dir='ltr'><strong>quibus</strong></span> 
     </span>
    </p>
   </div>
   <div class='ocr_carea' id='block_1_21' title="bbox 463 2115 2061 2190">
    <p class='ocr_par' dir='ltr' id='par_1_21' title="bbox 463 2115 2061 2190">
     <span class='ocr_line' id='line_1_21' title="bbox 463 2115 2061 2190; baseline -0.002 -16"><span class='ocrx_word' id='word_1_141' title='bbox 463 2119 669 2190; x_wconf 89' lang='lat' dir='ltr'><strong>pariter</strong></span> <span class='ocrx_word' id='word_1_142' title='bbox 696 2119 1050 2184; x_wconf 88' lang='lat' dir='ltr'><strong>evocabatur,</strong></span> <span class='ocrx_word' id='word_1_143' title='bbox 1081 2117 1188 2172; x_wconf 83' lang='lat' dir='ltr'><strong>nisi</strong></span> <span class='ocrx_word' id='word_1_144' title='bbox 1214 2117 1448 2172; x_wconf 86' lang='lat' dir='ltr'><strong>alterum</strong></span> <span class='ocrx_word' id='word_1_145' title='bbox 1493 2117 1599 2172; x_wconf 86' lang='lat' dir='ltr'><strong>iter</strong></span> <span class='ocrx_word' id='word_1_146' title='bbox 1629 2115 1867 2172; x_wconf 88' lang='lat' dir='ltr'><strong>brevitas</strong></span> <span class='ocrx_word' id='word_1_147' title='bbox 1916 2121 2061 2171; x_wconf 90' lang='lat' dir='ltr'><strong>tem-</strong></span> 
     </span>
    </p>
   </div>
   <div class='ocr_carea' id='block_1_22' title="bbox 461 2205 2062 2280">
    <p class='ocr_par' dir='ltr' id='par_1_22' title="bbox 461 2205 2062 2280">
     <span class='ocr_line' id='line_1_22' title="bbox 461 2205 2062 2280; baseline -0.002 -17"><span class='ocrx_word' id='word_1_148' title='bbox 461 2208 632 2280; x_wconf 89' lang='lat' dir='ltr'><strong>poris,</strong></span> <span class='ocrx_word' id='word_1_149' title='bbox 672 2205 906 2262; x_wconf 82' lang='lat' dir='ltr'><strong>alterum</strong></span> <span class='ocrx_word' id='word_1_150' title='bbox 939 2205 1134 2260; x_wconf 87' lang='lat' dir='ltr'><strong>hiemis</strong></span> <span class='ocrx_word' id='word_1_151' title='bbox 1161 2205 1429 2276; x_wconf 87' lang='lat' dir='ltr'><strong>asperitas</strong></span> <span class='ocrx_word' id='word_1_152' title='bbox 1473 2205 1817 2261; x_wconf 80' lang='lat' dir='ltr'><strong>exclusisset.</strong></span> <span class='ocrx_word' id='word_1_153' title='bbox 1841 2205 2062 2261; x_wconf 87' lang='lat' dir='ltr'><strong>Urbano</strong></span> 
     </span>
    </p>
   </div>
   <div class='ocr_carea' id='block_1_23' title="bbox 464 2291 2061 2368">
    <p class='ocr_par' dir='ltr' id='par_1_23' title="bbox 464 2291 2061 2368">
     <span class='ocr_line' id='line_1_23' title="bbox 464 2291 2061 2368; baseline -0.003 -17"><span class='ocrx_word' id='word_1_154' title='bbox 464 2313 619 2362; x_wconf 89' lang='lat' dir='ltr'><strong>sane,</strong></span> <span class='ocrx_word' id='word_1_155' title='bbox 653 2296 833 2368; x_wconf 89' lang='lat' dir='ltr'><strong>quoad</strong></span> <span class='ocrx_word' id='word_1_156' title='bbox 863 2293 1176 2362; x_wconf 84' lang='lat' dir='ltr'><strong>vixit,unici</strong></span> <span class='ocrx_word' id='word_1_157' title='bbox 1205 2293 1301 2348; x_wconf 80' lang='lat' dir='ltr'><strong>filii</strong></span> <span class='ocrx_word' id='word_1_158' title='bbox 1323 2293 1495 2349; x_wconf 87' lang='lat' dir='ltr'><strong>instar</strong></span> <span class='ocrx_word' id='word_1_159' title='bbox 1511 2294 1712 2348; x_wconf 89' lang='lat' dir='ltr'><strong>charus</strong></span> <span class='ocrx_word' id='word_1_160' title='bbox 1738 2291 1872 2349; x_wconf 87' lang='lat' dir='ltr'><strong>fuit:</strong></span> <span class='ocrx_word' id='word_1_161' title='bbox 1899 2310 2061 2366; x_wconf 88' lang='lat' dir='ltr'><strong>quem</strong></span> 
     </span>
    </p>
   </div>
   <div class='ocr_carea' id='block_1_24' title="bbox 461 2381 2060 2454">
    <p class='ocr_par' dir='ltr' id='par_1_24' title="bbox 461 2381 2060 2454">
     <span class='ocr_line' id='line_1_24' title="bbox 461 2381 2060 2454; baseline -0.004 -14"><span class='ocrx_word' id='word_1_162' title='bbox 461 2384 623 2440; x_wconf 87' lang='lat' dir='ltr'><strong>etiam</strong></span> <span class='ocrx_word' id='word_1_163' title='bbox 683 2382 988 2448; x_wconf 88' lang='lat' dir='ltr'><strong>Vindocini,</strong></span> <span class='ocrx_word' id='word_1_164' title='bbox 1044 2399 1111 2438; x_wconf 87' lang='lat' dir='ltr'><strong>ac</strong></span> <span class='ocrx_word' id='word_1_165' title='bbox 1161 2391 1351 2454; x_wconf 88' lang='lat' dir='ltr'><strong>postea</strong></span> <span class='ocrx_word' id='word_1_166' title='bbox 1428 2381 1740 2438; x_wconf 87' lang='lat' dir='ltr'><strong>Paschalem</strong></span> <span class='ocrx_word' id='word_1_167' title='bbox 1787 2382 2060 2436; x_wconf 90' lang='lat' dir='ltr'><strong>undenum</strong></span> 
     </span>
    </p>
   </div>
   <div class='ocr_carea' id='block_1_25' title="bbox 461 2469 2059 2544">
    <p class='ocr_par' dir='ltr' id='par_1_25' title="bbox 461 2469 2059 2544">
     <span class='ocr_line' id='line_1_25' title="bbox 461 2469 2059 2544; baseline -0.003 -16"><span class='ocrx_word' id='word_1_168' title='bbox 461 2473 674 2530; x_wconf 88' lang='lat' dir='ltr'><strong>dierum</strong></span> <span class='ocrx_word' id='word_1_169' title='bbox 707 2472 882 2544; x_wconf 91' lang='lat' dir='ltr'><strong>spatio</strong></span> <span class='ocrx_word' id='word_1_170' title='bbox 909 2471 1180 2542; x_wconf 81' lang='lat' dir='ltr'><strong>hospitem</strong></span> <span class='ocrx_word' id='word_1_171' title='bbox 1211 2470 1418 2525; x_wconf 89' lang='lat' dir='ltr'><strong>habuit.</strong></span> <span class='ocrx_word' id='word_1_172' title='bbox 1443 2469 1667 2526; x_wconf 87' lang='lat' dir='ltr'><strong>Callisto</strong></span> <span class='ocrx_word' id='word_1_173' title='bbox 1687 2478 1868 2525; x_wconf 77' lang='lat' dir='ltr'><strong>autem</strong></span> <span class='ocrx_word' id='word_1_174' title='bbox 1887 2470 2059 2526; x_wconf 90' lang='lat' dir='ltr'><strong>veteri</strong></span> 
     </span>
    </p>
   </div>
   <div class='ocr_carea' id='block_1_26' title="bbox 465 2557 2062 2630">
    <p class='ocr_par' dir='ltr' id='par_1_26' title="bbox 465 2557 2062 2630">
     <span class='ocr_line' id='line_1_26' title="bbox 465 2557 2062 2630; baseline -0.002 -14"><span class='ocrx_word' id='word_1_175' title='bbox 465 2560 878 2618; x_wconf 86' lang='lat' dir='ltr'><strong>necessitudine</strong></span> <span class='ocrx_word' id='word_1_176' title='bbox 908 2559 1250 2626; x_wconf 83' lang='lat' dir='ltr'><strong>conjunctus,</strong></span> <span class='ocrx_word' id='word_1_177' title='bbox 1284 2567 1355 2622; x_wconf 87' lang='lat' dir='ltr'><strong>et,</strong></span> <span class='ocrx_word' id='word_1_178' title='bbox 1383 2559 1530 2630; x_wconf 90' lang='lat' dir='ltr'><strong>quod</strong></span> <span class='ocrx_word' id='word_1_179' title='bbox 1548 2557 1834 2630; x_wconf 90' lang='lat' dir='ltr'><strong>utriusque</strong></span> <span class='ocrx_word' id='word_1_180' title='bbox 1862 2566 2062 2614; x_wconf 82' lang='lat' dir='ltr'><strong>mutua</strong></span> 
     </span>
    </p>
   </div>
   <div class='ocr_carea' id='block_1_27' title="bbox 466 2645 2064 2721">
    <p class='ocr_par' dir='ltr' id='par_1_27' title="bbox 466 2645 2064 2721">
     <span class='ocr_line' id='line_1_27' title="bbox 466 2645 2064 2721; baseline -0.001 -18"><span class='ocrx_word' id='word_1_181' title='bbox 466 2647 712 2721; x_wconf 78' lang='lat' dir='ltr'><strong>epistola</strong></span> <span class='ocrx_word' id='word_1_182' title='bbox 752 2648 1066 2712; x_wconf 89' lang='lat' dir='ltr'><strong>ostendunt,</strong></span> <span class='ocrx_word' id='word_1_183' title='bbox 1099 2646 1322 2700; x_wconf 90' lang='lat' dir='ltr'><strong>intimus</strong></span> <span class='ocrx_word' id='word_1_184' title='bbox 1378 2647 1493 2700; x_wconf 87' lang='lat' dir='ltr'><strong>fuit.</strong></span> <span class='ocrx_word' id='word_1_185' title='bbox 1529 2645 1648 2714; x_wconf 89' lang='lat' dir='ltr'><strong>Quo</strong></span> <span class='ocrx_word' id='word_1_186' title='bbox 1705 2655 1968 2716; x_wconf 85' lang='lat' dir='ltr'><strong>praterea</strong></span> <span class='ocrx_word' id='word_1_187' title='bbox 2009 2647 2064 2701; x_wconf 94' lang='lat' dir='ltr'><strong>in</strong></span> 
     </span>
    </p>
   </div>
   <div class='ocr_carea' id='block_1_28' title="bbox 470 2732 2059 2808">
    <p class='ocr_par' dir='ltr' id='par_1_28' title="bbox 470 2732 2059 2808">
     <span class='ocr_line' id='line_1_28' title="bbox 470 2732 2059 2808; baseline -0.001 -16"><span class='ocrx_word' id='word_1_188' title='bbox 470 2752 695 2793; x_wconf 88' lang='lat' dir='ltr'><strong>numero</strong></span> <span class='ocrx_word' id='word_1_189' title='bbox 717 2735 862 2806; x_wconf 89' lang='lat' dir='ltr'><strong>apud</strong></span> <span class='ocrx_word' id='word_1_190' title='bbox 892 2735 1231 2791; x_wconf 84' lang='lat' dir='ltr'><strong>Ludovicum</strong></span> <span class='ocrx_word' id='word_1_191' title='bbox 1264 2733 1332 2788; x_wconf 87' lang='lat' dir='ltr'><strong>Vl</strong></span> <span class='ocrx_word' id='word_1_192' title='bbox 1363 2751 1551 2808; x_wconf 79' lang='lat' dir='ltr'><strong>regem</strong></span> <span class='ocrx_word' id='word_1_193' title='bbox 1584 2732 1817 2790; x_wconf 76' lang='lat' dir='ltr'><strong>Goﬂ&#39;ridi</strong></span> <span class='ocrx_word' id='word_1_194' title='bbox 1862 2750 2059 2790; x_wconf 89' lang='lat' dir='ltr'><strong>nomen</strong></span> 
     </span>
    </p>
   </div>
   <div class='ocr_carea' id='block_1_29' title="bbox 471 2822 2064 2896">
    <p class='ocr_par' dir='ltr' id='par_1_29' title="bbox 471 2822 2064 2896">
     <span class='ocr_line' id='line_1_29' title="bbox 471 2822 2064 2896; baseline -0.003 -14"><span class='ocrx_word' id='word_1_195' title='bbox 471 2826 652 2892; x_wconf 91' lang='lat' dir='ltr'><strong>fuerit,</strong></span> <span class='ocrx_word' id='word_1_196' title='bbox 682 2825 784 2881; x_wconf 89' lang='lat' dir='ltr'><strong>hoc</strong></span> <span class='ocrx_word' id='word_1_197' title='bbox 811 2824 1075 2890; x_wconf 81' lang='lat' dir='ltr'><strong>declarat,</strong></span> <span class='ocrx_word' id='word_1_198' title='bbox 1125 2823 1264 2896; x_wconf 90' lang='lat' dir='ltr'><strong>quod</strong></span> <span class='ocrx_word' id='word_1_199' title='bbox 1288 2839 1319 2878; x_wconf 91' lang='lat' dir='ltr'><strong>a</strong></span> <span class='ocrx_word' id='word_1_200' title='bbox 1351 2840 1485 2896; x_wconf 83' lang='lat' dir='ltr'><strong>rege</strong></span> <span class='ocrx_word' id='word_1_201' title='bbox 1512 2823 1760 2879; x_wconf 86' lang='lat' dir='ltr'><strong>delectus</strong></span> <span class='ocrx_word' id='word_1_202' title='bbox 1797 2831 1878 2878; x_wconf 89' lang='lat' dir='ltr'><strong>est</strong></span> <span class='ocrx_word' id='word_1_203' title='bbox 1921 2822 2064 2878; x_wconf 88' lang='lat' dir='ltr'><strong>inter</strong></span> 
     </span>
    </p>
   </div>
   <div class='ocr_carea' id='block_1_30' title="bbox 2166 612 3754 684">
    <p class='ocr_par' dir='ltr' id='par_1_30' title="bbox 2166 612 3754 684">
     <span class='ocr_line' id='line_1_30' title="bbox 2166 612 3754 684; baseline 0 -14"><span class='ocrx_word' id='word_1_204' title='bbox 2166 613 2254 670; x_wconf 91' lang='lat' dir='ltr'><strong>cia</strong></span> <span class='ocrx_word' id='word_1_205' title='bbox 2283 612 2532 670; x_wconf 79' lang='lat' dir='ltr'><strong>Francia</strong></span> <span class='ocrx_word' id='word_1_206' title='bbox 2579 613 2649 668; x_wconf 91' lang='lat' dir='ltr'><strong>ab</strong></span> <span class='ocrx_word' id='word_1_207' title='bbox 2679 613 3100 684; x_wconf 82' lang='lat' dir='ltr'><strong>Andegavorum</strong></span> <span class='ocrx_word' id='word_1_208' title='bbox 3153 615 3348 670; x_wconf 89' lang='lat' dir='ltr'><strong>comite</strong></span> <span class='ocrx_word' id='word_1_209' title='bbox 3403 615 3754 671; x_wconf 84' lang='lat' dir='ltr'><strong>movebatur.</strong></span> 
     </span>
    </p>
   </div>
   <div class='ocr_carea' id='block_1_31' title="bbox 2165 701 3763 774">
    <p class='ocr_par' dir='ltr' id='par_1_31' title="bbox 2165 701 3763 774">
     <span class='ocr_line' id='line_1_31' title="bbox 2165 701 3763 774; baseline 0.002 -18"><span class='ocrx_word' id='word_1_210' title='bbox 2165 701 2557 758; x_wconf 86' lang='lat' dir='ltr'><strong>Monasterium</strong></span> <span class='ocrx_word' id='word_1_211' title='bbox 2595 717 2804 756; x_wconf 87' lang='lat' dir='ltr'><strong>summa</strong></span> <span class='ocrx_word' id='word_1_212' title='bbox 2833 717 2968 757; x_wconf 88' lang='lat' dir='ltr'><strong>cura</strong></span> <span class='ocrx_word' id='word_1_213' title='bbox 2995 711 3046 756; x_wconf 94' lang='lat' dir='ltr'><strong>et</strong></span> <span class='ocrx_word' id='word_1_214' title='bbox 3076 702 3356 774; x_wconf 80' lang='lat' dir='ltr'><strong>vigilantia</strong></span> <span class='ocrx_word' id='word_1_215' title='bbox 3414 704 3572 770; x_wconf 78' lang='lat' dir='ltr'><strong>rexit,</strong></span> <span class='ocrx_word' id='word_1_216' title='bbox 3606 703 3680 759; x_wconf 90' lang='lat' dir='ltr'><strong>ita</strong></span> <span class='ocrx_word' id='word_1_217' title='bbox 3709 713 3763 759; x_wconf 91' lang='lat' dir='ltr'><strong>ut</strong></span> 
     </span>
    </p>
   </div>
   <div class='ocr_carea' id='block_1_32' title="bbox 2166 789 3758 862">
    <p class='ocr_par' dir='ltr' id='par_1_32' title="bbox 2166 789 3758 862">
     <span class='ocr_line' id='line_1_32' title="bbox 2166 789 3758 862; baseline 0.002 -17"><span class='ocrx_word' id='word_1_218' title='bbox 2166 790 2374 845; x_wconf 91' lang='lat' dir='ltr'><strong>nullum</strong></span> <span class='ocrx_word' id='word_1_219' title='bbox 2405 790 2497 845; x_wconf 92' lang='lat' dir='ltr'><strong>illo</strong></span> <span class='ocrx_word' id='word_1_220' title='bbox 2529 795 2644 845; x_wconf 86' lang='lat' dir='ltr'><strong>tota</strong></span> <span class='ocrx_word' id='word_1_221' title='bbox 2677 789 2888 852; x_wconf 85' lang='lat' dir='ltr'><strong>Gallia,</strong></span> <span class='ocrx_word' id='word_1_222' title='bbox 2911 790 3057 860; x_wconf 90' lang='lat' dir='ltr'><strong>quod</strong></span> <span class='ocrx_word' id='word_1_223' title='bbox 3088 807 3194 846; x_wconf 92' lang='lat' dir='ltr'><strong>non</strong></span> <span class='ocrx_word' id='word_1_224' title='bbox 3210 791 3457 847; x_wconf 90' lang='lat' dir='ltr'><strong>unoloco</strong></span> <span class='ocrx_word' id='word_1_225' title='bbox 3478 792 3758 862; x_wconf 89' lang='lat' dir='ltr'><strong>pradicat,</strong></span> 
     </span>
    </p>
   </div>
   <div class='ocr_carea' id='block_1_33' title="bbox 2167 878 3760 952">
    <p class='ocr_par' dir='ltr' id='par_1_33' title="bbox 2167 878 3760 952">
     <span class='ocr_line' id='line_1_33' title="bbox 2167 878 3760 952; baseline 0.001 -18"><span class='ocrx_word' id='word_1_226' title='bbox 2167 895 2233 934; x_wconf 83' lang='lat' dir='ltr'><strong>ea</strong></span> <span class='ocrx_word' id='word_1_227' title='bbox 2261 886 2421 934; x_wconf 87' lang='lat' dir='ltr'><strong>atate</strong></span> <span class='ocrx_word' id='word_1_228' title='bbox 2451 878 2756 933; x_wconf 84' lang='lat' dir='ltr'><strong>ordinatius</strong></span> <span class='ocrx_word' id='word_1_229' title='bbox 2782 878 3083 933; x_wconf 85' lang='lat' dir='ltr'><strong>haberetur</strong></span> <span class='ocrx_word' id='word_1_230' title='bbox 3113 895 3128 943; x_wconf 88' lang='lat'><strong>;</strong></span> <span class='ocrx_word' id='word_1_231' title='bbox 3159 888 3212 933; x_wconf 89' lang='lat' dir='ltr'><strong>et</strong></span> <span class='ocrx_word' id='word_1_232' title='bbox 3243 895 3561 952; x_wconf 86' lang='lat' dir='ltr'><strong>quanquam</strong></span> <span class='ocrx_word' id='word_1_233' title='bbox 3619 897 3760 937; x_wconf 90' lang='lat' dir='ltr'><strong>non-</strong></span> 
     </span>
    </p>
   </div>
   <div class='ocr_carea' id='block_1_34' title="bbox 2167 966 3758 1038">
    <p class='ocr_par' dir='ltr' id='par_1_34' title="bbox 2167 966 3758 1038">
     <span class='ocr_line' id='line_1_34' title="bbox 2167 966 3758 1038; baseline 0 -15"><span class='ocrx_word' id='word_1_234' title='bbox 2167 967 2330 1023; x_wconf 90' lang='lat' dir='ltr'><strong>nullis</strong></span> <span class='ocrx_word' id='word_1_235' title='bbox 2349 967 2596 1038; x_wconf 85' lang='lat' dir='ltr'><strong>asperior</strong></span> <span class='ocrx_word' id='word_1_236' title='bbox 2642 966 2954 1030; x_wconf 82' lang='lat' dir='ltr'><strong>videbatur,</strong></span> <span class='ocrx_word' id='word_1_237' title='bbox 2985 967 3103 1038; x_wconf 88' lang='lat' dir='ltr'><strong>ipse</strong></span> <span class='ocrx_word' id='word_1_238' title='bbox 3130 974 3315 1022; x_wconf 90' lang='lat' dir='ltr'><strong>tamen</strong></span> <span class='ocrx_word' id='word_1_239' title='bbox 3363 984 3423 1023; x_wconf 90' lang='lat' dir='ltr'><strong>se</strong></span> <span class='ocrx_word' id='word_1_240' title='bbox 3453 969 3522 1024; x_wconf 90' lang='lat' dir='ltr'><strong>ad</strong></span> <span class='ocrx_word' id='word_1_241' title='bbox 3575 967 3758 1023; x_wconf 89' lang='lat' dir='ltr'><strong>indul-</strong></span> 
     </span>
    </p>
   </div>
   <div class='ocr_carea' id='block_1_35' title="bbox 2168 1055 3760 1128">
    <p class='ocr_par' dir='ltr' id='par_1_35' title="bbox 2168 1055 3760 1128">
     <span class='ocr_line' id='line_1_35' title="bbox 2168 1055 3760 1128; baseline 0.003 -19"><span class='ocrx_word' id='word_1_242' title='bbox 2168 1056 2406 1128; x_wconf 82' lang='lat' dir='ltr'><strong>gentiam</strong></span> <span class='ocrx_word' id='word_1_243' title='bbox 2435 1063 2626 1110; x_wconf 90' lang='lat' dir='ltr'><strong>natura</strong></span> <span class='ocrx_word' id='word_1_244' title='bbox 2675 1055 2982 1126; x_wconf 90' lang='lat' dir='ltr'><strong>proniorem</strong></span> <span class='ocrx_word' id='word_1_245' title='bbox 3009 1055 3174 1110; x_wconf 85' lang='lat' dir='ltr'><strong>fuisse</strong></span> <span class='ocrx_word' id='word_1_246' title='bbox 3195 1056 3408 1111; x_wconf 85' lang='lat' dir='ltr'><strong>scribit.</strong></span> <span class='ocrx_word' id='word_1_247' title='bbox 3465 1058 3760 1113; x_wconf 86' lang='lat' dir='ltr'><strong>Proventus</strong></span> 
     </span>
    </p>
   </div>
   <div class='ocr_carea' id='block_1_36' title="bbox 2169 1143 3756 1216">
    <p class='ocr_par' dir='ltr' id='par_1_36' title="bbox 2169 1143 3756 1216">
     <span class='ocr_line' id='line_1_36' title="bbox 2169 1143 3756 1216; baseline 0.002 -18"><span class='ocrx_word' id='word_1_248' title='bbox 2169 1159 2298 1199; x_wconf 89' lang='lat' dir='ltr'><strong>vero</strong></span> <span class='ocrx_word' id='word_1_249' title='bbox 2327 1147 2493 1216; x_wconf 88' lang='lat' dir='ltr'><strong>atque</strong></span> <span class='ocrx_word' id='word_1_250' title='bbox 2522 1159 2656 1214; x_wconf 90' lang='lat' dir='ltr'><strong>opes</strong></span> <span class='ocrx_word' id='word_1_251' title='bbox 2678 1151 2935 1198; x_wconf 88' lang='lat' dir='ltr'><strong>externas</strong></span> <span class='ocrx_word' id='word_1_252' title='bbox 2966 1143 3046 1199; x_wconf 91' lang='lat' dir='ltr'><strong>sic</strong></span> <span class='ocrx_word' id='word_1_253' title='bbox 3075 1143 3450 1216; x_wconf 79' lang='lat' dir='ltr'><strong>amplificavit,</strong></span> <span class='ocrx_word' id='word_1_254' title='bbox 3481 1153 3537 1199; x_wconf 93' lang='lat' dir='ltr'><strong>ut</strong></span> <span class='ocrx_word' id='word_1_255' title='bbox 3563 1161 3756 1203; x_wconf 88' lang='lat' dir='ltr'><strong>mona-</strong></span> 
     </span>
    </p>
   </div>
   <div class='ocr_carea' id='block_1_37' title="bbox 2169 1231 3759 1304">
    <p class='ocr_par' dir='ltr' id='par_1_37' title="bbox 2169 1231 3759 1304">
     <span class='ocr_line' id='line_1_37' title="bbox 2169 1231 3759 1304; baseline 0.002 -18"><span class='ocrx_word' id='word_1_256' title='bbox 2169 1233 2396 1288; x_wconf 90' lang='lat' dir='ltr'><strong>sterium</strong></span> <span class='ocrx_word' id='word_1_257' title='bbox 2425 1231 2591 1303; x_wconf 92' lang='lat' dir='ltr'><strong>duplo</strong></span> <span class='ocrx_word' id='word_1_258' title='bbox 2608 1248 2774 1304; x_wconf 89' lang='lat' dir='ltr'><strong>quam</strong></span> <span class='ocrx_word' id='word_1_259' title='bbox 2788 1240 3096 1302; x_wconf 87' lang='lat' dir='ltr'><strong>acceperat,</strong></span> <span class='ocrx_word' id='word_1_260' title='bbox 3111 1232 3438 1304; x_wconf 88' lang='lat' dir='ltr'><strong>locupletius</strong></span> <span class='ocrx_word' id='word_1_261' title='bbox 3452 1233 3759 1304; x_wconf 90' lang='lat' dir='ltr'><strong>copiosius-</strong></span> 
     </span>
    </p>
   </div>
   <div class='ocr_carea' id='block_1_38' title="bbox 2170 1319 3758 1392">
    <p class='ocr_par' dir='ltr' id='par_1_38' title="bbox 2170 1319 3758 1392">
     <span class='ocr_line' id='line_1_38' title="bbox 2170 1319 3758 1392; baseline 0.001 -17"><span class='ocrx_word' id='word_1_262' title='bbox 2170 1337 2277 1392; x_wconf 91' lang='lat' dir='ltr'><strong>que</strong></span> <span class='ocrx_word' id='word_1_263' title='bbox 2326 1320 2632 1392; x_wconf 74' lang='lat' dir='ltr'><strong>reliquerit.</strong></span> <span class='ocrx_word' id='word_1_264' title='bbox 2699 1320 2807 1376; x_wconf 87' lang='lat' dir='ltr'><strong>Sed</strong></span> <span class='ocrx_word' id='word_1_265' title='bbox 2837 1319 3019 1376; x_wconf 89' lang='lat' dir='ltr'><strong>multa</strong></span> <span class='ocrx_word' id='word_1_266' title='bbox 3061 1320 3162 1388; x_wconf 85' lang='lat' dir='ltr'><strong>illi,</strong></span> <span class='ocrx_word' id='word_1_267' title='bbox 3193 1329 3252 1376; x_wconf 91' lang='lat' dir='ltr'><strong>ut</strong></span> <span class='ocrx_word' id='word_1_268' title='bbox 3294 1337 3414 1376; x_wconf 89' lang='lat' dir='ltr'><strong>mos</strong></span> <span class='ocrx_word' id='word_1_269' title='bbox 3471 1329 3571 1387; x_wconf 88' lang='lat' dir='ltr'><strong>est,</strong></span> <span class='ocrx_word' id='word_1_270' title='bbox 3631 1323 3758 1378; x_wconf 89' lang='lat' dir='ltr'><strong>dum</strong></span> 
     </span>
    </p>
   </div>
   <div class='ocr_carea' id='block_1_39' title="bbox 2170 1403 3759 1480">
    <p class='ocr_par' dir='ltr' id='par_1_39' title="bbox 2170 1403 3759 1480">
     <span class='ocr_line' id='line_1_39' title="bbox 2170 1403 3759 1480; baseline 0.003 -17"><span class='ocrx_word' id='word_1_271' title='bbox 2170 1403 2394 1480; x_wconf 85' lang='lat' dir='ltr'><strong>antiqua</strong></span> <span class='ocrx_word' id='word_1_272' title='bbox 2415 1409 2558 1464; x_wconf 91' lang='lat' dir='ltr'><strong>illius</strong></span> <span class='ocrx_word' id='word_1_273' title='bbox 2564 1409 2692 1479; x_wconf 91' lang='lat' dir='ltr'><strong>jura</strong></span> <span class='ocrx_word' id='word_1_274' title='bbox 2710 1417 2762 1464; x_wconf 92' lang='lat' dir='ltr'><strong>et</strong></span> <span class='ocrx_word' id='word_1_275' title='bbox 2774 1409 3156 1480; x_wconf 88' lang='lat' dir='ltr'><strong>possessiones</strong></span> <span class='ocrx_word' id='word_1_276' title='bbox 3171 1417 3554 1476; x_wconf 90' lang='lat' dir='ltr'><strong>tueretur,cum</strong></span> <span class='ocrx_word' id='word_1_277' title='bbox 3568 1409 3759 1467; x_wconf 85' lang='lat' dir='ltr'><strong>vicinis</strong></span> 
     </span>
    </p>
   </div>
   <div class='ocr_carea' id='block_1_40' title="bbox 2171 1497 3758 1569">
    <p class='ocr_par' dir='ltr' id='par_1_40' title="bbox 2171 1497 3758 1569">
     <span class='ocr_line' id='line_1_40' title="bbox 2171 1497 3758 1569; baseline 0.003 -17"><span class='ocrx_word' id='word_1_278' title='bbox 2171 1497 2462 1568; x_wconf 83' lang='lat' dir='ltr'><strong>episcopis,</strong></span> <span class='ocrx_word' id='word_1_279' title='bbox 2497 1497 2788 1552; x_wconf 87' lang='lat' dir='ltr'><strong>abbatibus</strong></span> <span class='ocrx_word' id='word_1_280' title='bbox 2831 1505 2885 1552; x_wconf 89' lang='lat' dir='ltr'><strong>et</strong></span> <span class='ocrx_word' id='word_1_281' title='bbox 2913 1497 3250 1569; x_wconf 75' lang='lat' dir='ltr'><strong>principibus</strong></span> <span class='ocrx_word' id='word_1_282' title='bbox 3281 1497 3410 1552; x_wconf 87' lang='lat' dir='ltr'><strong>viris</strong></span> <span class='ocrx_word' id='word_1_283' title='bbox 3463 1498 3758 1557; x_wconf 85' lang='lat' dir='ltr'><strong>subeunda</strong></span> 
     </span>
    </p>
   </div>
   <div class='ocr_carea' id='block_1_41' title="bbox 2170 1585 3758 1660">
    <p class='ocr_par' dir='ltr' id='par_1_41' title="bbox 2170 1585 3758 1660">
     <span class='ocr_line' id='line_1_41' title="bbox 2170 1585 3758 1660; baseline 0.002 -21"><span class='ocrx_word' id='word_1_284' title='bbox 2170 1586 2435 1641; x_wconf 88' lang='lat' dir='ltr'><strong>molestia</strong></span> <span class='ocrx_word' id='word_1_285' title='bbox 2456 1595 2509 1640; x_wconf 90' lang='lat' dir='ltr'><strong>et</strong></span> <span class='ocrx_word' id='word_1_286' title='bbox 2538 1586 2916 1641; x_wconf 89' lang='lat' dir='ltr'><strong>contentiones</strong></span> <span class='ocrx_word' id='word_1_287' title='bbox 2963 1585 3203 1640; x_wconf 86' lang='lat' dir='ltr'><strong>fuerunt.</strong></span> <span class='ocrx_word' id='word_1_288' title='bbox 3242 1586 3472 1660; x_wconf 82' lang='lat' dir='ltr'><strong>Ingenio</strong></span> <span class='ocrx_word' id='word_1_289' title='bbox 3503 1585 3598 1642; x_wconf 91' lang='lat' dir='ltr'><strong>fuit</strong></span> <span class='ocrx_word' id='word_1_290' title='bbox 3641 1587 3758 1644; x_wconf 89' lang='lat' dir='ltr'><strong>acri</strong></span> 
     </span>
    </p>
   </div>
   <div class='ocr_carea' id='block_1_42' title="bbox 2171 1673 3758 1745">
    <p class='ocr_par' dir='ltr' id='par_1_42' title="bbox 2171 1673 3758 1745">
     <span class='ocr_line' id='line_1_42' title="bbox 2171 1673 3758 1745; baseline 0.001 -15"><span class='ocrx_word' id='word_1_291' title='bbox 2171 1682 2226 1730; x_wconf 91' lang='lat' dir='ltr'><strong>et</strong></span> <span class='ocrx_word' id='word_1_292' title='bbox 2255 1674 2434 1730; x_wconf 83' lang='lat' dir='ltr'><strong>vivido</strong></span> <span class='ocrx_word' id='word_1_293' title='bbox 2459 1675 2634 1745; x_wconf 88' lang='lat' dir='ltr'><strong>;quod</strong></span> <span class='ocrx_word' id='word_1_294' title='bbox 2665 1674 2719 1728; x_wconf 93' lang='lat' dir='ltr'><strong>in</strong></span> <span class='ocrx_word' id='word_1_295' title='bbox 2773 1674 2947 1730; x_wconf 89' lang='lat' dir='ltr'><strong>sacris</strong></span> <span class='ocrx_word' id='word_1_296' title='bbox 2977 1673 3252 1745; x_wconf 89' lang='lat' dir='ltr'><strong>pracipue</strong></span> <span class='ocrx_word' id='word_1_297' title='bbox 3281 1673 3474 1730; x_wconf 88' lang='lat' dir='ltr'><strong>litteris</strong></span> <span class='ocrx_word' id='word_1_298' title='bbox 3529 1675 3758 1731; x_wconf 92' lang='lat' dir='ltr'><strong>canoni-</strong></span> 
     </span>
    </p>
   </div>
   <div class='ocr_carea' id='block_1_43' title="bbox 2172 1763 3759 1837">
    <p class='ocr_par' dir='ltr' id='par_1_43' title="bbox 2172 1763 3759 1837">
     <span class='ocr_line' id='line_1_43' title="bbox 2172 1763 3759 1837; baseline 0.002 -21"><span class='ocrx_word' id='word_1_299' title='bbox 2172 1763 2381 1835; x_wconf 91' lang='lat' dir='ltr'><strong>busque</strong></span> <span class='ocrx_word' id='word_1_300' title='bbox 2410 1763 2762 1819; x_wconf 81' lang='lat' dir='ltr'><strong>exercitatum</strong></span> <span class='ocrx_word' id='word_1_301' title='bbox 2778 1763 2962 1818; x_wconf 89' lang='lat' dir='ltr'><strong>omnia</strong></span> <span class='ocrx_word' id='word_1_302' title='bbox 2981 1763 3182 1833; x_wconf 89' lang='lat' dir='ltr'><strong>passim</strong></span> <span class='ocrx_word' id='word_1_303' title='bbox 3195 1779 3364 1833; x_wconf 87' lang='lat' dir='ltr'><strong>opera</strong></span> <span class='ocrx_word' id='word_1_304' title='bbox 3377 1779 3498 1820; x_wconf 89' lang='lat' dir='ltr'><strong>cum</strong></span> <span class='ocrx_word' id='word_1_305' title='bbox 3517 1763 3759 1837; x_wconf 88' lang='lat' dir='ltr'><strong>singula-</strong></span> 
     </span>
    </p>
   </div>
   <div class='ocr_carea' id='block_1_44' title="bbox 2091 1851 3756 1938">
    <p class='ocr_par' dir='ltr' id='par_1_44' title="bbox 2091 1851 3756 1938">
     <span class='ocr_line' id='line_1_44' title="bbox 2091 1851 3756 1938; baseline 0.001 -32"><span class='ocrx_word' id='word_1_306' title='bbox 2091 1880 2142 1938; x_wconf 82' lang='lat' dir='ltr'>B</span> <span class='ocrx_word' id='word_1_307' title='bbox 2172 1852 2213 1906; x_wconf 93' lang='lat' dir='ltr'><strong>ri</strong></span> <span class='ocrx_word' id='word_1_308' title='bbox 2236 1853 2354 1921; x_wconf 91' lang='lat' dir='ltr'><strong>ejus</strong></span> <span class='ocrx_word' id='word_1_309' title='bbox 2384 1851 2586 1922; x_wconf 86' lang='lat' dir='ltr'><strong>pietate</strong></span> <span class='ocrx_word' id='word_1_310' title='bbox 2644 1851 3275 1907; x_wconf 83' lang='lat' dir='ltr'><strong>testanturzlibertatem</strong></span> <span class='ocrx_word' id='word_1_311' title='bbox 3334 1851 3420 1907; x_wconf 92' lang='lat' dir='ltr'><strong>vel</strong></span> <span class='ocrx_word' id='word_1_312' title='bbox 3475 1852 3636 1909; x_wconf 88' lang='lat' dir='ltr'><strong>unica</strong></span> <span class='ocrx_word' id='word_1_313' title='bbox 3687 1854 3756 1907; x_wconf 90' lang='lat' dir='ltr'><strong>ad</strong></span> 
     </span>
    </p>
   </div>
   <div class='ocr_carea' id='block_1_45' title="bbox 2173 1939 3756 2011">
    <p class='ocr_par' dir='ltr' id='par_1_45' title="bbox 2173 1939 3756 2011">
     <span class='ocr_line' id='line_1_45' title="bbox 2173 1939 3756 2011; baseline 0.003 -17"><span class='ocrx_word' id='word_1_314' title='bbox 2173 1939 2485 1995; x_wconf 81' lang='lat' dir='ltr'><strong>Paschalem</strong></span> <span class='ocrx_word' id='word_1_315' title='bbox 2518 1939 2586 1994; x_wconf 90' lang='lat' dir='ltr'><strong>de</strong></span> <span class='ocrx_word' id='word_1_316' title='bbox 2613 1939 2948 1994; x_wconf 88' lang='lat' dir='ltr'><strong>investituris</strong></span> <span class='ocrx_word' id='word_1_317' title='bbox 2969 1939 3038 1994; x_wconf 88' lang='lat' dir='ltr'><strong>ab</strong></span> <span class='ocrx_word' id='word_1_318' title='bbox 3070 1955 3136 1995; x_wconf 85' lang='lat' dir='ltr'><strong>eo</strong></span> <span class='ocrx_word' id='word_1_319' title='bbox 3165 1941 3443 1995; x_wconf 89' lang='lat' dir='ltr'><strong>concessis</strong></span> <span class='ocrx_word' id='word_1_320' title='bbox 3472 1940 3700 2011; x_wconf 87' lang='lat' dir='ltr'><strong>epistola</strong></span> <span class='ocrx_word' id='word_1_321' title='bbox 3740 1959 3756 1998; x_wconf 91' lang='lat'><strong>:</strong></span> 
     </span>
    </p>
   </div>
   <div class='ocr_carea' id='block_1_46' title="bbox 2173 2028 3758 2102">
    <p class='ocr_par' dir='ltr' id='par_1_46' title="bbox 2173 2028 3758 2102">
     <span class='ocr_line' id='line_1_46' title="bbox 2173 2028 3758 2102; baseline 0 -18"><span class='ocrx_word' id='word_1_322' title='bbox 2173 2029 2335 2084; x_wconf 84' lang='lat' dir='ltr'><strong>ﬁdem</strong></span> <span class='ocrx_word' id='word_1_323' title='bbox 2366 2044 2432 2084; x_wconf 89' lang='lat' dir='ltr'><strong>ac</strong></span> <span class='ocrx_word' id='word_1_324' title='bbox 2484 2029 2717 2083; x_wconf 90' lang='lat' dir='ltr'><strong>studium</strong></span> <span class='ocrx_word' id='word_1_325' title='bbox 2767 2044 2900 2100; x_wconf 83' lang='lat' dir='ltr'><strong>erga</strong></span> <span class='ocrx_word' id='word_1_326' title='bbox 2929 2029 3116 2084; x_wconf 89' lang='lat' dir='ltr'><strong>sedem</strong></span> <span class='ocrx_word' id='word_1_327' title='bbox 3172 2028 3547 2100; x_wconf 87' lang='lat' dir='ltr'><strong>apostolicam,</strong></span> <span class='ocrx_word' id='word_1_328' title='bbox 3599 2029 3758 2102; x_wconf 85' lang='lat' dir='ltr'><strong>cujus</strong></span> 
     </span>
    </p>
   </div>
   <div class='ocr_carea' id='block_1_47' title="bbox 2164 2115 3755 2188">
    <p class='ocr_par' dir='ltr' id='par_1_47' title="bbox 2164 2115 3755 2188">
     <span class='ocr_line' id='line_1_47' title="bbox 2164 2115 3755 2188; baseline 0.001 -18"><span class='ocrx_word' id='word_1_329' title='bbox 2164 2117 2446 2188; x_wconf 85' lang='lat' dir='ltr'><strong>speciatim</strong></span> <span class='ocrx_word' id='word_1_330' title='bbox 2475 2116 2572 2170; x_wconf 83' lang='lat' dir='ltr'><strong>filii</strong></span> <span class='ocrx_word' id='word_1_331' title='bbox 2601 2124 2728 2171; x_wconf 91' lang='lat' dir='ltr'><strong>sunt</strong></span> <span class='ocrx_word' id='word_1_332' title='bbox 2751 2117 2981 2171; x_wconf 87' lang='lat' dir='ltr'><strong>abhatcs</strong></span> <span class='ocrx_word' id='word_1_333' title='bbox 3014 2115 3466 2186; x_wconf 83' lang='lat' dir='ltr'><strong>Viudocinenses,</strong></span> <span class='ocrx_word' id='word_1_334' title='bbox 3499 2125 3608 2172; x_wconf 91' lang='lat' dir='ltr'><strong>tum</strong></span> <span class='ocrx_word' id='word_1_335' title='bbox 3648 2118 3755 2172; x_wconf 90' lang='lat' dir='ltr'><strong>im-</strong></span> 
     </span>
    </p>
   </div>
   <div class='ocr_carea' id='block_1_48' title="bbox 2161 2204 3754 2278">
    <p class='ocr_par' dir='ltr' id='par_1_48' title="bbox 2161 2204 3754 2278">
     <span class='ocr_line' id='line_1_48' title="bbox 2161 2204 3754 2278; baseline 0 -18"><span class='ocrx_word' id='word_1_336' title='bbox 2161 2223 2367 2276; x_wconf 86' lang='lat' dir='ltr'><strong>pensa,</strong></span> <span class='ocrx_word' id='word_1_337' title='bbox 2403 2223 2544 2276; x_wconf 84' lang='lat' dir='ltr'><strong>quas</strong></span> <span class='ocrx_word' id='word_1_338' title='bbox 2577 2221 2679 2275; x_wconf 92' lang='lat' dir='ltr'><strong>pro</strong></span> <span class='ocrx_word' id='word_1_339' title='bbox 2697 2221 2763 2260; x_wconf 88' lang='lat' dir='ltr'><strong>eo</strong></span> <span class='ocrx_word' id='word_1_340' title='bbox 2795 2205 3060 2260; x_wconf 84' lang='lat' dir='ltr'><strong>maximas</strong></span> <span class='ocrx_word' id='word_1_341' title='bbox 3074 2204 3220 2272; x_wconf 85' lang='lat' dir='ltr'><strong>fecit,</strong></span> <span class='ocrx_word' id='word_1_342' title='bbox 3245 2213 3354 2259; x_wconf 87' lang='lat' dir='ltr'><strong>tum</strong></span> <span class='ocrx_word' id='word_1_343' title='bbox 3374 2210 3754 2278; x_wconf 85' lang='lat' dir='ltr'><strong>susceptorum</strong></span> 
     </span>
    </p>
   </div>
   <div class='ocr_carea' id='block_1_49' title="bbox 2167 2293 3757 2364">
    <p class='ocr_par' dir='ltr' id='par_1_49' title="bbox 2167 2293 3757 2364">
     <span class='ocr_line' id='line_1_49' title="bbox 2167 2293 3757 2364; baseline 0.002 -16"><span class='ocrx_word' id='word_1_344' title='bbox 2167 2294 2420 2349; x_wconf 89' lang='lat' dir='ltr'><strong>itinerum</strong></span> <span class='ocrx_word' id='word_1_345' title='bbox 2447 2293 2664 2348; x_wconf 88' lang='lat' dir='ltr'><strong>labores</strong></span> <span class='ocrx_word' id='word_1_346' title='bbox 2695 2309 2707 2348; x_wconf 92' lang='lat'>:</span> <span class='ocrx_word' id='word_1_347' title='bbox 2734 2293 2788 2346; x_wconf 91' lang='lat' dir='ltr'><strong>in</strong></span> <span class='ocrx_word' id='word_1_348' title='bbox 2818 2293 3018 2364; x_wconf 88' lang='lat' dir='ltr'><strong>quibus</strong></span> <span class='ocrx_word' id='word_1_349' title='bbox 3047 2293 3212 2363; x_wconf 86' lang='lat' dir='ltr'><strong>Alpes</strong></span> <span class='ocrx_word' id='word_1_350' title='bbox 3233 2309 3328 2364; x_wconf 92' lang='lat' dir='ltr'><strong>pro</strong></span> <span class='ocrx_word' id='word_1_351' title='bbox 3354 2293 3614 2350; x_wconf 74' lang='lat' dir='ltr'><strong>Ecclesia</strong></span> <span class='ocrx_word' id='word_1_352' title='bbox 3642 2295 3757 2351; x_wconf 81' lang='lat' dir='ltr'><strong>Ro-</strong></span> 
     </span>
    </p>
   </div>
   <div class='ocr_carea' id='block_1_50' title="bbox 2163 2380 3757 2447">
    <p class='ocr_par' dir='ltr' id='par_1_50' title="bbox 2163 2380 3757 2447">
     <span class='ocr_line' id='line_1_50' title="bbox 2163 2380 3757 2447; baseline 0.001 -10"><span class='ocrx_word' id='word_1_353' title='bbox 2163 2397 2340 2438; x_wconf 81' lang='lat' dir='ltr'><strong>mana</strong></span> <span class='ocrx_word' id='word_1_354' title='bbox 2373 2381 2601 2438; x_wconf 89' lang='lat' dir='ltr'><strong>utilitate</strong></span> <span class='ocrx_word' id='word_1_355' title='bbox 2659 2380 2962 2437; x_wconf 82' lang='lat' dir='ltr'><strong>duodecies</strong></span> <span class='ocrx_word' id='word_1_356' title='bbox 2991 2381 3353 2447; x_wconf 88' lang='lat' dir='ltr'><strong>transcendit,</strong></span> <span class='ocrx_word' id='word_1_357' title='bbox 3385 2389 3471 2437; x_wconf 89' lang='lat' dir='ltr'><strong>ter</strong></span> <span class='ocrx_word' id='word_1_358' title='bbox 3499 2382 3659 2438; x_wconf 88' lang='lat' dir='ltr'><strong>etiam</strong></span> <span class='ocrx_word' id='word_1_359' title='bbox 3686 2383 3757 2437; x_wconf 90' lang='lat' dir='ltr'><strong>ab</strong></span> 
     </span>
    </p>
   </div>
   <div class='ocr_carea' id='block_1_51' title="bbox 2164 2469 3759 2543">
    <p class='ocr_par' dir='ltr' id='par_1_51' title="bbox 2164 2469 3759 2543">
     <span class='ocr_line' id='line_1_51' title="bbox 2164 2469 3759 2543; baseline -0.001 -16"><span class='ocrx_word' id='word_1_360' title='bbox 2164 2472 2285 2542; x_wconf 87' lang='lat' dir='ltr'><strong>ejus</strong></span> <span class='ocrx_word' id='word_1_361' title='bbox 2315 2469 2644 2526; x_wconf 86' lang='lat' dir='ltr'><strong>adversariis</strong></span> <span class='ocrx_word' id='word_1_362' title='bbox 2676 2479 2870 2542; x_wconf 88' lang='lat' dir='ltr'><strong>captus</strong></span> <span class='ocrx_word' id='word_1_363' title='bbox 2901 2478 3007 2525; x_wconf 88' lang='lat' dir='ltr'><strong>est.</strong></span> <span class='ocrx_word' id='word_1_364' title='bbox 3039 2471 3118 2525; x_wconf 89' lang='lat' dir='ltr'><strong>De</strong></span> <span class='ocrx_word' id='word_1_365' title='bbox 3144 2469 3295 2525; x_wconf 92' lang='lat' dir='ltr'><strong>obitu</strong></span> <span class='ocrx_word' id='word_1_366' title='bbox 3324 2469 3454 2525; x_wconf 89' lang='lat' dir='ltr'><strong>nihil</strong></span> <span class='ocrx_word' id='word_1_367' title='bbox 3501 2487 3759 2543; x_wconf 85' lang='lat' dir='ltr'><strong>comper-</strong></span> 
     </span>
    </p>
   </div>
   <div class='ocr_carea' id='block_1_52' title="bbox 2164 2559 3756 2630">
    <p class='ocr_par' dir='ltr' id='par_1_52' title="bbox 2164 2559 3756 2630">
     <span class='ocr_line' id='line_1_52' title="bbox 2164 2559 3756 2630; baseline 0.003 -18"><span class='ocrx_word' id='word_1_368' title='bbox 2164 2567 2299 2624; x_wconf 88' lang='lat' dir='ltr'><strong>tum,</strong></span> <span class='ocrx_word' id='word_1_369' title='bbox 2359 2559 2429 2613; x_wconf 88' lang='lat' dir='ltr'><strong>ad</strong></span> <span class='ocrx_word' id='word_1_370' title='bbox 2459 2566 2702 2614; x_wconf 88' lang='lat' dir='ltr'><strong>extrema</strong></span> <span class='ocrx_word' id='word_1_371' title='bbox 2750 2559 2976 2613; x_wconf 87' lang='lat' dir='ltr'><strong>Honorii</strong></span> <span class='ocrx_word' id='word_1_372' title='bbox 3007 2559 3053 2612; x_wconf 85' lang='lat' dir='ltr'><strong>ll</strong></span> <span class='ocrx_word' id='word_1_373' title='bbox 3113 2565 3351 2629; x_wconf 90' lang='lat' dir='ltr'><strong>tempora</strong></span> <span class='ocrx_word' id='word_1_374' title='bbox 3410 2559 3756 2630; x_wconf 88' lang='lat' dir='ltr'><strong>pervenisse,</strong></span> 
     </span>
    </p>
   </div>
   <div class='ocr_carea' id='block_1_53' title="bbox 2167 2645 3757 2718">
    <p class='ocr_par' dir='ltr' id='par_1_53' title="bbox 2167 2645 3757 2718">
     <span class='ocr_line' id='line_1_53' title="bbox 2167 2645 3757 2718; baseline 0 -16"><span class='ocrx_word' id='word_1_375' title='bbox 2167 2647 2395 2702; x_wconf 87' lang='lat' dir='ltr'><strong>Honorii</strong></span> <span class='ocrx_word' id='word_1_376' title='bbox 2425 2647 2599 2718; x_wconf 83' lang='lat' dir='ltr'><strong>ipsius</strong></span> <span class='ocrx_word' id='word_1_377' title='bbox 2627 2647 2694 2701; x_wconf 92' lang='lat' dir='ltr'><strong>ad</strong></span> <span class='ocrx_word' id='word_1_378' title='bbox 2717 2646 3018 2702; x_wconf 80' lang='lat' dir='ltr'><strong>Goffridum</strong></span> <span class='ocrx_word' id='word_1_379' title='bbox 3040 2645 3256 2714; x_wconf 88' lang='lat' dir='ltr'><strong>littera,</strong></span> <span class='ocrx_word' id='word_1_380' title='bbox 3289 2662 3432 2702; x_wconf 89' lang='lat' dir='ltr'><strong>anno</strong></span> <span class='ocrx_word' id='word_1_381' title='bbox 3455 2649 3585 2704; x_wconf 73' lang='grc'><strong>1129</strong></span> <span class='ocrx_word' id='word_1_382' title='bbox 3611 2649 3757 2704; x_wconf 88' lang='lat' dir='ltr'><strong>scri-</strong></span> 
     </span>
    </p>
   </div>
   <div class='ocr_carea' id='block_1_54' title="bbox 2164 2734 2808 2807">
    <p class='ocr_par' dir='ltr' id='par_1_54' title="bbox 2164 2734 2808 2807">
     <span class='ocr_line' id='line_1_54' title="bbox 2164 2734 2808 2807; baseline 0.009 -23"><span class='ocrx_word' id='word_1_383' title='bbox 2164 2743 2271 2807; x_wconf 85' lang='lat' dir='ltr'><strong>pta</strong></span> <span class='ocrx_word' id='word_1_384' title='bbox 2303 2735 2466 2790; x_wconf 89' lang='lat' dir='ltr'><strong>tidem</strong></span> <span class='ocrx_word' id='word_1_385' title='bbox 2503 2734 2724 2792; x_wconf 87' lang='lat' dir='ltr'><strong>faciunt.</strong></span> <span class='ocrx_word' id='word_1_386' title='bbox 2797 2783 2808 2790; x_wconf 93' lang='lat'><strong>.</strong></span> 
     </span>
    </p>
   </div>
   <div class='ocr_carea' id='block_1_55' title="bbox 1779 3221 2548 3320">
    <p class='ocr_par' dir='ltr' id='par_1_55' title="bbox 1779 3221 2548 3320">
     <span class='ocr_line' id='line_1_55' title="bbox 1779 3221 2548 3320; baseline -0.001 -2"><span class='ocrx_word' id='word_1_387' title='bbox 1779 3221 2548 3320; x_wconf 90' lang='lat' dir='ltr'><strong>TESTIMONIA</strong></span> 
     </span>
    </p>
   </div>
   <div class='ocr_carea' id='block_1_56' title="bbox 670 3446 3539 3530">
    <p class='ocr_par' dir='ltr' id='par_1_56' title="bbox 670 3446 3539 3530">
     <span class='ocr_line' id='line_1_56' title="bbox 670 3446 3539 3530; baseline 0.001 -22"><span class='ocrx_word' id='word_1_388' title='bbox 670 3446 970 3510; x_wconf 83' lang='lat' dir='ltr'><strong>Veterum</strong></span> <span class='ocrx_word' id='word_1_389' title='bbox 1002 3449 1237 3530; x_wconf 78' lang='lat' dir='ltr'><strong>aliquot</strong></span> <span class='ocrx_word' id='word_1_390' title='bbox 1265 3447 1558 3526; x_wconf 82' lang='lat' dir='ltr'><strong>ejusdem</strong></span> <span class='ocrx_word' id='word_1_391' title='bbox 1589 3448 1790 3510; x_wconf 82' lang='lat' dir='ltr'><strong>atatis</strong></span> <span class='ocrx_word' id='word_1_392' title='bbox 1821 3448 2218 3526; x_wconf 86' lang='lat' dir='ltr'><strong>scriptorum,</strong></span> <span class='ocrx_word' id='word_1_393' title='bbox 2254 3456 2316 3509; x_wconf 88' lang='lat' dir='ltr'><strong>et</strong></span> <span class='ocrx_word' id='word_1_394' title='bbox 2347 3449 2645 3510; x_wconf 86' lang='lat' dir='ltr'><strong>neoterici</strong></span> <span class='ocrx_word' id='word_1_395' title='bbox 2677 3447 2861 3508; x_wconf 89' lang='lat' dir='ltr'><strong>unius</strong></span> <span class='ocrx_word' id='word_1_396' title='bbox 2891 3447 2969 3510; x_wconf 91' lang='lat' dir='ltr'><strong>de</strong></span> <span class='ocrx_word' id='word_1_397' title='bbox 3001 3447 3282 3511; x_wconf 86' lang='lat' dir='ltr'><strong>Goffrido</strong></span> <span class='ocrx_word' id='word_1_398' title='bbox 3315 3447 3539 3512; x_wconf 88' lang='lat' dir='ltr'><strong>abbate</strong></span> 
     </span>
    </p>
   </div>
   <div class='ocr_carea' id='block_1_57' title="bbox 1874 3555 2344 3616">
    <p class='ocr_par' dir='ltr' id='par_1_57' title="bbox 1874 3555 2344 3616">
     <span class='ocr_line' id='line_1_57' title="bbox 1874 3555 2344 3616; baseline 0 -2"><span class='ocrx_word' id='word_1_399' title='bbox 1874 3555 2344 3616; x_wconf 81' lang='lat' dir='ltr'><strong>Vindocinensi.</strong></span> 
     </span>
    </p>
   </div>
   <div class='ocr_carea' id='block_1_58' title="bbox 1234 3896 1282 3949">
    <p class='ocr_par' dir='ltr' id='par_1_58' title="bbox 1234 3896 1282 3949">
     <span class='ocr_line' id='line_1_58' title="bbox 1234 3896 1282 3949; baseline 0.021 -1"><span class='ocrx_word' id='word_1_400' title='bbox 1234 3896 1282 3949; x_wconf 87' lang='grc'>1.</span> 
     </span>
    </p>
   </div>
   <div class='ocr_carea' id='block_1_59' title="bbox 465 3991 2052 4079">
    <p class='ocr_par' dir='ltr' id='par_1_59' title="bbox 465 3991 2052 4079">
     <span class='ocr_line' id='line_1_59' title="bbox 465 3991 2052 4079; baseline 0.003 -35"><span class='ocrx_word' id='word_1_401' title='bbox 465 3991 710 4079; x_wconf 65' lang='grc' dir='ltr'><strong>Μαροηῇ</strong></span> <span class='ocrx_word' id='word_1_402' title='bbox 719 3992 1127 4079; x_wconf 52' lang='grc' dir='ltr'><strong>αςςρξὶερὶερορὶ</strong></span> <span class='ocrx_word' id='word_1_403' title='bbox 1138 3993 1554 4079; x_wconf 49' lang='lat' dir='ltr'><strong>Lugdunensis,</strong></span> <span class='ocrx_word' id='word_1_404' title='bbox 1564 3993 2052 4079; x_wconf 47' lang='lat' dir='ltr'><strong>redisaposfoli&#39;ca</strong></span> 
     </span>
    </p>
   </div>
   <div class='ocr_carea' id='block_1_60' title="bbox 536 4064 2054 4134">
    <p class='ocr_par' dir='ltr' id='par_1_60' title="bbox 536 4064 2054 4134">
     <span class='ocr_line' id='line_1_60' title="bbox 536 4064 2054 4134; baseline 0.002 -17"><span class='ocrx_word' id='word_1_405' title='bbox 536 4064 732 4134; x_wconf 70' lang='lat' dir='ltr'><strong>legati,</strong></span> <span class='ocrx_word' id='word_1_406' title='bbox 760 4064 968 4119; x_wconf 76' lang='lat' dir='ltr'><strong>littera</strong></span> <span class='ocrx_word' id='word_1_407' title='bbox 978 4064 1045 4120; x_wconf 73' lang='lat' dir='ltr'><strong>de</strong></span> <span class='ocrx_word' id='word_1_408' title='bbox 1059 4064 1318 4121; x_wconf 71' lang='lat' dir='ltr'><strong>Fulcohis</strong></span> <span class='ocrx_word' id='word_1_409' title='bbox 1343 4064 1815 4122; x_wconf 72' lang='lat' dir='ltr'><strong>Rechinicomitis</strong></span> <span class='ocrx_word' id='word_1_410' title='bbox 1834 4067 2054 4122; x_wconf 79' lang='lat' dir='ltr'><strong>absolu-</strong></span> 
     </span>
    </p>
   </div>
   <div class='ocr_carea' id='block_1_61' title="bbox 535 4135 1448 4206">
    <p class='ocr_par' dir='ltr' id='par_1_61' title="bbox 535 4135 1448 4206">
     <span class='ocr_line' id='line_1_61' title="bbox 535 4135 1448 4206; baseline 0.003 -19"><span class='ocrx_word' id='word_1_411' title='bbox 535 4135 706 4200; x_wconf 76' lang='lat' dir='ltr'><strong>tione,</strong></span> <span class='ocrx_word' id='word_1_412' title='bbox 731 4135 827 4191; x_wconf 83' lang='lat' dir='ltr'><strong>cui</strong></span> <span class='ocrx_word' id='word_1_413' title='bbox 857 4135 1448 4206; x_wconf 62' lang='lat' dir='ltr'><strong>Go/iridusinter/‘uit.</strong></span> 
     </span>
    </p>
   </div>
   <div class='ocr_carea' id='block_1_62' title="bbox 533 4249 2052 4322">
    <p class='ocr_par' dir='ltr' id='par_1_62' title="bbox 533 4249 2052 4322">
     <span class='ocr_line' id='line_1_62' title="bbox 533 4249 2052 4322; baseline 0.003 -19"><span class='ocrx_word' id='word_1_414' title='bbox 533 4249 690 4322; x_wconf 67' lang='lat' dir='ltr'><strong>fingo</strong></span> <span class='ocrx_word' id='word_1_415' title='bbox 743 4249 1126 4322; x_wconf 74' lang='lat' dir='ltr'><strong>Lugdunensis</strong></span> <span class='ocrx_word' id='word_1_416' title='bbox 1180 4250 1650 4322; x_wconf 83' lang='lat' dir='ltr'><strong>archiepiscOpus,</strong></span> <span class='ocrx_word' id='word_1_417' title='bbox 1733 4252 2052 4321; x_wconf 77' lang='lat' dir='ltr'><strong>apostolica</strong></span> 
     </span>
    </p>
   </div>
   <div class='ocr_carea' id='block_1_63' title="bbox 463 4320 2054 4390">
    <p class='ocr_par' dir='ltr' id='par_1_63' title="bbox 463 4320 2054 4390">
     <span class='ocr_line' id='line_1_63' title="bbox 463 4320 2054 4390; baseline 0.002 -17"><span class='ocrx_word' id='word_1_418' title='bbox 463 4320 611 4374; x_wconf 89' lang='lat' dir='ltr'><strong>sedis</strong></span> <span class='ocrx_word' id='word_1_419' title='bbox 631 4320 866 4390; x_wconf 81' lang='lat' dir='ltr'><strong>legatus,</strong></span> <span class='ocrx_word' id='word_1_420' title='bbox 927 4321 1296 4376; x_wconf 89' lang='lat' dir='ltr'><strong>dilectissimis</strong></span> <span class='ocrx_word' id='word_1_421' title='bbox 1323 4320 1383 4375; x_wconf 89' lang='lat' dir='ltr'><strong>in</strong></span> <span class='ocrx_word' id='word_1_422' title='bbox 1407 4320 1626 4378; x_wconf 82' lang='lat' dir='ltr'><strong>Christo</strong></span> <span class='ocrx_word' id='word_1_423' title='bbox 1647 4320 1904 4378; x_wconf 75' lang='lat' dir='ltr'><strong>fratribus</strong></span> <span class='ocrx_word' id='word_1_424' title='bbox 1961 4339 2054 4377; x_wconf 87' lang='lat' dir='ltr'><strong>ar-</strong></span> 
     </span>
    </p>
   </div>
   <div class='ocr_carea' id='block_1_64' title="bbox 461 4390 2055 4461">
    <p class='ocr_par' dir='ltr' id='par_1_64' title="bbox 461 4390 2055 4461">
     <span class='ocr_line' id='line_1_64' title="bbox 461 4390 2055 4461; baseline 0.003 -16"><span class='ocrx_word' id='word_1_425' title='bbox 461 4390 843 4459; x_wconf 85' lang='lat' dir='ltr'><strong>chiepiscopis,</strong></span> <span class='ocrx_word' id='word_1_426' title='bbox 864 4391 1158 4461; x_wconf 89' lang='lat' dir='ltr'><strong>episcopis,</strong></span> <span class='ocrx_word' id='word_1_427' title='bbox 1181 4393 1546 4452; x_wconf 85' lang='lat' dir='ltr'><strong>abbatibus.et</strong></span> <span class='ocrx_word' id='word_1_428' title='bbox 1574 4395 1824 4448; x_wconf 85' lang='lat' dir='ltr'><strong>omnibus</strong></span> <span class='ocrx_word' id='word_1_429' title='bbox 1852 4404 2055 4449; x_wconf 81' lang='lat' dir='ltr'><strong>sancta</strong></span> 
     </span>
    </p>
   </div>
   <div class='ocr_carea' id='block_1_65' title="bbox 465 4461 2051 4530">
    <p class='ocr_par' dir='ltr' id='par_1_65' title="bbox 465 4461 2051 4530">
     <span class='ocr_line' id='line_1_65' title="bbox 465 4461 2051 4530; baseline 0.003 -15"><span class='ocrx_word' id='word_1_430' title='bbox 465 4461 564 4516; x_wconf 87' lang='lat' dir='ltr'><strong>Dei</strong></span> <span class='ocrx_word' id='word_1_431' title='bbox 592 4461 858 4517; x_wconf 88' lang='lat' dir='ltr'><strong>Ecclesia</strong></span> <span class='ocrx_word' id='word_1_432' title='bbox 883 4461 1156 4530; x_wconf 81' lang='lat' dir='ltr'><strong>fidelibus,</strong></span> <span class='ocrx_word' id='word_1_433' title='bbox 1174 4463 1431 4518; x_wconf 87' lang='lat' dir='ltr'><strong>salutem.</strong></span> <span class='ocrx_word' id='word_1_434' title='bbox 1457 4465 2051 4520; x_wconf 85' lang='lat' dir='ltr'><strong>Communiorthdoxo-</strong></span> 
     </span>
    </p>
   </div>
   <div class='ocr_carea' id='block_1_66' title="bbox 464 4532 2052 4605">
    <p class='ocr_par' dir='ltr' id='par_1_66' title="bbox 464 4532 2052 4605">
     <span class='ocr_line' id='line_1_66' title="bbox 464 4532 2052 4605; baseline 0.003 -19"><span class='ocrx_word' id='word_1_435' title='bbox 464 4533 857 4605; x_wconf 7' lang='lat' dir='ltr'><strong>rumgomnium</strong></span> <span class='ocrx_word' id='word_1_436' title='bbox 904 4532 1108 4588; x_wconf 85' lang='lat' dir='ltr'><strong>notitia</strong></span> <span class='ocrx_word' id='word_1_437' title='bbox 1137 4533 1354 4590; x_wconf 87' lang='lat' dir='ltr'><strong>tradere</strong></span> <span class='ocrx_word' id='word_1_438' title='bbox 1383 4535 1605 4605; x_wconf 78' lang='lat' dir='ltr'><strong>dignum</strong></span> <span class='ocrx_word' id='word_1_439' title='bbox 1647 4535 2052 4605; x_wconf 88' lang='lat' dir='ltr'><strong>,judicavimus,</strong></span> 
     </span>
    </p>
   </div>
   <div class='ocr_carea' id='block_1_67' title="bbox 465 4603 2054 4677">
    <p class='ocr_par' dir='ltr' id='par_1_67' title="bbox 465 4603 2054 4677">
     <span class='ocr_line' id='line_1_67' title="bbox 465 4603 2054 4677; baseline 0.003 -21"><span class='ocrx_word' id='word_1_440' title='bbox 465 4603 701 4674; x_wconf 87' lang='lat' dir='ltr'><strong>qualiter</strong></span> <span class='ocrx_word' id='word_1_441' title='bbox 727 4612 1114 4677; x_wconf 83' lang='lat' dir='ltr'><strong>ex_p_racepto</strong></span> <span class='ocrx_word' id='word_1_442' title='bbox 1161 4605 1374 4677; x_wconf 81' lang='lat' dir='ltr'><strong>domini</strong></span> <span class='ocrx_word' id='word_1_443' title='bbox 1412 4603 1582 4660; x_wconf 83' lang='lat' dir='ltr'><strong>nostri</strong></span> <span class='ocrx_word' id='word_1_444' title='bbox 1640 4603 1795 4677; x_wconf 84' lang='lat' dir='ltr'><strong>papa</strong></span> <span class='ocrx_word' id='word_1_445' title='bbox 1850 4606 2054 4662; x_wconf 89' lang='lat' dir='ltr'><strong>Urbani</strong></span> 
     </span>
    </p>
   </div>
   <div class='ocr_carea' id='block_1_68' title="bbox 464 4674 2055 4748">
    <p class='ocr_par' dir='ltr' id='par_1_68' title="bbox 464 4674 2055 4748">
     <span class='ocr_line' id='line_1_68' title="bbox 464 4674 2055 4748; baseline 0.003 -21"><span class='ocrx_word' id='word_1_446' title='bbox 464 4690 562 4748; x_wconf 81' lang='lat' dir='ltr'><strong>pro</strong></span> <span class='ocrx_word' id='word_1_447' title='bbox 593 4690 759 4748; x_wconf 82' lang='lat' dir='ltr'><strong>causa</strong></span> <span class='ocrx_word' id='word_1_448' title='bbox 793 4674 1761 4748; x_wconf 80' lang='lat' dir='ltr'><strong>FulconisAndegavensiumcomitis</strong></span> <span class='ocrx_word' id='word_1_449' title='bbox 1784 4694 1955 4748; x_wconf 87' lang='lat' dir='ltr'><strong>usque</strong></span> <span class='ocrx_word' id='word_1_450' title='bbox 1984 4678 2055 4732; x_wconf 91' lang='lat' dir='ltr'><strong>ad</strong></span> 
     </span>
    </p>
   </div>
   <div class='ocr_carea' id='block_1_69' title="bbox 466 4745 2052 4818">
    <p class='ocr_par' dir='ltr' id='par_1_69' title="bbox 466 4745 2052 4818">
     <span class='ocr_line' id='line_1_69' title="bbox 466 4745 2052 4818; baseline 0.002 -20"><span class='ocrx_word' id='word_1_451' title='bbox 466 4745 607 4800; x_wconf 86' lang='lat' dir='ltr'><strong>ﬁnes</strong></span> <span class='ocrx_word' id='word_1_452' title='bbox 637 4745 1062 4818; x_wconf 76' lang='lat' dir='ltr'><strong>Andegavorum</strong></span> <span class='ocrx_word' id='word_1_453' title='bbox 1099 4745 1347 4818; x_wconf 64' lang='lat' dir='ltr'><strong>veniendi</strong></span> <span class='ocrx_word' id='word_1_454' title='bbox 1379 4747 1746 4803; x_wconf 86' lang='lat' dir='ltr'><strong>obedientiam</strong></span> <span class='ocrx_word' id='word_1_455' title='bbox 1803 4745 2052 4818; x_wconf 83' lang='lat' dir='ltr'><strong>suscepi-</strong></span> 
     </span>
    </p>
   </div>
   <div class='ocr_carea' id='block_1_70' title="bbox 461 4816 2051 4890">
    <p class='ocr_par' dir='ltr' id='par_1_70' title="bbox 461 4816 2051 4890">
     <span class='ocr_line' id='line_1_70' title="bbox 461 4816 2051 4890; baseline 0.001 -18"><span class='ocrx_word' id='word_1_456' title='bbox 461 4832 599 4881; x_wconf 87' lang='lat' dir='ltr'><strong>mus,</strong></span> <span class='ocrx_word' id='word_1_457' title='bbox 665 4824 722 4870; x_wconf 91' lang='lat' dir='ltr'><strong>ut</strong></span> <span class='ocrx_word' id='word_1_458' title='bbox 772 4831 933 4890; x_wconf 88' lang='lat' dir='ltr'><strong>_eum_</strong></span> <span class='ocrx_word' id='word_1_459' title='bbox 961 4816 1182 4872; x_wconf 86' lang='lat' dir='ltr'><strong>vinculo</strong></span> <span class='ocrx_word' id='word_1_460' title='bbox 1231 4819 1592 4890; x_wconf 82' lang='lat' dir='ltr'><strong>auathematis</strong></span> <span class='ocrx_word' id='word_1_461' title='bbox 1673 4834 1782 4890; x_wconf 85' lang='lat' dir='ltr'><strong>quo</strong></span> <span class='ocrx_word' id='word_1_462' title='bbox 1841 4816 2051 4890; x_wconf 85' lang='lat' dir='ltr'><strong>diutino</strong></span> 
     </span>
    </p>
   </div>
   <div class='ocr_carea' id='block_1_71' title="bbox 465 4887 2052 4960">
    <p class='ocr_par' dir='ltr' id='par_1_71' title="bbox 465 4887 2052 4960">
     <span class='ocr_line' id='line_1_71' title="bbox 465 4887 2052 4960; baseline 0.002 -19"><span class='ocrx_word' id='word_1_463' title='bbox 465 4897 714 4960; x_wconf 75' lang='lat' dir='ltr'><strong>tempore</strong></span> <span class='ocrx_word' id='word_1_464' title='bbox 770 4887 1064 4960; x_wconf 77' lang='lat' dir='ltr'><strong>innodatus</strong></span> <span class='ocrx_word' id='word_1_465' title='bbox 1109 4895 1233 4960; x_wconf 76' lang='lat' dir='ltr'><strong>erat</strong></span> <span class='ocrx_word' id='word_1_466' title='bbox 1287 4904 1385 4960; x_wconf 86' lang='lat' dir='ltr'><strong>pro</strong></span> <span class='ocrx_word' id='word_1_467' title='bbox 1441 4887 1708 4960; x_wconf 76' lang='lat' dir='ltr'><strong>captione</strong></span> <span class='ocrx_word' id='word_1_468' title='bbox 1735 4889 1914 4944; x_wconf 80' lang='lat' dir='ltr'><strong>fratris</strong></span> <span class='ocrx_word' id='word_1_469' title='bbox 1971 4889 2052 4944; x_wconf 92' lang='lat' dir='ltr'><strong>sui</strong></span> 
     </span>
    </p>
   </div>
   <div class='ocr_carea' id='block_1_72' title="bbox 464 4957 2050 5030">
    <p class='ocr_par' dir='ltr' id='par_1_72' title="bbox 464 4957 2050 5030">
     <span class='ocr_line' id='line_1_72' title="bbox 464 4957 2050 5030; baseline 0.001 -16"><span class='ocrx_word' id='word_1_470' title='bbox 464 4957 734 5024; x_wconf 45' lang='lat' dir='ltr'><strong>Gau’ftidi,</strong></span> <span class='ocrx_word' id='word_1_471' title='bbox 767 4974 928 5030; x_wconf 89' lang='lat' dir='ltr'><strong>quem</strong></span> <span class='ocrx_word' id='word_1_472' title='bbox 959 4957 1012 5012; x_wconf 88' lang='lat' dir='ltr'><strong>in</strong></span> <span class='ocrx_word' id='word_1_473' title='bbox 1038 4958 1190 5030; x_wconf 85' lang='lat' dir='ltr'><strong>bello</strong></span> <span class='ocrx_word' id='word_1_474' title='bbox 1223 4959 1438 5026; x_wconf 89' lang='lat' dir='ltr'><strong>publico</strong></span> <span class='ocrx_word' id='word_1_475' title='bbox 1467 4957 1712 5030; x_wconf 80' lang='lat' dir='ltr'><strong>ceperat,</strong></span> <span class='ocrx_word' id='word_1_476' title='bbox 1735 4961 2050 5016; x_wconf 87' lang='lat' dir='ltr'><strong>absolvere-</strong></span> 
     </span>
    </p>
   </div>
   <div class='ocr_carea' id='block_1_73' title="bbox 463 5028 2054 5098">
    <p class='ocr_par' dir='ltr' id='par_1_73' title="bbox 463 5028 2054 5098">
     <span class='ocr_line' id='line_1_73' title="bbox 463 5028 2054 5098; baseline 0 -14"><span class='ocrx_word' id='word_1_477' title='bbox 463 5046 588 5084; x_wconf 91' lang='lat' dir='ltr'><strong>mus</strong></span> <span class='ocrx_word' id='word_1_478' title='bbox 621 5047 634 5083; x_wconf 86' lang='lat'><strong>:</strong></span> <span class='ocrx_word' id='word_1_479' title='bbox 668 5028 800 5084; x_wconf 84' lang='lat' dir='ltr'><strong>cum</strong></span> <span class='ocrx_word' id='word_1_480' title='bbox 823 5036 1003 5085; x_wconf 87' lang='lat' dir='ltr'><strong>tamen</strong></span> <span class='ocrx_word' id='word_1_481' title='bbox 1035 5028 1154 5095; x_wconf 86' lang='lat' dir='ltr'><strong>ipse</strong></span> <span class='ocrx_word' id='word_1_482' title='bbox 1183 5045 1369 5083; x_wconf 82' lang='lat' dir='ltr'><strong>comes</strong></span> <span class='ocrx_word' id='word_1_483' title='bbox 1389 5028 1654 5086; x_wconf 80' lang='lat' dir='ltr'><strong>rationem</strong></span> <span class='ocrx_word' id='word_1_484' title='bbox 1685 5031 1937 5098; x_wconf 86' lang='lat' dir='ltr'><strong>reddere,</strong></span> <span class='ocrx_word' id='word_1_485' title='bbox 1963 5039 2054 5086; x_wconf 90' lang='lat' dir='ltr'><strong>aut</strong></span> 
     </span>
    </p>
   </div>
   <div class='ocr_carea' id='block_1_74' title="bbox 465 5099 2049 5172">
    <p class='ocr_par' dir='ltr' id='par_1_74' title="bbox 465 5099 2049 5172">
     <span class='ocr_line' id='line_1_74' title="bbox 465 5099 2049 5172; baseline 0.001 -19"><span class='ocrx_word' id='word_1_486' title='bbox 465 5101 798 5172; x_wconf 81' lang='lat' dir='ltr'><strong>satisfacere,</strong></span> <span class='ocrx_word' id='word_1_487' title='bbox 827 5106 920 5154; x_wconf 89' lang='lat' dir='ltr'><strong>aut</strong></span> <span class='ocrx_word' id='word_1_488' title='bbox 969 5099 1236 5168; x_wconf 85' lang='lat' dir='ltr'><strong>judicium</strong></span> <span class='ocrx_word' id='word_1_489' title='bbox 1265 5101 1448 5156; x_wconf 91' lang='lat' dir='ltr'><strong>subire</strong></span> <span class='ocrx_word' id='word_1_490' title='bbox 1479 5117 1584 5155; x_wconf 91' lang='lat' dir='ltr'><strong>non</strong></span> <span class='ocrx_word' id='word_1_491' title='bbox 1607 5101 2049 5172; x_wconf 77' lang='lat' dir='ltr'><strong>subterfugeret:</strong></span> 
     </span>
    </p>
   </div>
   <div class='ocr_carea' id='block_1_75' title="bbox 465 5169 2051 5243">
    <p class='ocr_par' dir='ltr' id='par_1_75' title="bbox 465 5169 2051 5243">
     <span class='ocr_line' id='line_1_75' title="bbox 465 5169 2051 5243; baseline 0.001 -19"><span class='ocrx_word' id='word_1_492' title='bbox 465 5169 577 5243; x_wconf 69' lang='lat' dir='ltr'><strong>imo</strong></span> <span class='ocrx_word' id='word_1_493' title='bbox 601 5185 818 5243; x_wconf 79' lang='lat' dir='ltr'><strong>semper</strong></span> <span class='ocrx_word' id='word_1_494' title='bbox 845 5179 1088 5243; x_wconf 87' lang='lat' dir='ltr'><strong>paratus_</strong></span> <span class='ocrx_word' id='word_1_495' title='bbox 1122 5179 1272 5243; x_wconf 81' lang='lat' dir='ltr'><strong>esset</strong></span> <span class='ocrx_word' id='word_1_496' title='bbox 1304 5189 1316 5225; x_wconf 88' lang='lat'><strong>:</strong></span> <span class='ocrx_word' id='word_1_497' title='bbox 1347 5181 1402 5226; x_wconf 91' lang='lat' dir='ltr'><strong>et</strong></span> <span class='ocrx_word' id='word_1_498' title='bbox 1434 5181 1488 5243; x_wconf 82' lang='lat' dir='ltr'><strong>ut</strong></span> <span class='ocrx_word' id='word_1_499' title='bbox 1530 5173 1734 5227; x_wconf 88' lang='lat' dir='ltr'><strong>viorum</strong></span> <span class='ocrx_word' id='word_1_500' title='bbox 1789 5169 2051 5243; x_wconf 78' lang='lat' dir='ltr'><strong>probabi-</strong></span> 
     </span>
    </p>
   </div>
   <div class='ocr_carea' id='block_1_76' title="bbox 2085 3894 3760 3968">
    <p class='ocr_par' dir='ltr' id='par_1_76' title="bbox 2085 3894 3760 3968">
     <span class='ocr_line' id='line_1_76' title="bbox 2085 3894 3760 3968; baseline 0.001 -18"><span class='ocrx_word' id='word_1_501' title='bbox 2085 3896 2134 3960; x_wconf 86' lang='lat' dir='ltr'><strong>C</strong></span> <span class='ocrx_word' id='word_1_502' title='bbox 2163 3895 2328 3968; x_wconf 81' lang='lat' dir='ltr'><strong>igitur</strong></span> <span class='ocrx_word' id='word_1_503' title='bbox 2367 3896 2468 3952; x_wconf 87' lang='lat' dir='ltr'><strong>bac</strong></span> <span class='ocrx_word' id='word_1_504' title='bbox 2523 3903 2776 3968; x_wconf 75' lang='lat' dir='ltr'><strong>suscepta</strong></span> <span class='ocrx_word' id='word_1_505' title='bbox 2829 3894 3122 3968; x_wconf 79' lang='lat' dir='ltr'><strong>legatione,</strong></span> <span class='ocrx_word' id='word_1_506' title='bbox 3158 3903 3214 3950; x_wconf 92' lang='lat' dir='ltr'><strong>ut</strong></span> <span class='ocrx_word' id='word_1_507' title='bbox 3245 3895 3400 3968; x_wconf 86' lang='lat' dir='ltr'><strong>vigor</strong></span> <span class='ocrx_word' id='word_1_508' title='bbox 3438 3895 3760 3968; x_wconf 84' lang='lat' dir='ltr'><strong>apostolica</strong></span> 
     </span>
    </p>
   </div>
   <div class='ocr_carea' id='block_1_77' title="bbox 2162 3966 3750 4038">
    <p class='ocr_par' dir='ltr' id='par_1_77' title="bbox 2162 3966 3750 4038">
     <span class='ocr_line' id='line_1_77' title="bbox 2162 3966 3750 4038; baseline -0.002 -15"><span class='ocrx_word' id='word_1_509' title='bbox 2162 3966 2490 4024; x_wconf 87' lang='lat' dir='ltr'><strong>obedientia</strong></span> <span class='ocrx_word' id='word_1_510' title='bbox 2543 3967 2802 4038; x_wconf 85' lang='lat' dir='ltr'><strong>majoria</strong></span> <span class='ocrx_word' id='word_1_511' title='bbox 2830 3966 2994 4022; x_wconf 91' lang='lat' dir='ltr'><strong>nobis</strong></span> <span class='ocrx_word' id='word_1_512' title='bbox 3037 3966 3359 4038; x_wconf 79' lang='lat' dir='ltr'><strong>tractaretur</strong></span> <span class='ocrx_word' id='word_1_513' title='bbox 3409 3967 3750 4038; x_wconf 83' lang='lat' dir='ltr'><strong>auctoritate,</strong></span> 
     </span>
    </p>
   </div>
   <div class='ocr_carea' id='block_1_78' title="bbox 2167 4037 3750 4094">
    <p class='ocr_par' dir='ltr' id='par_1_78' title="bbox 2167 4037 3750 4094">
     <span class='ocr_line' id='line_1_78' title="bbox 2167 4037 3750 4094; baseline 0 -3"><span class='ocrx_word' id='word_1_514' title='bbox 2167 4038 2542 4094; x_wconf 88' lang='lat' dir='ltr'><strong>venerabilem</strong></span> <span class='ocrx_word' id='word_1_515' title='bbox 2572 4037 2798 4093; x_wconf 82' lang='lat' dir='ltr'><strong>fratrem</strong></span> <span class='ocrx_word' id='word_1_516' title='bbox 2851 4045 3100 4092; x_wconf 90' lang='lat' dir='ltr'><strong>nostrum</strong></span> <span class='ocrx_word' id='word_1_517' title='bbox 3129 4037 3518 4094; x_wconf 89' lang='lat' dir='ltr'><strong>Bituricensem</strong></span> <span class='ocrx_word' id='word_1_518' title='bbox 3560 4037 3750 4092; x_wconf 89' lang='lat' dir='ltr'><strong>archi-</strong></span> 
     </span>
    </p>
   </div>
   <div class='ocr_carea' id='block_1_79' title="bbox 2163 4107 3750 4180">
    <p class='ocr_par' dir='ltr' id='par_1_79' title="bbox 2163 4107 3750 4180">
     <span class='ocr_line' id='line_1_79' title="bbox 2163 4107 3750 4180; baseline -0.002 -16"><span class='ocrx_word' id='word_1_519' title='bbox 2163 4109 2481 4180; x_wconf 76' lang='lat' dir='ltr'><strong>epiSCOpum</strong></span> <span class='ocrx_word' id='word_1_520' title='bbox 2526 4107 2900 4180; x_wconf 13' lang='lat' dir='ltr'><strong>‘exsecutionis</strong></span> <span class='ocrx_word' id='word_1_521' title='bbox 2923 4108 3082 4176; x_wconf 87' lang='lat' dir='ltr'><strong>hujus</strong></span> <span class='ocrx_word' id='word_1_522' title='bbox 3119 4107 3464 4180; x_wconf 84' lang='lat' dir='ltr'><strong>adhibuimus</strong></span> <span class='ocrx_word' id='word_1_523' title='bbox 3496 4107 3704 4164; x_wconf 87' lang='lat' dir='ltr'><strong>soicum</strong></span> <span class='ocrx_word' id='word_1_524' title='bbox 3737 4125 3750 4161; x_wconf 91' lang='lat'>:</span> 
     </span>
    </p>
   </div>
   <div class='ocr_carea' id='block_1_80' title="bbox 2163 4178 3756 4250">
    <p class='ocr_par' dir='ltr' id='par_1_80' title="bbox 2163 4178 3756 4250">
     <span class='ocr_line' id='line_1_80' title="bbox 2163 4178 3756 4250; baseline -0.003 -14"><span class='ocrx_word' id='word_1_525' title='bbox 2163 4178 2217 4236; x_wconf 78' lang='lat' dir='ltr'><strong>et</strong></span> <span class='ocrx_word' id='word_1_526' title='bbox 2248 4182 2328 4235; x_wconf 92' lang='lat' dir='ltr'><strong>sic</strong></span> <span class='ocrx_word' id='word_1_527' title='bbox 2351 4178 2544 4234; x_wconf 42' lang='lat' dir='ltr'><strong>_simul</strong></span> <span class='ocrx_word' id='word_1_528' title='bbox 2601 4179 2762 4250; x_wconf 89' lang='lat' dir='ltr'><strong>positi</strong></span> <span class='ocrx_word' id='word_1_529' title='bbox 2801 4179 3016 4233; x_wconf 86' lang='lat' dir='ltr'><strong>fratrem</strong></span> <span class='ocrx_word' id='word_1_530' title='bbox 3047 4179 3280 4243; x_wconf 88' lang='lat' dir='ltr'><strong>comitis,</strong></span> <span class='ocrx_word' id='word_1_531' title='bbox 3342 4196 3505 4250; x_wconf 10' lang='lat' dir='ltr'><strong>quem,</strong></span> <span class='ocrx_word' id='word_1_532' title='bbox 3533 4187 3756 4248; x_wconf 87' lang='lat' dir='ltr'><strong>captum</strong></span> 
     </span>
    </p>
   </div>
   <div class='ocr_carea' id='block_1_81' title="bbox 2161 4249 3754 4321">
    <p class='ocr_par' dir='ltr' id='par_1_81' title="bbox 2161 4249 3754 4321">
     <span class='ocr_line' id='line_1_81' title="bbox 2161 4249 3754 4321; baseline -0.002 -16"><span class='ocrx_word' id='word_1_533' title='bbox 2161 4251 2538 4315; x_wconf 86' lang='lat' dir='ltr'><strong>audiebamus,</strong></span> <span class='ocrx_word' id='word_1_534' title='bbox 2572 4249 2821 4321; x_wconf 89' lang='lat' dir='ltr'><strong>consulto</strong></span> <span class='ocrx_word' id='word_1_535' title='bbox 2849 4250 3134 4312; x_wconf 85' lang='lat' dir='ltr'><strong>adivimus,</strong></span> <span class='ocrx_word' id='word_1_536' title='bbox 3167 4265 3328 4321; x_wconf 79' lang='lat' dir='ltr'><strong>quem</strong></span> <span class='ocrx_word' id='word_1_537' title='bbox 3364 4249 3452 4303; x_wconf 87' lang='lat' dir='ltr'><strong>ita</strong></span> <span class='ocrx_word' id='word_1_538' title='bbox 3477 4249 3754 4319; x_wconf 82' lang='lat' dir='ltr'><strong>desipien-</strong></span> 
     </span>
    </p>
   </div>
   <div class='ocr_carea' id='block_1_82' title="bbox 2161 4320 3761 4390">
    <p class='ocr_par' dir='ltr' id='par_1_82' title="bbox 2161 4320 3761 4390">
     <span class='ocr_line' id='line_1_82' title="bbox 2161 4320 3761 4390; baseline -0.002 -14"><span class='ocrx_word' id='word_1_539' title='bbox 2161 4331 2292 4386; x_wconf 84' lang='lat' dir='ltr'><strong>tem,</strong></span> <span class='ocrx_word' id='word_1_540' title='bbox 2317 4321 2642 4383; x_wconf 85' lang='lat' dir='ltr'><strong>invenimus,</strong></span> <span class='ocrx_word' id='word_1_541' title='bbox 2678 4329 2734 4375; x_wconf 93' lang='lat' dir='ltr'><strong>ut</strong></span> <span class='ocrx_word' id='word_1_542' title='bbox 2779 4320 3054 4376; x_wconf 83' lang='lat' dir='ltr'><strong>ferebatur</strong></span> <span class='ocrx_word' id='word_1_543' title='bbox 3082 4321 3153 4374; x_wconf 89' lang='lat' dir='ltr'><strong>ab</strong></span> <span class='ocrx_word' id='word_1_544' title='bbox 3183 4320 3474 4385; x_wconf 85' lang='lat' dir='ltr'><strong>Omnibus;</strong></span> <span class='ocrx_word' id='word_1_545' title='bbox 3511 4327 3566 4374; x_wconf 87' lang='lat' dir='ltr'><strong>ut</strong></span> <span class='ocrx_word' id='word_1_546' title='bbox 3590 4336 3761 4390; x_wconf 87' lang='lat' dir='ltr'><strong>pror-</strong></span> 
     </span>
    </p>
   </div>
   <div class='ocr_carea' id='block_1_83' title="bbox 2163 4390 3761 4462">
    <p class='ocr_par' dir='ltr' id='par_1_83' title="bbox 2163 4390 3761 4462">
     <span class='ocr_line' id='line_1_83' title="bbox 2163 4390 3761 4462; baseline 0 -16"><span class='ocrx_word' id='word_1_547' title='bbox 2163 4410 2257 4447; x_wconf 91' lang='lat' dir='ltr'><strong>sus</strong></span> <span class='ocrx_word' id='word_1_548' title='bbox 2305 4392 2491 4447; x_wconf 87' lang='lat' dir='ltr'><strong>inutile</strong></span> <span class='ocrx_word' id='word_1_549' title='bbox 2549 4400 2602 4447; x_wconf 90' lang='lat' dir='ltr'><strong>et</strong></span> <span class='ocrx_word' id='word_1_550' title='bbox 2649 4408 2844 4446; x_wconf 88' lang='lat' dir='ltr'><strong>vanum</strong></span> <span class='ocrx_word' id='word_1_551' title='bbox 2875 4391 3150 4447; x_wconf 88' lang='lat' dir='ltr'><strong>videretur</strong></span> <span class='ocrx_word' id='word_1_552' title='bbox 3178 4390 3455 4462; x_wconf 81' lang='lat' dir='ltr'><strong>regenda</strong></span> <span class='ocrx_word' id='word_1_553' title='bbox 3484 4391 3540 4446; x_wconf 87' lang='lat' dir='ltr'><strong>ei</strong></span> <span class='ocrx_word' id='word_1_554' title='bbox 3567 4391 3761 4461; x_wconf 82' lang='lat' dir='ltr'><strong>patria</strong></span> 
     </span>
    </p>
   </div>
   <div class='ocr_carea' id='block_1_84' title="bbox 2161 4459 3760 4532">
    <p class='ocr_par' dir='ltr' id='par_1_84' title="bbox 2161 4459 3760 4532">
     <span class='ocr_line' id='line_1_84' title="bbox 2161 4459 3760 4532; baseline -0.003 -14"><span class='ocrx_word' id='word_1_555' title='bbox 2161 4463 2499 4518; x_wconf 85' lang='lat' dir='ltr'><strong>committere</strong></span> <span class='ocrx_word' id='word_1_556' title='bbox 2556 4462 2939 4532; x_wconf 86' lang='lat' dir='ltr'><strong>principatum,</strong></span> <span class='ocrx_word' id='word_1_557' title='bbox 2981 4463 3070 4531; x_wconf 85' lang='lat' dir='ltr'><strong>qui</strong></span> <span class='ocrx_word' id='word_1_558' title='bbox 3093 4461 3195 4516; x_wconf 89' lang='lat' dir='ltr'><strong>sibi</strong></span> <span class='ocrx_word' id='word_1_559' title='bbox 3226 4459 3278 4515; x_wconf 70' lang='lat' dir='ltr'><strong>et</strong></span> <span class='ocrx_word' id='word_1_560' title='bbox 3309 4459 3581 4516; x_wconf 80' lang='lat' dir='ltr'><strong>omnibus</strong></span> <span class='ocrx_word' id='word_1_561' title='bbox 3620 4461 3760 4516; x_wconf 82' lang='lat' dir='ltr'><strong>stul-</strong></span> 
     </span>
    </p>
   </div>
   <div class='ocr_carea' id='block_1_85' title="bbox 2164 4531 3761 4603">
    <p class='ocr_par' dir='ltr' id='par_1_85' title="bbox 2164 4531 3761 4603">
     <span class='ocr_line' id='line_1_85' title="bbox 2164 4531 3761 4603; baseline -0.001 -15"><span class='ocrx_word' id='word_1_562' title='bbox 2164 4535 2280 4589; x_wconf 88' lang='lat' dir='ltr'><strong>titia</strong></span> <span class='ocrx_word' id='word_1_563' title='bbox 2309 4550 2405 4588; x_wconf 88' lang='lat' dir='ltr'><strong>sua</strong></span> <span class='ocrx_word' id='word_1_564' title='bbox 2439 4531 2609 4589; x_wconf 84' lang='lat' dir='ltr'><strong>factus</strong></span> <span class='ocrx_word' id='word_1_565' title='bbox 2657 4531 2846 4589; x_wconf 79' lang='lat' dir='ltr'><strong>fuisset</strong></span> <span class='ocrx_word' id='word_1_566' title='bbox 2876 4532 3078 4588; x_wconf 91' lang='lat' dir='ltr'><strong>inutilis</strong></span> <span class='ocrx_word' id='word_1_567' title='bbox 3111 4550 3124 4586; x_wconf 86' lang='lat'><strong>:</strong></span> <span class='ocrx_word' id='word_1_568' title='bbox 3159 4547 3330 4603; x_wconf 82' lang='lat' dir='ltr'><strong>usque</strong></span> <span class='ocrx_word' id='word_1_569' title='bbox 3361 4533 3519 4588; x_wconf 87' lang='lat' dir='ltr'><strong>adeo.</strong></span> <span class='ocrx_word' id='word_1_570' title='bbox 3553 4540 3607 4586; x_wconf 93' lang='lat' dir='ltr'><strong>ut</strong></span> <span class='ocrx_word' id='word_1_571' title='bbox 3653 4549 3761 4586; x_wconf 86' lang='lat' dir='ltr'><strong>nec</strong></span> 
     </span>
    </p>
   </div>
   <div class='ocr_carea' id='block_1_86' title="bbox 2163 4603 3758 4686">
    <p class='ocr_par' dir='ltr' id='par_1_86' title="bbox 2163 4603 3758 4686">
     <span class='ocr_line' id='line_1_86' title="bbox 2163 4603 3758 4686; baseline -0.003 -26"><span class='ocrx_word' id='word_1_572' title='bbox 2163 4623 2262 4686; x_wconf 85' lang='lat' dir='ltr'><strong>per</strong></span> <span class='ocrx_word' id='word_1_573' title='bbox 2292 4621 2482 4686; x_wconf 79' lang='lat' dir='ltr'><strong>manus</strong></span> <span class='ocrx_word' id='word_1_574' title='bbox 2511 4611 2730 4686; x_wconf 77' lang='lat' dir='ltr'><strong>nostras</strong></span> <span class='ocrx_word' id='word_1_575' title='bbox 2760 4620 2792 4658; x_wconf 91' lang='lat' dir='ltr'><strong>a</strong></span> <span class='ocrx_word' id='word_1_576' title='bbox 2821 4603 3074 4686; x_wconf 58' lang='lat' dir='ltr'><strong>captione</strong></span> <span class='ocrx_word' id='word_1_577' title='bbox 3101 4603 3263 4686; x_wconf 74' lang='lat' dir='ltr'><strong>vellet</strong></span> <span class='ocrx_word' id='word_1_578' title='bbox 3293 4603 3483 4686; x_wconf 48' lang='lat' dir='ltr'><strong>eripi.“</strong></span> <span class='ocrx_word' id='word_1_579' title='bbox 3503 4603 3758 4682; x_wconf 76' lang='lat' dir='ltr'><strong>Venimus</strong></span> 
     </span>
    </p>
   </div>
   <div class='ocr_carea' id='block_1_87' title="bbox 2163 4673 3753 4748">
    <p class='ocr_par' dir='ltr' id='par_1_87' title="bbox 2163 4673 3753 4748">
     <span class='ocr_line' id='line_1_87' title="bbox 2163 4673 3753 4748; baseline -0.003 -18"><span class='ocrx_word' id='word_1_580' title='bbox 2163 4673 2442 4748; x_wconf 20' lang='lat' dir='ltr'><strong>itaqueiad</strong></span> <span class='ocrx_word' id='word_1_581' title='bbox 2475 4675 2802 4748; x_wconf 75' lang='lat' dir='ltr'><strong>_cano_bium</strong></span> <span class='ocrx_word' id='word_1_582' title='bbox 2859 4675 2925 4748; x_wconf 87' lang='lat' dir='ltr'><strong>S.</strong></span> <span class='ocrx_word' id='word_1_583' title='bbox 2967 4674 3319 4748; x_wconf 78' lang='lat' dir='ltr'><strong>Florentii,et</strong></span> <span class='ocrx_word' id='word_1_584' title='bbox 3351 4675 3403 4728; x_wconf 89' lang='lat' dir='ltr'><strong>in</strong></span> <span class='ocrx_word' id='word_1_585' title='bbox 3433 4673 3753 4748; x_wconf 81' lang='lat' dir='ltr'><strong>dienativi-</strong></span> 
     </span>
    </p>
   </div>
   <div class='ocr_carea' id='block_1_88' title="bbox 2165 4742 3756 4816">
    <p class='ocr_par' dir='ltr' id='par_1_88' title="bbox 2165 4742 3756 4816">
     <span class='ocr_line' id='line_1_88' title="bbox 2165 4742 3756 4816; baseline -0.003 -16"><span class='ocrx_word' id='word_1_586' title='bbox 2165 4742 2290 4802; x_wconf 76' lang='lat' dir='ltr'><strong>tatis</strong></span> <span class='ocrx_word' id='word_1_587' title='bbox 2337 4747 2398 4802; x_wconf 92' lang='lat' dir='ltr'><strong>S.</strong></span> <span class='ocrx_word' id='word_1_588' title='bbox 2466 4742 2694 4801; x_wconf 84' lang='lat' dir='ltr'><strong>Joannis</strong></span> <span class='ocrx_word' id='word_1_589' title='bbox 2738 4746 3024 4816; x_wconf 76' lang='lat' dir='ltr'><strong>Baptista,</strong></span> <span class='ocrx_word' id='word_1_590' title='bbox 3078 4745 3338 4816; x_wconf 14' lang='lat' dir='ltr'><strong>virorum,</strong></span> <span class='ocrx_word' id='word_1_591' title='bbox 3379 4744 3756 4816; x_wconf 81' lang='lat' dir='ltr'><strong>religiosorum</strong></span> 
     </span>
    </p>
   </div>
   <div class='ocr_carea' id='block_1_89' title="bbox 2163 4813 3754 4888">
    <p class='ocr_par' dir='ltr' id='par_1_89' title="bbox 2163 4813 3754 4888">
     <span class='ocr_line' id='line_1_89' title="bbox 2163 4813 3754 4888; baseline -0.003 -15"><span class='ocrx_word' id='word_1_592' title='bbox 2163 4817 2549 4888; x_wconf 86' lang='lat' dir='ltr'><strong>episcoporum</strong></span> <span class='ocrx_word' id='word_1_593' title='bbox 2597 4824 2651 4888; x_wconf 89' lang='lat' dir='ltr'><strong>et</strong></span> <span class='ocrx_word' id='word_1_594' title='bbox 2701 4813 2978 4880; x_wconf 80' lang='lat' dir='ltr'><strong>abbatum,</strong></span> <span class='ocrx_word' id='word_1_595' title='bbox 3012 4815 3103 4888; x_wconf 91' lang='lat' dir='ltr'><strong>qui</strong></span> <span class='ocrx_word' id='word_1_596' title='bbox 3131 4813 3344 4888; x_wconf 72' lang='lat' dir='ltr'><strong>invitati</strong></span> <span class='ocrx_word' id='word_1_597' title='bbox 3400 4813 3754 4888; x_wconf 67' lang='lat' dir='ltr'><strong>advenerant,</strong></span> 
     </span>
    </p>
   </div>
   <div class='ocr_carea' id='block_1_90' title="bbox 2162 4884 3757 4957">
    <p class='ocr_par' dir='ltr' id='par_1_90' title="bbox 2162 4884 3757 4957">
     <span class='ocr_line' id='line_1_90' title="bbox 2162 4884 3757 4957; baseline -0.004 -13"><span class='ocrx_word' id='word_1_598' title='bbox 2162 4884 2452 4944; x_wconf 79' lang='lat' dir='ltr'><strong>Fulconem</strong></span> <span class='ocrx_word' id='word_1_599' title='bbox 2484 4887 2736 4944; x_wconf 89' lang='lat' dir='ltr'><strong>comitem</strong></span> <span class='ocrx_word' id='word_1_600' title='bbox 2769 4884 3358 4957; x_wconf 44' lang='lat' dir='ltr'><strong>paratum‘satisfacere</strong></span> <span class='ocrx_word' id='word_1_601' title='bbox 3379 4892 3470 4940; x_wconf 88' lang='lat' dir='ltr'><strong>aut</strong></span> <span class='ocrx_word' id='word_1_602' title='bbox 3491 4884 3757 4957; x_wconf 83' lang='lat' dir='ltr'><strong>rationem</strong></span> 
     </span>
    </p>
   </div>
   <div class='ocr_carea' id='block_1_91' title="bbox 2159 4955 3758 5024">
    <p class='ocr_par' dir='ltr' id='par_1_91' title="bbox 2159 4955 3758 5024">
     <span class='ocr_line' id='line_1_91' title="bbox 2159 4955 3758 5024; baseline -0.002 -12"><span class='ocrx_word' id='word_1_603' title='bbox 2159 4959 2413 5024; x_wconf 89' lang='lat' dir='ltr'><strong>reddere,</strong></span> <span class='ocrx_word' id='word_1_604' title='bbox 2447 4957 2680 5012; x_wconf 83' lang='lat' dir='ltr'><strong>unanimi</strong></span> <span class='ocrx_word' id='word_1_605' title='bbox 2708 4955 2952 5013; x_wconf 83' lang='lat' dir='ltr'><strong>omnium</strong></span> <span class='ocrx_word' id='word_1_606' title='bbox 2983 4965 3109 5012; x_wconf 88' lang='lat' dir='ltr'><strong>voto</strong></span> <span class='ocrx_word' id='word_1_607' title='bbox 3138 4963 3190 5010; x_wconf 88' lang='lat' dir='ltr'><strong>et</strong></span> <span class='ocrx_word' id='word_1_608' title='bbox 3219 4956 3378 5011; x_wconf 88' lang='lat' dir='ltr'><strong>laude</strong></span> <span class='ocrx_word' id='word_1_609' title='bbox 3396 4955 3758 5011; x_wconf 89' lang='lat' dir='ltr'><strong>absolvimus:</strong></span> 
     </span>
    </p>
   </div>
   <div class='ocr_carea' id='block_1_92' title="bbox 2160 5025 3755 5100">
    <p class='ocr_par' dir='ltr' id='par_1_92' title="bbox 2160 5025 3755 5100">
     <span class='ocr_line' id='line_1_92' title="bbox 2160 5025 3755 5100; baseline -0.003 -16"><span class='ocrx_word' id='word_1_610' title='bbox 2160 5030 2402 5100; x_wconf 88' lang='lat' dir='ltr'><strong>acceptis</strong></span> <span class='ocrx_word' id='word_1_611' title='bbox 2432 5029 2500 5083; x_wconf 89' lang='lat' dir='ltr'><strong>ab</strong></span> <span class='ocrx_word' id='word_1_612' title='bbox 2531 5045 2597 5084; x_wconf 90' lang='lat' dir='ltr'><strong>eo</strong></span> <span class='ocrx_word' id='word_1_613' title='bbox 2618 5027 3022 5100; x_wconf 87' lang='lat' dir='ltr'><strong>securitatibus,</strong></span> <span class='ocrx_word' id='word_1_614' title='bbox 3053 5036 3104 5082; x_wconf 89' lang='lat' dir='ltr'><strong>ut</strong></span> <span class='ocrx_word' id='word_1_615' title='bbox 3136 5027 3181 5081; x_wconf 91' lang='lat' dir='ltr'><strong>si</strong></span> <span class='ocrx_word' id='word_1_616' title='bbox 3204 5025 3370 5100; x_wconf 84' lang='lat' dir='ltr'><strong>frater</strong></span> <span class='ocrx_word' id='word_1_617' title='bbox 3416 5027 3532 5100; x_wconf 86' lang='lat' dir='ltr'><strong>ejus</strong></span> <span class='ocrx_word' id='word_1_618' title='bbox 3560 5025 3755 5100; x_wconf 71' lang='grc' dir='ltr'><strong>ηιθιίοτ</strong></span> 
     </span>
    </p>
   </div>
   <div class='ocr_carea' id='block_1_93' title="bbox 2161 5096 3757 5169">
    <p class='ocr_par' dir='ltr' id='par_1_93' title="bbox 2161 5096 3757 5169">
     <span class='ocr_line' id='line_1_93' title="bbox 2161 5096 3757 5169; baseline -0.003 -15"><span class='ocrx_word' id='word_1_619' title='bbox 2161 5096 2371 5155; x_wconf 81' lang='lat' dir='ltr'><strong>ritatém</strong></span> <span class='ocrx_word' id='word_1_620' title='bbox 2393 5116 2588 5154; x_wconf 91' lang='lat' dir='ltr'><strong>sensus</strong></span> <span class='ocrx_word' id='word_1_621' title='bbox 2627 5099 2914 5169; x_wconf 89' lang='lat' dir='ltr'><strong>reciperet,</strong></span> <span class='ocrx_word' id='word_1_622' title='bbox 2947 5114 3014 5152; x_wconf 87' lang='lat' dir='ltr'><strong>ex</strong></span> <span class='ocrx_word' id='word_1_623' title='bbox 3045 5107 3312 5169; x_wconf 74' lang='lat' dir='ltr'><strong>praecepto</strong></span> <span class='ocrx_word' id='word_1_624' title='bbox 3343 5098 3552 5152; x_wconf 87' lang='lat' dir='ltr'><strong>domini</strong></span> <span class='ocrx_word' id='word_1_625' title='bbox 3580 5096 3757 5151; x_wconf 90' lang='lat' dir='ltr'><strong>nostri</strong></span> 
     </span>
    </p>
   </div>
   <div class='ocr_carea' id='block_1_94' title="bbox 2160 5167 3756 5238">
    <p class='ocr_par' dir='ltr' id='par_1_94' title="bbox 2160 5167 3756 5238">
     <span class='ocr_line' id='line_1_94' title="bbox 2160 5167 3756 5238; baseline -0.003 -13"><span class='ocrx_word' id='word_1_626' title='bbox 2160 5190 2188 5232; x_wconf 64' lang='grc' dir='ltr'>ε</span> <span class='ocrx_word' id='word_1_627' title='bbox 2235 5190 2338 5238; x_wconf 71' lang='lat' dir='ltr'><strong>pr,</strong></span> <span class='ocrx_word' id='word_1_628' title='bbox 2375 5173 2456 5223; x_wconf 53' lang='lat' dir='ltr'><strong>vr!</strong></span> <span class='ocrx_word' id='word_1_629' title='bbox 2493 5179 2700 5232; x_wconf 73' lang='lat' dir='ltr'><strong>nostro,</strong></span> <span class='ocrx_word' id='word_1_630' title='bbox 2741 5167 2842 5224; x_wconf 78' lang='lat' dir='ltr'><strong>aut</strong></span> <span class='ocrx_word' id='word_1_631' title='bbox 2869 5167 3235 5225; x_wconf 80' lang='lat' dir='ltr'><strong>concordiam</strong></span> <span class='ocrx_word' id='word_1_632' title='bbox 3260 5167 3462 5223; x_wconf 87' lang='lat' dir='ltr'><strong>faceret</strong></span> <span class='ocrx_word' id='word_1_633' title='bbox 3515 5183 3634 5222; x_wconf 84' lang='lat' dir='ltr'><strong>cum</strong></span> <span class='ocrx_word' id='word_1_634' title='bbox 3667 5183 3756 5233; x_wconf 90' lang='lat' dir='ltr'><strong>eo,</strong></span> 
     </span>
    </p>
   </div>
   <div class='ocr_carea' id='block_1_95' title="bbox 465 5239 3753 5313">
    <p class='ocr_par' dir='ltr' id='par_1_95' title="bbox 465 5239 3753 5313">
     <span class='ocr_line' id='line_1_95' title="bbox 465 5239 3753 5313; baseline -0 -21"><span class='ocrx_word' id='word_1_635' title='bbox 465 5239 953 5313; x_wconf 34' lang='lat' dir='ltr'><strong>lium‘clericorum</strong></span> <span class='ocrx_word' id='word_1_636' title='bbox 993 5248 1047 5313; x_wconf 79' lang='lat' dir='ltr'><strong>et</strong></span> <span class='ocrx_word' id='word_1_637' title='bbox 1074 5239 1335 5296; x_wconf 88' lang='lat' dir='ltr'><strong>laicorum</strong></span> <span class='ocrx_word' id='word_1_638' title='bbox 1376 5241 1646 5298; x_wconf 87' lang='lat' dir='ltr'><strong>relatione</strong></span> <span class='ocrx_word' id='word_1_639' title='bbox 1669 5239 2048 5313; x_wconf 74' lang='lat' dir='ltr'><strong>cognovimUs,</strong></span> <span class='ocrx_word' id='word_1_640' title='bbox 2085 5255 2136 5312; x_wconf 79' lang='grc' dir='ltr'><strong>ι)</strong></span> <span class='ocrx_word' id='word_1_641' title='bbox 2161 5250 2252 5298; x_wconf 87' lang='lat' dir='ltr'><strong>aut</strong></span> <span class='ocrx_word' id='word_1_642' title='bbox 2302 5241 2564 5312; x_wconf 89' lang='lat' dir='ltr'><strong>judicium</strong></span> <span class='ocrx_word' id='word_1_643' title='bbox 2612 5240 2797 5295; x_wconf 91' lang='lat' dir='ltr'><strong>subire</strong></span> <span class='ocrx_word' id='word_1_644' title='bbox 2852 5249 3096 5313; x_wconf 82' lang='lat' dir='ltr'><strong>paratus</strong></span> <span class='ocrx_word' id='word_1_645' title='bbox 3129 5247 3276 5294; x_wconf 90' lang='lat' dir='ltr'><strong>esset</strong></span> <span class='ocrx_word' id='word_1_646' title='bbox 3306 5254 3455 5313; x_wconf 91' lang='lat' dir='ltr'><strong>:_ne_c</strong></span> <span class='ocrx_word' id='word_1_647' title='bbox 3530 5254 3753 5313; x_wconf 76' lang='lat' dir='ltr'><strong>uxorem</strong></span> 
     </span>
    </p>
   </div>
   <div class='ocr_carea' id='block_1_96' title="bbox 506 5309 2052 5386">
    <p class='ocr_par' dir='ltr' id='par_1_96' title="bbox 506 5309 2052 5386">
     <span class='ocr_line' id='line_1_96' title="bbox 506 5309 2052 5386; baseline 0.003 -22"><span class='ocrx_word' id='word_1_648' title='bbox 506 5309 722 5386; x_wconf 78' lang='lat' dir='ltr'><strong>rafatus</strong></span> <span class='ocrx_word' id='word_1_649' title='bbox 772 5310 942 5386; x_wconf 74' lang='lat' dir='ltr'><strong>frater</strong></span> <span class='ocrx_word' id='word_1_650' title='bbox 987 5311 1130 5386; x_wconf 82' lang='lat' dir='ltr'><strong>_eju_s,</strong></span> <span class='ocrx_word' id='word_1_651' title='bbox 1181 5320 1444 5386; x_wconf 70' lang='lat' dir='ltr'><strong>tempore</strong></span> <span class='ocrx_word' id='word_1_652' title='bbox 1479 5329 1586 5386; x_wconf 86' lang='lat' dir='ltr'><strong>quo</strong></span> <span class='ocrx_word' id='word_1_653' title='bbox 1629 5309 1819 5384; x_wconf 75' lang='lat' dir='ltr'><strong>captus</strong></span> <span class='ocrx_word' id='word_1_654' title='bbox 1874 5309 2052 5386; x_wconf 7' lang='lat' dir='ltr'><strong>fuit,ga</strong></span> 
     </span>
    </p>
   </div>
   <div class='ocr_carea' id='block_1_97' title="bbox 509 5380 2046 5456">
    <p class='ocr_par' dir='ltr' id='par_1_97' title="bbox 509 5380 2046 5456">
     <span class='ocr_line' id='line_1_97' title="bbox 509 5380 2046 5456; baseline 0.003 -22"><span class='ocrx_word' id='word_1_655' title='bbox 509 5383 741 5456; x_wconf 78' lang='lat' dir='ltr'><strong>tephano</strong></span> <span class='ocrx_word' id='word_1_656' title='bbox 761 5380 1036 5456; x_wconf 79' lang='lat' dir='ltr'><strong>cardinale</strong></span> <span class='ocrx_word' id='word_1_657' title='bbox 1068 5380 1322 5456; x_wconf 69' lang='lat' dir='ltr'><strong>Romana</strong></span> <span class='ocrx_word' id='word_1_658' title='bbox 1352 5380 1829 5456; x_wconf 13' lang='lat' dir='ltr'><strong>sedjs&#39;legatoipro</strong></span> <span class='ocrx_word' id='word_1_659' title='bbox 1858 5384 2046 5456; x_wconf 84' lang='lat' dir='ltr'><strong>multi-</strong></span> 
     </span>
    </p>
   </div>
   <div class='ocr_carea' id='block_1_98' title="bbox 466 5450 2043 5522">
    <p class='ocr_par' dir='ltr' id='par_1_98' title="bbox 466 5450 2043 5522">
     <span class='ocr_line' id='line_1_98' title="bbox 466 5450 2043 5522; baseline 0.005 -18"><span class='ocrx_word' id='word_1_660' title='bbox 466 5450 628 5506; x_wconf 86' lang='lat' dir='ltr'><strong>moda</strong></span> <span class='ocrx_word' id='word_1_661' title='bbox 658 5450 875 5522; x_wconf 83' lang='lat' dir='ltr'><strong>injuria,</strong></span> <span class='ocrx_word' id='word_1_662' title='bbox 935 5467 1097 5522; x_wconf 86' lang='lat' dir='ltr'><strong>quam</strong></span> <span class='ocrx_word' id='word_1_663' title='bbox 1129 5452 1391 5510; x_wconf 81' lang='lat' dir='ltr'><strong>inferebat</strong></span> <span class='ocrx_word' id='word_1_664' title='bbox 1424 5450 2043 5519; x_wconf 78' lang='lat' dir='ltr'><strong>TuronensiEcclesia.</strong></span> 
     </span>
    </p>
   </div>
   <div class='ocr_carea' id='block_1_99' title="bbox 466 5521 2048 5600">
    <p class='ocr_par' dir='ltr' id='par_1_99' title="bbox 466 5521 2048 5600">
     <span class='ocr_line' id='line_1_99' title="bbox 466 5521 2048 5600; baseline 0.003 -26"><span class='ocrx_word' id='word_1_665' title='bbox 466 5528 516 5600; x_wconf 83' lang='lat' dir='ltr'><strong>et</strong></span> <span class='ocrx_word' id='word_1_666' title='bbox 560 5521 743 5576; x_wconf 88' lang='lat' dir='ltr'><strong>abbati</strong></span> <span class='ocrx_word' id='word_1_667' title='bbox 792 5521 850 5577; x_wconf 88' lang='lat' dir='ltr'><strong>S.</strong></span> <span class='ocrx_word' id='word_1_668' title='bbox 883 5521 1094 5600; x_wconf 57' lang='lat' dir='ltr'><strong>Martini</strong></span> <span class='ocrx_word' id='word_1_669' title='bbox 1121 5523 1338 5600; x_wconf 78' lang='lat' dir='ltr'><strong>Majoris</strong></span> <span class='ocrx_word' id='word_1_670' title='bbox 1363 5525 1696 5600; x_wconf 77' lang='lat' dir='ltr'><strong>Monasterii,</strong></span> <span class='ocrx_word' id='word_1_671' title='bbox 1729 5541 2048 5600; x_wconf 83' lang='lat' dir='ltr'><strong>excommu-</strong></span> 
     </span>
    </p>
   </div>
   <div class='ocr_carea' id='block_1_100' title="bbox 468 5593 2046 5668">
    <p class='ocr_par' dir='ltr' id='par_1_100' title="bbox 468 5593 2046 5668">
     <span class='ocr_line' id='line_1_100' title="bbox 468 5593 2046 5668; baseline 0.004 -25"><span class='ocrx_word' id='word_1_672' title='bbox 468 5593 680 5668; x_wconf 81' lang='lat' dir='ltr'><strong>nicatus</strong></span> <span class='ocrx_word' id='word_1_673' title='bbox 703 5600 834 5668; x_wconf 79' lang='lat' dir='ltr'><strong>erat,</strong></span> <span class='ocrx_word' id='word_1_674' title='bbox 883 5599 938 5647; x_wconf 89' lang='lat' dir='ltr'><strong>et</strong></span> <span class='ocrx_word' id='word_1_675' title='bbox 962 5593 1193 5668; x_wconf 83' lang='lat' dir='ltr'><strong>Fulconi</strong></span> <span class='ocrx_word' id='word_1_676' title='bbox 1218 5665 1228 5668; x_wconf 89' lang='lat'>_</span> <span class='ocrx_word' id='word_1_677' title='bbox 1251 5593 1374 5650; x_wconf 85' lang='lat' dir='ltr'><strong>huic</strong></span> <span class='ocrx_word' id='word_1_678' title='bbox 1403 5595 1734 5668; x_wconf 90' lang='lat' dir='ltr'><strong>principatus</strong></span> <span class='ocrx_word' id='word_1_679' title='bbox 1783 5597 2046 5668; x_wconf 39' lang='lat' dir='ltr'><strong>Andegae</strong></span> 
     </span>
    </p>
   </div>
   <div class='ocr_carea' id='block_1_101' title="bbox 467 5663 2047 5738">
    <p class='ocr_par' dir='ltr' id='par_1_101' title="bbox 467 5663 2047 5738">
     <span class='ocr_line' id='line_1_101' title="bbox 467 5663 2047 5738; baseline 0.002 -20"><span class='ocrx_word' id='word_1_680' title='bbox 467 5664 648 5738; x_wconf 68' lang='lat' dir='ltr'><strong>vensis</strong></span> <span class='ocrx_word' id='word_1_681' title='bbox 675 5663 958 5718; x_wconf 90' lang='lat' dir='ltr'><strong>comitatus</strong></span> <span class='ocrx_word' id='word_1_682' title='bbox 988 5663 1057 5717; x_wconf 90' lang='lat' dir='ltr'><strong>ab</strong></span> <span class='ocrx_word' id='word_1_683' title='bbox 1077 5663 1204 5738; x_wconf 82' lang='lat' dir='ltr'><strong>ipso</strong></span> <span class='ocrx_word' id='word_1_684' title='bbox 1217 5663 1417 5738; x_wconf 79' lang='lat' dir='ltr'><strong>legato</strong></span> <span class='ocrx_word' id='word_1_685' title='bbox 1433 5680 1500 5722; x_wconf 84' lang='lat' dir='ltr'><strong>ex</strong></span> <span class='ocrx_word' id='word_1_686' title='bbox 1521 5663 1677 5738; x_wconf 75' lang='lat' dir='ltr'><strong>parte</strong></span> <span class='ocrx_word' id='word_1_687' title='bbox 1709 5667 1884 5738; x_wconf 84' lang='lat' dir='ltr'><strong>sancti</strong></span> <span class='ocrx_word' id='word_1_688' title='bbox 1907 5663 2047 5722; x_wconf 74' lang='lat' dir='ltr'><strong>Petri</strong></span> 
     </span>
    </p>
   </div>
   <div class='ocr_carea' id='block_1_102' title="bbox 461 5731 2048 5805">
    <p class='ocr_par' dir='ltr' id='par_1_102' title="bbox 461 5731 2048 5805">
     <span class='ocr_line' id='line_1_102' title="bbox 461 5731 2048 5805; baseline 0.002 -16"><span class='ocrx_word' id='word_1_689' title='bbox 461 5731 706 5805; x_wconf 61' lang='lat' dir='ltr'><strong>donatus</strong></span> <span class='ocrx_word' id='word_1_690' title='bbox 735 5742 872 5798; x_wconf 88' lang='lat' dir='ltr'><strong>erat,</strong></span> <span class='ocrx_word' id='word_1_691' title='bbox 905 5749 1068 5805; x_wconf 90' lang='lat' dir='ltr'><strong>quem</strong></span> <span class='ocrx_word' id='word_1_692' title='bbox 1101 5731 1338 5805; x_wconf 61' lang='lat' dir='ltr'><strong>&#39;quide&#39;m</strong></span> <span class='ocrx_word' id='word_1_693' title='bbox 1390 5743 1444 5792; x_wconf 88' lang='lat' dir='ltr'><strong>et</strong></span> <span class='ocrx_word' id='word_1_694' title='bbox 1497 5731 1566 5792; x_wconf 82' lang='lat' dir='ltr'><strong>ab</strong></span> <span class='ocrx_word' id='word_1_695' title='bbox 1625 5737 1892 5793; x_wconf 87' lang='lat' dir='ltr'><strong>avunculo</strong></span> <span class='ocrx_word' id='word_1_696' title='bbox 1949 5751 2048 5792; x_wconf 86' lang='lat' dir='ltr'><strong>suo</strong></span> 
     </span>
    </p>
   </div>
   <div class='ocr_carea' id='block_1_103' title="bbox 464 5801 2048 5884">
    <p class='ocr_par' dir='ltr' id='par_1_103' title="bbox 464 5801 2048 5884">
     <span class='ocr_line' id='line_1_103' title="bbox 464 5801 2048 5884; baseline 0.004 -29"><span class='ocrx_word' id='word_1_697' title='bbox 464 5801 749 5884; x_wconf 58' lang='grc' dir='ltr'><strong>διψᾷςςὶάο</strong></span> <span class='ocrx_word' id='word_1_698' title='bbox 769 5801 1094 5884; x_wconf 78' lang='lat' dir='ltr'><strong>concessum</strong></span> <span class='ocrx_word' id='word_1_699' title='bbox 1123 5801 1310 5884; x_wconf 74' lang='lat' dir='ltr'><strong>fuisse,</strong></span> <span class='ocrx_word' id='word_1_700' title='bbox 1339 5806 1582 5884; x_wconf 81' lang='lat' dir='ltr'><strong>virorum</strong></span> <span class='ocrx_word' id='word_1_701' title='bbox 1601 5807 2048 5884; x_wconf 64' lang='lat' dir='ltr'><strong>probabiliumde</strong></span> 
     </span>
    </p>
   </div>
   <div class='ocr_carea' id='block_1_104' title="bbox 465 5873 2050 5947">
    <p class='ocr_par' dir='ltr' id='par_1_104' title="bbox 465 5873 2050 5947">
     <span class='ocr_line' id='line_1_104' title="bbox 465 5873 2050 5947; baseline 0.005 -23"><span class='ocrx_word' id='word_1_702' title='bbox 465 5873 740 5928; x_wconf 80' lang='lat' dir='ltr'><strong>nobilibus</strong></span> <span class='ocrx_word' id='word_1_703' title='bbox 797 5873 910 5928; x_wconf 89' lang='lat' dir='ltr'><strong>suis</strong></span> <span class='ocrx_word' id='word_1_704' title='bbox 967 5874 1148 5928; x_wconf 89' lang='lat' dir='ltr'><strong>veraci</strong></span> <span class='ocrx_word' id='word_1_705' title='bbox 1203 5877 1562 5947; x_wconf 82' lang='lat' dir='ltr'><strong>cognovimus</strong></span> <span class='ocrx_word' id='word_1_706' title='bbox 1592 5873 1874 5934; x_wconf 77' lang='lat' dir='ltr'><strong>relatione.</strong></span> <span class='ocrx_word' id='word_1_707' title='bbox 1930 5875 2050 5932; x_wconf 84' lang='lat' dir='ltr'><strong>Nos</strong></span> 
     </span>
    </p>
   </div>
   <div class='ocr_carea' id='block_1_105' title="bbox 2163 5308 3759 5382">
    <p class='ocr_par' dir='ltr' id='par_1_105' title="bbox 2163 5308 3759 5382">
     <span class='ocr_line' id='line_1_105' title="bbox 2163 5308 3759 5382; baseline -0.006 -13"><span class='ocrx_word' id='word_1_708' title='bbox 2163 5308 2407 5379; x_wconf 73' lang='lat' dir='ltr'><strong>duceret,</strong></span> <span class='ocrx_word' id='word_1_709' title='bbox 2439 5313 2508 5368; x_wconf 91' lang='lat' dir='ltr'><strong>de</strong></span> <span class='ocrx_word' id='word_1_710' title='bbox 2551 5327 2780 5382; x_wconf 88' lang='lat' dir='ltr'><strong>quarum</strong></span> <span class='ocrx_word' id='word_1_711' title='bbox 2827 5308 3210 5382; x_wconf 86' lang='lat' dir='ltr'><strong>numerositate</strong></span> <span class='ocrx_word' id='word_1_712' title='bbox 3253 5308 3594 5382; x_wconf 84' lang='lat' dir='ltr'><strong>culpabatur,</strong></span> <span class='ocrx_word' id='word_1_713' title='bbox 3623 5308 3759 5382; x_wconf 79' lang='lat' dir='ltr'><strong>abs—</strong></span> 
     </span>
    </p>
   </div>
   <div class='ocr_carea' id='block_1_106' title="bbox 2162 5379 3761 5456">
    <p class='ocr_par' dir='ltr' id='par_1_106' title="bbox 2162 5379 3761 5456">
     <span class='ocr_line' id='line_1_106' title="bbox 2162 5379 3761 5456; baseline -0.003 -18"><span class='ocrx_word' id='word_1_714' title='bbox 2162 5402 2266 5456; x_wconf 91' lang='lat' dir='ltr'><strong>que</strong></span> <span class='ocrx_word' id='word_1_715' title='bbox 2290 5379 2792 5456; x_wconf 10' lang='lat' dir='ltr'><strong>rnostrouc&#39;onsilio.</strong></span> <span class='ocrx_word' id='word_1_716' title='bbox 2840 5382 2995 5456; x_wconf 28' lang='lat' dir='ltr'><strong>cﬂujus</strong></span> <span class='ocrx_word' id='word_1_717' title='bbox 3027 5381 3117 5456; x_wconf 74' lang='lat' dir='ltr'><strong>rei</strong></span> <span class='ocrx_word' id='word_1_718' title='bbox 3161 5389 3331 5451; x_wconf 80' lang='lat' dir='ltr'><strong>gesta</strong></span> <span class='ocrx_word' id='word_1_719' title='bbox 3361 5381 3555 5434; x_wconf 88' lang='lat' dir='ltr'><strong>seriem</strong></span> <span class='ocrx_word' id='word_1_720' title='bbox 3607 5379 3761 5456; x_wconf 69' lang='lat' dir='ltr'><strong>vobis</strong></span> 
     </span>
    </p>
   </div>
   <div class='ocr_carea' id='block_1_107' title="bbox 2157 5450 3754 5524">
    <p class='ocr_par' dir='ltr' id='par_1_107' title="bbox 2157 5450 3754 5524">
     <span class='ocr_line' id='line_1_107' title="bbox 2157 5450 3754 5524; baseline -0.004 -14"><span class='ocrx_word' id='word_1_721' title='bbox 2157 5450 2400 5519; x_wconf 72' lang='lat' dir='ltr'><strong>pandere</strong></span> <span class='ocrx_word' id='word_1_722' title='bbox 2421 5453 2811 5524; x_wconf 88' lang='lat' dir='ltr'><strong>judicavimus.</strong></span> <span class='ocrx_word' id='word_1_723' title='bbox 2859 5450 3268 5524; x_wconf 80' lang='lat' dir='ltr'><strong>Religiosorum</strong></span> <span class='ocrx_word' id='word_1_724' title='bbox 3313 5450 3754 5524; x_wconf 81' lang='lat' dir='ltr'><strong>autem,qui_a_d_-</strong></span> 
     </span>
    </p>
   </div>
   <div class='ocr_carea' id='block_1_108' title="bbox 2157 5520 3761 5590">
    <p class='ocr_par' dir='ltr' id='par_1_108' title="bbox 2157 5520 3761 5590">
     <span class='ocr_line' id='line_1_108' title="bbox 2157 5520 3761 5590; baseline -0.004 -10"><span class='ocrx_word' id='word_1_725' title='bbox 2157 5525 2394 5590; x_wconf 77' lang='lat' dir='ltr'><strong>fuerunt,</strong></span> <span class='ocrx_word' id='word_1_726' title='bbox 2423 5520 2647 5579; x_wconf 80' lang='lat' dir='ltr'><strong>nomina</strong></span> <span class='ocrx_word' id='word_1_727' title='bbox 2695 5525 2811 5578; x_wconf 84' lang='lat' dir='ltr'><strong>hac</strong></span> <span class='ocrx_word' id='word_1_728' title='bbox 2845 5520 3016 5578; x_wconf 58' lang='lat' dir='ltr'><strong>sunt&#39;:</strong></span> <span class='ocrx_word' id='word_1_729' title='bbox 3052 5522 3380 5577; x_wconf 82' lang='lat' dir='ltr'><strong>Aldebertus</strong></span> <span class='ocrx_word' id='word_1_730' title='bbox 3437 5520 3761 5576; x_wconf 79' lang='lat' dir='ltr'><strong>venerabilis</strong></span> 
     </span>
    </p>
   </div>
   <div class='ocr_carea' id='block_1_109' title="bbox 2157 5590 3754 5662">
    <p class='ocr_par' dir='ltr' id='par_1_109' title="bbox 2157 5590 3754 5662">
     <span class='ocr_line' id='line_1_109' title="bbox 2157 5590 3754 5662; baseline -0.004 -11"><span class='ocrx_word' id='word_1_731' title='bbox 2157 5595 2572 5652; x_wconf 89' lang='lat' dir='ltr'><strong>Bituricensium</strong></span> <span class='ocrx_word' id='word_1_732' title='bbox 2621 5594 3092 5662; x_wconf 88' lang='lat' dir='ltr'><strong>archiepiscopus.</strong></span> <span class='ocrx_word' id='word_1_733' title='bbox 3156 5590 3436 5662; x_wconf 81' lang='lat' dir='ltr'><strong>Ouveldus</strong></span> <span class='ocrx_word' id='word_1_734' title='bbox 3484 5592 3754 5646; x_wconf 84' lang='lat' dir='ltr'><strong>Cenoma-</strong></span> 
     </span>
    </p>
   </div>
   <div class='ocr_carea' id='block_1_110' title="bbox 2157 5661 3749 5736">
    <p class='ocr_par' dir='ltr' id='par_1_110' title="bbox 2157 5661 3749 5736">
     <span class='ocr_line' id='line_1_110' title="bbox 2157 5661 3749 5736; baseline -0.003 -16"><span class='ocrx_word' id='word_1_735' title='bbox 2157 5669 2344 5722; x_wconf 84' lang='lat' dir='ltr'><strong>uensis</strong></span> <span class='ocrx_word' id='word_1_736' title='bbox 2378 5665 2713 5736; x_wconf 84' lang='lat' dir='ltr'><strong>episcopus.</strong></span> <span class='ocrx_word' id='word_1_737' title='bbox 2774 5661 3099 5718; x_wconf 25' lang='lat' dir='ltr'><strong>Guillel’mus</strong></span> <span class='ocrx_word' id='word_1_738' title='bbox 3157 5661 3417 5736; x_wconf 71' lang='lat' dir='ltr'><strong>abbess.</strong></span> <span class='ocrx_word' id='word_1_739' title='bbox 3450 5662 3749 5736; x_wconf 81' lang='lat' dir='ltr'><strong>_Florent_ii.</strong></span> 
     </span>
    </p>
   </div>
   <div class='ocr_carea' id='block_1_111' title="bbox 2156 5732 3764 5803">
    <p class='ocr_par' dir='ltr' id='par_1_111' title="bbox 2156 5732 3764 5803">
     <span class='ocr_line' id='line_1_111' title="bbox 2156 5732 3764 5803; baseline -0.003 -11"><span class='ocrx_word' id='word_1_740' title='bbox 2156 5732 2463 5792; x_wconf 72' lang='lat' dir='ltr'><strong>Bernartius</strong></span> <span class='ocrx_word' id='word_1_741' title='bbox 2534 5732 2708 5790; x_wconf 85' lang='lat' dir='ltr'><strong>abbas</strong></span> <span class='ocrx_word' id='word_1_742' title='bbox 2768 5735 2996 5803; x_wconf 71' lang='lat' dir='ltr'><strong>Maioris</strong></span> <span class='ocrx_word' id='word_1_743' title='bbox 3050 5732 3414 5789; x_wconf 65' lang='lat' dir='ltr'><strong>Monasteriis.</strong></span> <span class='ocrx_word' id='word_1_744' title='bbox 3447 5732 3764 5803; x_wconf 81' lang='lat' dir='ltr'><strong>Be-nardus</strong></span> 
     </span>
    </p>
   </div>
   <div class='ocr_carea' id='block_1_112' title="bbox 2155 5802 3764 5876">
    <p class='ocr_par' dir='ltr' id='par_1_112' title="bbox 2155 5802 3764 5876">
     <span class='ocr_line' id='line_1_112' title="bbox 2155 5802 3764 5876; baseline -0.002 -16"><span class='ocrx_word' id='word_1_745' title='bbox 2155 5807 2328 5861; x_wconf 86' lang='lat' dir='ltr'><strong>abbas</strong></span> <span class='ocrx_word' id='word_1_746' title='bbox 2357 5806 2460 5862; x_wconf 90' lang='lat' dir='ltr'><strong>SS.</strong></span> <span class='ocrx_word' id='word_1_747' title='bbox 2494 5805 2681 5876; x_wconf 76' lang='lat' dir='ltr'><strong>Sergii</strong></span> <span class='ocrx_word' id='word_1_748' title='bbox 2721 5812 2776 5860; x_wconf 89' lang='lat' dir='ltr'><strong>et</strong></span> <span class='ocrx_word' id='word_1_749' title='bbox 2807 5802 3004 5860; x_wconf 88' lang='lat' dir='ltr'><strong>Bacchi</strong></span> <span class='ocrx_word' id='word_1_750' title='bbox 3023 5804 3319 5876; x_wconf 8' lang='lat' dir='ltr'><strong>iGﬁirardus</strong></span> <span class='ocrx_word' id='word_1_751' title='bbox 3338 5802 3598 5876; x_wconf 79' lang='lat' dir='ltr'><strong>abbess.</strong></span> <span class='ocrx_word' id='word_1_752' title='bbox 3630 5803 3764 5876; x_wconf 26' lang='lat' dir='ltr'><strong>‘Al-</strong></span> 
     </span>
    </p>
   </div>
   <div class='ocr_carea' id='block_1_113' title="bbox 2156 5873 3766 5933">
    <p class='ocr_par' dir='ltr' id='par_1_113' title="bbox 2156 5873 3766 5933">
     <span class='ocr_line' id='line_1_113' title="bbox 2156 5873 3766 5933; baseline -0.002 -2"><span class='ocrx_word' id='word_1_753' title='bbox 2156 5877 2290 5933; x_wconf 91' lang='lat' dir='ltr'><strong>bini.</strong></span> <span class='ocrx_word' id='word_1_754' title='bbox 2323 5875 2570 5933; x_wconf 85' lang='lat' dir='ltr'><strong>Nualdus</strong></span> <span class='ocrx_word' id='word_1_755' title='bbox 2599 5873 2772 5931; x_wconf 84' lang='lat' dir='ltr'><strong>abbas</strong></span> <span class='ocrx_word' id='word_1_756' title='bbox 2794 5875 2850 5931; x_wconf 91' lang='lat' dir='ltr'><strong>S.</strong></span> <span class='ocrx_word' id='word_1_757' title='bbox 2883 5875 3118 5932; x_wconf 85' lang='lat' dir='ltr'><strong>Nicolai.</strong></span> <span class='ocrx_word' id='word_1_758' title='bbox 3143 5875 3426 5932; x_wconf 88' lang='lat' dir='ltr'><strong>Baldricus</strong></span> <span class='ocrx_word' id='word_1_759' title='bbox 3443 5873 3612 5930; x_wconf 90' lang='lat' dir='ltr'><strong>abbas</strong></span> <span class='ocrx_word' id='word_1_760' title='bbox 3629 5873 3766 5929; x_wconf 82' lang='lat' dir='ltr'><strong>Bur-</strong></span> 
     </span>
    </p>
   </div>
  </div>
