3940 6428
426 428 493 486 39
1424 416 1757 478 GOFFRIDI
1794 416 2101 474 ABBATIS
2143 416 2263 474 VIN
2269 406 2715 475 DOCINENSIS.

426 567 603 609 manas
631 550 919 621 Ecclesia,
950 548 1243 605 mamillam
1257 544 1483 616 iustitiae
1514 543 1759 600 sitientes
1785 540 2034 615 confugi-
2062 541 2114 601 A

433 658 557 697 mus
585 660 600 706 ;
632 657 731 712 pro
757 642 916 711 cujus
942 653 1132 696 amore
1157 651 1222 693 ac
1254 634 1508 691 ﬁdelitate
1538 632 1885 688 multimodas
1914 629 2035 703 epi-

432 729 585 802 scopi
607 730 987 787 infestationes
1029 729 1080 797 6
1121 726 1212 781 diu
1234 722 1585 797 portavimus.
1619 721 1708 777 Ad
1730 720 2034 776 Romanam

431 822 611 892 itaque
625 818 971 891 confugimus
995 814 1292 873 Ecclesiam
1328 830 1340 867 :
1373 811 1527 881 cujus
1556 810 1656 865 sub
1684 809 1802 865 alas
1832 816 2033 863 mater-

429 908 622 964 nitalis
650 908 782 964 dum
817 902 1147 978 congregari
1176 908 1229 958 et
1266 900 1464 966 foveri,
1485 907 1645 971 prout
1679 898 1889 970 justum
1929 903 2031 964 est,

427 1006 838 1073 desideramus,
872 1018 974 1058 nos
1004 1002 1329 1074 disgregare
1378 1000 1438 1053 et
1476 995 1889 1052 tribulationum
1945 992 2035 1048 fu-

430 1104 587 1159 nibus
634 1101 891 1175 alligatos
931 1100 1061 1155 inde
1105 1097 1423 1154 abstrahere
1469 1094 1692 1150 molitur
1737 1091 2037 1164 praedictus

430 1202 756 1272 episcopus;
789 1207 842 1255 et
880 1196 1210 1268 contemptis
1258 1201 1466 1250 sanctae
1511 1190 1795 1249 catholicae
1827 1197 1880 1245 et
1908 1204 2037 1261 apo.

430 1290 634 1347 stolicse
700 1288 847 1343 sedis
898 1285 1223 1359 privilegiis,
1282 1299 1419 1356 quos
1482 1282 1553 1337 ab
1611 1280 1763 1336 initio
1836 1285 2039 1334 nostrae

428 1378 718 1436 creationis
747 1385 923 1432 mater
953 1374 1195 1432 omnium
1235 1371 1596 1429 ecclesiarum
1632 1370 1886 1425 Romana
1922 1367 2039 1423 Ec-

428 1476 597 1532 clesia
627 1473 883 1547 proprios
913 1480 968 1529 et
1000 1471 1273 1543 speciales
1304 1468 1451 1523 ﬁlios
1480 1466 1668 1523 habuit
1697 1473 1861 1536 atque
1897 1462 2038 1518 lacte

428 1590 540 1629 suae
569 1570 879 1628 dilectionis
908 1568 1157 1635 nutrivit,
1188 1566 1316 1640 quia
1345 1564 1449 1621 sibi
1480 1563 1761 1620 vindicare
1792 1575 1904 1616 non
1935 1573 2037 1613 va-

428 1672 500 1728 let
529 1673 661 1741 (13),
694 1667 1052 1727 exsecrandis
1107 1664 1489 1723 vexationibus
1547 1664 1782 1717 conatur
1829 1657 2039 1714 exstin-

429 1785 617 1841 guere.
670 1767 848 1833 Unde,
890 1766 1109 1838 optimae
1152 1772 1206 1820 et
1263 1761 1662 1819 honestissimae
1699 1758 1823 1814 vitae
1861 1758 2039 1820 Pater,

432 1876 672 1924 vestram
699 1867 961 1938 pietatem
988 1862 1268 1919 humiliter
1323 1860 1701 1931 imploramus.
1764 1863 2041 1927 quatenus

434 1966 631 2022 educto
676 1964 745 2019 de
798 1962 994 2036 vagina
1042 1960 1191 2017 beati
1240 1958 1380 2014 Petri
1432 1955 1638 2030 gladio,
1672 1953 1963 2026 episcopus
1995 1964 2050 2011 et

436 2055 530 2127 qui
559 2053 663 2109 sibi
692 2053 747 2107 in
777 2051 990 2121 injuriis
1022 2049 1225 2105 nostris
1256 2048 1775 2118 obtemperaverunt
1802 2042 1880 2098 sic
1912 2055 2041 2097 cor-

439 2145 687 2215 rigantur
719 2149 775 2195 ut
804 2140 993 2197 caeteri
1020 2140 1271 2203 timeant,
1306 2143 1359 2191 et
1388 2150 1423 2190 a
1451 2141 1634 2189 nostra
1666 2129 2049 2215 persecutione

438 2212 715 2287 retrahant
744 2243 965 2295 manus,
999 2236 1052 2283 et
1087 2226 1192 2281 sub
1219 2224 1474 2297 praesidio
1509 2221 1828 2295 apostolicae
1864 2212 2047 2273 virtu-

442 2321 535 2386 tis,
563 2335 685 2391 quas
710 2318 1008 2373 monachos
1036 2316 1216 2381 decet,
1241 2313 1478 2386 quietem
1507 2310 1715 2366 habere
1745 2309 2044 2364 valeamus.

443 2411 795 2473 Mementote,
824 2404 1183 2462 dilectissime
1215 2402 1393 2469 Pater,
1419 2397 1810 2457 venerabilium
1829 2395 2047 2467 praede-

444 2512 731 2556 cessorum
755 2502 1064 2552 vestrorum
1093 2492 1187 2565 qui
1215 2507 1314 2547 vos
1343 2490 1411 2545 ad
1443 2490 1707 2544 aethereas
1737 2485 2049 2541 mansiones

447 2598 844 2665 praecesserunt
881 2608 894 2644 :
935 2604 1166 2663 quorum
1195 2594 1387 2643 sancta
1411 2584 1628 2651 astutia,
1661 2583 1790 2639 licet
1822 2582 1875 2637 in
1904 2579 2049 2635 mul-

450 2691 520 2745 tis
551 2688 728 2745 divisa
756 2687 933 2743 minor
962 2694 1106 2742 esset
1153 2685 1207 2740 in
1247 2680 1497 2756 singulis,
1548 2681 1601 2737 in
1647 2679 1827 2737 causis
1868 2686 2048 2734 tamen

449 2786 760 2845 monasterii
795 2783 986 2849 nostri,
1019 2781 1335 2855 patrimonii
1365 2780 1569 2837 scilicet
1610 2777 1753 2835 beati
1794 2777 1954 2848 Petri,
1990 2792 2050 2831 se

451 2893 643 2950 totam,
675 2888 839 2954 prout
868 2879 1171 2945 videbatur,
1188 2876 1501 2949 colligebat.
1533 2875 1616 2930 Illi
1647 2873 1886 2947 quidem,
1913 2872 2053 2928 sicut

453 2989 645 3032 eorum
672 2969 1021 3027 honorabiles
1051 2966 1299 3040 epistolae
1329 2982 1466 3039 quas
1497 2973 1754 3037 tanquam
1793 2960 2054 3034 reliquias

456 3076 820 3128 reservamus,
865 3058 1132 3115 veraciter
1171 3054 1568 3119 testificantur;
1617 3050 2055 3109 benefactoribus

455 3149 654 3208 nostris
713 3146 1043 3219 multiplices
1092 3144 1302 3219 gratias
1356 3141 1684 3208 referebant,
1734 3148 1788 3197 et
1828 3155 1924 3196 eos
1967 3137 2057 3209 qui

456 3264 560 3305 nos
588 3245 1012 3320 impugnabant,
1034 3240 1383 3299 severissima
1403 3239 1710 3296 invectione
1732 3236 2055 3311 arguebant.
2088 3268 2138 3331 Ο

458 3349 573 3404 Illis
614 3345 952 3419 temporibus
998 3359 1193 3418 pacem
1232 3345 1279 3412 7
1325 3340 1618 3397 habuimus
1674 3347 1727 3395 et
1779 3337 2056 3410 quietem;

460 3454 513 3503 et
526 3444 760 3501 militare
780 3445 897 3499 Deo
923 3442 1092 3508 licuit,
1112 3456 1222 3496 non
1244 3437 1515 3511 implicari
1535 3435 1796 3493 mundiali
1817 3434 2059 3508 negotio.

460 3535 627 3600 Nam,
662 3533 705 3589 si
739 3532 862 3605 quis
890 3546 992 3587 nos
1023 3529 1316 3586 molestare
1345 3526 1643 3599 cogitabat,
1675 3524 1752 3579 ibi
1779 3523 2062 3580 morieba-

459 3632 549 3679 tur
580 3622 672 3677 ubi
702 3629 819 3677 orta
850 3628 966 3676 erat
995 3619 1183 3691 iniqua
1218 3616 1502 3689 cogitatio.
1557 3614 1714 3669 Nunc
1734 3620 1915 3669 autem
1963 3610 2063 3666 tri-

462 3710 837 3767 bulationibus
893 3708 1201 3773 atterimur,
1258 3704 1551 3777 fatigamur
1605 3702 1832 3773 injuriis.
1892 3714 2063 3757 vexa-

458 3808 718 3876 tionibus,
742 3814 793 3862 et
814 3806 1049 3863 maxime
1065 3802 1421 3860 Carnotensis
1438 3800 1702 3873 episcopi,
1726 3799 2060 3855 laboramus.

459 3908 545 3974 At,
597 3906 665 3961 de
720 3913 902 3961 vestra
956 3901 1213 3969 bonitate,
1276 3898 1709 3957 clementissime
1770 3897 1953 3960 Pater.
2012 3904 2065 3950 et

458 4002 731 4075 aequitatis
784 4001 1095 4074 integritate
1152 3995 1379 4054 omnino
1435 3994 1800 4061 confidentes,
1857 3994 1927 4048 ab
1977 3993 2063 4048 his

459 4092 714 4149 omnibus
745 4089 967 4146 liberari
997 4103 1097 4144 nos
1118 4084 1785 4154 credimusdravamina,
1805 4082 1997 4156 quibus
2027 4098 2062 4138 a

460 4188 763 4237 memorato
810 4178 1070 4250 episcopo
1113 4174 1439 4248 premimur,
1473 4183 1529 4229 et
1555 4173 1656 4229 sub
1684 4179 1890 4245 quanto
1917 4170 2062 4228 illius

461 4293 631 4335 onere
661 4276 955 4350 gemimus,
976 4282 1203 4346 propter
1231 4272 1453 4327 nimiam
1482 4271 1862 4327 morositatem
1891 4270 2064 4325 tacui-

461 4391 602 4441 mus,
624 4382 676 4431 et
704 4371 888 4430 domni
921 4370 1134 4427 abbatis
1164 4370 1352 4442 lingua
1400 4368 1597 4425 melius
1645 4368 1826 4425 omnia
1865 4367 2064 4441 loque-

463 4472 569 4531 tur,
602 4478 764 4536 quam
795 4460 1042 4519 indicare
1063 4457 1236 4533 possit
1265 4457 1522 4531 epistola.

3691 414 3771 472 ιο

2710 541 3053 598 EPISTULA
3096 544 3159 599 V.

2144 665 2403 723 Gloriosa:
2418 682 2485 721 ac
2498 666 2841 722 venerabilis
2856 667 2985 722 vita:
2997 669 3158 723 Patri
3171 671 3225 724 et
3236 666 3463 724 domino
3476 668 3765 723 Paschali

2213 758 2425 811 sancta:
2450 758 2506 810 et
2535 753 2831 811 catholica:
2859 757 3125 812 Romana;-
3155 756 3421 812 Ecclesiae
3457 755 3758 827 pontiﬁci,

2212 842 2399 909 frater
2429 838 2707 911 Go/fridus
2734 845 2997 912 peccator
3040 841 3227 896 dictus
3269 839 3435 896 abbas
3495 840 3761 895 l’indoci-

2214 930 2428 996 nensis,
2462 928 2604 1000 quod
2627 929 2787 1001 patri
2804 929 2961 997 ﬁlius
2984 931 3039 985 et
3061 929 3285 986 domino
3315 945 3527 986 servus.

2218 1068 2444 1123 Litteras
2465 1068 2767 1125 sanctitatis
2797 1078 2996 1126 vestrae
3019 1085 3141 1128 cum
3174 1069 3376 1144 gaudio
3404 1077 3456 1125 et
3485 1085 3754 1126 reveren-

2146 1156 2216 1211 tia
2246 1171 2353 1230 qua
2382 1157 2677 1213 debuimus
2707 1159 3070 1230 suscepimus,
3106 1159 3302 1232 eisque
3327 1158 3562 1215 debitam
3601 1160 3753 1214 obe-

2147 1245 2423 1312 dientiam,
2465 1253 2623 1317 prout
2666 1246 2893 1320 dignum
2947 1256 3085 1313 erat,
3130 1248 3386 1304 exhibere
3425 1248 3742 1313 voluimus;

2147 1342 2200 1389 et
2257 1333 2520 1407 quidquid
2558 1350 2589 1389 a
2632 1333 2968 1392 beatitudine
3009 1343 3197 1391 vestra
3242 1336 3398 1391 nobis
3444 1336 3497 1391 in
3543 1335 3749 1391 litteris

2149 1429 2481 1494 praeceptum
2540 1421 2739 1488 fuerat,
2800 1424 3131 1495 completum
3188 1424 3373 1496 utique
3425 1423 3636 1489 fuisset,
3698 1426 3747 1478 si

2148 1510 2517 1566 inobedientia
2548 1511 2945 1567 Archembaldi
2990 1512 3120 1568 dicti
3169 1512 3383 1568 abbatis
3413 1514 3461 1585 (1
3473 1513 3526 1578 4)
3558 1513 3750 1569 Sancti

2150 1598 2329 1654 Albini
2361 1607 2415 1655 et
2460 1599 2817 1672 quorumdam
2863 1602 3258 1659 monachorum
3308 1601 3410 1656 sibi
3449 1600 3747 1657 faventium

2150 1703 2260 1743 non
2289 1687 2615 1744 obstitisset.
2650 1688 2909 1744 Sanctum
2940 1689 3160 1761 quidem
3190 1697 3244 1745 et
3266 1690 3477 1759 justum
3505 1699 3751 1746 vestrum

2152 1776 2461 1832 mandatum
2495 1776 2703 1845 fuerat;
2738 1777 2837 1832 sed
2871 1777 2962 1849 qui
3000 1779 3053 1847 8
3091 1777 3360 1847 justitiam
3400 1786 3453 1833 et
3492 1779 3751 1836 sanctita-

2157 1875 2267 1920 tem
2296 1864 2477 1919 minus
2505 1865 2759 1937 diligunt,
2791 1882 2855 1921 ex
2887 1867 3140 1922 omnibus
3161 1881 3278 1939 qua:
3296 1867 3637 1939 praecepistis
3669 1869 3752 1921 ni-

2160 1953 2234 2008 hil
2262 1954 2485 2009 omnino
2514 1953 2789 2011 fecerunt.
2839 1954 2976 2011 Hinc
3003 1955 3171 2028 igitur
3200 1963 3397 2012 vestrm
3433 1955 3751 2012 discretioni

2155 2041 2415 2099 incumbit
2463 2043 2608 2115 quod
2652 2043 3029 2099 inobedienter
3069 2051 3251 2100 actum
3289 2051 3373 2100 est
3420 2044 3748 2118 corrigere;

2154 2140 2212 2188 ut
2267 2132 2354 2187 vel
2412 2132 2492 2189 sic
2548 2132 2791 2188 universi
2845 2142 3181 2205 cognoscant
3236 2149 3396 2206 quam
3451 2150 3615 2206 grave
3682 2135 3753 2188 sit

2154 2221 2455 2293 apostolica
2503 2230 2777 2293 praecepta
2823 2230 3201 2279 contemnere.
3255 2223 3399 2279 Utile
3446 2231 3528 2279 est
3580 2224 3749 2288 enim,

2155 2310 2265 2366 imo
2296 2310 2685 2376 necessarium,
2718 2325 2787 2365 ne
2817 2311 2932 2366 haec
2959 2318 3107 2366 tanta
3152 2310 3508 2383 praesumptio
3552 2327 3751 2367 mona-

2159 2399 2383 2455 chorum
2424 2397 2592 2453 inulta
2631 2406 2924 2466 remaneat,
2957 2397 3093 2455 forte
3123 2399 3192 2454 de
3222 2399 3504 2456 monachis
3540 2408 3755 2471 sumpta

2158 2486 2453 2543 occasione
2481 2486 2536 2542 in
2567 2487 2741 2559 gradu
2771 2486 2949 2543 altiori
2979 2487 3151 2558 pestis
3179 2488 3557 2545 inobedientize
3592 2497 3757 2560 caput

2158 2576 2377 2649 erigere
2405 2584 2727 2647 praesumat.
2785 2577 2901 2632 Hoc
2948 2576 3001 2631 in
3050 2592 3216 2643 anno,
3267 2576 3614 2633 dilectissime
3645 2578 3755 2632 Pa-

2158 2672 2262 2731 ter,
2304 2664 2375 2719 ad
2433 2680 2537 2720 vos
2593 2664 2783 2720 venire
2831 2664 3102 2721 desiderio
3139 2664 3487 2729 desideravi;
3530 2665 3627 2721 sed
3664 2665 3755 2721 in-

2160 2751 2414 2808 firmitate
2471 2759 2525 2807 et
2579 2750 2866 2823 multiplici
2918 2752 3243 2809 monasterii
3296 2753 3471 2809 nostri
3506 2752 3754 2809 necessi—

2161 2849 2271 2896 tate
2299 2840 2551 2896 detentus
2580 2840 2770 2896 venire
2814 2856 2922 2897 non
2969 2841 3144 2912 potui.
3204 2841 3336 2910 Sed,
3370 2842 3475 2898 deo
3519 2840 3753 2907 volente,

2163 2944 2326 3001 quam
2356 2928 2519 2985 citius
2548 2936 2737 2999 potero
2781 2929 2851 2985 ad
2902 2944 3001 2985 vos
3047 2930 3262 2986 veniam
3308 2931 3520 2986 beatam
3557 2929 3755 2986 faciem

2165 3025 2413 3074 vestram
2472 3016 2688 3072 visurus
2714 3035 2729 3083 ;
2759 3024 2817 3074 et
2843 3018 2909 3073 Β.
2950 3018 3155 3075 Priscae
3182 3018 3469 3076 ecclesiam
3498 3019 3629 3089 (15),
3662 3017 3756 3074 vel

2165 3107 2235 3163 de
2263 3105 2501 3163 ecclesia
2524 3106 2805 3176 justitiam,
2838 3106 2884 3162 si
2913 3106 3138 3164 bonitati
3166 3115 3361 3164 vestrae
3407 3123 3517 3164 non
3562 3106 3756 3179 displi-

2168 3199 2272 3255 cet,
2297 3190 2444 3263 quod
2478 3189 2702 3248 minime
2730 3190 3023 3262 displicere
3051 3192 3232 3262 debet,
3258 3202 3603 3265 recepturus.

2726 3334 3070 3391 EPISTULA
3110 3335 3176 3388 VI
3190 3377 3203 3389 .

2171 3441 2504 3498 Beatissimo
2522 3457 2683 3514 papa:
2702 3442 2986 3507 Paschali,
3003 3443 3334 3500 charissim
3345 3443 3569 3499 domino
3584 3447 3640 3498 et
3654 3444 3757 3498 Pan

2244 3530 2343 3597 tri,
2373 3531 2561 3600 frater
2591 3529 2894 3601 Goffridus,
2927 3532 2984 3588 S.
3014 3530 3288 3588 Romam
3334 3532 3482 3588 sedis
3521 3531 3757 3588 humilis

2241 3635 2457 3686 servus,
2481 3619 2726 3675 debitam
2753 3635 2883 3675 cum
2912 3621 3218 3677 dilectione
3247 3621 3642 3678 obedientiam.

2244 3762 2516 3818 Domuum
2566 3761 2848 3832 Paganum
2903 3762 3048 3818 beati
3104 3762 3286 3818 Albini
3343 3762 3573 3819 electum
3619 3764 3753 3834 (16),

2173 3865 2333 3923 quem
2392 3849 2523 3904 mihi
2581 3849 2807 3906 minimo
2856 3866 3143 3909 servorum
3201 3858 3509 3908 vestrorum
3566 3858 3755 3907 vestrae

2171 3938 2508 3994 auctoritatis
2536 3939 2753 3995 decreto
2785 3940 3226 4008 commendastis,
3260 3940 3450 3997 scitote
3498 3939 3757 3995 veraciter

2172 4027 2343 4083 multa
2370 4027 2689 4101 gravamina
2718 4043 2967 4099 passum.
3005 4029 3161 4085 Prius
3192 4028 3413 4101 quidem
3440 4028 3632 4084 electio
3659 4044 3756 4083 sua

2172 4115 2289 4172 sine
2312 4116 2522 4185 judicio
2551 4124 2606 4173 et
2633 4117 2911 4173 audientis
2949 4118 2999 4173 ei
3046 4118 3227 4173 ablata
3269 4126 3377 4173 est.
3435 4120 3624 4173 Postea
3659 4133 3757 4188 per

2171 4204 2424 4259 invidiam
2464 4204 2519 4259 in
2561 4205 2762 4273 locum,
2806 4222 2967 4279 quem
3019 4223 3121 4278 per
3167 4206 3485 4263 electionem
3534 4205 3752 4260 fratrum

2173 4309 2405 4349 suorum
2453 4294 2778 4363 obtinuerat,
2839 4295 3272 4351 Archembaldus
3326 4295 3655 4364 subrogatus
3701 4295 3750 4363 9

2174 4391 2275 4439 est.
2299 4382 2426 4451 Qui,
2452 4398 2545 4439 me
2566 4391 2853 4455 praesente,
2886 4383 2942 4439 in
2980 4382 3219 4457 capitulo
3256 4399 3357 4440 suo
3395 4383 3535 4438 inter
3568 4398 3751 4438 manus

2175 4471 2603 4544 Andegavensis
2629 4472 2876 4545 episcopi
2907 4488 3033 4529 cum
3055 4472 3245 4545 regula
3275 4473 3332 4528 S.
3348 4470 3625 4529 Benedicti
3643 4472 3750 4541 (Π)

534 4641 648 4767 (133
686 4640 975 4722 Vindicare
1012 4655 1129 4694 non
1164 4637 1334 4692 valet.
1369 4636 1499 4692 Ideo
1527 4650 1639 4692 non
1665 4643 1894 4707 poterat,
1936 4636 2063 4719 quia
2092 4635 2143 4696 D
2174 4647 2542 4729 degavensem
2570 4663 2762 4773 greces
2791 4648 3133 4719 profuerunt,
3152 4667 3260 4723 quo
3281 4650 3461 4707 minus
3489 4650 3745 4706 abbatiam

534 4728 611 4768 leo
654 4728 832 4768 ertcus
863 4724 1155 4773 episcopus
1187 4723 1288 4763 SUO
1318 4716 1371 4763 et
1401 4722 1784 4764 successorum
1821 4723 2062 4773 nomine,
2173 4726 2436 4773 retmeret
2462 4722 2569 4773 Arc
2613 4719 2922 4773 embahius.

461 4711 832 4768 Theodericus
863 4711 1155 4780 episcopus
1187 4723 1288 4763 suo
1318 4716 1381 4780 et
1401 4722 1784 4780 successorum
1821 4711 2062 4777 nomine,

461 4783 851 4839 monasterium
884 4778 1291 4837 VindOcinense
1332 4778 1406 4849 ab
1435 4778 1820 4849 episcoporum
1851 4780 2066 4835 Carno-

463 4855 698 4911 tensium
743 4860 1013 4926 potestate
1063 4850 1291 4926 liberum
1320 4848 1521 4926 fecerat
1548 4848 1860 4922 privilegio,
1918 4850 2066 4923 quod

464 4926 533 4983 ad
564 4918 772 4983 calcem
803 4939 1029 4996 operum
1057 4918 1294 4996 Goljridi
1331 4918 1629 4996 edidimus.

534 4997 584 5069 (1
596 4999 649 5067 t)
678 4991 1110 5069 Archambaldi,
1134 4992 1275 5047 dicti
1290 4991 1525 5069 abbatis.
1546 4992 1659 5047 Hoc
1678 4997 2065 5063 argumentum

470 5062 739 5124 tractatur
767 5066 822 5121 in
852 5064 1085 5137 epistola
1104 5062 1382 5137 sequenti.

539 5140 653 5207 (-15)
686 5132 1114 5207 Beatw'Priscce
1142 5132 1466 5207 ecclesiam.
1514 5133 1580 5187 Et
1628 5132 1733 5189 hoc
1762 5133 1923 5189 etiam
1953 5134 2061 5206 peti

468 5204 643 5266 debet
657 5224 721 5262 ex
753 5206 983 5277 epistola
1013 5211 1044 5259 9
1077 5205 1236 5273 hujus
1265 5204 1413 5277 libri.

537 5279 650 5349 (l6)
680 5274 959 5349 Damnum
988 5278 1282 5349 Paganum
1303 5274 1456 5349 beati
1475 5275 1661 5349 Albini
1681 5275 1943 5349 electum.
1964 5278 2068 5349 Ve-

471 5344 557 5404 tus
586 5344 640 5404 et
670 5348 853 5403 nobile
885 5347 941 5402 S.
975 5344 1165 5400 Albini
1194 5344 1503 5419 coenobium
1530 5344 1824 5419 {uliomagi
1875 5348 2067 5419 Ande-

472 5419 854 5490 gavorum,in
885 5432 992 5490 quo
1034 5416 1513 5490 postLGirardumr
1541 5417 1588 5470 ll
1628 5416 1849 5472 creatus
1893 5417 2067 5473 abbas

473 5486 919 5546 lrchembaldus'
953 5486 1097 5543 anno
1144 5486 1342 5542 Christi
1386 5489 1546 5552 1106,
1588 5501 1712 5542 cum
1744 5503 1843 5543 sua
1872 5498 2066 5552 sponte

473 5559 801 5626 abdicasset,
835 5557 1209 5633 suﬂ‘ectusque
1238 5557 1294 5611 in
1323 5556 1442 5633 ejus
1470 5557 1652 5633 locum
1681 5567 1832 5614 esset
1881 5556 2066 5633 Paga-

475 5648 600 5699 nus,
630 5637 833 5686 mutata
862 5644 988 5684 mox
1016 5627 1295 5684 voluntate
1321 5627 1596 5699 abbatiam
1626 5628 1822 5699 iterum
1850 5627 2066 5687 allecta-

476 5697 595 5769 vit,
623 5700 964 5772 obtinuitque
1021 5706 1079 5754 ut
1135 5697 1345 5772 Pagani
1368 5697 1626 5772 _electio__
1652 5698 2065 5772 infringeretur.

479 5767 584 5829 Pro
615 5773 835 5843 Pagano
864 5767 1071 5843 litteras
1088 5767 1482 5843 ad‘G'offridum
1501 5768 1653 5843 dedit
1676 5767 1979 5843 Paschalis,
1998 5773 2069 5828 de

519 5844 675 5923 uibus
691 5837 944 5923 cpistola
960 5838 1318 5923 praecedenti;
1351 5837 1450 5923 sed
1481 5838 1532 5892 ei
1559 5839 1877 5923 neclitterae
1896 5844 2070 5923 ponti-

481 5860 675 5969 ambus
703 5860 937 5921 θριειοιᾳ
960 5860 1318 5923 Ρτωῡεαειιιη
1351 5860 1450 5892 seu
1481 5860 1532 5892 ΘΙ
1560 5860 1662 5894 nec
1678 5860 1877 5920 μηδι-ω
1896 5860 2070 5912 ponu-

500 5914 639 5988 gciaa,
672 5927 774 5970 nec
801 5909 1055 5969 adhibita:
1083 5907 1231 5982 apud
1251 5906 1494 5980 legatum
1522 5915 1577 5964 et
1608 5925 1925 5987 episcopum
1955 5915 2071 5969 An-

2173 4719 2436 4776 retineret
2462 4719 2896 4776 Archembaldus
2909 4762 2922 4776 .

2244 4791 2358 4863 (17)
2392 4791 2533 4863 Cum
2558 4792 2756 4863 regula
2797 4793 2859 4848 S.
2898 4792 3209 4849 Benedicti.
3255 4792 3371 4849 Hoc
3417 4800 3519 4856 est,
3563 4790 3745 4846 librum

2172 4861 2464 4934 porrigens
2523 4861 2766 4934 Regulae,
2812 4863 3086 4918 abbatiam
3130 4864 3434 4920 abdicarat.
3470 4864 3689 4934 Ductum
3717 4878 3746 4917 e

2177 4932 2355 5007 prisca
2384 4932 2935 5007 illorum'temporum
2964 4935 3377 5007 consuetudine,
3409 4950 3518 5007 qua
3544 4933 3611 4989 ad
3639 4947 3745 4987 san-

2175 5001 2396 5076 ciendas
2424 5001 2826 5076 ﬁrmandasque
2872 5005 3184 5076 cessionum
3235 5014 3287 5061 et
3324 5001 3743 5076 invéstiturarum

2175 5075 2437 5148 actiones
2478 5074 2754 5148 baculum,
2815 5075 3113 5141 cultellum,
3198 5077 3425 5148 aliudve
3489 5074 3743 5148 quidpiam

2173 5145 2441 5214 ejusmodi
2490 5145 2855 5209 adhibebant;
2890 5149 3165 5203 interdum
3212 5147 3371 5204 etiam
3417 5145 3744 5202 librum’Re-

2174 5215 2402 5288 gulm‘S.
2426 5216 2741 5288 Benedicti,
2773 5218 2919 5287 apud
2950 5219 3249 5275 monachos
3278 5217 3549 5274 nimirum.
3590 5217 3742 5286 Cujus

2175 5285 2256 5341 rei
2313 5285 2387 5359 ing
2422 5286 2663 5359 ipsos.
2724 5285 2912 5343 Albini
2962 5290 3233 5345 tabulario
3291 5291 3435 5344 varia
3477 5285 3744 5359 suppetunt

2175 5356 2459 5429 exempla,"
2477 5366 2536 5413 ut
2562 5358 2625 5429 in
2668 5359 2961 5415 donatione
2999 5361 3263 5417 Adelardi
3290 5361 3359 5417 de
3388 5356 3742 5429 CastroGon-

2175 5427 2511 5503 terii,'quam
2559 5428 2663 5503 1ib_.
2722 5445 2778 5497 v,
2800 5430 2991 5503 _epist.
3028 5433 3100 5503 25
3129 5432 3499 5503 proferemus.
3538 5431 3666 5503 item
3698 5427 3745 5503 in

2174 5498 2350 5554 altera
2392 5500 2749 5557 concessione
2789 5498 3069 5557 Sainsonis
3102 5498 3442 5559 Passavantii
3474 5500 3670 5565 militis,
3698 5498 3747 5551 in

2176 5577 2459 5645 qua_post
2495 5587 2684 5626 eorum
2739 5574 3226 5645 enumerationem,
3271 5590 3392 5645 qua:
3439 5568 3747 5645 monasterio

2176 5638 2349 5715 apud
2375 5641 2856 5715 Qurtumcampum
2903 5643 3135 5701 donarat
3170 5638 3313 5702 anno
3352 5645 3491 5700 1138
3528 5643 3605 5698 sic
3639 5654 3749 5697 con-

2177 5710 2466 5802 sese":
2483 5710 3383 5802 ἰξςίαίὲἀτριεετηοευπαεροέρειξ
3400 5716 3748 5802 Sarrastes

2177 5782 2392 5859 Rggula
2415 5783 2475 5859 S.
2491 5781 2809 5859 Benedicti,
2826 5803 2956 5842 cum
2970 5781 3078 5859 qu'a
3093 5781 3344 5843 ecclesia:
3362 5782 3680 5854 beneﬁcium
3690 5781 3754 5859 ab

2177 5851 2443 5931 abbateet
2450 5858 2545 5931 fr_a_
2550 5858 2571 5908 t
2577 5856 2730 5931 ribus
2742 5851 3428 5931 memordtisacceperam,
3443 5851 3753 5931 memoratos

2178 5923 2387 6004 incesti
2392 5924 2446 5980 vi
2457 5924 2711 5984 abbatem
2723 5932 2779 5984 et
2791 5934 3133 5987 conventum
3148 5948 3162 6009 ς
3179 5923 3234 5987 e't
3247 5926 3501 5987 eamdem
3518 5924 3753 6005 Regulam
