3940 6432
402 384 468 443 43
1424 386 1758 449 GOFFRIDI
1795 384 2090 451 ABBATIS
2118 386 2670 453 VINDOCINENSIS
3625 389 3696 453 Li

403 517 649 573 uestrum
681 510 898 579 duobus
925 513 1232 589 discipulis,
1257 515 1421 573 Petro
1456 513 1706 575 videlicet
1735 518 1792 573 et
1819 514 2004 583 Paulo,
2034 522 2087 587 Α
2119 531 2226 577 nec
2246 518 2469 591 justitiae
2497 534 2599 579 uec
2617 518 3016 579 misericordiae
3055 518 3230 579 fuisse
3261 519 3552 578 consilium
3608 535 3700 577 vc-

403 607 669 697 Ecclesiae
696 610 918 671 dedisse
950 613 1343 685 principatum.
1384 613 1607 671 Petrum
1665 610 1791 669 ﬁdei
1819 613 2008 675 catho-

400 705 523 762 licae
553 706 857 779 principem
917 709 1087 775 fecit;
1122 709 1343 765 Paulum
1399 707 1692 766 doctrinae.
1761 708 2006 777 Quorum

404 812 566 857 unum
599 796 767 869 elegit
816 798 997 854 adhuc
1026 798 1082 853 in
1127 807 1269 855 terra
1321 798 1683 869 corporaliter
1736 808 2003 857 manens;

408 883 575 953 alium
605 901 737 943 vero
759 886 813 942 in
855 887 997 943 cmlo
1020 887 1133 954 jam
1160 886 1430 942 residens.
1497 886 1555 941 in
1584 891 1733 941 terra
1783 885 2006 958 quidem

404 973 623 1031 Petrum
647 972 835 1046 elegit,
860 983 919 1031 ut
951 975 1256 1031 Ecclesiam
1289 989 1447 1030 suam
1478 975 1598 1044 ejus
1628 973 1755 1030 ﬁdei
1804 974 2005 1031 robore

403 1059 645 1118 ﬁrmaret
675 1081 690 1128 ;
726 1061 946 1118 Paulum
1000 1071 1191 1134 postea
1222 1063 1291 1118 de
1339 1063 1497 1130 cmlo,
1548 1070 1816 1135 quatenus
1874 1063 1992 1132 ejus

402 1162 584 1211 sancta
615 1155 854 1212 doctrina
883 1154 989 1212 ﬁde
1027 1159 1297 1213 ﬁrmatam
1328 1156 1631 1213 Ecclesium
1675 1163 1986 1212 exornaret.

403 1242 496 1298 lsti
523 1243 752 1316 gloriosi
781 1244 1209 1316 triumphatores
1268 1245 1534 1316 Operibus
1565 1245 1777 1301 veritati
1833 1243 1997 1300 ﬁdem

400 1340 682 1391 servantes
712 1348 821 1388 non
853 1333 1127 1406 sanguini,
1161 1333 1473 1389 maluerunt
1499 1334 1638 1389 alter
1679 1331 2000 1390 obedienter

400 1429 583 1485 subire
609 1430 906 1501 patibulum
935 1429 1132 1498 crucis,
1160 1430 1301 1486 alter
1328 1445 1517 1485 ensem
1572 1430 1851 1502 suscipere
1879 1428 2000 1484 dili-

398 1536 589 1597 genter
609 1528 881 1584 submissa
921 1528 1171 1595 cervice;
1195 1528 1341 1583 unde
1372 1527 1780 1600 ampliuslactis
1836 1525 2001 1583 exivit

399 1639 562 1695 quam
591 1625 879 1698 sanguinis
908 1643 924 1692 ;
958 1640 1121 1697 quam
1151 1624 1417 1699 Ecclesiae
1434 1625 1536 1703 sibi
1554 1624 1863 1683 commissa:
1887 1623 1996 1678 vir-

397 1730 562 1779 tutem
596 1721 723 1779 ﬁdei
751 1731 805 1779 et
837 1722 1167 1789 libertatem,
1202 1738 1365 1795 quam
1395 1722 1572 1779 bonus
1601 1737 1790 1778 eorum
1821 1720 1998 1794 magi-

398 1828 513 1877 ster
535 1830 588 1878 et
614 1819 879 1876 Dominus
909 1819 1030 1876 fuso
1061 1819 1331 1893 sanguine
1361 1819 1449 1876 sui
1489 1817 1850 1875 sacratissimi
1865 1832 1995 1874 cor-

395 1911 997 1981 poriscomparnverat,
1031 1916 1345 1979 paterentur
1392 1905 1614 1969 auferri.
1640 1907 1691 1962 Is

393 1999 667 2055 memoria:
719 2004 775 2053 et
831 1995 1158 2053 venerabilis
1211 1996 1335 2051 vitae
1384 2003 1651 2068 martyres
1680 2009 1782 2051 suo
1837 1992 1999 2066 capiti

396 2087 613 2153 Christo
666 2085 905 2149 ﬁdeliter
960 2085 1310 2154 inbmrentes,
1357 2100 1520 2158 quam
1574 2082 1837 2143 veraciter
1877 2084 1996 2153 ejus

393 2175 642 2255 membra
670 2173 905 2244 fuerunt,
939 2172 1078 2229 mori
1106 2172 1288 2247 potius
1318 2188 1420 2246 pro
1443 2171 1539 2229 illo
1596 2188 1757 2251 quam
1802 2178 1994 2228 contra

396 2266 548 2320 illum
580 2263 770 2337 vivere
822 2263 1110 2333 eligentes,
1147 2260 1299 2327 faelis
1341 2260 1579 2337 amplius
1600 2275 1761 2333 quam
1805 2258 1991 2315 verbis

398 2353 798 2415 clamaverunt.
833 2350 1079 2423 Quorum
1124 2349 1413 2409 victorioso
1441 2349 1706 2419 sanguine
1747 2347 1989 2403 laureata

396 2450 584 2499 saneta
640 2441 889 2513 Romana
934 2437 1181 2509 Ecclesia
1230 2437 1360 2507 olim
1427 2437 1690 2509 superatis
1742 2435 1989 2491 hostibus

406 2528 758 2602 triumphavit
792 2543 807 2599 ;
841 2543 963 2601 qua:
1004 2526 1055 2581 in
1113 2525 1227 2582 suis
1274 2525 1587 2591 doctoribus
1619 2533 1672 2580 et
1700 2524 1839 2589 mori
1896 2539 1998 2595 pro

407 2619 629 2675 Christo
658 2631 875 2690 semper
920 2614 1144 2687 optavit,
1177 2621 1231 2669 et
1260 2613 1364 2672 sibi
1385 2614 1565 2670 vivere
1602 2612 1894 2669 recusavit.
1933 2610 1998 2666 Hi

405 2706 579 2781 sancti
610 2690 713 2765 viri
746 2705 798 2758 in
819 2701 1074 2761 aelltereis
1089 2702 1465 2777 mansionibus
1494 2716 1617 2758 cum
1641 2716 1741 2756 suo
1768 2699 1999 2755 Domino

395 2797 506 2865 jam
539 2794 828 2859 exsultant,
860 2791 951 2847 ubi
976 2807 1078 2863 pro
1110 2798 1284 2847 morte
1315 2789 1599 2865 temporali
1644 2789 1861 2845 beatam
1891 2787 1997 2842 im-

408 2882 791 2949 mortalitatem
823 2879 1025 2952 adepti,
1058 2895 1186 2935 suos
1236 2878 1333 2934 sed
1364 2894 1468 2934 non
1499 2878 1806 2957 degeneres
1868 2891 1995 2932 suc-

400 2986 654 3030 cessores
682 2975 1029 3041 exspectant.
1069 2966 1229 3036 Quod
1261 2967 1305 3021 si
1334 2965 1495 3023 alicui
1523 2981 1711 3022 eorum
1750 2967 1850 3036 13
1928 2963 2001 3018 vi-

401 3050 571 3118 ctoria
600 3074 708 3114 non
740 3057 911 3113 adfuit
943 3056 1233 3127 passionis,
1266 3070 1373 3111 non
1395 3054 1528 3109 illud
1550 3053 1716 3109 timor
1742 3051 1994 3124 negavit;

392 3174 493 3215 nec
521 3164 630 3211 tam
661 3152 846 3227 passio
876 3152 1047 3209 defuit
1074 3167 1239 3229 quam
1258 3152 1376 3206 dies
1406 3149 1734 3209 certaminis.
1762 3148 1984 3203 Talibus

391 3243 638 3319 patronis
672 3230 837 3309 'terra
893 3240 1127 3308 laetatur,
1186 3238 1385 3295 coelum
1443 3245 1676 3294 exsultat
1708 3253 1721 3292 :
1754 3244 1830 3305 et,
1861 3234 1990 3308 quia
2019 3235 2069 3299 C

390 3342 519 3399 felix
552 3326 738 3401 eorum
784 3339 894 3419 vita
954 3342 1185 3411 mortem
1242 3334 1444 3393 meruit
1490 3334 1813 3409 gloriosam,
1866 3332 1990 3388 hinc

392 3440 585 3488 sancta
615 3444 805 3503 eorum
836 3424 1100 3482 solemnia
1137 3423 1297 3497 plebs
1322 3421 1631 3479 Christiana
1660 3418 1990 3478 celebrando

390 3521 716 3592 frequentat,
748 3524 801 3572 et
825 3531 929 3589 per
985 3511 1375 3585 supplicabiles
1406 3512 1650 3584 ipsorum
1707 3523 1901 3580 preces
1931 3521 1992 3563 se

390 3617 507 3665 tota
534 3605 824 3663 devotione
854 3618 955 3659 suo
977 3598 1228 3657 Creatori
1258 3599 1624 3657 commendat.
1654 3599 1864 3654 Horum
1894 3595 1993 3651 ita-

392 3722 498 3780 que
529 3700 799 3761 solemnia
828 3700 1114 3758 celebrare
1142 3702 1228 3755 est
1264 3697 1399 3753 utile
1429 3704 1484 3753 et
1537 3695 1855 3769 religiosum
1883 3714 1897 3758 ;
1930 3709 1992 3749 se

394 3795 499 3867 piis
526 3808 718 3851 eorum
752 3789 1015 3864 precibus
1043 3787 1431 3845 commendare
1459 3784 1589 3841 utile
1610 3783 1813 3859 pariter
1834 3791 1994 3839 etne‘

392 3882 722 3941 cessarium.
744 3882 790 3936 Α
820 3894 1050 3952 quorum
1081 3883 1230 3933 sorte
1252 3875 1408 3930 beata
1432 3874 1524 3945 qui
1554 3872 1611 3928 in
1639 3888 1832 3943 eorum
1856 3871 1989 3927 sede

392 3979 645 4037 residens
674 3986 726 4034 et
755 3976 916 4033 aliter
956 3990 1127 4053 agens
1187 3988 1247 4029 se
1276 3971 1532 4047 privavit,
1566 3970 1769 4026 facturn
1825 3983 1985 4024 suum

393 4080 515 4151 ipse
571 4056 860 4145 dissolvat,
898 4082 950 4133 et
1006 4071 1155 4127 velut
1209 4070 1343 4126 alter
1402 4070 1592 4125 Petrus
1636 4063 1989 4139 lacrymando

396 4177 641 4251 corrigat
667 4173 810 4249 quod
845 4171 1000 4253 fecit.
1038 4170 1095 4227 Si
1128 4176 1279 4245 metu
1310 4166 1500 4249 mortis
1520 4164 1765 4222 titubavit
1794 4164 1863 4239 ad
1892 4164 1990 4218 ho-

398 4290 516 4330 ram
538 4271 723 4330 carnis
745 4268 1030 4326 inﬁrmitas
1080 4266 1136 4322 in
1164 4263 1511 4339 corrigendis
1567 4261 1751 4341 carnis
1807 4259 1990 4333 Operi-

396 4370 499 4431 bus
528 4367 729 4441 martis
760 4364 1050 4445 integritas
1079 4368 1421 4436 perseveret,
1452 4367 1506 4415 et
1535 4357 1827 4435 emendare
1880 4372 1991 4413 non

398 4467 711 4531 erubescat,
741 4477 971 4523 causam
999 4460 1071 4519 de
1118 4474 1308 4526 carne,
1339 4456 1471 4515 velit
1496 4457 1649 4523 no‘lt,
1707 4454 1987 4518 moritura,

2116 615 2314 674 raciter
2338 616 2672 689 agnoscitur,
2730 616 2826 675 sed
2856 617 3073 675 Satanas
3127 616 3554 685 incitamentum,
3606 635 3699 675 eos

2115 704 2449 769 subtraxisse
2480 704 2660 772 uorti,
2692 721 2811 776 qtae
2840 705 2933 763 diu
2964 705 3168 763 deesse
3197 720 3305 761 non
3336 712 3515 777 potest
3542 722 3695 763 mor-

2114 791 2330 857 talibus,
2363 792 2597 865 quicum
2627 793 2856 849 utilitate
2886 793 3051 850 totius
3073 792 3335 849 Ecclesiae
3364 793 3484 848 vitae
3517 794 3697 851 statim

2113 880 2310 939 sociari
2333 881 2639 953 potuissent
2688 890 2921 938 aeternas.
2952 881 2998 938 Ο
3033 897 3197 954 quam
3256 883 3614 957 venerabilis,
3647 891 3700 939 et

2112 993 2285 1050 quam
2329 978 2569 1052 pretiosa
2621 979 2847 1037 essetin
2901 986 3195 1052 compectu
3251 980 3468 1039 Domini
3524 996 3691 1049 mors,

2110 1066 2222 1123 imo
2249 1066 2360 1129 vita
2392 1067 2627 1135 illorum,
2660 1068 2864 1143 quibus
2897 1067 2941 1123 si
2972 1068 3081 1139 pali
3116 1084 3216 1140 pro
3247 1068 3352 1124 ﬁde.
3384 1069 3566 1135 datum
3602 1069 3693 1123 rui-

2108 1163 2190 1211 set
2216 1155 2473 1227 desuper,
2504 1156 2589 1212 vel
2634 1155 2690 1217 iu
2723 1166 2870 1213 terra
2899 1157 3254 1228 ptfl'llllssllm,
3288 1168 3473 1212 saneta
3507 1158 3693 1229 Eccle-

2108 1243 2191 1299 sia
2219 1244 2473 1301 hzeretica
2501 1243 2764 1317 pravitate
2782 1252 3061 1323 superata,
3094 1260 3194 1301 suo
3222 1261 3448 1321 sponso,
3482 1246 3574 1318 qui
3600 1261 3696 1320 pro

2107 1354 2173 1393 ea
2195 1347 2448 1396 mortuus
2470 1349 2552 1396 est
2581 1348 2635 1396 et
2663 1340 2991 1405 resurrexit,
3025 1357 3197 1423 usque
3227 1340 3280 1397 in
3312 1339 3472 1397 ﬁnem
3504 1339 3695 1400 saeculi

2108 1424 2300 1499 ﬁdeles
2330 1425 2470 1484 ﬁlios
2498 1436 2864 1501 procreasset,
2889 1445 2992 1499 nec
3023 1428 3219 1503 frangi,
3252 1445 3355 1486 nec
3384 1429 3693 1487 ﬁectidein-

2108 1531 2238 1588 ceps
2262 1515 2397 1577 ﬁdes
2424 1516 2695 1591 catholica
2723 1517 2993 1591 potuisse;
3026 1519 3037 1571 l
3072 1518 3129 1575 Si
3156 1517 3428 1591 objicttur,
3447 1519 3588 1591 quod
3613 1517 3696 1575 in-

2107 1610 2204 1678 viti
2260 1612 2484 1677 t‘orsitan
2540 1621 2869 1691 paterentur,
2912 1620 2969 1670 ct
2997 1613 3208 1677 idcirco
3267 1629 3458 1683 eorum
3510 1615 3694 1691 passio

2099 1700 2414 1766 crederetur
2469 1702 2830 1769 infructuosa,
2862 1717 2969 1775 quo
3000 1710 3308 1775 spontanee
3355 1702 3579 1773 minima
3611 1702 3695 1758 vi-

2104 1788 2425 1857 deretur;et
2472 1792 2667 1847 iterum
2698 1792 2861 1861 (Ave.
2903 1807 3001 1864 ep.
3049 1795 3110 1859 δι
3163 1792 3234 1867 ad
3294 1793 3599 1849 Dulcitian
3629 1792 3647 1860 )
3675 1811 3693 1846 :

1694 1907 1735 1961 η
1788 1914 1994 1963 “nam
2029 1879 2076 1943 Β
2108 1878 2281 1933 Pana
2295 1882 2607 1951 martyrem
2636 1896 2753 1936 non
2780 1878 2949 1951 facit,
2972 1879 3071 1936 sed
3099 1897 3295 1955 causa,
3317 1894 3479 1951 causa
3509 1879 3695 1963 utique

2107 1965 2300 2022 idonea
2331 1974 2382 2023 et
2412 1967 2642 2041 multum
2670 1966 2866 2027 idonea
2894 1972 3031 2037 erat,
3056 1967 3179 2041 quia
3210 1983 3370 2025 causa
3402 1966 3555 2037 ﬁdei,
3589 1982 3696 2041 qua

2105 2054 2301 2110 melior
2330 2070 2434 2115 uoc
2465 2062 2677 2129 poterat
2724 2055 2976 2112 inveniri.
3000 2057 3102 2113 Pro
3133 2056 3235 2112 hac
3263 2055 3447 2123 etiam,
3505 2055 3552 2110 si
3589 2056 3692 2111 ali-

2105 2150 2190 2209 ter
2217 2158 2324 2211 non
2351 2151 2603 2217 possent,
2634 2152 2821 2201 contra
2850 2160 3005 2199 suam
3039 2145 3369 2200 vo’unlatem
3426 2145 3564 2199 mori
3596 2147 3690 2199 de-

2102 2230 2350 2288 buissent
2384 2250 2398 2297 ;
2433 2231 2557 2306 quia
2586 2247 2691 2290 nec
2721 2232 2800 2290 sic
2826 2233 3079 2307 martyrii
3106 2233 3283 2309 palma
3314 2233 3558 2288 fraudari
3595 2250 3689 2304 po-

2100 2328 2358 2401 tuisseut.
2380 2328 2707 2389 Inuocentes
2735 2328 2938 2399 etenim
2959 2328 3156 2398 sancti,
3181 2328 3275 2401 qui
3304 2344 3405 2391 nec
3435 2344 3569 2391 voce
3592 2343 3692 2386 nec

2103 2424 2383 2483 voluntate
2409 2426 2720 2498 martyrium
2780 2426 3060 2498 quzesikse
3104 2427 3379 2498 leguntur,
3439 2426 3691 2499 quoniam

2104 2530 2206 2591 pro
2236 2513 2469 2573 Domino
2497 2515 2856 2595 pertulerunt,
2900 2531 3101 2573 corona
3132 2515 3378 2589 martyrii
3408 2531 3517 2572 non
3573 2514 3692 2592 pri-

2105 2610 2316 2661 vantur.
2352 2602 2470 2660 llos
2500 2611 2690 2659 sancta
2746 2601 2999 2667 Ecclesia
3054 2619 3167 2667 non
3198 2604 3373 2675 solum
3429 2597 3691 2677 martyres

2107 2708 2247 2757 esse,
2280 2707 2466 2757 verum
2497 2692 2657 2761 etiam
2689 2700 2989 2765 martyrum
3011 2692 3172 2767 ﬁeres
3202 2690 3506 2753 conﬁtetur.
3536 2691 3691 2749 Unde

2106 2787 2337 2857 ﬁrmiter
2372 2788 2709 2847 credendum
2764 2796 2846 2845 est
2890 2796 2944 2844 et
2981 2786 3291 2859 nullatenus
3330 2786 3690 2859 dubitandum

2108 2883 2252 2957 quod
2283 2883 2610 2963 supplicium
2640 2884 2833 2943 mortis
2868 2899 2969 2956 pro
2990 2884 3096 2943 ﬁda
3123 2882 3321 2943 Christi
3346 2881 3546 2940 homini
3574 2881 3691 2937 co!-

2105 2982 2293 3048 latum,
2325 2981 2494 3043 etiam
2521 2981 2569 3039 si
2597 2997 2695 3053 pro
2723 2980 2907 3043 carnis
2944 2983 3046 3051 15
3078 2978 3383 3039 inﬁrmitate
3432 2977 3687 3046 noluerit,

2109 3093 2160 3142 et
2185 3091 2365 3143 tamen
2397 3099 2505 3140 non
2534 3082 2837 3157 negaverit,
2870 3082 3127 3153 martyris
3157 3080 3397 3145 viniicat
3425 3095 3621 3143 nomen
3636 3087 3691 3137 et

2094 3179 2413 3253 prmmium.
2453 3179 2509 3237 Si
2538 3187 2717 3237 autem
2769 3179 2911 3239 adeo
2941 3178 3179 3241 fuissent
3203 3178 3512 3251 degeneres
3564 3174 3687 3244 filii,

2098 3277 2243 3350 quod
2275 3291 2309 3333 a
2328 3285 2484 3349 porta
2538 3275 2803 3348 paradisi,
2832 3275 2924 3334 cui
2952 3291 3065 3334 non
3094 3274 3377 3335 Teutonici
3405 3273 3551 3346 regis
3577 3273 3690 3331 im-

2097 3366 2317 3438 pietate,
2359 3364 2457 3423 sad
2486 3364 2580 3438 qui
2627 3363 2774 3423 bene
2803 3364 2963 3427 malis
2993 3363 3070 3425 uti
3119 3362 3422 3431 consuevit,
3465 3360 3681 3427 Domini
3723 3355 3731 3361 ’

2098 3464 2302 3535 pietate
2326 3466 2439 3532 jam
2471 3463 2989 3537 propinquaverant,
3020 3466 3174 3519 retro
3202 3461 3397 3533 pedem
3425 3460 3558 3521 dare
3587 3475 3689 3523 ne-

2099 3552 2285 3624 gando
2313 3551 2616 3610 voluissent
2649 3569 2665 3606 :
2694 3552 3008 3609 constantia
3036 3550 3212 3622 patris
3240 3558 3296 3607 et
3311 3550 3453 3609 ratio
3478 3548 3691 3621 spiritui

2102 3639 2398 3712 propitiare
2425 3640 2610 3712 potius
2637 3639 2902 3696 debuerat
2937 3655 3102 3711 quam
3139 3638 3316 3706 carui,
3371 3653 3578 3710 eosque
3633 3636 3691 3693 in

2104 3739 2211 3794 ﬁde
2240 3746 2430 3795 sancta
2457 3738 2829 3795 exhortatione
2883 3736 3105 3796 ﬁrmare
3137 3755 3151 3793 :
3182 3736 3230 3797 si
3258 3735 3564 3797 necessitas
3598 3736 3691 3795 in-

2103 3827 2418 3896 cumberet,
2448 3826 2657 3898 primus
2686 3842 2794 3898 pro
2814 3826 3051 3887 veritate
3065 3826 3459 3897 succumbere;
3478 3832 3533 3881 et
3552 3824 3692 3891 sicut

2096 3918 2162 3972 Β.
2201 3916 2385 3977 Sixtua
2438 3914 2658 3975 beatum
2687 3914 3043 3985 Laurentium
3096 3915 3166 3977 ad
3197 3914 3362 3977 vitam
3418 3914 3692 3986 praevenit

2094 4020 2379 4079 :eternam,
2411 4012 2487 4068 ita
2542 4011 2667 4083 ipse
2694 4026 2791 4073 eos
2820 4011 3147 4082 praevenire,
3207 4027 3276 4068 ne
3308 4010 3523 4067 illorum
3579 4010 3686 4067 im-

2096 4100 2431 4173 perfectioue
2456 4099 2785 4159 universalis
2828 4099 3083 4175 Ecclesia
3131 4100 3373 4165 chartam
3440 4098 3564 4155 ﬁdei
3592 4113 3687 4171 ca-

2097 4189 2293 4249 stitatis
2317 4204 2387 4246 ac
2413 4188 2683 4249 libertatis
2710 4189 2986 4263 perderet,
3008 4204 3173 4262 quam
3201 4187 3452 4263 Salvator
3472 4203 3568 4247 ore
3584 4203 3687 4245 suo

2096 4287 2354 4343 dictatam
2384 4293 2441 4343 et
2483 4285 2777 4359 sigillatum
2818 4284 2875 4341 in
2930 4301 3094 4343 cruce
3139 4285 3389 4341 manibus
3444 4283 3683 4356 propriis

2098 4374 2422 4441 Christianis
2449 4374 2701 4437 omnibus
2759 4373 2980 4435 tradidit
3006 4374 3063 4429 in
3091 4374 3294 4447 pignus
3322 4380 3378 4429 et
3433 4382 3682 4439 tenorem

2097 4473 2538 4543 dilectionis.Et,
2584 4473 2844 4549 quoniam
2902 4473 3062 4545 cu‘pa
3120 4473 3237 4528 haec
3290 4470 3687 4529 inexcusabilis

396 4564 539 4639 quod
586 4560 854 4641 acquisita
908 4556 1312 4613 immortalitate
1367 4553 1542 4621 vitare
1597 4552 1889 4623 potuisset.
1931 4549 1986 4606 Si

2101 4570 2411 4639 nullatenus
2467 4552 2766 4638 dubitatur,
2797 4579 2851 4626 et
2903 4569 3219 4647 excusando
3243 4569 3434 4644 augeri
3482 4576 3682 4640 potest,

395 4677 527 4719 vero
548 4661 738 4718 timore
754 4656 944 4719 mortis
962 4655 1200 4711 ﬁliorum
1228 4668 1449 4731 suorum
1470 4651 1649 4723 potius
1663 4665 1825 4723 quam
1848 4663 1982 4711 sua},

397 4768 461 4817 ea
490 4750 695 4811 iecisse
724 4746 815 4804 vel
848 4743 1176 4802 facientibus
1204 4756 1497 4799 assensum
1524 4738 1744 4796 dedisse
1772 4742 1991 4793 convin-

394 4848 551 4914 citur,
582 4860 709 4918 quae
737 4840 993 4898 Christus
1015 4853 1114 4919 per
1141 4835 1498 4908 semetipsum
1527 4833 1788 4898 correxit,
1820 4838 1873 4889 et
1914 4832 1981 4887 Β.

394 4939 588 4992 Petrus
614 4930 956 4989 abominatus
984 4935 1088 4993 est,
1120 4934 1282 4998 atque
1313 4923 1456 5003 sacri
1485 4938 1725 4987 canones
1767 4920 1985 4994 penitus

393 5037 775 5096 exsecrantur,
809 5026 960 5087 nullo
995 5023 1266 5083 velamine
1299 5020 1410 5107 tegi
1439 5026 1618 5091 potest
1646 5019 1845 5083 vulnus
1881 5026 1988 5081 tam

393 5120 740 5178 manifestum
776 5133 790 5181 ;
820 5114 950 5189 quia
981 5120 1136 5184 pater
1161 5111 1242 5167 sic
1263 5108 1389 5164 ﬁliis
1436 5107 1739 5182 pmpiliare
1765 5122 1873 5164 non
1891 5122 1993 5179 po-

392 5218 515 5291 tuit,
553 5217 648 5273 sed
680 5213 909 5272 salutem
941 5190 1207 5284 impedire
1245 5206 1501 5281 ﬁliorum.
1540 5206 1762 5263 Mortem
1808 5202 1984 5276 siqui-

397 5317 691 5387 demque)
738 5312 968 5371 fructum
1029 5308 1157 5367 facit
1209 5307 1490 5365 meliorem
1547 5302 1771 5363 diﬁ‘erre
1799 5302 1982 5361 subito

395 5411 693 5481 morituris,
726 5417 780 5466 et
807 5408 861 5462 in
892 5417 1156 5463 aeternum
1187 5403 1405 5459 victuris
1422 5404 1591 5457 vitam
1624 5417 1659 5456 a
1689 5402 1805 5456 Deo
1821 5413 1983 5472 pura-

396 5518 500 5564 tam
531 5508 769 5571 auferre,
800 5503 952 5561 nul‘a
981 5519 1081 5561 nos
1119 5501 1318 5557 docent
1350 5498 1602 5570 exempla
1630 5507 1972 5557 sanctorum.

391 5608 553 5671 Nam.
587 5606 632 5661 si
662 5602 863 5660 Paulus
890 5602 958 5657 ad
986 5602 1178 5656 horam
1212 5598 1403 5655 vitavit
1431 5604 1688 5660 mortem,
1714 5597 1769 5650 in
1799 5595 1983 5668 aliquo

388 5719 558 5762 ntem
584 5718 695 5758 non
724 5699 879 5761 laesit.
920 5713 1099 5771 neque
1154 5696 1393 5751 deseruit
1426 5695 1531 5773 14
1563 5693 1845 5753 veritatem
1880 5682 1899 5758 ς’
1930 5700 1985 5749 et

394 5810 455 5853 se
483 5791 644 5848 morti
665 5788 841 5860 magis
895 5799 1211 5845 reservasse
1236 5784 1495 5847 creditur,
1541 5797 1704 5854 quam
1759 5781 1981 5853 subtra-

393 5888 561 5955 xisse,
593 5892 649 5941 ut
680 5884 916 5939 fructum
939 5878 1203 5950 deinceps
1255 5877 1464 5947 faceret
1489 5877 1787 5950 potiorem.
1828 5878 1983 5937 Unde

2094 4676 2204 4717 non
2233 4660 2400 4719 minui
2433 4680 2446 4725 ;
2480 4660 2671 4719 relicto
2710 4674 2902 4723 errore
2931 4660 3171 4723 scienter
3205 4657 3506 4727 commisso
3565 4657 3684 4717 sine

2095 4757 2354 4813 dilatione
2379 4756 2715 4829 corrigatur,
2747 4770 2815 4811 ne
2863 4761 3052 4810 mater
3103 4762 3304 4810 nostra
3357 4752 3682 4826 spiritualis,

2097 4861 2220 4919 qua:
2253 4845 2414 4918 quasi
2437 4843 2794 4901 novissimum
2814 4843 3060 4915 spiritum
3093 4843 3275 4908 trahit,
3301 4843 3523 4899 omnino
3566 4857 3685 4897 mo-

2096 4937 2273 4995 riatur
2304 4951 2321 5005 ;
2352 4931 2481 5002 ﬁde,
2540 4931 2793 4991 castitate
2821 4947 2891 4991 ac
2921 4930 3176 4991 libertate
3225 4931 3384 4997 vivit,
3441 4945 3505 4989 ac
3535 4930 3685 5003 viget

2097 5023 2349 5081 Ecclesia
2378 5037 2391 5075 :
2424 5038 2546 5093 qua:
2573 5021 2619 5075 si
2648 5036 2757 5077 non
2789 5019 2976 5086 habet,
3009 5020 3231 5093 languet
3259 5026 3314 5079 et
3343 5027 3631 5091 separatur
3653 5036 3688 5077 a

2097 5119 2239 5177 vita.
2277 5120 2419 5174 Nam
2453 5116 2560 5173 ﬁde
2615 5117 2899 5184 fundatur,
2929 5125 3160 5177 ornatur
3188 5117 3460 5183 castitate,
3520 5115 3690 5190 liber-

2092 5225 2202 5277 tate
2233 5214 2455 5288 tegilur.
2488 5212 2619 5281 Sed,
2640 5228 2768 5286 cum
2796 5214 2995 5275 laicam
3014 5212 3422 5291 investituram,
3443 5226 3566 5284 quae
3592 5226 3687 5268 se-

2091 5313 2326 5373 cundum
2356 5310 2679 5366 traditiones
2707 5319 3022 5367 sanctorum
3044 5311 3262 5365 Patrum
3286 5306 3509 5367 heresis
3528 5322 3688 5364 com-

2090 5410 2364 5482 probatur,
2396 5422 2504 5463 non
2538 5407 2887 5481 contradicit,
2921 5406 3020 5479 sed
3048 5405 3303 5479 praecipit
3332 5424 3347 5471 ;
3381 5419 3505 5461 cum
3553 5417 3685 5459 cor-

2091 5496 2359 5570 rumpitur
2386 5495 2510 5568 ipsa
2537 5495 2880 5563 muneribus,
2931 5510 3053 5557 cum
3110 5492 3360 5550 saeculari
3418 5490 3683 5563 potestati

2091 5592 2404 5664 subjicitur,
2437 5593 2593 5660 ﬁdes,
2622 5592 2847 5650 castitas
2873 5599 2933 5655 et
2960 5592 3196 5659 libertas
3216 5592 3267 5648 ei
3305 5589 3465 5647 simul
3494 5586 3683 5647 aufer-

2091 5700 2219 5759 tur;
2252 5696 2307 5749 et
2338 5709 2457 5765 qua:
2501 5691 2670 5761 vitam
2726 5706 2835 5765 non
2865 5689 3053 5761 habet,
3107 5703 3210 5767 nec
3263 5686 3535 5742 immerito
3576 5685 3682 5753 16

2091 5788 2304 5839 mortua
2332 5781 2597 5845 creditur.
2630 5779 2801 5855 liuius
2829 5777 3019 5851 mortis
3039 5784 3318 5837 auctorem
3340 5774 3424 5835 vel
3446 5770 3690 5829 novissi-

2089 5893 2237 5933 mum
2275 5877 2543 5937 Ecclesiae
2572 5878 2873 5945 membrum
2921 5875 3175 5945 credere,
3206 5874 3376 5935 etiam
3405 5871 3452 5929 si
3481 5879 3684 5951 pastor
