3940 6408
252 466 321 530 ts
386 429 392 435 ’
1541 453 1911 527 ΕΡιδτοιίε.
1939 492 2012 502 -
2040 457 2166 517 LIB.
2200 452 2241 514 t.
3472 454 3546 517 ιδ

246 601 509 677 videatur,
563 612 740 662 errare
787 603 884 653 est.
938 593 1075 665 Huic
1121 592 1287 659 errori
1334 590 1637 663 quicunque
1683 589 1850 655 inhae-
1877 591 1935 669 Α
1964 587 2154 663 merito
2202 586 2360 671 lupus
2406 602 2513 659 non
2562 592 2745 659 pastor
2794 578 2976 641 ovium
3027 584 3276 653 creditur,
3327 586 3416 657 qui
3464 603 3557 642 eas

252 690 397 758 serit,
431 686 724 751 merebitur
750 685 820 751 ab
852 685 968 761 ipsa
995 683 1121 743 vitae
1159 681 1337 749 radice
1387 679 1627 754 praecidi.
1677 679 1851 750 Super

255 778 337 839 his
385 784 563 841 autem
611 775 654 831 si
704 774 823 849 quis
870 773 1025 833 aliter
1072 770 1315 839 senserit,
1365 785 1473 836 non
1512 776 1591 823 est
1638 766 1851 837 catholi-

255 877 366 928 cus,
400 860 786 925 manifestetur,
818 865 870 913 et
899 855 1141 929 veritatis
1172 861 1490 939 argumento
1538 850 1853 922 probabitur

404 956 701 1011 haereticus.
736 952 1064 1021 Tolerandus
1094 950 1311 1025 quidem
1362 956 1440 1002 est
1487 954 1669 1037 pastor
1714 948 1849 1017 (23),

258 1060 316 1107 ut
361 1066 593 1111 canones
640 1050 840 1117 dicunt,
890 1064 986 1120 pro
1035 1045 1278 1119 reprobis
1332 1043 1613 1111 moribus;
1644 1041 1688 1107 si
1726 1054 1854 1109 vero

259 1140 641 1194 exorbitaverit
669 1156 700 1193 a
727 1137 852 1205 tide,
880 1137 994 1207 jam
1026 1151 1133 1193 non
1165 1141 1244 1201 est
1276 1140 1476 1204 pastor,
1517 1130 1611 1187 sed
1658 1128 1856 1203 adver-

259 1229 446 1295 sarius,
479 1244 510 1309 εξ
540 1226 779 1296 quolibet
826 1231 1104 1296 peccatore
1150 1229 1355 1276 tantum
1406 1218 1669 1279 catholico
1719 1217 1861 1270 dele.

260 1306 507 1383 standus.
551 1314 696 1370 Licet
743 1313 907 1379 enim,
949 1310 1243 1383 secundum
1294 1316 1598 1363 sanctorum
1646 1306 1859 1361 decreta

264 1416 624 1483 Romanorum
655 1407 988 1482 pontiﬁcum,
1021 1408 1183 1480 etiam
1214 1404 1480 1467 meretrici
1514 1416 1855 1459 communem

265 1510 516 1581 Ecclesia:
571 1508 753 1577 tidem,
812 1522 973 1579 quam
1030 1521 1183 1577 suam
1240 1503 1408 1558 credit
1453 1508 1505 1567 et
1549 1498 1856 1573 coutitetur,

262 1598 570 1655 defendere.
628 1596 793 1669 Multo
854 1594 1016 1667 igitur
1070 1592 1301 1677 amplius
1356 1598 1515 1661 atque
1573 1588 1859 1660 perfectius

262 1687 574 1761 religiosum
625 1684 945 1740 catholicum
993 1676 1499 1735 decetlnerelicam
1540 1676 1856 1749 pravitatem

264 1776 622 1847 impugnare;
682 1789 780 1826 nec
836 1770 1152 1825 Christianm
1208 1766 1344 1839 legis
1399 1766 1698 1831 veritatem,
1767 1762 1857 1834 qui

263 1875 594 1929 Christianus
648 1880 745 1940 est,
806 1872 859 1925 in
920 1870 1009 1925 tali
1067 1868 1286 1945 negotio
1344 1867 1504 1921 debet
1570 1866 1854 1919 occultare.

266 1966 397 2019 Sunt
428 1962 645 2033 quidam
677 1958 937 2041 episcOpi,
971 1973 1105 2029 quos
1134 1973 1229 2011 nec
1257 1956 1447 2023 clerus,
1481 1970 1581 2007 nec
1628 1953 1856 2027 populus

262 2051 444 2123 elegit,
476 2050 570 2109 sed
599 2066 692 2104 eos
722 2056 924 2103 tantum
974 2047 1111 2113 laica
1158 2060 1389 2116 persona
1436 2041 1724 2115 investivit,
1765 2040 1856 2111 qui

262 2148 443 2194 contra
502 2138 885 2194 catholicorum
942 2141 1136 2188 statuta
1193 2134 1429 2199 Patrum,
1496 2137 1548 2184 et
1621 2130 1856 2183 maxime

264 2236 448 2283 contra
478 2226 770 2281 veridicum
802 2226 859 2277 Β.
893 2221 1141 2295 Gregorii
1187 2220 1400 2291 septimi
1448 2234 1605 2295 papa)
1642 2233 1853 2285 vocem,

1957 692 2065 731 non
2115 664 2305 745 pascit,
2354 674 2449 728 sed
2496 673 2563 728 de
2613 674 2743 744 ipsis
2789 673 3042 744 pascitur.
3074 675 3203 729 Haec
3231 690 3263 729 a
3291 673 3447 730 nobis
3477 674 3556 729 id-

1957 764 2099 818 circo
2130 763 2396 830 dicuntur,
2430 763 2574 832 quia,
2606 762 2733 816 dum
2766 779 2797 818 a
2825 770 3010 817 satana
3039 764 3302 834 propheta
3338 778 3556 836 con-up-

1960 860 2042 905 tus
2072 850 2398 925 agnoscitur,
2432 851 2521 921 qui
2552 866 2658 905 non
2689 851 2862 906 solum
2893 851 3080 917 verbo,
3129 851 3266 906 sicut
3313 852 3552 919 Balaam,

1959 940 2053 995 sed
2084 939 2245 995 etiani
2275 939 2473 1011 scripto
2503 939 2558 993 in
2587 939 2871 994 Christiani
2902 939 3089 1009 populi
3139 955 3327 996 necem
3377 940 3529 995 conci

1961 1028 2092 1082 lium
2143 1027 2341 1099 pariter
2368 1034 2421 1080 et
2450 1042 2724 1081 assensum
2756 1025 2967 1081 dedisse
2996 1026 3365 1095 convincitur;
3399 1028 3557 1083 valde

1966 1132 2181 1170 necesse
2229 1124 2327 1182 est,
2377 1123 2435 1169 ut
2479 1115 2565 1169 cui
2615 1114 2830 1181 residet,
2880 1114 3032 1170 asina
3076 1114 3326 1184 loquatur
3351 1122 3405 1171 et
3433 1122 3559 1185 pro-

1967 1205 2142 1276 phetae
2169 1204 2424 1275 corripiat
2451 1203 2835 1274 insipientiam,
2869 1203 2961 1273 qui
2988 1218 3139 1263 sacra
3184 1203 3383 1269 divinas
3422 1204 3560 1275 legis

1967 1299 2235 1365 pmcepta
2280 1298 2641 1363 transgressus
2694 1298 2792 1358 est,
2850 1291 3097 1361 sacrilegi
3153 1291 3297 1363 regis
3349 1301 3563 1351 secutus

1973 1382 2076 1451 18
2108 1381 2391 1439 insaniam.
2425 1382 2508 1449 Et,
2539 1379 2794 1450 quoniam
2816 1379 3118 1435 Luciferum
3140 1380 3333 1449 nostris
3352 1388 3562 1455 tenipo-

1965 1483 2113 1537 ribus
2142 1498 2173 1537 e
2200 1483 2336 1537 cmlo
2375 1482 2585 1551 lapsum
2633 1480 2996 1537 indubitanter
3039 1482 3400 1553 agnoscimus,
3451 1498 3559 1545 non

1965 1571 2015 1625 ei
2044 1571 2282 1640 qualibet
2327 1570 2609 1626 occasione
2656 1568 2798 1635 illius
2843 1569 3174 1640 impietatem
3221 1569 3561 1633 dissimulan-

1966 1667 2044 1712 tes
2075 1660 2416 1725 inhaaramus,
2448 1675 2518 1713 ne
2547 1658 2601 1717 in
2630 1665 2852 1727 puteum
2881 1657 3271 1727 desperationis
3308 1675 3429 1714 cum
3469 1675 3554 1727 eo,

1966 1748 2107 1816 quod
2140 1748 2283 1803 Deus
2310 1746 2530 1812 abnuat,
2563 1761 2891 1801 corruamus.
2926 1745 2981 1799 Si
3031 1746 3208 1811 minus
3242 1745 3355 1799 dixi
3396 1762 3557 1817 quam

1966 1835 2147 1899 debui,
2197 1835 2515 1908 ignorantia:
2561 1834 2883 1902 deputetur;
2934 1833 2977 1889 si
3033 1833 3285 1903 amplius,
3318 1834 3444 1905 quia
3490 1835 3558 1891 de

1882 1953 1937 2017 Β
1966 1923 2091 1979 odio
2130 1923 2425 1994 iniquitatis
2452 1930 2505 1977 et
2530 1921 2797 1991 mquitutis
2850 1938 3033 1981 autem
3081 1922 3358 1992 processit,
3408 1922 3565 1996 igno~

1964 2019 2159 2071 scatur.

2508 2132 2841 2190 EPISTOLA
2874 2135 3013 2189 VIII.

1964 2239 2349 2311 Dilectissimo
2373 2241 2533 2296 Patri
2550 2243 2607 2295 ct
2626 2239 2851 2313 domino
2874 2238 3141 2297 Paschall
3154 2257 3317 2307 papa:
3339 2258 3569 2319 venero.

266 2317 355 2390 qui
387 2333 484 2389 pro
514 2314 828 2369 defensione
856 2312 1015 2382 hujus
1046 2309 1167 2400 fidei
1208 2302 1459 2363 mortuus
1496 2314 1575 2361 est
1622 2306 1676 2360 in
1725 2306 1857 2400 e:\'si-
1933 2346 1957 2359 -
2038 2308 2373 2400 alarm!”
2407 2329 2712 2399 con-ﬁdus,
2744 2302 2961 2385 m‘mm
2993 2302 3257 2385 Romam}
3300 2314 3566 2387 Ecclesia,

266 2405 338 2473 lio
369 2406 504 2473 (24),
539 2402 903 2461 investituram
952 2398 1250 2471 palliantes,
1301 2413 1420 2451 eam
1470 2402 1728 2467 negarent
1756 2395 1860 2448 hrc-

269 2495 429 2549 resim
461 2511 576 2547 esse
624 2494 738 2559 (23)
780 2488 959 2543 verbis
1005 2487 1073 2542 ad
1120 2486 1480 2541 seduci-mlum
1528 2482 1858 2561 compositis,

267 2583 310 2636 si
343 2588 577 2656 possent.
610 2579 851 2649 Quorum
882 2576 1090 2632 stateris
1135 2574 1354 2638 dolosis,
1404 2573 1534 2628 viris
1579 2570 1705 2625 ﬁdei
1752 2589 1859 2626 non

264 2670 589 2741 appenditur
620 2684 632 2719 :
667 2669 764 2721 hos
794 2666 936 2721 enim
968 2662 1197 2720 custodit
1225 2661 1323 2717 Dei
1352 2661 1588 2732 spiritus,
1620 2676 1726 2731 quo
1765 2676 1856 2714 re-

260 2766 477 2830 guntur.
522 2758 730 2811 Fratres
776 2753 880 2822 isti,
930 2752 1137 2813 utinam
1184 2751 1226 2805 si
1274 2749 1388 2805 ﬁeri
1426 2755 1624 2820 posset,
1668 2748 1856 2803 fratres

261 2845 527 2912 catholici,
580 2844 670 2913 qui
717 2858 824 2911 non
873 2858 905 2895 a
950 2856 1047 2894 suo
1093 2845 1481 2904 consecratore,
1531 2836 1625 2890 sed
1655 2844 1855 2906 contra

260 2943 438 2998 claves
471 2939 720 3013 Ecclesim
741 2956 772 2993 a
791 2936 941 2992 laicis
970 2935 1336 2991 investituram
1367 2939 1713 3004 susceperunt
1750 2934 1849 3001 17

259 3044 345 3097 vel
392 3041 705 3111 suscipiunt,
738 3038 866 3093 dum
898 3036 1193 3108 quemlibet
1240 3042 1511 3090 auctorem
1560 3034 1720 3107 hujus
1765 3034 1859 3089 cri-

259 3130 420 3185 minis
449 3130 741 3184 moliuntur
767 3125 1077 3192 defendere,
1111 3124 1211 3180 sub
1241 3122 1382 3177 illius
1419 3122 1732 3178 defensione
1780 3138 1857 3187 se,

257 3228 351 3282 sed
411 3225 561 3301 quasi
618 3223 891 3298 productis
946 3221 1196 3279 verendis
1252 3220 1572 3289 natibusque
1648 3218 1862 3274 nudatis

2036 2434 2322 2491 servorum
2342 2416 2639 2484 minimus,
2668 2416 2913 2474 debitam
2943 2434 3073 2474 cum
3094 2418 3403 2475 dilectione
3432 2420 3561 2476 obe-

2038 2506 2336 2561 dientiam.
2944 2524 2949 2529 ’

2040 2629 2239 2687 Placuit
2269 2629 2533 2685 sanctitati
2582 2637 2792 2696 vestrae,
2837 2628 2993 2684 Pater
3030 2628 3360 2699 charissima,
3402 2626 3569 2688 abba-

1968 2726 2075 2779 tem
2124 2719 2182 2773 B.
2226 2717 2404 2775 Albini
2437 2722 2549 2787 (26)
2581 2734 2795 2787 vocare,
2828 2724 2879 2771 et
2912 2726 2968 2771 ut
2996 2718 3049 2771 in
3079 2719 3364 2787 praesentia
3392 2727 3570 2774 vestra

1971 2823 2138 2876 usque
2188 2807 2257 2860 ad
2311 2806 2654 2861 festivitatem
2703 2806 2944 2861 omnium
2978 2794 3295 2861 Sanctorum
3327 2808 3457 2863 mihi
3482 2808 3571 2878 ju-

1967 2895 2165 2965 stitiam
2196 2901 2593 2964 exsequeretur,
2626 2894 2841 2949 decreto
2872 2902 3061 2949 vestrm
3109 2895 3436 2968 auctoritatis
3483 2897 3570 2951 ad-

1968 2998 2207 3039 monere.
2250 2981 2390 3053 Quid
2422 2982 2534 3065 ipse
2565 2981 2693 3036 olim
2745 2988 2929 3036 contra
2977 2983 3160 3036 sedem
3214 2984 3564 3054 apostolicam

1970 3070 2173 3138 fecerit,
2204 3069 2479 3124 beatitudo
2509 3077 2683 3125 vestra
2732 3070 2924 3124 melius
2972 3070 3140 3124 novit.
3193 3072 3348 3139 Nunc
3384 3079 3563 3126 autem

1966 3159 2123 3215 vobis
2169 3158 2483 3217 inobediens
2529 3175 2643 3212 esse
2694 3173 2799 3213 non
2848 3158 3045 3225 audet;
3101 3159 3353 3228 quoniam
3401 3160 3444 3213 si
3495 3162 3564 3215 ad

1966 3253 2121 3307 istam
2171 3252 2510 3313 vocationem
2540 3258 2772 3311 vestram
2805 3267 2911 3327 non
2941 3251 3165 3319 veniret,
3217 3268 3400 3307 comes.
3446 3255 3561 3308 An-

258 3325 524 3399 oporium'
558 3324 871 3413 Νθηττῖιηη
904 3320 1198 3413 Ciminum“
1229 3334 1441 3413 ⁸99⁸⁵³³
1483 3316 1854 3413 ῡθίέθρθιίβν
1885 3305 1936 3369 C
1966 3340 2287 3413 degavcnsis
2342 3342 2455 3410 (27)
2513 3318 2929 3411 possessionem,
2981 3356 3141 3410 quam
3190 3342 3438 3396 monachi
3500 3342 3559 3397 Β.

259 3423 309 3468 et
340 3413 565 3483 nimium
597 3410 813 3469 sordida
842 3408 1138 3482 pollutione
1184 3407 1419 3478 sepultos
1465 3404 1720 3461 suscitare
1766 3405 1858 3458 fal-

256 3503 441 3573 laciter
468 3507 745 3567 conantur,
778 3515 834 3551 se
867 3496 1070 3552 faciunt
1099 3494 1332 3566 amplius
1362 3493 1696 3559 manifestos,
1738 3490 1851 3558 sed,

257 3590 383 3661 quia
431 3589 712 3644 lucreticus
762 3585 994 3649 lueretici
1054 3583 1357 3638 testimonio
1416 3582 1468 3635 in
1518 3598 1581 3636 eo
1641 3582 1856 3637 haeresis

254 3696 451 3755 genere
485 3693 589 3749 quo
639 3674 982 3739 conveniunt,
1033 3671 1256 3725 minime
1305 3670 1607 3735 damnatur,
1660 3669 1852 3722 mirum

256 3784 365 3821 non
414 3775 489 3823 est
537 3764 579 3817 si
630 3771 737 3818 tam
787 3761 1020 3819 nefanda
1066 3760 1371 3830 loquuntur.
1406 3760 1463 3812 In
1504 3774 1625 3811 euin
1674 3765 1852 3813 autem

256 3863 347 3937 qui
397 3863 524 3923 talia
570 3859 737 3917 credit
785 3867 835 3915 et
882 3856 1175 3930 profitetur,
1225 3856 1291 3909 de
1338 3856 1588 3924 pharetra
1617 3855 1854 3909 veritatis

257 3951 428 4006 David
458 3966 551 4004 rex
582 3958 631 4002 et
662 3949 924 4019 propheta
954 3947 1056 4000 hoc
1084 3943 1246 3998 modo
1271 3943 1539 4013 jaculatur
1570 3961 1581 3997 :
1615 3942 1735 3997 Non
1764 3945 1851 3999 est

255 4042 402 4103 Deus
418 4041 479 4096 in
500 4040 801 4111 conspectu
822 4037 943 4106 eius
962 4052 976 4101 ;
1002 4033 1318 4107 inquinata:
1337 4034 1475 4091 sunt
1492 4031 1597 4087 vim
1614 4030 1772 4087 illius
1789 4032 1850 4086 in

254 4136 415 4193 omni
447 4140 693 4207 tempore
724 4131 912 4200 (Psal.
936 4133 1057 4199 IX);
1090 4136 1143 4183 et
1173 4128 1303 4183 illud
1337 4147 1348 4184 :
1390 4128 1557 4187 Verba
1584 4126 1698 4184 oris
1728 4128 1850 4199 ejus

252 4224 529 4299 iniquitas
554 4226 609 4278 et
640 4222 799 4277 dolus
821 4219 998 4291 (Psal.
1022 4218 1206 4285 xxxv)
1232 4235 1244 4270 :
1279 4215 1447 4269 noluit
1475 4215 1773 4287 intelligere
1794 4222 1851 4267 ut

254 4331 375 4384 quae
422 4320 542 4367 sunt
588 4310 710 4363 ﬁdei
769 4314 1095 4378 sequeretur.
1146 4304 1247 4373 Qui
1306 4304 1425 4357 talis
1471 4310 1550 4356 est
1596 4319 1844 4374 praeesse,

254 4418 363 4457 non
412 4400 683 4472 prodesse,
734 4404 784 4450 et
832 4412 954 4469 quis:
998 4411 1103 4449 sua
1151 4395 1288 4450 sunt
1332 4398 1535 4446 tantum
1586 4407 1843 4462 qurercre,

253 4507 373 4547 non
398 4505 520 4562 qua:
549 4489 679 4544 Iesu
710 4484 921 4541 Christi
949 4482 1228 4554 (Philipp.
1262 4484 1324 4549 ιι)
1353 4479 1640 4548 desiderat,
1672 4487 1723 4534 et
1752 4496 1851 4551 per

253 4577 507 4649 quislibet
544 4575 702 4629 devia
730 4588 860 4628 oves
888 4570 1288 4642 pmcipitentur
1332 4569 1632 4623 nullatenus
1678 4574 1843 4623 curat.

1965 3429 2141 3495 Albini
2199 3445 2296 3499 per
2349 3428 2750 3499 subreptionem
2808 3428 3160 3495 abstulerunt,
3234 3430 3561 3485 monasterio

1963 3525 2143 3585 nostro
2193 3517 2509 3581 restitueret.
2563 3517 2678 3587 Ego
2727 3532 2854 3570 vero
2904 3516 2969 3570 ad
3016 3516 3330 3587 praedictum
3382 3519 3563 3589 tenui-

1963 3622 2090 3661 num
2142 3604 2438 3663 inevitabili
2490 3604 2798 3660 monasterii
2840 3604 3003 3658 nostri
3036 3604 3347 3661 necessitate
3378 3606 3561 3661 deten-

1963 3701 2063 3759 tus,
2113 3694 2247 3767 sicut
2294 3693 2551 3770 prredicto
2604 3692 2786 3747 abbati
2836 3699 2958 3747 ante
3015 3693 3147 3767 dixi,
3209 3694 3391 3748 venire
3450 3712 3556 3749 non

1961 3790 2168 3851 potero.
2203 3780 2329 3849 Sed,
2370 3780 2412 3837 si
2463 3781 2605 3843 Deus
2652 3781 2817 3835 vitam
2866 3788 2917 3833 et
2964 3781 3373 3853 prosperitatem
3424 3784 3555 3838 mihi

1961 3870 2300 3935 concesserit,
2354 3886 2521 3939 usque
2550 3868 2618 3922 ad
2650 3868 2993 3937 festivitatem
3047 3870 3215 3923 sancti
3264 3871 3557 3943 Clementis

1959 3957 2175 4012 beatam
2233 3957 2427 4011 faciem
2486 3964 2718 4012 vestram
2775 3956 3025 4025 visitabo,
3086 3957 3152 4011 de
3209 3958 3425 4027 abbate,
3503 3969 3558 4013 ct

1966 4047 2069 4127 19
2101 4045 2167 4099 de
2198 4045 2475 4103 monachis
2523 4045 2581 4115 Β.
2625 4044 2800 4119 Albini
2827 4045 3088 4116 justitiam
3120 4054 3469 4117 accepturus;
3504 4057 3557 4103 (ιι

1958 4134 2085 4204 quia
2121 4133 2446 4193 venerabilis
2492 4132 2770 4191 memorie
2816 4128 3095 4199 dominum
3147 4150 3345 4205 papam
3385 4136 3555 4203 Urba:

1957 4224 2085 4275 num
2140 4221 2486 4291 decepcrunt,
2544 4221 2726 4275 multis
2781 4222 3183 4281 auctoritatibus
3245 4232 3550 4283 sanctorum

1957 4310 2319 4375 Romanorum
2349 4308 2660 4380 pontificum
2691 4309 3029 4378 probaturus.
3072 4312 3191 4379 Ipse
3228 4318 3415 4380 postea
3445 4312 3550 4366 do-

1956 4398 2133 4452 minus
2172 4414 2333 4469 papa,
2386 4397 2514 4450 visis
2560 4396 2859 4468 privilegiis
2897 4398 3107 4463 nostris,
3140 4416 3196 4452 se
3248 4400 3409 4453 fuisse
3457 4400 3549 4454 de-

1955 4493 2167 4554 ceptum
2217 4485 2460 4553 asseruit,
2511 4491 2564 4538 et
2610 4485 2921 4540 auctoritate
2969 4485 3237 4559 privilegii
3266 4488 3369 4556 sui,
3403 4489 3547 4561 quod

1954 4582 2138 4629 contra
2191 4588 2291 4628 nos
2346 4573 2545 4627 fecerat
2609 4572 2682 4627 ita
2744 4574 3069 4641 retractavit,
3148 4576 3291 4644 quod
3371 4576 3546 4633 Εοριυ.

253 4646 331 4722 be
353 4666 547 4736 quibus
566 4664 646 4718 lac
667 4670 719 4715 et
740 4661 861 4717 lana
882 4659 985 4713 sibi
1005 4674 1111 4714 non
1133 4655 1361 4725 suﬁicit;
1395 4656 1488 4710 sed
1520 4656 1727 4711 illarum
1749 4656 1842 4710 de-
1949 4661 2083 4717 siam
2130 4661 2196 4715 de
2246 4678 2351 4733 qua
2399 4661 2617 4732 querela
2667 4667 2867 4726 manet,
2921 4669 2973 4715 et
3021 4662 3281 4732 quidquid
3338 4664 3546 4735 praede-

249 4761 406 4811 vorat
458 4768 643 4807 carnes
699 4757 751 4804 et
798 4764 921 4803 ossa
966 4745 1217 4802 corrodit.
1268 4745 1338 4801 Se
1386 4751 1564 4800 tamen
1612 4744 1841 4801 mstimat

248 4849 520 4916 pastorem
568 4839 773 4905 ovium,
822 4851 944 4891 cum
989 4834 1057 4889 sit
1104 4834 1280 4905 potius
1326 4833 1482 4903 lupus
1529 4849 1734 4890 earum.
1776 4834 1842 4888 Et

321 5020 434 5087 (Β)
470 5011 1067 5087 ΤοιεναηᾰιιεΑᾳαὶὀᾳιη
1095 5013 1179 5067 est
1207 5013 1422 5087 pastor.
1475 5010 1553 5064 Ex
1601 5011 1837 5068 Anaeleti

249 5083 492 5160 epist.'3,
526 5088 654 5142 citat
680 5088 774 5140 lvo
804 5083 1000 5160 dccreti
1035 5100 1100 5160 p_._
1122 5083 1219 5160 nt,"
1233 5099 1351 5160 cap.

322 5162 435 5227 (ξι)
471 5160 715 5217 Mortuus
739 5160 821 5212 est
843 5152 1157 5227 irigxsilio.
1185 5152 1412 5207 Salerni.
1446 5152 1672 5227 Henrico
1704 5152 1835 5227 imp.

249 5224 441 5286 cedere
489 5235 722 5307 coactus,
774 5225 863 5307 qui
897 5225 1140 5307 _Rom‘am
1189 5230 1541 5307 expugnarat.
1577 5224 1836 5307 .L‘i'regorii

252 5302 345 5358 γυ
395 5300 577 5362 verba,
627 5313 749 5351 cum
792 5292 850 5349 in
897 5295 1146 5349 lethalem
1195 5292 1443 5347 morbum
1486 5292 1774 5361 incidisset,
1808 5310 1840 5349 ει

252 5375 405 5427 Petro
438 5367 845 5424 Bibliothecario
877 5367 990 5420 hzec
1018 5372 1381 5419 memorantur
1411 5378 1423 5415 :
1457 5363 1647 5419 Dilcxi
1666 5364 1842 5435 justi-

251 5445 417 5507 tiam,
433 5439 969 5521 etodiiniquitale‘m
992 5455 1009 5501 ;
1031 5439 1325 5521 praptcrca
1347 5436 1627 5521 nrorior‘in
1640 5436 1835 5521 milia.

322 5506 437 5570 (2:3)
471 5514 612 5567 Eam
642 5506 918 5581 negarent
944 5506 1203 5581 haeresim
1232 5521 1369 5561 esse.
1398 5506 1507 5581 "ac
1535 5506 1601 5559 de
1631 5522 1686 5558 re
1719 5506 1840 5559 ube-

249 5584 362 5640 rius
393 5583 501 5652 agit
534 5581 629 5635 lib.
664 5575 742 5643 ιη’,
775 5579 1025 5652 cpist._I_I
1062 5585 1115 5652 et
1144 5577 1194 5652 in
1235 5575 1522 5652 opusculis.

325 5646 735 5713 (itii'Abbatcm
768 5646 844 5703 Β.
892 5648 1096 5703 Albini.
1140 5646 1610 5711 Arehembaldum,
1644 5646 1708 5699 de
1740 5662 1845 5716 quo

251 5727 410 5808 epist.
445 5728 496 5780 5.
532 5724 582 5777 Is
610 5738 751 5808 ηυηὲ
799 5721 1024 5808 Ιξοιηειηξ
1074 5734 1221 5808 (ξυιηο
1244 5716 1484 5808 Goﬂ'rido
1534 5718 1844 5808 vocabatur,

250 5787 598 5864 ulismqitaturi
628 5790 790 5864 ambo
820 5790 886 5864 de
911 5788 1154 5864 ecclesia.
1189 5787 1250 5864 S.
1273 5788 1517 5864 “Joannis
1565 5805 1750 5864 super_
1774 5789 1850 5841 Li-

251 5857 648 5937 gerin'i,quam
683 5860 957 5937 Urbani_II
986 5857 1194 5937 Iudicio
1224 5857 1541 5937 Albiuianis,
1575 5857 1671 5926 pro
1711 5860 1848 5937 Grc-

250 5924 484 5995 donensi
505 5924 677 6005 'quam
710 5930 1044 6002 repetebant,
1074 5929 1202 5983 dare
1248 5929 1418 5985 coacti
1468 5924 1677 5984 fuerant
1726 5924 1851 5987 Vin-

1947 4767 2183 4805 cessores
2234 4750 2316 4803 sui
2374 4748 2697 4807 monasterio
2754 4756 2933 4804 nostro
2989 4748 3349 4819 firmaverant,
3427 4752 3545 4809 sine

1946 4839 2261 4908 exceptione
2316 4836 2568 4894 ﬁrmavit.
2628 4837 2800 4905 Unde,
2852 4837 3195 4893 dilectissime
3245 4840 3418 4907 Pater,
3459 4840 3541 4895 di-

1946 5013 2281 5080 docinenses,
2351 5012 2622 5069 Goffridus
2679 5027 2807 5067 vero
2854 5012 3025 5069 abbas
3079 5011 3268 5081 Iactus,
3327 5031 3543 5073 causam

1946 5102 2096 5140 suam
2126 5084 2204 5138 sic
2233 5092 2415 5156 egerat
2446 5083 2588 5156 apud
2618 5083 2921 5156 Urbanum,
2946 5091 3004 5137 ut
3032 5082 3076 5136 is
3098 5085 3360 5154 judicium
3390 5103 3545 5143 suum

1946 5155 2285 5223 retractaret,
2331 5155 2721 5223 ecclesiamque
2780 5155 2837 5207 S.
2896 5155 3118 5209 Joannis
3166 5156 3544 5213 Vindocinensi

1946 5233 2132 5295 postea
2180 5226 2504 5281 monasterio
2553 5226 2690 5296 inter
2733 5232 2966 5296 crateras
3008 5227 3127 5295 ejus
3180 5228 3547 5296 possessiones

1947 5292 2222 5367 assereret.
2275 5296 2430 5366 Quod
2477 5292 2847 5367 quidempnon
2893 5292 3067 5349 solum
3094 5292 3431 5367 ab'Urbano,
3462 5317 3549 5354 ve-

1948 5383 2063 5420 rum
2114 5366 2274 5423 etiam
2305 5365 2357 5420 7a
2407 5365 2646 5421 PaSehali
2677 5365 2795 5435 ejus
2822 5382 3127 5421 successore
3168 5368 3367 5426 factum
3408 5365 3549 5427 vidi-

1950 5456 2067 5491 nius
2104 5437 2415 5513 diplomate
2446 5437 2571 5513 anni
2624 5440 2800 5513 μω..
2834 5439 3101 5513 Attamen,
3123 5454 3351 5513 quoquo
3382 5444 3550 5513 modo

1948 5506 2246 5579 composita
2275 5525 2359 5561 res
2388 5508 2565 5569 fuerit,
2597 5506 3069 5579 obtinuittandem
3123 5506 3323 5567 Urbani
3363 5512 3553 5566 decre-

1952 5574 2089 5703 t‘ulrlp,‘
2116 5574 2496 5659 patiamurque
2527 5580 2782 5633 hactenus
2820 5577 2911 5634 illa
2947 5579 3172 5635 ecclesia
3207 5583 3455 5637 monachi
3486 5585 3547 5641 S.

1953 5686 1965 5703 ι
2058 5667 2150 5703 im.

1953 5667 2150 5704 ΛΙΠΙΠΙ.

2026 5723 2139 5790 (27)
2173 5720 2364 5793 comes
2394 5719 2828 5793 Audegavensis.
2880 5718 3044 5775 Falco
3072 5721 3190 5791 ejus
3219 5722 3454 5778 nominis
3487 5726 3553 5793 ν,

1957 5791 2237 5869 idem_qui
2290 5790 2801 5869 llicrqsoljmorum
2831 5797 3017 5869 postea
3060 5790 3286 5869 regnum
3326 5790 3557 5869 adeptus

1961 5870 2061 5934 est,
2095 5860 2301 5943 dequo
2320 5860 2525 5943 iterum
2553 5862 2711 5939 epist.
2742 5860 2917 5930 iuet
2943 5860 3039 5917 lib.
3071 5860 3152 5930 xi,
3181 5862 3337 5939 epist.
3370 5866 3428 5923 7.
