3940 6458
449 437 540 550 47,
1471 493 1802 554 GOFFRIDI
1833 493 2116 560 annms
2149 499 2694 564 VINDOCINENSIS
3667 521 3725 585 ιε

445 624 674 676 scrotum
693 616 1071 690 paternitatem
1092 625 1464 690 vestram,non
1477 619 1780 691 adeptivus,
1802 623 1896 679 sed
1916 639 2040 696 pro-
2067 628 2125 689 A
2155 635 2236 683 ter
2259 627 2584 686 Nicodemus
2613 633 2681 688 ad
2709 631 2987 692 dominum
3015 651 3215 710 papam
3262 639 3318 698 in
3355 638 3574 705 domum
3609 669 3730 723 pre-

444 717 598 787 prius
624 725 678 773 et
705 718 956 788 specialis
983 719 1124 774 ﬁlius
1152 727 1328 776 vester
1375 721 1489 789 (28)
1534 728 1785 789 precatur
1829 724 2045 779 humili-

446 821 544 881 ter,
577 831 645 870 ne
673 815 844 884 prosit
890 815 998 870 illis
1043 831 1164 886 quae
1210 814 1278 870 de
1323 815 1530 886 justitia
1575 815 1844 888 difﬁdunt,
1875 819 1922 876 si
1950 820 2044 875 ad-

445 910 668 958 ventum
695 903 1056 974 pmvenerint
1084 911 1345 960 nostrum.
1376 905 1760 962 Monasterium
1782 908 1840 963 S.
1862 908 2040 964 Albini

445 993 706 1048 Romanae
761 991 1016 1047 Ecclesiae
1071 1008 1347 1062 nunquam
1404 993 1626 1051 servivit
1679 996 1766 1052 vel
1822 997 2036 1068 serviet,

445 1089 542 1144 nisi
592 1105 690 1161 pro
733 1106 833 1145 sua
880 1098 1082 1145 tantum
1124 1091 1460 1146 necessitate.
1490 1091 1872 1150 Monasterium
1909 1112 2038 1154 vero

441 1194 679 1243 nostrum
727 1187 802 1243 ita
848 1189 908 1242 Β.
958 1189 1096 1244 Petri
1146 1197 1225 1243 est
1269 1189 1570 1260 proprium,
1601 1191 1746 1262 quod
1792 1193 1862 1248 ab
1908 1195 2040 1264 ipsis

442 1275 816 1332 fundatoribus
842 1277 954 1332 suis
981 1277 1219 1333 alodium
1268 1279 1316 1332 ci
1363 1277 1548 1333 datum
1595 1281 1814 1350 exstitit,
1845 1289 1900 1337 et
1941 1299 2039 1353 pa-

439 1373 770 1430 trimonium.
801 1374 884 1429 Ab
913 1374 1031 1446 ipso
1059 1383 1260 1431 nostra
1276 1376 1714 1448 congregationis
1731 1377 1882 1434 initio
1901 1395 2036 1450 pra:-

436 1463 745 1519 deccssores
772 1464 940 1519 nostri
980 1472 1182 1521 sanctae
1230 1465 1490 1522 Romanae
1536 1466 1788 1524 Ecclesia
1832 1468 2034 1538 optime

432 1553 730 1608 servierunt
760 1571 776 1607 :
808 1559 880 1620 et,
911 1553 954 1606 si
985 1552 1206 1624 gloriari
1235 1561 1466 1622 oportet,
1497 1553 1608 1610 imo
1637 1555 1766 1625 quia
1808 1555 2028 1628 gloriati

431 1657 641 1720 oportet
671 1649 724 1704 in
756 1649 1010 1716 Domino,
1041 1665 1204 1704 nemo
1234 1649 1446 1705 illorum
1479 1651 1672 1706 melius
1699 1669 1860 1722 quam
1899 1669 2022 1725 ego.

429 1739 601 1804 Unde,
634 1739 784 1793 salva
812 1738 1057 1806 veritate,
1089 1738 1348 1808 profiteor
1375 1739 1538 1808 quod,
1587 1748 1870 1810 postquam
1911 1758 2026 1795 mo-

427 1827 719 1882 nasterium
749 1827 1048 1898 regendum
1097 1827 1330 1896 suscepi,
1381 1827 1634 1882 tredecim
1685 1829 1854 1883 millia
1899 1831 2025 1884 soli-

427 1917 617 1972 dorum
667 1918 782 1984 (29)
827 1923 1028 1970 nostra
1072 1923 1305 1970 moneta:
1351 1915 1406 1969 in
1455 1917 1713 1972 Romanae
1769 1917 2021 1974 Ecclesiae

2151 716 2275 772 dicti
2325 718 2546 774 Joannis
2591 730 2747 778 nocte
2792 724 2918 781 veni
2951 745 2964 782 :
2997 727 3090 783 ubi
3136 746 3258 785 eum
3305 747 3444 802 pene
3493 716 3728 798 omnibus

2150 807 2537 876 temporalibus
2579 809 2741 866 bonis
2784 812 3064 885 nudatum,
3115 825 3168 872 et
3215 819 3392 878 alieno
3441 840 3547 882 aere
3582 829 3727 885 nimis

2149 909 2464 964 oppressum
2513 897 2714 954 inveni.
2765 901 2847 956 Ibi
2892 918 2992 973 per
3036 903 3515 982 Quadragesimam
3570 919 3724 974 mansi

2149 1007 2271 1047 cum
2328 993 2460 1063 illo;
2511 1003 2582 1065 et,
2631 997 2674 1051 si
2728 997 2810 1054 fas
2856 1008 2938 1056 est
2981 1002 3220 1072 proﬁteri
3269 1009 3566 1082 veritatem,
3620 1015 3726 1086 ejus

2147 1095 2312 1136 onera
2340 1082 2394 1136 in
2425 1091 2683 1152 quantum
2713 1087 2884 1159 potui,
2915 1091 3188 1148 eharitatis
3224 1095 3460 1154 humeris
3505 1082 3720 1172 suppor-

2147 1181 2275 1236 tavi.
2324 1179 2643 1250 Quindecim
2692 1203 2824 1242 vero
2871 1186 3064 1245 diebus
3112 1199 3234 1246 ante
3283 1194 3503 1266 Pascha,
3553 1201 3722 1257 Ferru-

2145 1269 2314 1338 chius,
2348 1287 2509 1340 quem
2539 1272 2909 1330 Lateranensis
2953 1279 3137 1348 palatii
3185 1283 3460 1340 custodem
3499 1287 3721 1346 Guilber-

2144 1364 2228 1412 tus
2256 1357 2474 1428 fecerat,
2504 1376 2604 1430 per
2631 1361 2984 1422 internuntios
3012 1367 3218 1423 locutus
3245 1378 3326 1426 est
3360 1389 3480 1428 cum
3517 1375 3722 1434 domino

2141 1461 2304 1516 papa,
2345 1463 2590 1518 quaerens
2619 1450 2688 1506 ab
2717 1469 2784 1508 eo
2811 1455 3095 1523 pecuniam
3126 1464 3179 1511 et
3206 1457 3320 1528 ipse
3368 1454 3721 1522 redderet'illi

2143 1535 2327 1590 turrim
2358 1543 2410 1590 et
2447 1536 2670 1593 domum
2707 1539 2876 1596 illam.
2917 1542 3069 1600 Unde
3115 1543 3377 1604 Dominus
3421 1566 3565 1622 papa
3607 1570 3718 1610 cum

2136 1632 2404 1704 episcopis
2432 1642 2484 1689 et
2513 1636 2892 1708 cardinalibus,
2943 1640 3033 1712 qui
3072 1659 3253 1700 secum
3293 1655 3462 1717 erant,
3505 1650 3716 1723 locutus,

2134 1719 2203 1776 ab
2245 1723 2347 1790 21
2393 1722 2522 1792 ipsis
2548 1727 2832 1794 pecuniam
2865 1730 3146 1798 quaesivit;
3177 1734 3271 1788 sed
3300 1737 3567 1792 modicum
3599 1719 3715 1810 quid

2131 1822 2275 1891 apud
2331 1823 2496 1893 ipsos,
2557 1827 2812 1896 quoniam
2868 1834 3239 1899 persecutione
3295 1844 3348 1890 ct
3413 1849 3716 1910 paupertate

2131 1918 2290 1974 simul
2318 1921 2718 1994 premebantur,
2751 1925 2990 1981 invenire
3019 1930 3212 1998 potuit.
3245 1931 3415 2002 Quem
3445 1953 3570 2009 ego,
3599 1955 3713 1994 cum

421 2015 700 2070 servitium
757 2012 1013 2083 expendi,
1070 2012 1185 2067 sola
1241 2012 1492 2068 videlicet
1546 2013 1851 2083 dilectione,
1911 2031 1997 2071 n01

2318 1983 2336 1990 -
2705 1983 2716 1994 ,
3019 1983 3036 1998 .
3071 1983 3074 1984 ν
3252 1983 3415 2002 κη---
3449 1983 3468 1990 -
3519 1983 3570 2006 ν,
3601 1983 3713 1994 νη...

2130 2021 2237 2061 non
2265 2007 2440 2062 solum
2472 2008 2693 2078 tristem,
2725 2028 2912 2067 verum
2943 2015 3104 2070 etiam
3131 2033 3244 2086 pra:
3271 2020 3438 2077 nimia
3473 1983 3713 2098 :ngustia

420 2119 544 2159 mea
590 2102 830 2174 qualibet
877 2101 1212 2155 necessitate.
1263 2102 1391 2158 llaec
1445 2110 1624 2156 autem
1681 2102 1824 2170 dico,
1875 2103 2020 2158 Deus

419 2193 538 2260 scit,
596 2207 705 2247 non
761 2189 1026 2246 fallaciter
1077 2189 1464 2258 exprobando;
1524 2191 1617 2244 sed
1673 2190 2016 2247 dilectionem

415 2281 654 2337 bostram
685 2295 817 2351 erga
846 2279 1144 2333 Romanam
1177 2277 1468 2332 Ecclesium
1516 2278 1778 2335 veraciter
1821 2295 2016 2350 appro-

415 2378 598 2434 nando
631 2396 644 2432 :
676 2384 754 2446 ut,
786 2375 878 2446 qui
905 2375 1204 2431 Romanam
1229 2375 1522 2429 Ecclesium
1545 2373 1794 2446 diligunt,
1818 2383 1869 2430 et
1903 2379 2010 2446 2ο

413 2499 503 2536 me
558 2479 806 2550 diligant,
864 2484 918 2530 et
972 2492 1184 2531 mecum
1241 2483 1424 2531 contra
1481 2491 1631 2530 meos
1677 2476 2011 2532 adversarios

413 2580 660 2650 clypeum
708 2573 1038 2629 defensionis
1082 2581 1378 2642 opponant.
1428 2575 1573 2627 Inter
1618 2581 1828 2641 caetera,
1889 2591 2009 2644 quae

412 2685 536 2724 mea
563 2665 837 2722 humilitas
867 2664 1124 2718 Romana:
1155 2661 1408 2718 Ecclesiae
1454 2661 1507 2716 in
1555 2679 1651 2717 sua
1695 2663 2008 2719 necessitate

413 2757 542 2812 fecit
589 2753 826 2822 servitia,
877 2767 1064 2817 unum,
1116 2749 1242 2820 quia
1293 2750 1702 2805 celeberrimum
1752 2751 1871 2818 fuit,
1908 2768 2008 2808 nec

410 2861 653 2916 possum,
685 2859 787 2897 nec
814 2840 988 2894 debeo
1017 2839 1172 2894 silere
1205 2831 1220 2894 Ξ
1253 2855 1360 2908 quo
1397 2838 1599 2908 audito,
1649 2839 1738 2908 qui
1785 2841 2008 2895 catholi-

411 2951 530 2990 cam
561 2932 724 2987 ﬁdem
755 2929 950 3002 diligit,
984 2944 1070 2983 me
1101 2944 1374 2998 nunquam
1403 2928 1602 2998 poterit
1643 2944 1753 2984 non
1799 2945 2000 2984 amare.

407 3023 590 3078 Primo
619 3035 782 3083 anno,
814 3034 922 3088 quo
953 3018 1088 3086 (30),
1120 3017 1234 3071 Deo
1263 3017 1478 3072 volente
1516 3016 1602 3071 vel
1640 3016 1999 3086 permittente.

405 3127 605 3167 nomen
653 3107 865 3164 abbatis
919 3104 1166 3174 suscepi;
1217 3103 1398 3160 audivi
1456 3104 1562 3174 piae
1619 3103 2004 3160 recordationis

403 3199 682 3258 dominum
712 3211 910 3266 papam
941 3192 1216 3250 Urbanum
1264 3193 1318 3246 in
1366 3192 1532 3247 domo
1559 3193 1780 3248 Joannis
1827 3194 2002 3250 Prica-

400 3304 599 3360 panem
630 3288 744 3357 (3t)
777 3283 1002 3350 latitare,
1053 3289 1107 3336 et
1151 3289 1338 3337 contra
1383 3280 1786 3336 Guitbertistam
1833 3283 2002 3338 luere-

401 3379 504 3432 sim
533 3380 648 3446 (32)
678 3373 903 3430 viriliter
930 3370 1196 3426 laborare.
1229 3369 1374 3424 Licet
1399 3370 1549 3424 locus
1579 3377 1758 3424 noster
1793 3386 2002 3442 pauper

400 3473 561 3533 esset,
613 3464 842 3519 Romam
891 3467 1072 3516 tamen
1118 3458 1265 3524 veni,
1299 3457 1439 3513 illius
1476 3460 1906 3527 persecutionum
1947 3467 2000 3514 et

398 3551 646 3606 laborum
676 3547 864 3602 volens
891 3543 1160 3614 particeps
1206 3541 1341 3610 ﬁeri,
1397 3549 1449 3595 et
1495 3558 1646 3596 suam
1691 3557 1794 3612 pro
1839 3558 1997 3612 posse

400 3654 525 3694 meo
553 3635 865 3691 desiderans
893 3631 1144 3701 supplere
1175 3629 1412 3702 inOpiam
1449 3648 1460 3684 :
1494 3629 1638 3700 quod
1667 3638 1719 3684 et
1749 3631 1845 3685 Dei
1874 3647 1998 3703 gra-

399 3727 474 3781 tia
519 3723 644 3779 feci.
695 3721 836 3777 Mala
884 3735 1004 3790 quae
1051 3718 1106 3773 in
1154 3717 1342 3772 itinere
1381 3724 1433 3772 et
1471 3717 1525 3771 in
1557 3717 1770 3774 civitate
1807 3735 1996 3788 passus

397 3831 538 3882 sum,
570 3819 874 3868 nostrorum
921 3824 1020 3879 per
1064 3806 1266 3873 omnia,
1316 3822 1383 3860 ne
1435 3821 1776 3878 agnoscerer,
1825 3807 1996 3863 factus

394 3903 628 3960 famulus
659 3899 979 3956 famulorum
1010 3897 1232 3967 longum
1265 3901 1342 3949 est
1371 3910 1639 3949 enarrare.
1691 3893 1855 3964 Quasi
1902 3897 1988 3951 al-

467 4077 581 4145 (28)
611 4071 884 4148 Specialis
911 4070 1069 4148 ﬁlia:
1097 4071 1298 4148 vester.
1342 4065 1462 4148 Lib.
1507 4082 1586 4133 ιη,
1627 4065 1784 4135 epist.
1827 4067 1988 4148 34.0.

397 4139 694 4204 Bernartius
739 4139 918 4211 epist.
946 4142 1049 4196 2M
1099 4139 1178 4211 ad
1211 4139 1512 4209 Eugenium
1541 4152 1785 4206 papam:
1817 4139 1994 4195 Abba:

403 4210 846 4275 Vindocinensis.
861 4213 956 4284 qui
969 4210 1296 4284 specialiter
1316 4213 1498 4284 vester
1511 4213 1618 4276 est,
1642 4225 1906 4281 rogamus
1923 4213 1991 4265 ut

395 4294 456 4347 et
481 4288 603 4362 ipse
622 4282 934 4362 specialem
963 4282 1223 4362 inueniat
1239 4282 1524 4362 .g-ratiam‘.

471 4349 588 4430 ()
616 4349 907 4430 Tredccim
925 4349 1470 4430 milliafoliiiorunt.
1488 4349 1757 4430 Duodena
1786 4359 1988 4430 tantum

398 4421 577 4484 millia
616 4427 867 4498 leguntur
911 4423 1067 4498 epist.
1118 4427 1148 4475 9
1197 4429 1250 4476 et
1289 4425 1352 4476 13
1382 4422 1451 4476 ad
1481 4421 1768 4476 Calixtum.
1812 4421 1990 4490 Quare

398 4499 653 4556 mendum
671 4492 787 4550 Vltoc
815 4495 934 4548 loco
961 4492 1189 4548 videtur.

411 4585 418 4589 '
467 4573 582 4640 (30)
611 4567 802 4640 Primo
828 4580 980 4640 anno
1017 4561 1376 4640 quo._(_3hri_sti
1420 4563 1663 4640 1094c}:
1700 4562 1988 4618 Bertholdo

395 4633 810 4703 Constantiensi,
860 4636 950 4706 qui
997 4633 1084 4714 res
1127 4633 1327 4714 Urbani
1376 4639 1640 4714 accurate
1676 4642 1985 4714 persecutus

392 4721 492 4782 est,
541 4717 747 4767 constat
794 4702 945 4761 initio
996 4705 1154 4774 hujus
1202 4702 1327 4784 anni
1377 4704 1561 4784 turrim
1601 4703 1979 4784 Crescentii‘in

391 4773 827 4840 Guibertinorum
885 4773 1144 4856 potestate
1185 4775 1376 4856 .adhuc
1450 4774 1656 4856 fuisse._
1711 4773 1982 4856 Goffridus

389 4857 552 4927 paulo
600 4859 722 4908 ante
773 4849 931 4904 ferias
965 4846 1262 4927 .PaSCltalIBS
1307 4859 1488 4927 opera.
1507 4861 1606 4898 sua
1644 4846 1828 4927 turrim
1859 4861 1979 4900 cum

391 4915 593 4998 palatio
641 4918 980 4978 Lateranensi
1019 4923 1299 5000 receptam
1347 4921 1496 4970 notat
1528 4934 1540 5000 ς
1575 4915 1718 4984 quod
1748 4917 1802 5000 in
1832 4932 1982 5000 eum-

389 4988 512 5052 dem
542 5010 760 5066 prorsus
787 4988 1637 5068 annumnincidissecompertum
1688 4995 1786 5040 est.
1837 4988 1979 5068 Gof:

391 5056 752 5123 fridohutem-
770 5069 827 5116 ut
853 5059 1174 5138 beneﬁcium
1204 5056 1468 5138 Urbanus,
1519 5057 1600 5136 ita.
1637 5072 1737 5138 nos
1773 5057 1980 5129 egregii

389 5137 644 5193 facinoris
673 5132 988 5188 memoriam
1017 5130 1298 5183 debemus.
1337 5129 1498 5193 Nam,
1549 5129 1649 5180 nisi
1695 5129 1812 5196 ipse
1855 5144 1980 5198 pro-

388 5210 557 5272 deret,
588 5205 932 5280 nesciremus.
1168 5270 1205 5280 __
1243 5271 1254 5280 _
1597 5268 1639 5280 .,
1677 5274 1686 5280 _
1763 5268 1794 5280 _.
1857 5267 1868 5278 .

458 5268 574 5346 (31⁷)
604 5277 669 5330 In
697 5275 857 5331 domo
885 5274 1129 5346 Joanne:
1160 5270 1552 5346 Fricapangtn.
1597 5268 1978 5324 Vetustissimae

388 5339 828 5402 ac‘nobilissimae
856 5341 997 5412 apud
1028 5342 1300 5420 Romanos
1329 5339 1572 5420 familite.
1593 5354 1791 5420 nomen
1836 5356 1978 5420 nunc

386 5419 664 5487 paululum
719 5409 1009 5487 inﬂexum,
1053 5411 1419 5487 Frangipangs
1451 5485 1454 5487 Δ
1489 5409 1633 5487 enim
1697 5409 1972 5487 dicuntur.

389 5479 545 5558 Quod
595 5501 725 5558 ergo
771 5482 1071 5561 generatim
1116 5481 1299 5561 scribit
1345 5479 1642 5561 Bertoldus,
1697 5481 1972 5561 Urbanum

387 5550 574 5616 Romae
602 5550 858 5631 pippis.
890 5553 1112 5631 Mariam
1143 5553 1364 5631 Novam
1400 5551 1454 5604 in
1503 5550 1734 5631 quadam
1783 5551 1974 5631 ﬁrmis:

385 5632 521 5685 sima
561 5621 854 5682 munitione
901 5629 1212 5702 motuum],
1237 5622 1524 5702 adnipsum
1573 5621 1798 5702 videtur
1827 5621 1970 5702 quod

385 5700 703 5772 explicatius
728 5696 922 5772 dicitur
948 5710 981 5749 a
1007 5691 1272 5760 Goﬁ'rido,
1311 5692 1462 5748 illum
1509 5693 1564 5748 in
1609 5691 1974 5749 Joannis’hu-

379 5767 993 5846 iusdomplswissca”
1305 5830 1320 5846 .
1485 5832 1497 5846 .
1605 5829 1641 5846 η
1722 5840 1732 5846 .
1824 5833 1920 5846 ,..

453 5843 568 5907 (32)
600 5841 811 5914 Castra
840 5833 1278 5914 Guitbertistam
1299 5830 1578 5914 Ιιαηοᾳείτη.
1603 5829 1800 5890 Contra
1819 5833 1972 5914 Guit-

379 5903 612 5976 bertum,
651 5909 873 5976 ejusque
913 5905 1166 5960 fautores.
1200 5903 1314 5976 ⁵Ηὶιι
1358 5908 1438 5976 est
1484 5918 1644 5976 quem
1692 5918 1759 5976 ex
1798 5905 1970 5976 mili.

377 5969 630 6054 episcopo
680 5969 995 6036 Ravennate
1049 5969 1563 6042 pseudopontiﬁcetn
1619 5972 1788 6030 indito
1851 5975 1970 6031 Cle-

2126 2094 2508 2166 lacrymantem
2556 2101 2977 2172 conspexissem,
3027 2105 3166 2174 θαιρὶ
3217 2113 3269 2161 et
3315 2108 3430 2178 ipse
3477 2094 3620 2180 ﬂere,
3661 2122 3711 2169 et

2123 2182 2256 2237 ﬂens
2285 2185 2481 2238 accessi
2512 2185 2580 2240 ad
2609 2203 2732 2242 eum
2773 2188 2976 2259 dicens,
3027 2199 3083 2247 ut
3127 2211 3312 2250 secure
3359 2215 3480 2253 cum
3527 2202 3710 2258 Ferru-

2123 2271 2244 2326 chio
2273 2271 2431 2326 iniret
2458 2281 2696 2343 pactum.
2747 2275 2826 2332 Ibi
2875 2294 3064 2334 aurum
3111 2289 3164 2336 et
3209 2293 3510 2356 argentum,
3559 2306 3707 2344 num-

2121 2375 2258 2428 mos,
2309 2361 2484 2416 mulas
2529 2370 2582 2417 et
2631 2381 2800 2435 equos
2845 2368 3116 2438 expendi;
3159 2378 3210 2425 et
3247 2373 3325 2427 sic
3360 2375 3706 2434 Lateranense

2119 2447 2424 2518 habuimus,
2456 2456 2508 2504 et
2537 2450 2853 2507 intravimus
2883 2456 3161 2524 palatium.
3211 2460 3311 2516 Ubi
3359 2479 3462 2535 ego
3509 2465 3707 2536 primus

2119 2537 2386 2592 osculatus
2417 2555 2535 2592 sum
2567 2539 2772 2594 domini
2801 2558 2960 2612 papae
2986 2545 3204 2614 pedem,
3253 2547 3307 2602 in
3354 2551 3480 2606 sede
3525 2554 3710 2610 videli-

2117 2632 2200 2680 cet
2227 2625 2542 2697 apostolica,
2575 2627 2628 2681 in
2660 2645 2766 2698 qua
2793 2630 2955 2704 longe
2987 2640 3110 2688 ante
3139 2636 3429 2694 catholicus
3473 2655 3578 2697 non
3625 2660 3706 2699 se-

2114 2711 2265 2767 derat
2291 2729 2454 2784 papa.

2681 2805 3012 2864 EPISTOLA
3043 2810 3138 2865 IX.

2113 2907 2447 2996 Beatissimo
2473 2925 2637 2983 papae
2665 2911 2948 2979 Paschali,
2993 2917 3180 2985 frater
3225 2917 3522 2990 Go/fridus,
3558 2925 3702 2996 quod

2179 2995 2515 3074 charissima
2545 2999 2701 3071 patri
2729 3000 2962 3058 humili:
2988 3003 3166 3072 ﬁlius,
3216 3010 3275 3062 et
3312 3007 3450 3068 bona
3475 2995 3700 3070 ᾱοῄιὶηο

2179 3082 2370 3153 ﬁdelis
2397 3101 2620 3142 servus.

2179 3189 2402 3246 Litteras
2431 3199 2653 3261 vestras,
2687 3192 3028 3252 dilectissime
3069 3199 3241 3269 Pater,
3283 3201 3500 3276 triginta
3545 3207 3700 3278 quin-

2107 3293 2210 3348 que
2249 3278 2440 3333 diebus
2485 3287 2608 3336 ante
2656 3281 2939 3338 concilium
2971 3286 3084 3356 (33)
3114 3287 3224 3343 vidi
3257 3305 3269 3340 :
3301 3289 3354 3344 in
3385 3293 3578 3363 quibus
3603 3311 3702 3351 au-

2106 3365 2216 3422 divi
2247 3367 2391 3437 quod
2422 3369 2732 3438 noluissem,
2783 3378 2836 3425 et
2881 3373 3024 3442 quod
3073 3374 3256 3432 audire
3283 3381 3556 3447 peccando
3584 3399 3695 3440 non

2107 3455 2297 3510 merui.
2331 3457 2578 3511 Pervenit
2605 3457 2750 3514 enim
2780 3459 2848 3516 ad
2878 3477 3034 3516 aures
3070 3471 3272 3520 vestras
3317 3469 3498 3526 nescio
3544 3473 3699 3544 cujus

2103 3543 2384 3611 relatione,
2444 3561 2530 3600 me
2587 3549 3020 3616 persecutoribus
3074 3552 3342 3623 Ecclesiae,
3401 3563 3454 3612 et
3515 3543 3701 3615 comiti

2107 3631 2516 3687 Pictaviensium
2575 3635 2691 3704 (34)
2747 3637 3104 3710 participare;
3163 3643 3308 3712 quod
3371 3645 3516 3701 Deus
3575 3649 3698 3718 scit,

2104 3736 2379 3790 nunquam
2409 3721 2553 3791 feci;
2585 3739 2683 3778 nec
2729 3726 3103 3794 patemitatem
3150 3737 3380 3786 vestram
3427 3742 3699 3804 optassem

2103 3807 2170 3861 de
2199 3824 2287 3863 me
2315 3825 2430 3863 rem
2459 3810 2764 3880 hujusmodi
2807 3815 3116 3872 credidisse.
3165 3820 3294 3876 Haec
3337 3837 3567 3894 namque
3613 3843 3703 3882 so-

2101 3896 2326 3952 minavit
2355 3897 2603 3954 inimicus
2631 3901 2813 3971 homo,
2855 3911 2906 3957 et
2946 3903 3172 3962 fallacie
3217 3908 3434 3978 spiritus
3481 3919 3593 3968 erat
3639 3913 3698 3968 in

2101 4073 2296 4154 mentis
2324 4075 2398 4154 Il_I
2427 4075 2664 4154 nomine,
2706 4076 2961 4154 adversus
3009 4081 3329 4154 Gregorium
3380 4086 3494 4154 VII,
3544 4104 3699 4145 crea-

2099 4151 2180 4228 r‘at
2209 4146 2468 4226 Henricus
2496 4147 2638 4228 imp._
2669 4163 2813 4228 anno
2863 4146 3188 4228 1083_.__Quo
3235 4146 3588 4228 exgrtempore
3639 4168 3698 4214 et

2099 4216 2422 4286 Gregorium
2460 4217 2844 4300 quoadwvixit,
2889 4228 2942 4274 et
2989 4216 3256 4300 \fict'orem
3305 4216 3691 4300 Urbanumque

2098 4301 2430 4340 successores
2458 4294 2569 4341 tum
2600 4288 2719 4342 aliis
2745 4289 3078 4364 diris_modis
3105 4296 3360 4364 exercuit,
3383 4305 3492 4353 tum
3514 4288 3692 4357 Roina

2098 4364 2338 4438 extorres
2373 4373 2512 4438 pene
2551 4375 2766 4428 semper
2789 4361 3014 4438 _lial_)uit.
3057 4366 3147 4438 ita
3193 4373 3250 4438 ut
3280 4361 3355 4438 Ain
3391 4371 3689 4438 apostolica

2096 4427 2244 4504 sede,
2276 4428 2420 4498 quod
2448 4427 2694 4504 extrema
2717 4429 2942 4504 epistola
2968 4433 3152 4489 scribit
3179 4427 3468 4504 Goﬁ'ridus,
3501 4427 3688 4497 catho-

2096 4497 2230 4571 licus
2283 4514 2426 4571 papa
2448 4499 2636 4571 _longo
2683 4497 2963 4558 intervallo
3008 4521 3115 4559 non
3161 4507 3376 4562 sederit.
3425 4497 3689 4567 Undecim

2095 4569 2408 4652 plane‘anni
2437 4569 2646 4652 fuerunt
2673 4572 2996 4652 ab‘exordio
3024 4575 3288 4652 Guitberti
3314 4579 3382 4634 ad
3409 4590 3687 4652 receptum

2095 4638 2164 4693 ab
2194 4639 2410 4694 Urbano
2439 4641 2706 4695 Ferrucltii
2735 4641 3006 4698 deditione
3035 4647 3370 4703 Lateranum.

2167 4710 2280 4776 (33)
2317 4711 2566 4784 Triginta
2593 4713 2841 4784 quinque
2866 4713 3056 4772 diebus
3077 4722 3212 4774 ante
3232 4721 3556 4778 concilium.
3581 4723 3687 4778 La-

2091 4781 2562 4857 teranense,‘ann_i
2600 4781 2771 4850 'ltli,
2813 4783 3028 4857 dequo
3057 4787 3124 4841 ad
3154 4789 3310 4857 epist.
3352 4795 3384 4846 7
3421 4793 3679 4847 diximus.

2092 4849 2664 4931 Eadem-excusatione
2693 4849 2820 4931 usus
2847 4849 3017 4931 etiam
3031 4859 3126 4931 lvo
3147 4849 3363 4916 Carnot.
3386 4863 3539 4931 epist.
3573 4867 3681 4919 150

2091 4937 2196 5003 quo
2219 4921 2420 5003 “minus
2457 4923 2528 5003 ad
2563 4925 2848 5003 concilium
2887 4926 3310 5003 proﬁcisceretur
3348 4951 3360 4986 :
3402 4921 3544 5003 quod
3583 4935 3682 4990 Pa.

2087 4991 2282 5072 schalis
2300 5008 2467 5072 papae
2494 4991 2926 5072 litteras‘quibus
2954 4999 3280 5072 vocabatur,
3319 4991 3522 5072 septem
3561 5011 3682 5060 tan-

2089 5068 2199 5115 tum
2231 5063 2676 5133 hebdomadibus,
2709 5063 2809 5120 hoc
2839 5083 2906 5120 ex
2943 5069 3010 5124 49
3047 5069 3238 5126 diebus
3267 5063 3396 5128 ante
3423 5075 3683 5130 constitu-

2089 5140 2201 5186 tum
2231 5133 2460 5205 concilio
2487 5134 2630 5188 diem
2660 5137 2944 5205 acceperit.

2159 5205 2271 5284 (ζμ)
2304 5204 2983 5285 ComitiPicfat'ieiisium.
2999 5209 3307 5280 Guillelmo,
3322 5213 3388 5266 de
3401 5230 3504 5285 quo
3517 5214 3678 5284 epist.

2086 5276 2138 5340 2,
2163 5274 2280 5344 ejus
2299 5275 2532 5354 nominis
2551 5283 2603 5330 et
2623 5277 3154 5354 familiaipostremo,
3187 5274 3344 5352 quem
3376 5274 3569 5354 saepius
3591 5304 3684 5340 ex-

2083 5344 2534 5400 communicatum
2563 5355 2788 5402 constat.
2822 5344 2926 5402 seu
2956 5350 3023 5403 de
3053 5369 3115 5406 ea
3143 5344 3284 5408 nunc
3305 5344 3682 5410 excommuni-

2082 5414 2523 5494 cationchagitur,
2564 5435 2724 5494 quam
2765 5419 3022 5494 Girardus
3062 5423 3482 5494 Engolisiuensis
3529 5427 3687 5494 lega-

2084 5491 2186 5578 tus,
2217 5493 2268 5566 et
2297 5486 2482 5541 Petrus
2509 5486 2791 5570 episcoli‘us
2822 5486 3245 5578 Pictavensisvob
3275 5495 3484 5550 illicitas
3507 5486 3685 5578 pulsa

2082 5555 2321 5628 legitima
2370 5555 2556 5612 uxore
2584 5555 2798 5628 nuptias
2846 5561 3166 5627 intlixerant,
3209 5572 3263 5619 ut.
3303 5575 3477 5621 narrat
3507 5555 3606 5621 lib.
3641 5583 3680 5620 v

2080 5626 2326 5682 Historia:
2363 5626 2682 5684 Guillt-lmus
2717 5626 3223 5689 Malmesburiensis.
3265 5637 3424 5693 Multa
3477 5639 3684 5694 Vindo-

2079 5695 2322 5778 cinenses
2349 5705 2403 5752 et
2439 5699 2702 5778 opima‘in
2733 5702 2892 5778 hujus
2925 5704 3420 5778 principisditione
3465 5709 3684 5778 praadia

2077 5767 2445 5848 possidebant,
2484 5778 2550 5848 rut
2577 5767 2848 5848 _()let‘onis
2892 5767 2944 5826 et.
2992 5767 3362 5845 Surgeriamm
3414 5767 3678 5835 ecclesias

2075 5839 2128 5916 in
2177 5854 2320 5918 pago
2369 5839 2678 5910 Santonico,
2729 5839 3176 5912 Olonensemfct
3221 5849 3352 5905 alias
3399 5849 3453 5905 in
3496 5851 3678 5908 Picta-

2073 5923 2267 5965 νιθηδι.
