3940 6390
284 426 351 484 53
1567 400 1935 478 Briareus.
1967 451 2039 462 -
2068 417 2268 476 1.18.1.
3513 416 3580 477 Bt

282 553 499 607 unicum
526 548 692 605 lilium
733 540 1011 620 diligebat,
1048 562 1144 620 pro
1183 546 1353 602 causis
1381 545 1544 618 ipsius
1589 542 1877 617 diligenter
1902 544 1955 605 Α
1988 555 2125 601 esset
2152 561 2184 601 a
2208 543 2413 601 furibus
2452 546 2586 627 (t3),
2617 556 2721 599 non
2778 538 3058 600 dimidiam
3118 544 3342 627 vestem,
3374 546 3431 599 ut
3473 559 3569 599 san

285 641 550 711 peroravi,
600 647 653 693 et
701 645 867 692 totum
907 637 1024 706 ejus
1070 635 1337 706 complevi
1391 633 1686 705 negotium,
1736 632 1881 688 testis

285 737 363 782 est
391 728 522 782 mihi
542 725 868 782 conscientia
922 724 1058 779 sicut
1084 724 1274 779 melius
1330 723 1498 794 potui.
1532 723 1720 777 Valeat
1774 722 1879 775 Pa-

287 824 365 871 ter
395 832 546 871 mens
586 829 800 884 semper
837 820 891 868 et
919 813 1100 883 vigeat
1129 826 1143 880 ;
1175 819 1228 867 et
1254 811 1430 867 omnis
1475 810 1591 880 ejus
1637 808 1882 864 inimicus

285 912 377 958 aut
404 911 762 968 convertatur,
794 909 887 956 aut
915 909 1115 973 pereat.

834 1014 1168 1070 EPISTULA
1216 1015 1338 1068 XII.

287 1105 664 1170 Dilectissimo
677 1112 841 1167 Patri
851 1114 907 1166 et
918 1110 1144 1165 domino
1155 1109 1468 1165 universali
1478 1123 1621 1180 papa
1633 1107 1703 1163 Ca
1712 1108 1879 1171 lia-to,

333 1205 519 1272 frater
535 1200 826 1271 Gof/‘ridu’s
839 1214 975 1254 mus
990 1197 1260 1271 quidquid
1274 1202 1378 1263 est,
1398 1196 1664 1271 quidquid
1676 1200 1880 1268 potest,

332 1289 602 1363 quidquid
613 1291 764 1360 sapit
793 1293 847 1344 ct
872 1287 1061 1343 habet.

363 1404 511 1471 Mihi,
544 1404 850 1459 dulcissime
900 1404 1072 1469 Pater,
1126 1404 1382 1474 prmcepit
1427 1410 1601 1457 vestra
1648 1396 1882 1469 dilectio,

295 1500 354 1547 ut
383 1494 448 1547 ad
480 1509 576 1547 vos
600 1492 860 1559 venirem,
893 1493 1018 1561 quia
1062 1489 1130 1546 de
1160 1493 1320 1546 charo
1351 1492 1646 1546 chariorem
1691 1491 1804 1560 (40)
1835 1497 1887 1543 et

294 1581 362 1634 de
395 1580 643 1634 familiari
696 1580 1099 1635 familiariorem
1128 1595 1215 1633 me
1254 1580 1447 1646 facere,
1471 1586 1754 1649 personam
1793 1577 1886 1631 sci-

294 1669 418 1722 licet
447 1677 679 1723 nostram
724 1670 1006 1734 honorare,
1041 1676 1093 1722 et
1123 1667 1375 1721 Ecclesia:
1404 1676 1598 1721 nostra)
1642 1667 1887 1721 conferre

292 1756 575 1812 utilitatem
610 1755 932 1826 disponebat
958 1763 1133 1810 vestra
1180 1762 1363 1810 sancta
1391 1762 1444 1809 et
1469 1755 1675 1809 sincera
1723 1753 1888 1807 inten-

295 1844 387 1897 tio.
446 1844 668 1899 Vcniam
726 1853 887 1909 certe,
944 1844 1057 1897 Deo
1114 1843 1424 1909 auxiliante,
1482 1842 1551 1897 ad
1603 1841 1879 1895 dominum

289 1948 471 1985 meum
505 1932 552 1985 ei
584 1931 786 1986 servire
834 1947 957 2001 para
969 1939 1065 1996 tus,
1097 1938 1149 1986 et
1192 1938 1501 2001 recepturus
1545 1930 1614 1984 ab
1645 1945 1708 1983 eo
1738 1929 1881 1998 quod

290 2004 395 2071 27
434 2020 600 2074 verbo
633 2028 687 2074 ct
712 2020 911 2090 scripto
951 2019 1082 2073 mihi
1141 2019 1404 2089 promisit,
1437 2034 1536 2073 nec
1564 2033 1654 2072 ero
1710 2018 1883 2087 ingra-

288 2115 388 2160 tus.
424 2107 642 2181 Interim
688 2108 956 2162 humiliter
1008 2122 1142 2177 rogo
1190 2107 1338 2177 pium
1369 2107 1577 2161 Patrem
1613 2113 1667 2160 et
1718 2104 1885 2161 domi-

286 2212 436 2260 num,
497 2203 758 2264 quatenus
803 2195 964 2248 misso
1021 2195 1088 2249 ad
1137 2195 1515 2249 Carnoteusem
1573 2194 1882 2264 episcopum

283 2286 397 2345 (il)
439 2297 549 2335 sua:
608 2280 934 2336 auctoritatis
980 2282 1213 2348 decreto,
1273 2280 1882 2336 excommunicationem

282 2369 590 2437 confirmet,
623 2387 783 2441 quam
815 2370 1095 2440 episc0pus
1121 2370 1235 2441 ipse
1264 2368 1449 2423 litteris
1485 2368 1793 2440 apostolica:
1812 2384 1886 2422 se-

281 2457 365 2511 dis
395 2467 609 2513 coactus
639 2458 870 2512 reddidit
903 2458 955 2511 in
995 2458 1313 2512 Nivclenem
1334 2465 1386 2511 et
1414 2456 1886 2523 Archembaldnm,

280 2547 368 2617 qui
398 2547 625 2617 plurima
653 2544 849 2601 damna
871 2555 923 2601 et
950 2546 1279 2616 multiplices
1309 2545 1531 2615 injurias
1561 2544 1884 2601 monasterio

288 2634 686 2696 \‘indocinensi,
720 2634 899 2688 alodio
943 2634 1005 2688 R.
1040 2635 1176 2689 Petri
1225 2641 1277 2688 et
1303 2634 1419 2704 ejus
1464 2633 1784 2704 patrimonio
1816 2634 1889 2688 fe'

283 2731 488 2789 cernnt,
550 2731 602 2776 et
657 2722 833 2775 adhuc
890 2722 1067 2777 facere
1112 2737 1219 2775 non
1296 2720 1572 2775 desistunt.
1624 2720 1883 2775 Praedicta

282 2811 443 2865 etiam
474 2810 726 2880 episcOpo
771 2810 1062 2880 apostolica
1092 2810 1366 2864 sinceritas
1419 2810 1629 2880 penitus
1668 2808 1885 2863 interdi-

285 2907 392 2963 cat,
428 2914 494 2953 ne
524 2898 814 2966 quidquam
853 2914 884 2951 a
924 2898 1079 2951 nobis
1108 2906 1293 2952 contra
1342 2886 1601 2952 Romanae
1632 2895 1883 2950 Ecclesia}

287 2986 573 3058 privilegia
603 2985 821 3056 exigere
853 2994 1158 3055 praesumat.
1210 2985 1421 3041 Dictum
1454 2994 1530 3039 est
1552 2984 1683 3038 mihi
1739 2982 1884 3053 quod

284 3072 442 3144 Ilugo
474 3073 792 3145 praepositus
821 3073 1162 3128 Carnotensis
1203 3071 1456 3127 Ecclesia:
1504 3070 1571 3127 ad
1599 3089 1696 3125 vos
1715 3071 1879 3138 venit,

277 3161 389 3230 qui,
430 3160 566 3215 sicut
593 3160 804 3228 dicitur,
866 3160 1126 3231 sacrilego
1170 3169 1223 3214 et
1278 3160 1671 3215 communicato
1727 3159 1882 3213 Nive-

1989 641 2101 689 ctus
2134 632 2408 702 Martinus,
2458 626 2550 689 sed
2606 626 2825 706 grisiam
2875 630 3142 705 pelliciam
3192 621 3351 703 atque
3405 632 3584 689 varias

1989 714 2155 795 pelles
2182 718 2347 777 obtuli
2378 714 2515 777 Patri
2553 734 2695 787 meo,
2728 736 2886 790 quem
2947 721 3113 775 nimia
3133 708 3390 775 cliaritate
3445 736 3584 776 sem-

1991 827 2086 881 per
2114 810 2276 866 dilexi
2315 810 2368 865 et
2406 798 2595 882 diligo.
2647 810 2831 864 Valeat
2880 798 2986 878 28
3035 802 3286 863 dominus
3332 816 3385 863 et
3434 804 3587 864 Pater

1992 914 2160 966 meus,
2222 906 2274 952 et
2301 899 2483 969 vigeat
2513 912 2526 967 ;
2559 902 2612 952 et
2667 897 2842 953 omnis
2880 894 3565 968 ejusinimicusautconver

1993 995 2147 1053 tatur,
2179 994 2270 1040 ant
2290 986 2489 1057 pereat.

2523 1086 2857 1158 EPISTOLA
2899 1104 3049 1157 Xlll.

1991 1205 2327 1262 Dulcissimo
2338 1205 2498 1262 Patri
2519 1210 2575 1262 et
2585 1206 2809 1261 domino
2831 1203 3314 1276 uniuersalipapw
3332 1204 3575 1268 Catixto,

2061 1297 2247 1365 frater
2263 1294 2570 1365 Goffridus,
2594 1294 2739 1361 quod
2766 1293 2931 1366 patri
2962 1293 3142 1362 ﬁlius,
3167 1293 3318 1363 quod
3349 1293 3578 1350 domino

2062 1399 2279 1441 servus.

2063 1490 2315 1556 Clericus,
2372 1507 2535 1560 quem
2585 1487 2653 1545 ad
2708 1506 2805 1544 vos
2863 1489 3003 1554 misi,
3037 1489 3348 1544 charissime
3405 1489 3579 1555 Pater,

1992 1585 2112 1632 octo
2141 1578 2329 1633 diebus
2374 1586 2498 1633 ante
2525 1572 2887 1642 l’entecosten,
2920 1577 2987 1631 ad
3018 1591 3106 1631 me
3133 1577 3290 1632 rediit
3321 1595 3333 1631 :
3367 1576 3459 1646 qui
3514 1591 3581 1629 ex

1995 1673 2142 1735 parte
2170 1665 2422 1720 bonitatis
2478 1674 2666 1721 vestrae
2694 1666 2823 1719 mihi
2847 1665 3110 1719 nuntiavit
3135 1668 3193 1719 ut
3221 1670 3341 1719 cum‘
3387 1664 3583 1718 comite

1995 1753 2371 1809 Vindocinensi
2428 1755 2563 1823 (lii),
2615 1754 2705 1823 qui
2755 1755 2919 1808 iturus
2948 1761 3027 1810 est
3054 1754 3365 1821 Jerusalem,
3425 1753 3582 1807 veni-

1993 1858 2103 1895 rem
2136 1842 2381 1908 Romam,
2408 1836 2465 1896 Β.
2516 1838 2708 1896 Prisca:
2754 1838 3059 1912 recepturUs
3110 1842 3388 1896 ecclesiam
3446 1842 3581 1909 (i5).

1992 1928 2144 1984 Unde
2173 1924 2494 1983 dulcissima:
2524 1928 2825 2001 paternitati
2864 1924 3055 1983 vestrae
3106 1935 3330 1999 quantas
3367 1920 3583 2000 possum

1990 2018 2163 2071 refero
2191 2025 2370 2089 grates
2426 2026 2479 2072 et
2505 2018 2722 2089 gratias.
2784 2018 3126 2072 Prmsentiuln
3168 2004 3365 2072 etenim
3415 2014 3587 2069 bono-

1990 2121 2106 2159 rum
2141 2105 2400 2161 exhibitio
2423 2114 2502 2161 est
2530 2105 2777 2175 quaedam
2809 2105 3068 2161 certitndo
3123 2106 3441 2159 futurorum.
3473 2106 3583 2159 Ve-

1992 2194 2135 2247 niam
2160 2193 2356 2262 itaque,
2394 2194 2508 2249 Deo
2547 2194 2856 2257 auxiliante,
2915 2209 3036 2247 cum
3065 2193 3263 2248 comite
3306 2193 3418 2259 illo,
3450 2192 3588 2246 sicut

1993 2282 2338 2352 przccepistis,
2399 2290 2452 2336 et
2500 2290 2643 2350 ante,
2672 2283 2715 2335 si
2759 2290 2980 2353 potero;
3015 2290 3067 2337 et
3095 2290 3225 2351 quot
3251 2288 3305 2337 et
3360 2288 3588 2349 quantos

1992 2370 2204 2424 labores
2232 2378 2286 2424 et
2314 2370 2548 2438 timores,
2602 2378 3006 2439 nostrarumque
3049 2386 3225 2425 rerum
3282 2368 3579 2423 distractio-

1992 2474 2105 2523 nes,
2135 2457 2537 2512 dilectissimum
2570 2459 2778 2513 Patrem
2828 2466 2882 2512 et
2909 2457 3186 2513 dominum
3220 2455 3402 2513 videre
3450 2456 3583 2510 desi-

1992 2546 2203 2613 derans,
2228 2561 2369 2600 anno
2409 2546 2675 2616 praeterito
2730 2562 2916 2616 passus
2944 2562 3062 2599 sum
3121 2546 3173 2599 in
3203 2546 3320 2615 ejus
3354 2562 3587 2617 praesen-

1995 2635 2065 2690 tia
2095 2650 2201 2688 non
2266 2633 2471 2688 tacebo.
2504 2632 2748 2699 Conﬁdo,
2780 2634 2889 2688 imo
2921 2632 3238 2688 ﬁducialiter
3259 2634 3419 2688 credo
3442 2633 3585 2702 quod

1995 2721 2210 2775 humilis
2235 2738 2419 2776 servus
2449 2730 2501 2777 et
2530 2721 2703 2776 fidelis
2723 2720 2862 2776 ﬁlius
2892 2721 3067 2776 adhuc
3095 2721 3164 2777 de
3193 2722 3337 2778 bono
3363 2721 3585 2775 domino

1991 2809 2148 2863 valde
2176 2809 2460 2874 lzembitur,
2520 2808 2588 2863 de
2616 2810 2768 2880 cujus
2805 2810 3136 2881 benignitate
3165 2809 3327 2865 etiam
3381 2809 3583 2863 inimici

1991 2896 2132 2965 quod
2163 2897 2487 2965 desiderant,
2534 2906 2904 2966 assequuntur.
2960 2899 3116 2952 Nunc
3172 2898 3354 2966 utique
3399 2897 3584 2952 venis-

1989 2999 2101 3037 sem
2135 2998 2148 3051 ;
2181 2984 2274 3038 sed
2310 2984 2619 3057 societatem
2677 2985 2917 3040 invenire
2948 3001 3053 3040 non
3112 2986 3259 3055 potui
3317 2996 3581 3049 securam,

1989 3080 2041 3126 et
2060 3072 2363 3126 mortiferos
2400 3072 2565 3126 Italiae
2612 3073 2817 3128 calores
2848 3074 3105 3128 timeban.
3168 3073 3418 3142 Bajulare
3474 3073 3583 3144 qui-

1989 3159 2113 3213 dem
2142 3176 2355 3214 crucem
2411 3161 2649 3216 Christus
2671 3161 2843 3230 jubet,
2903 3176 3011 3215 non
3058 3176 3299 3231 qumrere
3354 3161 3583 3231 sepultu-

277 3248 386 3303 loui
416 3249 795 3315 communicat,
848 3255 900 3303 et
947 3264 1069 3303 eum
1127 3248 1181 3301 in
1236 3248 1427 3319 rapina
1484 3247 1875 3320 possessionum
1908 3242 1958 3305 C
1987 3264 2121 3302 ram.
2156 3248 2222 3301 Et
2248 3248 2503 3317 quoniam
2534 3250 2593 3302 B.
2627 3249 2818 3303 Priscae
2848 3249 3126 3304 ecclesiam
3168 3264 3273 3303 non
3302 3248 3442 3305 bene
3471 3266 3574 3319 pa-

273 3344 572 3391 nostrarnm
616 3343 964 3391 manutenere
1038 3342 1277 3390 conatur.
1339 3332 1395 3390 Si
1451 3340 1686 3405 unquam
1736 3334 1875 3389 bene

274 3422 475 3493 aliquid
499 3423 793 3495 promeruit
838 3423 905 3479 de
933 3423 1246 3478 celsitudine
1294 3431 1468 3478 vestra
1498 3422 1715 3477 humilis
1771 3438 1873 3478 ser-

273 3527 372 3565 vus
401 3521 592 3576 vester,
652 3512 801 3582 pium
832 3528 960 3583 erga
1004 3528 1091 3566 me
1144 3511 1337 3565 sentiat
1389 3508 1692 3565 illevestra!
1747 3510 1874 3565 dile-

272 3599 464 3654 ctionis
492 3598 760 3665 aﬂ'ectmn,
821 3617 917 3654 nec
944 3598 1230 3654 verborum
1287 3599 1402 3669 ejus
1430 3600 1741 3654 relationem
1791 3616 1872 3653 sn-

269 3687 508 3758 scipiatis
539 3702 552 3750 ;
584 3686 676 3742 sed
710 3694 944 3741 nostram
1001 3688 1176 3758 potius
1206 3694 1515 3758 exspectare
1567 3688 1864 3753 veritatem,

268 3775 394 3845 quia
422 3793 507 3830 me
537 3776 603 3830 a'l
651 3792 903 3846 pPIBSOHS,
939 3775 1140 3847 praevio
1170 3766 1369 3847 Spiritu
1400 3783 1602 3841 sancto,
1638 3792 1868 3845 praesen-

269 3871 374 3918 tem
400 3862 685 3918 habebitis.
720 3864 774 3919 Si
809 3864 937 3934 quid
978 3863 1156 3917 minus
1183 3856 1319 3917 dixit
1348 3863 1617 3918 humilitas
1666 3871 1863 3930 nostra,

269 3952 612 4023 praesentium
654 3953 835 4006 latoris
873 3952 1055 4023 lingua
1081 3951 1371 4022 snpplebit.
1413 3952 1528 4005 lloc
1571 3952 1864 4023 intersiguo

270 4048 561 4111 linesentes
593 4041 791 4094 litteras
836 4057 984 4094 meas
1040 4056 1154 4095 esse
1202 4040 1354 4094 Pater
1380 4057 1531 4095 meus
1585 4048 1860 4111 agnoscat,

268 4124 411 4197 quod
443 4130 714 4182 Armanno
744 4129 1009 4182 monacho
1034 4129 1148 4190 (42)
1196 4128 1382 4182 ltonue
1411 4144 1506 4198 pro
1537 4129 1653 4197 ejus
1679 4128 1864 4185 amore

267 4216 409 4271 bene
427 4217 622 4271 servivi
656 4231 669 4285 ;
705 4224 906 4270 etcum
938 4217 1079 4286 apud
1119 4217 1390 4271 Turonum
1424 4223 1578 4271 nocte
1635 4216 1861 4271 nudatus

332 4395 446 4451 (40)
472 4394 611 4461 Quin
626 4395 692 4448 de
709 4393 887 4450 Churo
903 4393 1241 4449 citeriorem.
1258 4393 1430 4462 Supra
1444 4394 1596 4463 epist.
1617 4396 1678 4447 to
1693 4392 1858 4447 verba

256 4473 381 4531 sunt
411 4465 625 4518 Callixti
653 4464 705 4518 in
757 4464 941 4518 litteris
969 4464 1037 4517 ad
1075 4464 1394 4528 Goli'ridum,
1440 4480 1572 4533 quas
1600 4465 1654 4518 in
1682 4466 1856 4518 fronte

256 4535 435 4605 eperis
466 4536 600 4590 inter
629 4535 802 4602 elogia
838 4533 1182 4605 pimiiximns.

1979 3344 2148 3390 ratam
2204 3337 2331 3391 satis
2385 3338 2603 3407 agnovi,
2663 3337 2731 3391 ad
2768 3353 2884 3405 vos,
2914 3337 3223 3393 dulcissime
3256 3339 3363 3407 29
3396 3339 3569 3405 Pater,

1981 3424 2198 3479 fratrem
2229 3426 2370 3479 hunc
2398 3425 2723 3495 praemittere
2756 3425 2980 3497 dignum
3009 3426 3158 3491 duxi,
3190 3426 3280 3496 qui
3304 3426 3377 3480 ibi
3420 3427 3577 3482 nobis

1979 3521 2262 3583 prteparet,
2295 3512 2385 3566 ubi
2443 3513 2832 3583 aliquantulum
2866 3515 3085 3569 honeste
3135 3515 3399 3584 possimus
3448 3532 3575 3570 con-

1978 3600 2196 3655 versari.
2261 3601 2565 3668 Veritatem,
2628 3602 2782 3656 Pater
2836 3603 3058 3673 Optime,
3118 3619 3224 3657 non
3283 3604 3570 3659 verborum

1976 3689 2287 3747 relationem
2318 3689 2593 3745 attendite.
2622 3690 2957 3745 zEmulantur
3012 3706 3109 3744 nos
3138 3691 3309 3760 multi,
3339 3692 3434 3748 sed
3464 3700 3571 3747 nan

1974 3777 2071 3831 Dei
2093 3777 2438 3833 mmulatione
2467 3791 2481 3845 ;
2516 3777 2690 3832 nullus
2720 3785 2899 3833 tamen
2926 3779 3185 3834 veraciter
3228 3780 3371 3835 dicet
3392 3790 3569 3834 temu-

1973 3866 2166 3931 lorum,
2218 3864 2363 3935 quod
2391 3881 2424 3920 a
2453 3866 2587 3920 mari
2640 3882 2810 3935 usque
2863 3866 2931 3920 ad
2988 3882 3137 3921 mare
3184 3868 3565 3923 monasterium

1973 3954 2163 4008 melius
2185 3954 2490 4008 ordinatum
2538 3954 2614 4031 vsit
2676 3971 2838 4024 quam
2870 3963 3133 4008 nostrum.
3188 3954 3345 4023 Quod
3384 3964 3563 4011 nostro

1974 4050 2213 4112 tempore
2239 4057 2338 4111 per
2364 4042 2460 4096 Dei
2491 4043 2721 4112 gratiam
2750 4042 2983 4113 amplius
3007 4043 3193 4110 crevit,
3233 4060 3395 4113 quam
3416 4045 3563 4112 prius

1970 4130 2184 4184 devotio
2237 4129 2580 4184 laudatorum
2611 4131 2980 4207 eicontnlerit.
3038 4132 3324 4203 Nunquam
3385 4141 3559 4187 tamen

1969 4217 2268 4286 ecclesiam,
2323 4218 2405 4273 vel
2456 4218 2753 4289 quamlibet
2802 4220 3190 4289 possessionem
3246 4220 3560 4276 ecclesiasti-

1965 4393 2064 4446 dus
2100 4402 2459 4465 cognomento
2515 4395 2869 4459 Grisatunioa,
2927 4398 3080 4465 cujus
3136 4404 3407 4453 maternus
3458 4414 3554 4465 ge-

1963 4481 2062 4517 nus
2092 4466 2184 4517 lvo
2207 4465 2395 4520 eadem
2426 4466 2579 4588 epist.
2612 4465 2865 4527 describit
2895 4482 2908 4531 ;
2940 4468 3355 4540 peregrinationi
3384 4487 3550 4523 sacra-

1963 4542 2226 4588 sunerstcs
2252 4535 2319 4588 ad
2350 4537 2405 4588 S.
2438 4534 2633 4588 :Igidii
2672 4536 2929 4588 onnidum
2988 4547 3169 4588 nostoa
3217 4538 3358 4588 diem
3415 4538 3550 4588 cluu-

1962 4542 2226 4609 superstcs
2252 4535 2327 4609 ad
2350 4537 2405 4590 S.
2438 4534 2633 4609 :Egidii
2672 4534 2957 4609 oppidinu'
2986 4534 3169 4609 postea
3217 4538 3358 4609 diem
3415 4538 3552 4592 clau-

330 4592 947 4679 t/ilMdCarnotcufs-cm
965 4592 1847 4679 cpiscoyum.Gaulfridumlvonis
1875 4592 1927 4651 D
1954 4592 2251 4679 sit;_relicto
2299 4592 2639 4661 Joannedllio
2694 4592 2923 4675 herede,
2954 4592 3021 4664 de
3075 4614 3181 4679 quo
3236 4598 3363 4662 alibi
3420 4610 3552 4664 Cof-

253 4676 960 4755 sumzcssnreln..."incputet
996 4673 1472 4755 datas—almutitice
1510 4673 1585 4755 de
1633 4691 1850 4755 excom-

254 4746 577 4800 municando
596 4747 859 4801 Nivelone
905 4746 1105 4800 litteras
1164 4745 1325 4801 fuisse
1378 4745 1447 4799 ad
1504 4745 1842 4812 Ganfridnm,

250 4817 455 4871 similes
502 4833 683 4871 earum
736 4833 868 4885 quas
922 4816 989 4870 de
1027 4816 1214 4870 eadem
1269 4833 1325 4871 re
1355 4817 1421 4869 ad
1443 4818 1662 4870 lvonem
1694 4834 1725 4870 a
1758 4818 1846 4870 Pa-

249 4884 414 4941 scliali
444 4886 666 4957 scriptus
695 4884 908 4940 servant
932 4886 1367 4957 Vimlocineases.

325 4957 438 5023 (Η)
454 4954 740 5012 Ανὴιαηηο
757 4958 1047 5012 monacho.
1069 4958 1239 5025 Quem
1262 4956 1329 5010 ad
1353 4954 1622 5012 Urbanum
1648 4972 1841 5028 papam

250 5027 469 5082 miserat
522 5028 786 5096 Callistus,
842 5028 1153 5082 Viennensis
1212 5036 1337 5081 tunc
1389 5027 1840 5098 archiepiscopus,

250 5098 408 5168 epist.
444 5103 465 5152 l
485 5102 529 5151 ι.

321 5171 433 5227 (i3)
463 5169 629 5239 Nocte
666 5169 916 5239 nudatus
942 5171 1087 5223 esset
1116 5186 1150 5222 η
1179 5167 1423 5239 furibus.
1448 5236 1461 5239 _
1485 5167 1657 5220 Simili
1719 5182 1840 5239 casu

247 5254 413 5307 equos
441 5238 541 5291 sibi
598 5238 876 5293 Cabillono
933 5236 1189 5293 nenturno
1220 5238 1288 5291 l‘u-
1308 5246 1358 5292 to
1386 5236 1485 5292 sub
1508 5244 1623 5292 atos
1676 5237 1846 5307 queri-

250 5311 582 5363 tnrJoannes
608 5308 742 5372 Vill,
776 5309 929 5378 epist.
963 5313 1051 5363 97.

318 5383 431 5439 iii)
450 5382 657 5435 Comite
685 5376 1072 5434 νίηᾱησίηεηδὲ
1119 5376 1380 5441 ϐοιΐπὶίιο,
1401 5379 1450 5431 ni
1478 5378 1649 5443 fallor,
1669 5379 1844 5432 Crisa-

250 5451 443 5530 tunica,
477 5451 1028 5530 adnquem.lvo_epist.
1063 5453 1159 5530 litt
1191 5451 1345 5530 Duo,
1372 5447 1838 5530 Golfridqabbate,

242 5522 469 5591 tientites
513 5516 795 5591 {Viulocini
856 5516 1393 5591 lliercsﬂymitanam
1424 5516 1838 5591 qexpeslitiOnem

248 5586 416 5646 iniere
438 5611 461 5659 ,ε
497 5588 720 5659 quorum
774 5590 953 5659 utique
997 5585 1192 5645 nomen
1231 5585 1472 5645 Gol’frido
1500 5585 1636 5657 {sed
1697 5591 1841 5659 prior

248 5609 416 5646 iniere
450 5611 461 5645 :
497 5609 720 5659 (uorum
774 5609 953 5659 utique
997 5609 1192 5645 nomen
1231 5609 1472 5645 uonriuo
1500 5609 1513 5657 ;
1544 5609 1636 5643 seu
1697 5609 1841 5659 prior

247 5646 481 5734 (ᾆφξῖνίιᾙΔ
504 5609 570 5715 de
604 5660 841 5715 i‘ruiiauo
876 5662 1014 5734 titius
1043 5662 1094 5713 in
1146 5661 1259 5731 ipsa
1288 5660 1630 5734 expeditione
1658 5661 1723 5713 ad
1754 5663 1844 5715 As-

244 5729 489 5786 annnam
548 5742 715 5783 ciesus
766 5730 1014 5785 occubuit
1081 5729 1221 5785 anno
1280 5729 1453 5797 ιιῡιλ
1495 5739 1551 5784 nt
1628 5737 1843 5787 narrant

247 5801 794 5872 (inillelmusTyrius
820 5799 911 5854 lib.
961 5812 1019 5867 χ,
1052 5814 1171 5872 cap.
1213 5802 1288 5872 A20
1328 5808 1382 5855 et
1412 5794 1843 5872 itialnimrnrign-

246 5869 317 5925 sis
347 5869 440 5925 lib.
474 5883 529 5923 tv
561 5868 642 5924 De
665 5868 827 5931 gestis
881 5876 1066 5931 rogum
1092 5868 1315 5933 ,t'nglim.
1374 5869 1515 5922 Alter
1542 5869 1624 5922 hic
1654 5868 1844 5923 ηαστε.

1956 4677 2143 4742 frictus.
2928 4718 2931 4721 .

2024 4749 2137 4813 (4.13)
2170 4748 2231 4801 Β.
2271 4748 2483 4803 Prisca:
2537 4749 2858 4804 ecclesiam.
2898 4750 3295 4805 Deeadictum
3354 4759 3434 4805 est
3474 4751 3541 4805 ad

1952 4818 2105 4886 epist.
2138 4822 2188 4883 9,
2222 4817 2316 4871 sed
2348 4817 2627 4871 omisimus
2656 4834 2874 4874 monere
2920 4820 3207 4875 ()dericum
3263 4820 3536 4884 abbatem,

1951 4888 2187 4960 quodex
2218 4888 2323 4941 alio
2353 4888 2638 4942 Alexandri
2669 4889 2715 4960 ll
2744 4888 3037 4960 diplomate
3065 4888 3366 4955 didicimus,
3398 4890 3543 4960 quia

1950 4959 2009 5012 Β.
2036 4959 2227 5013 Prisca:
2257 4959 2635 5013 monasterium
2666 4957 2721 5012 in
2749 4957 3133 5015 monachonim
3188 4960 3353 5015 sancti
3394 4957 3538 5016 Pauli

1944 5030 2067 5098 jure
2122 5046 2183 5083 ac
2212 5038 2468 5099 potestate
2526 5038 2647 5085 tunc
2694 5040 2823 5093 erat,
2884 5032 3011 5085 illud
3043 5032 3112 5087 ab
3178 5033 3541 5088 llildebrando

1950 5099 2326 5154 archidiacono
2382 5102 2613 5155 cuuiobii
2664 5104 2829 5158 sancti
2863 5104 3007 5157 l’anli
3060 5119 3343 5157 wconomo
3381 5112 3433 5159 et
3460 5122 3540 5159 re-

1948 5178 2093 5224 ctore
2124 5171 2564 5246 impetrassehac
2606 5173 2744 5246 lege,
2776 5182 2835 5246 ut
2866 5177 2949 5239 tl,
2983 5182 3073 5229 aut
3100 5175 3336 5229 saltemtt
3368 5175 3420 5228 in
3475 5193 3539 5230 ea

1949 5241 2313 5317 mannuli}th
2369 5241 2564 5317 abbate
2614 5241 2989 5317 Vindocinensi
3044 5261 3108 5300 ex
3142 5262 3200 5299 ea
3258 5247 3532 5317 pensione,

1948 5315 2107 5380 quam
2140 5310 2532 5386 llildebrandus
2586 5315 2917 5386 approbante
2973 5316 3151 5370 Sancti
3213 5310 3358 5370 Pauli
3413 5310 3540 5371 coti-

1948 5382 2464 5456 v_eutuassigtmbat,
2526 5382 2782 5454 permitto
2822 5388 3105 5441 alerentur.
3147 5390 3331 5456 Itaque
3379 5390 3539 5443 eccle-

1947 5453 2097 5525 siam‘
2116 5455 2251 5525 hunc
2279 5453 2532 5524 deinceps
2562 5453 2853 5512 coluerunt
2874 5459 3121 5515 monachi
3172 5453 3536 5513 Vindocinen-

1946 5518 2049 5582 ses.
2081 5510 2326 5578 Urbanus
2356 5526 2422 5588 n,
2455 5510 2951 5584 Gotfridobostroizi
2972 5510 3289 5585 scienda
3311 5510 3369 5584 tt.
3378 5510 3533 5585 '14s-

1946 5610 2061 5667 ecce
2084 5594 2143 5667 in
2166 5611 2275 5667 qua
2296 5598 2511 5665 fratres
2531 5600 2867 5654 atomis-terit
2891 5603 2979 5656 tui
3001 5602 3259 5667 religiose
3282 5603 3532 5659 uiuentes

1945 5658 2057 5741 ipsi
2090 5658 2352 5741 uidimus.
2388 5667 2522 5741 lloc-
2553 5686 2618 5720 ex
2658 5685 2879 5741 numero
2906 5671 3042 5733 inter
3097 5658 3300 5741 primos
3328 5671 3427 5725 fuit
3471 5674 3528 5726 Β.

1946 5734 2213 5813 Amulius,
2241 5752 2408 5813 quem
2451 5736 2766 5813 _.\lexauder
2810 5741 2858 5793 ll
2912 5734 3297 5812 Yapinéensem
3353 5749 3538 5813 posta

1946 5804 2271 5877 episcopum
2287 5805 2505 5861 creavit.
