3940 6392
481 381 550 435 53
1499 380 1829 436 GOFFRIDI
1875 380 2160 436 ABBATIS
2209 378 2752 440 VINDOCINENSIS
3704 383 3780 436 δῦ

481 517 603 557 eam
634 501 876 572 quolibet
897 502 1116 576 ingenio
1170 503 1498 575 comparavi,
1520 503 1606 558 vel
1635 502 1704 558 de
1728 519 1891 558 manu
1943 505 2070 560 laici
2098 503 2156 565 A
2184 509 2336 562 totus
2387 506 2810 562 Vindocinemis
2869 507 3202 570 conventus,
3243 501 3386 577 quod
3417 505 3576 577 patri
3637 504 3778 575 ﬁlii,

482 593 666 661 accepi
701 611 712 647 :
748 591 893 662 quod
920 593 1125 647 utinam
1184 600 1362 646 nostro
1392 591 1641 662 exemplo
1679 592 1908 648 vitarent
1961 593 2072 648 alii.

482 681 750 751 Tempore
778 680 1228 751 praedecessorum
1260 688 1560 735 nostrorum
1601 680 1846 736 Romana
1882 682 2073 736 Eccle-

483 767 580 837 sia,
613 769 700 823 vel
720 767 958 824 debitum
1017 785 1253 835 censum,
1286 768 1570 823 duodecim
1609 769 1813 825 scilicet
1855 770 2074 836 solidos,

486 872 583 928 per
610 871 810 910 annum
843 856 933 911 vix
967 856 1091 912 inde
1119 857 1318 911 habere
1347 857 1538 926 potuit.
1557 857 1714 926 Quod
1728 873 1833 912 non
1860 866 2078 930 propter

481 944 814 1014 jactantiam,
846 943 940 998 sed
996 953 1213 1014 propter
1264 945 1558 1015 gratiarum
1614 945 1878 1001 actionem
1935 945 2076 1012 dico,

485 1033 542 1086 in
560 1032 835 1086 servitium
866 1033 1121 1087 Romamn
1169 1033 1440 1106 Ecclesiae,
1475 1049 1582 1087 non
1612 1033 1849 1104 qualibet
1903 1043 2081 1088 nostra

491 1120 821 1186 necessitate,
853 1120 946 1174 sed
975 1120 1090 1174 sola
1129 1120 1415 1175 dilectione
1464 1123 1696 1191 amplius
1742 1139 1904 1192 quam
1951 1122 2082 1178 duo-

486 1205 660 1263 decim
688 1207 859 1262 millia
887 1207 1180 1262 solidorum
1237 1216 1360 1264 ante
1388 1224 1486 1264 vos
1515 1218 1567 1264 et
1595 1210 1649 1264 in
1709 1218 1950 1280 tempore
1979 1226 2079 1265 ve-

485 1305 611 1362 stre,
647 1295 791 1366 quod
812 1297 980 1354 valuit
1008 1305 1221 1351 centum
1239 1314 1448 1352 marcas
1474 1299 1702 1370 argenti,
1737 1307 1917 1354 nostra
1949 1317 2082 1369 pau-

485 1394 663 1454 pertas
682 1385 955 1456 expendit.
1015 1385 1153 1439 Hinc
1186 1385 1349 1457 igitur
1403 1386 1533 1440 mihi
1563 1387 1781 1442 retribui
1835 1387 2080 1443 desidero

487 1473 628 1528 bona
662 1489 761 1544 pro
789 1473 946 1527 bonis
973 1493 985 1528 :
1019 1489 1182 1543 quam
1229 1473 1634 1529 retributionem
1680 1475 1918 1530 Christus
1943 1476 2080 1530 bea-

489 1569 598 1615 tum
653 1561 835 1616 docuit
890 1561 1102 1616 Petrum
1161 1577 1175 1631 ;
1233 1571 1286 1618 et
1344 1563 1403 1616 B.
1465 1563 1648 1618 Petrus
1711 1563 1886 1634 ipsum
1941 1565 2081 1620 hanc

488 1649 773 1706 tenendam
805 1649 963 1704 docet
981 1657 1034 1706 et
1060 1651 1323 1720 przecipit.

947 1784 1058 1853 30
1099 1783 1434 1839 EPISTOLA
1469 1785 1614 1839 xw.

486 1889 864 1946 Dilectissimo
878 1887 1104 1944 domino
1126 1888 1440 1946 universali
1450 1908 1612 1964 papa:
1624 1891 2074 1963 llonorio,frater

558 1977 868 2049 Cof/rides,
891 1978 1036 2050 quod
1043 1980 1199 2050 patri
1214 1979 1391 2048 ﬁlius,
1405 1979 1548 2050 quod
1559 1979 1784 2037 domino
1799 1996 2015 2036 seruus.

556 2105 720 2160 Multo
768 2105 1033 2161 desiderio
1083 2107 1382 2162 desideravi
1437 2109 1622 2163 venire
1649 2108 1716 2163 ad
1759 2125 1874 2175 vos,
1927 2110 2083 2164 Pater

483 2194 704 2262 optime,
739 2203 793 2249 et
823 2195 875 2248 in
925 2195 1160 2250 Ecclesia
1217 2197 1458 2251 Romana
1489 2213 1595 2250 non
1650 2197 1717 2251 ad
1749 2198 1955 2265 horam,
1987 2197 2081 2251 sed

485 2282 552 2336 ad
583 2298 789 2337 moram
821 2299 1041 2338 manere
1097 2283 1438 2338 decreveram
1472 2285 1600 2352 ;sed
1632 2284 1910 2340 infirmitas
1967 2301 2083 2340 cor-

482 2369 632 2439 poris
687 2370 934 2425 affectum
990 2372 1206 2440 quidem
1257 2388 1364 2427 non
1419 2374 1664 2439 mutavit,
1721 2374 1814 2427 sed
1863 2375 2084 2444 negavit

490 2457 760 2512 affectum.
791 2461 942 2514 llanc
974 2460 1156 2529 utique
1178 2460 1538 2516 intimiitatem
1569 2479 1635 2516 ex
1673 2462 1840 2516 nimio
1898 2463 2082 2518 labore

485 2553 539 2600 et
583 2547 864 2618 multiplici
921 2549 1164 2603 Romano
1214 2549 1401 2604 itinere
1457 2550 1696 2604 contraxi
1757 2570 1768 2605 :
1819 2559 1889 2618 et,
1939 2551 2082 2621 quod

486 2649 594 2688 non
613 2635 1157 2706 propterjactantiam
1207 2637 1347 2705 dico,
1396 2637 1489 2692 sed
1520 2647 1736 2709 propter
1789 2639 2080 2709 gratiarum

488 2722 776 2790 actionem,
808 2731 1028 2792 propter
1073 2725 1350 2780 utilitatem
1399 2727 1656 2780 Romamn
1690 2727 1960 2796 Ecclesiae,
1984 2743 2082 2796 pro

492 2826 598 2880 qua
631 2819 710 2866 ter
745 2819 932 2880 captus
958 2829 1098 2880 sum,
1129 2821 1182 2866 et
1211 2821 1288 2868 ter
1333 2822 1518 2883 quater
1549 2815 1947 2884 trausalpiuavi.
1981 2817 2082 2870 Pro

488 2899 642 2968 cujus
668 2907 929 2968 praeterea
975 2901 1191 2954 servitio
1220 2909 1273 2956 et
1318 2901 1555 2956 maxima
1583 2902 1700 2972 ejus
1750 2904 2080 2970 necessitate,

490 2992 730 3056 tempore
781 2988 1024 3043 Guiberti
1085 3005 1279 3058 corpus
1326 2999 1584 3059 nostrum,
1641 2999 1694 3046 et
1749 3008 1888 3062 pene
1933 2991 2086 3061 quid-

488 3073 616 3142 quid
645 3075 830 3144 habui,
863 3078 1114 3146 expendi.
1149 3078 1264 3148 Ego
1293 3093 1432 3146 sum,
1458 3095 1561 3150 ego
1590 3096 1707 3133 sum
1747 3080 1854 3146 ille,
1870 3079 1960 3148 qui
1981 3081 2086 3134 Ro-

2101 1858 2154 1918 B

2183 593 2325 666 quod
2339 594 2564 652 domino
2583 595 2751 651 servi.

2256 719 2554 774 Salvatoris
2579 725 2860 788 sequentes
2888 717 3188 784 consilium,
3235 717 3304 772 ad
3327 717 3549 788 januam
3584 725 3781 774 vestra

2183 806 2396 875 pietatis
2419 807 2694 876 pulsamus
2724 815 2777 860 et
2802 805 2944 860 illius
2973 806 3304 877 evangelicae
3331 805 3570 861 mulieris
3595 822 3783 862 exem-

2185 903 2332 971 plum
2359 902 2645 969 imitantes,
2702 909 2825 971 post
2871 917 2968 957 vos
3015 903 3284 958 humiliter
3337 903 3648 970 clamamus,
3707 903 3782 957 de

2187 991 2394 1061 injuriis
2423 999 2476 1046 et
2501 989 2876 1046 vexationibus
2912 991 3315 1062 Andegavensis
3371 991 3605 1062 episcOpi
3659 992 3780 1060 (47)

2186 1096 2588 1158 conquerentes.
2650 1089 2805 1143 Pater
2858 1097 3059 1156 sancte,
3117 1089 3166 1142 ei
3214 1087 3432 1158 quidem
3485 1087 3782 1142 mandastis

2187 1185 2244 1232 ut
2270 1191 2369 1246 pro
2419 1176 2719 1232 reverentia
2764 1177 2824 1230 B.
2883 1177 3022 1231 Petri
3081 1184 3134 1232 et
3168 1185 3343 1233 vestra
3397 1175 3780 1231 monasterium

2187 1283 2444 1342 nostrum,
2476 1274 2620 1344 quod
2677 1274 2745 1329 ad
2774 1275 3070 1330 Romanam
3101 1274 3372 1344 praecipue
3416 1280 3470 1328 et
3495 1273 3780 1344 singulari-

2189 1378 2489 1442 terspectat
2533 1371 2848 1439 Ecclesium,
2881 1379 3031 1426 etres
3055 1370 3362 1425 monasterii
3386 1376 3775 1436 manuteneret,

2186 1468 2240 1514 et
2265 1460 2422 1515 nullis
2450 1459 2658 1530 injuriis
2710 1459 2824 1514 sive
2852 1458 3109 1514 molestiis
3165 1457 3446 1528 inquietari
3503 1457 3780 1526 permitte-

2185 1566 2283 1612 ret.
2337 1559 2458 1628 Ipse
2503 1573 2632 1614 vero
2671 1557 2872 1612 litteras
2916 1563 3136 1623 vestras,
3196 1571 3317 1624 quae
3371 1553 3777 1622 archiepiscopo

2186 1647 2478 1700 Turonensi
2533 1653 2587 1700 et
2633 1644 3020 1700 Cenomanensi
3077 1644 3348 1713 episcopo,
3405 1641 3538 1696 sicut
3566 1650 3618 1695 et
3671 1641 3776 1711 ipsi

2187 1734 2363 1789 missae
2410 1736 2638 1800 fuerant,
2679 1733 2734 1788 in
2790 1732 3072 1802 praesentia
3117 1732 3280 1803 legati
3337 1730 3494 1786 vestri
3553 1729 3776 1800 Engoli-

2186 1830 2411 1884 smensis
2434 1828 2671 1899 episcopi
2699 1828 2932 1899 suscepit
2961 1843 2974 1896 ;
3002 1827 3095 1882 sed
3119 1844 3217 1883 nec
3274 1834 3395 1881 tunc
3446 1827 3625 1897 legere
3671 1841 3774 1880 nec

2185 1925 2342 1980 nobis
2369 1927 2626 1996 deinceps
2673 1927 2781 1994 32
2815 1924 3038 1980 reddere
3065 1924 3315 1994 dignatus
3343 1931 3421 1978 est
3450 1942 3462 1977 :
3496 1922 3632 1976 etsic
3652 1921 3777 1974 aliis

2185 2021 2380 2090 quibus
2408 2039 2498 2077 eas
2527 2025 2742 2078 misistis
2769 2034 2954 2095 pestea
3009 2040 3116 2080 non
3145 2025 3416 2094 potuimus
3469 2022 3768 2078 ostendere.

2187 2111 2448 2166 Praeterea
2478 2113 2704 2167 aliorum
2743 2114 2966 2184 injurias
3023 2129 3129 2167 non
3153 2113 3497 2184 compescuit,
3554 2110 3647 2164 sed
3702 2127 3772 2166 ex

2184 2225 2278 2264 sua
2313 2217 2462 2280 parte
2491 2211 2841 2280 exaggemvit
2886 2219 2940 2264 et
2967 2217 3276 2280 exaggerat,
3337 2217 3390 2264 et
3419 2225 3553 2278 quos
3600 2209 3776 2279 potuit

2185 2307 2425 2367 raptores
2450 2299 2628 2352 saeculi
2659 2298 2825 2352 verbo
2841 2298 3212 2367 etetexemplo
3244 2298 3497 2352 incitavit.
3513 2299 3776 2352 Monaste-

2185 2386 2322 2440 rium
2356 2386 2865 2452 nostrum,alodium
2922 2387 3178 2442 Romanae
3235 2386 3502 2453 Ecclesiae,
3533 2401 3630 2455 pro
3682 2401 3775 2438 eu-

2181 2475 2270 2545 jus
2289 2490 2473 2529 amore
2501 2483 2554 2529 et
2579 2475 2768 2529 timore
2797 2475 2842 2530 ei
2871 2477 3127 2528 honorem
3185 2483 3238 2529 et
3265 2474 3611 2530 reverentiam
3639 2474 3773 2528 olim

2187 2563 2424 2633 episcopi
2469 2571 2522 2617 et
2555 2563 2942 2634 archiepiscopi
3000 2563 3331 2629 deferebant,
3382 2562 3629 2617 dominus
3675 2563 3775 2617 iste

2187 2651 2255 2706 de
2281 2651 2363 2705 his
2393 2665 2512 2721 qua;
2539 2651 2704 2706 multo
2728 2660 2968 2720 tempore
2997 2651 3180 2718 tenuit,
3211 2652 3326 2706 sine
3367 2651 3569 2721 judicio
3599 2658 3652 2705 et
3679 2667 3774 2704 au-

2187 2739 2386 2794 dientia
2435 2739 2776 2808 exspoliavit,
2837 2740 2972 2794 etin
3028 2740 3300 2810 proposito
3374 2739 3776 2808 exspoliationis

2186 2836 2509 2896 perseverat.
2541 2828 2693 2882 Unde
2741 2844 2845 2882 non
2891 2835 3073 2882 contra
3139 2830 3436 2882 Susannam
3495 2835 3648 2881 testes
3689 2845 3776 2880 su-

2189 2932 2308 2968 mus
2340 2930 2353 2983 ;
2389 2915 2482 2970 sed
2510 2915 2578 2970 de
2623 2916 2843 2970 domino
2901 2917 3151 2986 episeopo
3205 2931 3463 2986 gennana
3507 2916 3778 2984 loquimur

2190 3013 2466 3080 charitate,
2507 3029 2628 3082 qua:
2657 3013 2796 3068 etde
2824 3013 2998 3066 amico
3038 3021 3090 3068 et
3117 3012 3184 3068 de
3205 3013 3421 3067 inimico
3450 3027 3545 3066 nos
3599 3010 3774 3064 dedo-

2186 3109 2273 3156 cet
2301 3101 2446 3170 loqui
2475 3101 2859 3170 mendacium,,
2881 3109 2934 3156 et
2959 3100 3028 3155 de
3055 3109 3280 3170 utroque
3326 3101 3512 3155 edocet
3539 3098 3776 3169 proﬁteri

487 3178 761 3260 "uellam?
786 3164 1417 3260 "ib‘fla‘ioni§__f‘ibulusi
1459 3175 1669 3260 εξιιίιυιι
1715 3175 1926 3260 Ροξίξίξλε
1979 3185 2082 3260 ειη-
2113 3183 2162 3246 C
2193 3164 2490 3244 veritatem.
2548 3191 2658 3244 Nos
2689 3164 2926 3259 quidem,
2966 3164 3218 3260 quoniam
3277 3164 3611 3243 monastitam
3643 3203 3776 3259 pro-

486 3252 700 3321 gustim,
725 3269 846 3306 cum
904 3253 1234 3308 honorabilis
1287 3255 1564 3310 memoria:
1619 3271 1761 3326 papa
1789 3257 2005 3312 Urbano
2027 3257 2081 3310 in

485 3338 648 3394 domo
677 3340 897 3396 Joannis
943 3342 1290 3412 Fricapanem
1349 3344 1545 3398 multos
1575 3344 1785 3399 labores
1821 3353 1874 3399 et
1931 3345 2085 3399 timo-

487 3443 574 3482 res
593 3427 685 3482 diu
741 3445 929 3498 passus
974 3447 1092 3484 sum
1127 3449 1139 3485 :
1173 3439 1226 3485 et
1253 3431 1380 3500 quid
1421 3431 1493 3484 ibi
1550 3432 1754 3502 egerim
1788 3448 1886 3502 pro
1915 3431 2086 3488 ﬁdeli-

489 3523 594 3570 tate
647 3517 902 3573 Romana:
952 3519 1224 3585 Ecclesiae,
1267 3527 1321 3572 ct
1348 3521 1620 3588 quomodo
1671 3521 1854 3575 omnia
1910 3528 2087 3575 nostra

489 3619 659 3673 usque
685 3605 754 3658 ad
808 3607 1154 3661 novissimam
1193 3607 1545 3676 equitatumm
1595 3623 1694 3676 pro
1735 3609 2086 3678 acquisitione

495 3693 860 3749 Lateranensis
889 3695 1071 3764 palatii
1118 3695 1516 3763 seminaverim,
1576 3697 1725 3753 novit
1760 3697 1905 3752 Deus
1943 3705 1997 3752 et
2025 3698 2084 3750 Β.

477 3775 698 3846 Ῥθιι-ιιε,
757 3790 809 3836 et
864 3791 1126 3838 noverunt
1192 3784 1417 3838 Romani
1475 3785 1616 3839 illius
1681 3785 1954 3854 temporis.
2010 3786 2087 3840 Eo

499 3869 661 3924 etiam
687 3877 927 3940 tempore
959 3873 1144 3926 Romae
1181 3873 1457 3942 presbyter
1509 3873 1802 3942 ordinatus,
1862 3873 2086 3928 investi-

496 3965 669 4012 turam
727 3959 794 4014 de
843 3959 1068 4014 ecclesia
1123 3959 1182 4014 Β.
1226 3961 1419 4014 Priscae
1469 3977 1568 4030 per
1621 3977 1839 4016 manum
1885 3961 2091 4017 domini

495 4061 654 4115 papae
701 4047 902 4103 Urbani
960 4049 1158 4117 recepi,
1227 4065 1388 4118 quam
1446 4050 1860 4120 predecessores
1929 4051 2091 4106 nostri

496 4133 660 4206 longe
713 4145 837 4192 ante
881 4137 1228 4208 possederant
1283 4155 1296 4191 :
1357 4140 1460 4207 31
1498 4139 1612 4207 sed,
1665 4139 1792 4208 quia
1811 4139 2095 4196 noluerunt

498 4223 720 4280 obedire
749 4225 1048 4293 Guitberto,
1081 4226 1206 4281 inde
1262 4226 1472 4282 fuerant
1494 4227 1670 4297 ejecti.
1706 4228 1788 4295 Et,
1849 4228 2097 4298 quamvis

501 4319 631 4366 tetas
667 4319 720 4366 et
759 4311 1038 4368 infirmitas
1075 4322 1253 4369 nostra
1299 4315 1532 4384 quietem
1570 4315 1748 4384 potius
1794 4315 2099 4371 desiderent

502 4415 664 4468 quam
693 4400 954 4468 laborem,
1013 4403 1195 4457 animo
1225 4404 1463 4457 trahente
1520 4403 1588 4457 ad
1625 4418 1741 4470 vos,
1773 4404 1863 4472 pie
1921 4405 2092 4472 Pater,

501 4503 663 4558 quam
688 4489 842 4544 citius
889 4496 1077 4558 potero
1123 4489 1308 4544 venire
1355 4491 1662 4562 aggrediar,
1703 4491 1826 4547 licet
1880 4491 2090 4546 animus
2117 4501 2169 4560 D

504 4577 618 4646 ipse
637 4577 978 4650 peregrinam
1003 4594 1109 4632 non
1139 4579 1480 4634 mediocriter
1505 4579 1691 4634 timeat
1740 4579 2088 4648 sepulturam.

503 4667 723 4720 Interim
751 4666 818 4722 ad
840 4667 1209 4721 charissimam
1244 4667 1452 4722 Patrem
1502 4667 1654 4721 mitto
1684 4667 1906 4722 latorem
1945 4683 2091 4736 pra:-

499 4755 728 4809 seutium
783 4757 898 4823 (46)
945 4755 1124 4824 aliqua
1155 4761 1347 4810 nostra;
1395 4755 1665 4809 charitatis
1708 4755 1864 4826 signa
1921 4757 2095 4811 feren-

502 4851 607 4897 tem
643 4861 656 4898 :
680 4843 833 4913 cujus
861 4844 1045 4916 lingua
1064 4843 1338 4913 supplebit
1355 4844 1498 4913 quod
1529 4843 1706 4898 minus
1738 4843 1875 4898 dixit
1901 4845 2096 4914 episto-

499 4931 569 4986 la.
607 4931 790 4986 \-'aleat
815 4932 1065 4986 dominus
1092 4949 1234 5002 papa
1263 4949 1477 5001 semper
1504 4940 1557 4987 et
1585 4931 1802 5003 vigeat;
1833 4939 1886 4986 et
1913 4948 2011 4987 nos
2028 4931 2096 4988 de

498 5038 593 5075 sua
621 5021 972 5092 prosperitate
1001 5029 1053 5076 et
1081 5021 1368 5076 dilectione
1396 5019 1646 5078 laetificet.

1053 5170 1386 5227 EPISTOIA
1421 5172 1540 5225 XV.

500 5287 649 5343 Bono
668 5286 894 5344 domino
907 5292 963 5344 ct
983 5289 1077 5362 pio
1111 5290 1274 5344 Patri
1295 5287 1609 5346 universali
1641 5305 1804 5360 papae
1831 5288 2092 5358 Honorio,

571 5465 967 5526 (MDLatordm
987 5466 1376 5536 prmentium.
1413 5467 1690 5535 Pnganuui
1731 5467 1886 5536 epist.
1919 5469 2008 5522 27.

571 5538 685 5619 ῥεῖ)
715 5536 1129 5619 Αητίιξραυςῖυεὶε
1159 5538 1421 5619 episcopi.
1455 5537 1677 5619 Ulgerii,
1739 5553 1844 5607 quo
1873 5536 2093 5619 cumde

501 5605 688 5689 iisdem
718 5605 1093 5689 vexationibns
1149 5605 1500 5689 conqueritur
1527 5608 1618 5662 lib.
1673 5605 1771 5675 In;
1811 5608 1966 5689 epist:
1999 5611 2087 5689 i2.

499 5679 940 5748 Archiepismpns
995 5678 1317 5732 Turonensis
1373 5679 1684 5749 lldebertns,
1719 5688 1776 5733 ut
1817 5678 2087 5749 conjicio;

497 5745 779 5818 episcopus
800 5749 1257 5802 tienomaitnensis
1295 5749 1493 5814 Guido,
1525 5745 1774 5818 ildeberti
1828 5749 1882 5802 in
1913 5745 1972 5804 ea
2004 5745 2091 5804 ca:

501 5817 693 5872 thevlm'
729 5830 1017 5873 successor.
1071 5819 1296 5882 Legatus
1323 5823 1497 5872 autem
1554 5817 1830 5888 Girardus,
1860 5817 1928 5874 de
1983 5830 2089 5890 quo

2190 3287 2473 3342 fessionem
2503 3295 2788 3342 retractare
2817 3288 3169 3358 Philippicam
3219 3289 3332 3355 (48)
3363 3287 3415 3340 in
3469 3285 3776 3358 pontificem

2192 3383 2415 3438 minime
2443 3384 2612 3452 decet,
2653 3401 2760 3440 non
2787 3384 3014 3439 dicimus
3043 3384 3185 3454 quod
3233 3383 3426 3438 mentis
3469 3390 3779 3452 tempestate

2191 3488 2288 3526 nos
2325 3481 2694 3543 persequatur,
2734 3474 2848 3528 sive
2887 3474 3029 3528 mole
3065 3489 3175 3528 sua:
3230 3471 3609 3544 magnitudinis
3644 3487 3776 3540 pre-

2193 3567 2303 3614 mat
2347 3575 2360 3628 ;
2401 3561 2494 3616 sed
2541 3569 2716 3616 ulmea
2756 3578 2862 3632 quo
2904 3561 3174 3616 sanctiatis
3227 3577 3426 3631 genere
3464 3562 3565 3614 hoc
3618 3559 3781 3613 faciat

2193 3648 2521 3718 ignoramus,
2582 3650 2724 3719 quod
2755 3651 2809 3704 in
2839 3650 3014 3706 Veteri
3061 3651 3398 3705 Testamento
3452 3655 3778 3718 praeceptum

2193 3753 2300 3791 non
2328 3737 2576 3809 legimus,
2610 3755 2707 3794 nec
2735 3739 2790 3792 in
2836 3739 2991 3793 Novo
3046 3738 3364 3808 promissum
3413 3745 3466 3792 et
3515 3751 3779 3791 canonum

2193 3835 2394 3906 regulis
2439 3851 2544 3890 non
2602 3835 2873 3890 dubitatur
2927 3852 3044 3890 esse
3099 3835 3441 3890 contrarium.
3500 3833 3781 3888 Humilitas

2195 3923 2377 3992 utique
2404 3933 2584 3979 nostra
2639 3925 2895 3994 praedicto
2925 3925 3179 3994 episcopo
3235 3923 3290 3978 in
3318 3941 3416 3978 sua
3469 3923 3781 3977 necessitate

2195 4012 2480 4083 diligenter
2505 4013 2742 4081 servivit,
2799 4013 2894 4067 sed
2947 4013 3096 4067 salva
3135 4011 3250 4081 ejus
3303 4011 3600 4066 reverentia
3652 4009 3781 4064 dici-

2197 4116 2334 4166 mus,
2368 4100 2510 4169 quod
2540 4101 2784 4156 retribuit
2811 4101 2968 4160 nobis
3021 4100 3161 4155 mala
3191 4115 3288 4168 pro
3319 4098 3492 4166 bonis,
3547 4098 3778 4154 retribu-

2199 4189 2396 4244 tionem
2427 4205 2588 4258 quam
2645 4190 2790 4244 Deus
2817 4205 2924 4243 non
2953 4189 3122 4243 novit.
3154 4188 3324 4256 Unde,
3375 4187 3780 4243 clementissime

2200 4277 2355 4332 Pater
2383 4286 2435 4332 et
2461 4277 2698 4344 domine,
2732 4278 2887 4332 vobis
2918 4285 3026 4332 toto
3053 4277 3215 4331 corde
3244 4277 3604 4346 supplicamus
3631 4284 3688 4330 ut
3714 4275 3780 4330 de

2198 4365 2394 4434 quibus
2420 4366 2535 4422 sine
2559 4366 2763 4436 judicio
2802 4365 3082 4434 exspoliati
3123 4381 3306 4420 sumus
3343 4365 3413 4419 ab
3451 4380 3536 4433 eo,
3577 4380 3674 4419 nos
3709 4364 3782 4418 in-

2201 4455 2382 4508 vestiri
2427 4455 2654 4510 faciatis.
2695 4453 2852 4524 Quod
2893 4455 2937 4508 si
2975 4454 3228 4524 deinceps
3265 4461 3449 4508 contra
3507 4469 3620 4520 nos,
3669 4454 3774 4521 33

2202 4551 2290 4619 qui
2329 4553 2630 4622 specialiter
2664 4552 2823 4607 vestri
2863 4568 3066 4618 sumus,
3109 4551 3314 4606 causari
3355 4550 3598 4617 voluerit,
3647 4549 3781 4603 inter

2198 4650 2371 4718 ipsum
2415 4657 2468 4704 et
2502 4666 2618 4716 nos,
2661 4650 2916 4719 quoniam
2955 4649 3022 4703 ad
3044 4665 3140 4705 vos
3168 4648 3352 4704 venire
3381 4663 3487 4702 non
3505 4663 3780 4717 possumus

2193 4737 2431 4807 judicem
2473 4738 2562 4806 qui
2620 4754 2726 4792 non
2783 4739 2852 4791 sit
2897 4737 3053 4790 nobis
3111 4745 3404 4804 suspectus,
3464 4735 3775 4790 constituite.

2199 4826 2533 4879 .Emulantur
2571 4827 2715 4880 enim
2757 4841 2854 4880 nos
2873 4825 3090 4894 quidam
3115 4841 3220 4880 non
3244 4824 3387 4879 bona
3406 4823 3774 4879 aemulatione:

2200 4931 2252 4977 et
2289 4931 2506 4994 propter
2545 4925 2645 4978 hoc
2684 4923 2939 4988 maxime,
2985 4923 3112 4992 quia
3166 4922 3266 4976 sub
3308 4921 3467 4976 tutela
3503 4929 3554 4975 et
3606 4919 3780 4974 defen-

2199 5012 2351 5066 sione
2391 5012 2702 5081 apostolicze
2738 5012 2881 5066 sedis
2916 5011 3076 5080 positi
3116 5027 3318 5065 sumus.
3359 5010 3598 5065 Domnus
3616 5007 3778 5063 abbas

2202 5118 2379 5164 noster
2416 5109 2484 5163 ad
2524 5126 2622 5164 vos
2659 5109 2845 5163 venire
2881 5107 3208 5172 desiderans,
3259 5122 3426 5177 usque
3464 5104 3775 5160 Vizeliacum

2199 5200 2488 5269 lacteolus,
2531 5198 2605 5253 ibi
2648 5213 2744 5267 per
2763 5196 2966 5266 aliquot
3003 5196 3117 5250 dies
3137 5195 3392 5250 remansit
3431 5210 3535 5248 non
3573 5192 3778 5248 modica

2201 5287 2505 5342 infirmitate
2559 5286 2820 5341 detentus.
2885 5285 3069 5339 Valeat
3123 5285 3246 5354 pius
3303 5285 3474 5350 Pater,
3526 5291 3578 5337 et
3613 5281 3780 5336 bonus

2199 5463 2352 5518 enisi.
2379 5465 2464 5516 19.

2231 5481 2754 5602 Ρξῗέῧξειιοαειηνιι
2793 5530 3188 5602 ριιῑιὶρυὶσωη·
3229 5529 3317 5582 Si“
3356 5529 3516 5602 ίῗίίίηη
3557 5527 3781 5602 “qm—mf

2199 5606 2291 5659 lib.
2337 5600 2411 5670 tv,
2455 5603 2608 5672 epist.
2656 5606 2739 5656 12.
2787 5600 3080 5655 lldebcrtus
3128 5602 3251 5654 item
3295 5600 3518 5672 epistola
3564 5603 3650 5652 33.
3692 5600 3775 5654 1η·

2195 5663 2508 5745 vectiario-ni
2517 5675 2777 5745 fortassis
2795 5675 3172 5745 r.rspcrlas,et
3188 5672 3290 5726 Phi
3298 5663 3563 5742 Itppicam
3575 5674 3779 5724 retrac-

2196 5749 2313 5802 tari
2327 5743 2580 5818 pallidas
2597 5743 2924 5814 suspicaris.
