3940 6470
442 420 503 481 7i
1445 428 1780 489 GOFFRIDI
1818 424 2108 492 ABBATIS
2148 427 2697 497 l’lNDOClNENSIS
3666 444 3733 508 7'2

440 548 658 645 quidem
697 547 944 645 laborem
990 550 1472 645 generabant,_sed
1492 572 1642 611 suam
1675 555 2039 616 sollicitabant
2151 577 2337 618 eorum
2367 563 2668 620 annullabit
2692 573 2940 622 conatus.
2977 564 3179 641 Valete,
3195 578 3248 629 et
3276 571 3420 645 quod
3442 573 3730 645 placuerit,

442 638 698 710 quietem,
729 646 783 694 et
811 638 984 695 beata:
1014 640 1291 698 Trinitatis
1321 643 1510 714 virtus,
1546 652 1598 701 et
1626 646 2034 719 omnipotentis,
2145 649 2454 708 rescribite.

1579 798 1906 892 LIBER
1965 752 2587 902 SECUNDUS.

864 970 971 1039 53
1000 967 1338 1026 EPISTOLA
1366 970 1601 1029 PRIMA.

437 1076 774 1133 Dulcissimo
796 1078 958 1131 Patri
977 1092 1076 1131 suo
1095 1076 1250 1132 leoni
1269 1078 1401 1132 vita!
1419 1080 1757 1136 venerabilis
1772 1083 2027 1157 episcOpo

509 1166 644 1235 (98),
677 1164 973 1235 Go/‘fridus
1029 1165 1446 1221 Vindocinensis
1502 1169 1736 1226 caenohii
1792 1170 2026 1230 humilis

508 1255 693 1318 abbas,
725 1252 868 1325 quod
891 1253 1049 1325 patri
1069 1253 1245 1323 ﬁlius,
1274 1258 1333 1309 et
1357 1255 1584 1313 domino
1612 1274 1826 1315 servus.

2132 978 2213 1034 ita
2241 980 2367 1047 sint,
2403 982 2547 1041 scire
2575 993 2753 1044 tamen
2783 988 2976 1047 vellem
3007 991 3136 1064 quid
3164 991 3338 1050 lateat
3362 1013 3376 1061 ;
3406 1012 3533 1068 qua:
3559 1012 3728 1055 causa

2134 1068 2350 1137 existat,
2380 1086 2479 1127 cur
2504 1073 2721 1134 bonitas
2742 1086 2926 1134 vestra
2955 1096 3106 1137 nunc
3135 1081 3267 1138 mihi
3295 1084 3449 1155 quasi
3491 1086 3725 1142 crudelis

2134 1168 2427 1227 appareat.
2455 1162 2596 1218 Nam
2615 1179 2739 1221 cum
2768 1166 2823 1222 in
2852 1168 3120 1237 majorem
3147 1170 3435 1227 ecclesiam
3483 1182 3724 1230 nostram

2131 1246 2245 1315 (99)
2276 1262 2496 1304 manum
2525 1251 2738 1310 mittere
2766 1269 2872 1311 non
2926 1258 3174 1328 potestis,
3226 1275 3330 1316 nec
3382 1261 3611 1329 audetis,
3668 1263 3726 1319 in

2133 1335 2364 1404 caeteris,
2412 1356 2534 1410 quae
2589 1340 2646 1397 in
2702 1343 3027 1416 episcopatu
3084 1351 3273 1405 vestro
3327 1358 3469 1417 sunt,
3528 1352 3725 1407 nostris

506 1364 896 1421 Bcneticiorum
929 1370 1238 1420 vestrorum
1270 1367 1549 1425 recordari
1579 1367 1802 1426 minime
1827 1370 2023 1437 debeo,
2133 1364 2364 1434 πιδηῇ
2412 1364 2534 1438 (Ιξιδξπ
2589 1364 2646 1397 ια
2702 1364 3027 1416 episcopatu
3084 1364 3273 1405 vestro
3327 1364 3469 1417 sunt,
3528 1364 3725 1407 nostns

506 1456 536 1507 d
565 1453 657 1507 illa
687 1452 867 1507 notius
896 1453 950 1507 in
978 1453 1145 1507 corde
1175 1454 1275 1507 lixa
1306 1463 1511 1507 tenere.
1537 1474 1605 1507 ne.
1636 1459 2028 1507 ainalilmtnhli-
2134 1421 2381 1479 θ⁰⁰¹θ⁵¹¹⁸
2409 1427 2648 1485 dmnum
2676 1431 2917 1491 Ofﬁcium
2946 1449 3056 1489 non
3114 1435 3330 1506 (ἰυίάθῑη
3400 1438 3531 1494 Salis
3581 1440 3726 1507 «ῖυδιε

438 1456 536 1511 sed
565 1453 657 1508 illa
687 1452 867 1525 potius
896 1453 950 1508 in
978 1453 1145 1509 corde
1175 1454 1275 1509 lixa
1306 1463 1511 1521 tenere,
1537 1474 1605 1513 ne
1636 1459 1874 1532 qualibet
1891 1459 2028 1514 obli-

435 1545 595 1602 vione
624 1558 656 1598 a
687 1541 945 1598 memoria
973 1558 1094 1597 mea
1132 1551 1334 1615 queant
1380 1543 1665 1602 recedere.
1730 1547 2026 1604 Recordari

434 1633 639 1706 utique,
667 1638 725 1686 ut
754 1630 871 1702 ipse
899 1630 1095 1687 melius
1122 1631 1314 1698 nostis,
1346 1648 1533 1689 eorum
1563 1635 1782 1706 prOpric
1809 1636 2024 1703 dicitur,

434 1739 556 1797 quae
586 1719 858 1775 interdum
888 1718 1150 1776 oblivioni
1180 1720 1487 1777 traduntur.
1515 1723 1585 1777 Et
1626 1723 1753 1780 ideo
1809 1723 2026 1781 benefi-

2132 1508 2451 1580 abstulistis,
2484 1525 2542 1574 et
2570 1518 2695 1590 quia
2742 1530 2927 1577 vestra
2981 1524 3303 1581 auctoritate
3354 1526 3457 1583 hoc
3518 1528 3721 1599 injuste

2130 1605 2308 1653 actum
2341 1600 2707 1676 dignoscitur,
2739 1610 3062 1666 auctoritate
3102 1612 3365 1681 Romana,
3409 1632 3528 1687 qua:
3578 1617 3724 1672 omni

2133 1701 2414 1757 perversae
2437 1695 2746 1752 auctoritati
2776 1706 2860 1753 est
2888 1699 3176 1768 contraria,
3204 1700 3261 1756 in
3289 1702 3422 1774 ipsis
3476 1704 3723 1761 ecclesiis

430 1810 636 1867 ciorum
664 1816 992 1875 vestrorum,
1023 1815 1082 1863 ut
1121 1807 1253 1877 dixi,
1311 1810 1592 1868 recordari
1650 1828 1759 1868 non
1823 1813 2019 1883 debeo,

430 1899 529 1955 sed
560 1913 627 1955 ea
667 1896 722 1951 in
768 1903 952 1952 mente
1007 1911 1228 1969 semper
1289 1897 1509 1969 habere,
1554 1899 1683 1971 quia
1736 1908 1869 1973 quot
1926 1900 2012 1958 vel

427 1994 633 2061 quanta
660 2001 792 2057 erga
820 1999 909 2040 me
936 1984 1259 2053 exstiterint,
1291 1986 1381 2042 vix
1424 1986 1612 2061 lingua
1664 2004 1785 2045 mea
1829 1988 2015 2046 dicere

427 2083 636 2149 posset,
669 2072 715 2129 si
744 2070 962 2146 singula
990 2083 1286 2130 conaretur
1340 2074 1573 2132 referre.
1634 2077 1705 2132 Et
1757 2077 2017 2151 quidquid

423 2167 610 2239 lingua
634 2163 777 2220 dicat
807 2162 890 2219 vel
921 2171 1119 2229 taceat,
1152 2180 1315 2218 unum
1346 2164 1653 2222 certissime
1685 2167 1820 2231 scio,
1871 2166 2018 2238 quod

423 2251 758 2312 conscientia
784 2250 942 2307 vobis
971 2250 1198 2307 ulterius
1228 2268 1336 2309 non
1366 2253 1563 2325 poterit
1592 2270 1920 2326 repugnare.
1950 2256 2019 2310 Et

419 2343 610 2417 lingua
638 2340 857 2414 quidem
885 2338 1106 2413 ingrata
1140 2339 1303 2397 valde
1331 2341 1607 2410 existeret,
1643 2358 1706 2399 ac
1726 2343 1875 2413 justo
1922 2342 2017 2412 ju-

420 2432 564 2490 dicio
604 2432 713 2501 54
769 2428 1106 2500 sempiterno
1161 2428 1374 2486 silentio
1432 2429 1619 2503 digna,
1680 2430 1726 2485 si
1782 2447 2017 2503 unquam

420 2529 605 2579 contra
641 2517 971 2575 voluntatem
1020 2524 1258 2572 vestram
1313 2517 1471 2574 aliter
1508 2518 1645 2574 foris
1701 2517 2018 2591 loqueretur

420 2624 585 2682 quam
613 2606 757 2662 intus
785 2604 985 2661 clamat
1011 2605 1367 2661 conscientia.
1392 2606 1601 2672 Valete,
1654 2612 1708 2662 et
1767 2606 1861 2663 ubi
1919 2622 2016 2664 vos

415 2695 666 2754 invenire
695 2700 888 2766 potem
909 2700 1100 2764 quarta
1127 2693 1217 2749 die
1243 2701 1368 2765 post
1387 2693 1737 2751 festivitatem
1757 2694 2014 2751 Omnium

419 2788 768 2849 Sanctorum,
801 2781 933 2836 mihi
960 2780 1245 2838 notiﬁcare
1282 2781 1505 2851 curetis,
1567 2782 1715 2855 quia,
1756 2783 1805 2838 si
1860 2783 2010 2840 aliud

415 2873 689 2932 sanctitati
731 2877 926 2927 vestrae
987 2869 1307 2942 obsequium
1366 2878 1632 2944 praestare
1691 2886 1801 2928 non
1832 2873 2009 2942 valeo,

412 2980 534 3022 eam
564 2961 752 3018 saltem
782 2958 1039 3016 desidero
1068 2959 1310 3016 visitare.

987 3099 1335 3159 EPISTOLA
1365 3102 1434 3159 II.

409 3233 519 3287 Suo
529 3227 863 3285 charissima
877 3225 1039 3281 Patri
1053 3228 1111 3281 et
1132 3223 1362 3282 domino
1378 3224 1530 3281 Ινοηὶ
1550 3226 1680 3282 vita
1701 3225 2003 3282 laudabilis

2135 1774 2242 1843 55
2275 1792 2305 1830 a
2332 1777 2598 1839 fratribus
2627 1785 2833 1841 nostris
2862 1786 3115 1857 privatim
3144 1796 3199 1844 et
3225 1789 3442 1860 publice
3470 1790 3718 1847 cantabi-

2127 1884 2243 1933 tur.
2280 1878 2475 1933 Sancta
2504 1881 2557 1929 et
2586 1873 2964 1931 irretractabili
2994 1876 3365 1933 Romanorum
3408 1878 3717 1950 pontiﬁcum

2125 1964 2344 2021 licentia
2372 1962 2530 2019 nobis
2558 1960 2897 2029 conceditur,
2929 1969 2984 2016 ut
3014 1961 3060 2016 si
3106 1962 3452 2021 interdictum
3509 1966 3562 2021 in
3622 1984 3721 2025 cc-

2124 2053 2307 2111 clesiis
2344 2051 2546 2108 nostris
2567 2050 2712 2121 (100)
2744 2066 2775 2105 a
2806 2048 3047 2122 quolibet
3093 2051 3351 2125 episcOpo
3405 2055 3599 2125 injuste
3651 2057 3722 2113 fa'

2124 2145 2274 2194 ctum
2301 2134 2585 2199 exstiterit,
2617 2133 2925 2189 nullatenus
2953 2151 2983 2189 a
3040 2135 3200 2192 nobis
3252 2138 3594 2195 observetur.
3661 2140 3722 2195 Si

2125 2241 2257 2281 vero
2285 2225 2449 2280 nimis
2478 2223 2756 2289 audacter,
2788 2221 2876 2279 vel
2905 2232 3337 2296 praesumptuose
3382 2242 3482 2283 nos
3530 2235 3721 2284 contra

2122 2329 2223 2370 vos
2255 2329 2421 2384 super
2448 2312 2554 2368 hoc
2581 2325 2748 2383 agere
2775 2309 2973 2379 dicitis,
3019 2310 3146 2369 hinc
3192 2312 3360 2383 judex
3415 2313 3713 2385 invocetur,

2124 2410 2176 2457 et
2208 2400 2303 2457 tiat
2327 2399 2610 2457 sinceritas
2638 2397 2955 2470 apostolicae
2984 2399 3131 2455 sedis
3162 2415 3177 2471 ;
3235 2402 3391 2471 cujus
3447 2404 3715 2475 aequitatis

2116 2489 2379 2560 judicium
2409 2489 2499 2562 qui
2527 2486 2830 2545 contemnit
2856 2486 3064 2556 audire,
3096 2488 3161 2544 Β.
3202 2488 3439 2546 Petrum
3474 2508 3543 2548 ne
3590 2509 3714 2550 seu-

2124 2577 2220 2634 tiat
2246 2578 2443 2634 iratum
2469 2576 2635 2634 debet
2659 2591 2769 2631 non
2800 2575 3154 2633 mediocriter
3181 2577 3497 2636 formidare.

2686 2689 3028 2747 EPISTOLA
3057 2692 3150 2749 III.

2120 2781 2276 2840 Ivoni
2308 2780 2631 2840 honorando
2660 2779 2820 2836 valde
2847 2780 3122 2853 episcopo,
3152 2782 3438 2853 Goffridus
3469 2783 3715 2842 Vindoci-

2189 2872 2383 2926 nensis
2413 2868 2749 2926 monasterii
2776 2869 3181 2941 qualiscunque
3208 2887 3419 2938 servus,
3465 2872 3715 2931 debitum

2184 2975 2346 3031 purse
2362 2957 2701 3022 dilectionis
2720 2954 3069 3029 obsequium.

2186 3064 2348 3122 Circa
2374 3063 2597 3121 fratrem
2625 3063 2796 3135 (101),
2824 3078 2928 3133 pro
2954 3079 3062 3136 quo
3091 3063 3349 3137 regestis,
3409 3065 3716 3124 misericor-

2113 3151 2256 3210 diter
2284 3151 2506 3225 quidem
2528 3166 2699 3224 agere
2727 3150 2979 3207 volumus
3014 3171 3029 3217 ;
3057 3151 3156 3208 sed
3182 3152 3310 3225 quia
3335 3153 3713 3211 inordinatam

2111 3240 2493 3298 remissionem
2541 3240 2805 3312 pietatem
2859 3256 2984 3296 esse
3040 3256 3151 3297 non
3204 3241 3499 3313 credimus,
3578 3244 3715 3303 utile

472 3309 1047 3388 episcopo,Gof/ridus
1071 3308 1493 3366 Vindocinensis
1512 3310 1748 3366 cwnobii
1768 3311 1995 3367 humilis

2111 3291 2493 3298 _-_-__-_----
2541 3291 2804 3312 r--__--_
2865 3291 2981 3296 --η
3041 3291 3151 3297 _-_
3208 3291 3499 3313 ---_----_-,
3581 3291 3712 3303 η...

2110 3329 2233 3397 sibi,
2263 3328 2375 3386 imo
2407 3328 2775 3385 necessarium
2799 3328 3194 3398 judicamus,ut
3218 3329 3288 3384 ad
3316 3332 3712 3388 monasterium

479 3418 690 3471 servus,
721 3415 849 3457 cum
876 3398 1177 3455 dilectione
1206 3399 1610 3455 reverentiam.

477 3521 645 3575 Pater
676 3522 892 3580 sancte,
925 3527 1049 3570 cum
1078 3525 1166 3567 me
1196 3526 1229 3567 a
1251 3511 1408 3567 vobis
1437 3512 1769 3585 praegravari
1799 3514 1996 3583 sentio,

404 3609 607 3666 nollem
635 3603 873 3678 quidem,
926 3601 1026 3657 sed
1082 3600 1227 3674 quod
1276 3599 1559 3657 infirmitas
1615 3602 1797 3658 carnis
1851 3603 1999 3660 velut

403 3698 569 3754 anxia
599 3692 848 3758 sustinet,
906 3691 1012 3746 hoc
1064 3687 1264 3745 mentis
1321 3688 1535 3746 ratione
1590 3689 1763 3746 levius
1818 3700 1993 3764 porto.

404 3787 545 3842 Dum
604 3781 747 3840 enim
802 3777 1104 3836 sanctitatis
1160 3783 1359 3834 vestrae
1417 3776 1680 3834 beneficia
1759 3780 1996 3836 exhibita

403 3872 531 3931 mihi
560 3888 706 3943 saepe
735 3876 923 3925 mente
952 3873 1251 3939 pertracto,
1287 3864 1337 3920 si
1368 3865 1424 3920 in
1452 3866 1635 3939 aliquo
1664 3874 1849 3924 contra
1904 3886 1994 3926 me

401 3962 598 4030 facitis,
622 3960 812 4024 fateor,
845 3970 1192 4013 murmurare
1219 3969 1321 4011 nec
1349 3970 1592 4026 possum,
1632 3970 1735 4013 nec
1781 3957 1985 4015 debeo.

402 4051 544 4108 Satis
569 4062 896 4121 congruum,
928 4044 1039 4101 imo
1067 4041 1343 4099 laudabile
1368 4042 1605 4111 videtur,
1652 4052 1724 4111 ut,
1785 4045 1878 4118 qui
1923 4047 1994 4104 de

400 4157 563 4197 manu
592 4144 778 4195 vestra
800 4135 947 4191 bona
973 4132 1255 4203 suscipere
1305 4131 1585 4199 consuevi,
1643 4132 1785 4189 mala
1829 4135 1991 4191 etiam

401 4222 732 4298 quandoque
761 4218 879 4273 sine
910 4230 1187 4272 murmure
1215 4213 1446 4270 debeam
1489 4214 1623 4287 pati.
1679 4215 1813 4285 Qua:
1866 4233 1989 4275 cum

468 4385 584 4458 (98)
642 4384 793 4458 leoni
821 4382 1093 4458 episcopo.
1124 4377 1462 4458 Carnoteusi.
1495 4377 1686 4458 Notior
1713 4386 1798 4458 est
1825 4397 1986 4453 quam

397 4467 458 4514 ut
474 4450 642 4534 deae
671 4454 787 4534 dici
806 4450 970 4508 multa
998 4450 1254 4534 debeant.
1287 4450 1655 4534 De‘auspicits
1705 4450 1988 4534 episcopa-

397 4539 483 4586 tus
510 4527 650 4599 ejus,
672 4532 890 4599 tantum
919 4520 1175 4599 monebo,
1205 4536 1331 4599 cum
1350 4520 1982 4599 discrepentsehtentim,

394 4590 603 4658 certu'm
634 4590 806 4652 videri
837 4610 904 4649 ea
931 4590 1188 4650 incidisse
1226 4592 1279 4646 in
1308 4606 1508 4646 annum
1546 4595 1702 4649 t092.
1760 4597 1838 4650 Ac
1892 4590 1979 4650 la;

394 4673 556 4731 beate
576 4667 806 4741 quidem
859 4680 1004 4741 anno
1039 4671 1438 4741 consecratum
1485 4661 1684 4741 fuisse,
1736 4663 1979 4741 indicant

393 4730 638 4814 epistolae
667 4736 875 4814 urbani
904 4733 1084 4814 [vonis
1103 4733 1349 4814 epistolis
1364 4730 1619 4814 praefixas;
1642 4749 1768 4814 nam
1783 4735 1981 4807 Capua:

394 4803 495 4870 v'm
526 4809 757 4868 Kalend.
790 4804 1112 4864 Decembris
1138 4803 1279 4860 datae
1320 4803 1809 4877 legunturupaulo
1857 4803 1978 4877 post

394 4831 495 4870 vm
527 4820 757 4868 Kalend.
790 4820 1112 4864 Decembris
1138 4820 1279 4860 natae
1320 4820 1577 4928 teguntur
1634 4820 1799 4928 Paulo
1857 4820 1976 4877 post

388 4882 879 4943 consecrationem.
914 4880 1131 4932 Annum
1157 4884 1337 4930 autem
1414 4873 1565 4928 hriin
1592 4873 1743 4945 ilum
1787 4875 1976 4945 fuisse,

390 4973 553 5028 quem
579 4952 691 5009 dixi
719 4954 1211 5028 non_sequentem,
1256 4945 1411 5028 quod
1460 4944 1685 5028 nonnuli
1722 4944 1972 5028 tradunt,

384 5014 707 5110 argumento
726 5014 1191 5110 est‘l‘ocu‘suunde
1232 5014 1467 5110 script—ie
1517 5024 1661 5110 sunt.
1722 5014 1975 5110 ILera'p‘us

387 5083 530 5154 enim
555 5111 700 5153 anno
726 5095 886 5157 1093,
917 5106 969 5145 a.
1001 5083 1062 5144 d.
1102 5103 1203 5142 vm
1231 5083 1466 5142 Kalend.
1519 5085 1836 5145 Decembris
1864 5090 1977 5146 Ta-

387 5170 527 5226 renti
558 5175 697 5231 erat,
727 5179 837 5219 non
870 5161 1093 5231 Capuze.
1133 5159 1402 5231 Praeterea
1422 5157 1469 5212 si
1498 5157 1602 5231 hoc
1630 5173 1775 5215 anno
1812 5160 1972 5217 inau-

384 5247 633 5314 guratum
663 5228 884 5297 dixeris,
913 5228 1021 5287 non
1051 5228 1323 5286 constabit
1349 5235 1475 5285 ante
1503 5228 1712 5314 obitum
1769 5231 1971 5313 Urbani

383 5303 592 5381 septem
615 5320 880 5362 annorum
910 5317 1196 5381 numerus,
1223 5314 1362 5381 quos
1378 5314 1423 5381 'a
1451 5306 1704 5370 suscepto
1750 5303 1970 5372 episco-

384 5370 517 5452 patu,
542 5385 767 5434 exactos
789 5381 1032 5452 numerat
1057 5371 1222 5452 _epist.
1242 5370 1344 5426 ’67.
1377 5370 1593 5452 Itaque‘
1618 5370 1971 5452 consecratus

379 5441 451 5507 ab
482 5451 702 5506 Urbano
728 5442 1152 5517 episcopusl‘uit
1178 5444 1272 5496 lvo
1298 5455 1440 5517 anno
1462 5441 1764 5517 10‘92_.Ipse_
1775 5452 1972 5517 postea

381 5521 691 5578 Goti'ridum
719 5510 951 5573 electum
1001 5513 1253 5567 abbatem
1309 5510 1536 5567 solemni
1589 5510 1969 5571 benedictione

380 5590 666 5663 impertiit.
693 5587 869 5663 Quod
891 5585 1141 5663 nimirum
1170 5583 1309 5638 inter
1332 5580 1637 5663 beneficia,
1691 5600 1814 5654 quae
1869 5600 1968 5641 ac-

380 5651 533 5733 cepta
562 5663 666 5717 hoc
693 5651 815 5733 loco
847 5657 953 5714 fert
983 5653 1166 5733 lvo_ni,_
1182 5651 1513 5733 praecipuum
1546 5651 1663 5733 fuit.

450 5721 562 5803 (99)
592 5735 657 5789 1η
692 5721 1597 5803 majoren_ecclesiam__nostram.
1654 5721 1967 5802 Monasterii

434 5793 1011 5860 sius'Vindoc'inensis,
1050 5796 1200 5866 quod
1248 5793 1617 5866 Theodericus
1672 5793 1964 5865 episcopus

2007 4652 2061 4713 D
2090 4663 2244 4719 bates
2272 4672 2325 4719 et
2353 4652 2686 4734 pontificem.
2718 4662 3027 4718 Alexander
3053 4663 3123 4727 Il,

2104 3434 2263 3475 suum
2290 3418 2515 3475 veniens
2543 3432 2732 3474 coram
2758 3416 3013 3474 fratribus
3041 3416 3110 3473 ad
3137 3418 3512 3490 pcenitentiam
3542 3436 3703 3478 com-

2100 3514 2394 3581 pungatur,
2429 3514 2483 3562 et
2510 3505 2589 3563 sic
2616 3505 2685 3562 de
2724 3521 2825 3562 sua
2850 3506 3286 3579 transgressione
3316 3507 3530 3563 veniam
3561 3524 3705 3566 con-

2104 3594 2261 3667 sequi
2290 3602 2570 3651 mereatur
2599 3609 2613 3664 ;
2644 3600 2698 3651 et
2726 3593 2814 3652 cui
2852 3592 3003 3662 olim,
3065 3603 3405 3668 suggerente
3456 3596 3699 3665 diabolo,

2101 3694 2213 3735 nou
2241 3678 2518 3751 displicuit
2539 3679 2887 3753 negligenter
2915 3693 3100 3751 agere,
3135 3695 3277 3736 nunc
3304 3680 3523 3736 tandem
3580 3698 3697 3738 non

2100 3766 2387 3839 displiceat
2415 3766 2741 3841 regulariter
2765 3766 3019 3823 obedire.
3051 3767 3166 3821 Nos
3195 3766 3375 3840 itaque
3404 3784 3510 3840 pro
3552 3769 3698 3826 dile-

2099 3856 2279 3913 ctione
2306 3863 2499 3912 vestra
2527 3854 2580 3912 ei
2611 3855 2875 3928 quidquid
2904 3854 3137 3927 deliquit
3164 3855 3285 3912 sine
3323 3856 3698 3915 satisfactione

2099 3944 2518 4012 remitteremus,
2552 3945 2652 3999 sed
2697 3943 2906 4000 homini
2960 3958 3147 3999 veram
3208 3943 3581 4001 infelicitatem
3640 3955 3695 4002 et

2099 4033 2291 4090 falsam
2320 4031 2711 4089 beatitudinem
2739 4047 2844 4089 nec
2876 4032 3145 4088 audemus
3194 4033 3532 4104 promittere,
3590 4050 3699 4092 nee

2098 4122 2379 4178 debemus.
2416 4120 2610 4177 Veniat
2638 4120 2806 4194 igitur
2841 4120 2913 4177 ad
2942 4119 3350 4189 monasterium,
3394 4122 3532 4179 sicut
3575 4123 3693 4192 jam

2076 4208 2353 4278 diximus,
2385 4216 2440 4266 et
2461 4225 2522 4266 se
2551 4225 2769 4266 errasse
2795 4209 3073 4266 humiliter
3100 4208 3443 4279 conﬁteatur,
3496 4220 3693 4284 quate-

2094 4379 2260 4437 etiam
2286 4380 2357 4436 de
2384 4378 2949 4436 excommunicatione
2992 4385 3045 4434 et
3102 4374 3389 4435 interdicto
3444 4387 3684 4436 caverat.

2092 4460 2149 4507 ut
2180 4451 2544 4507 Clementisll
2579 4450 2921 4521 aliorumque
2978 4447 3293 4521 pontilicum
3352 4449 3547 4508 litterae
3601 4453 3689 4506 de°

2091 4522 2316 4579 clarant.
2351 4521 2598 4592 Denique
2627 4538 2736 4578 non
2792 4521 2967 4592 solum
2998 4521 3079 4592 _id
3110 4521 3357 4592 _vetitum
3418 4521 3686 4592 episcopo

2088 4592 2432 4657 Carnotensi,
2458 4590 2558 4648 sed
2586 4592 2720 4647 nulli
2745 4591 2967 4646 omnino
2997 4590 3146 4647 licuit
3173 4600 3373 4657 praeter
3425 4590 3530 4647 luci
3586 4590 3686 4646 ab-

3211 4661 3395 4717 derico
3449 4662 3629 4717 abbati
3664 4679 3679 4718 :

2091 4737 2196 4792 Hoc
2217 4732 2392 4792 etiam
2420 4734 2741 4803 adiicimus,
2773 4739 2839 4789 ut
2869 4736 3216 4789 memoratus
3260 4732 3679 4789 l’indocincnsis

2090 4807 2242 4862 locus
2270 4806 2608 4862 nullatenus
2635 4805 2829 4860 nisiub
2839 4804 3044 4876 abbate
3060 4805 3170 4859 loci
3173 4819 3277 4876 pro
3290 4804 3411 4876 suis
3427 4804 3677 4874 injuriis,

2085 4878 2171 4933 vel
2192 4894 2227 4932 α
2253 4877 2455 4948 primae
2473 4875 2621 4931 sedis
2647 4875 2917 4948 pontiﬁce
2932 4875 3464 4948 excomniunicelur
3490 4876 3571 4929 vel
3594 4876 3681 4930 in-

2088 4946 2421 5011 terdicatur,
2453 4946 2680 5002 etiamsi
2710 4946 3113 5003 Carnotensem
3136 4947 3391 5017 patriam
3443 4960 3674 5002 excom-

2084 5018 2374 5075 municari
2401 5017 2741 5086 contigerit.

2154 5090 2302 5159 (100)
2341 5084 2716 5159 Interdictum
2743 5087 3089 5159 inecelesiis
3126 5088 3373 5159 nostris.
3416 5084 3674 5159 _Subditis

2080 5155 2414 5216 monasterio
2444 5156 2855 5231 Vindocineusi.
2904 5156 3204 5231 Gregorius
3266 5158 3353 5231 νυ
3400 5155 3665 5231 ίΟάετίρο.

2078 5232 2263 5303 Neque
2290 5232 2466 5303 etiam
2492 5229 2741 5286 subditas
2766 5228 3050 5303 praedicti
3070 5231 3186 5303 loco
3205 5230 3503 5303 ecclesias,
3541 5230 3667 5284 ubi-

2077 5299 2297 5374 cunque
2307 5301 2396 5356 sin
2403 5299 2949 5374 t,ea:communicar_e
2965 5301 3051 5356 vel
3062 5299 3402 5374 interdicere
3412 5301 3675 5374 cuiquam

2081 5369 2270 5438 liceat,
2296 5373 2412 5428 nisi
2422 5373 2638 5442 apertis
2659 5386 2759 5442 pro
2776 5371 2981 5442 culpis,
3006 5375 3064 5425 et
3083 5386 3222 5441 quas
3251 5369 3667 5442 Vindocinensis

2075 5443 2240 5498 abbas
2255 5447 2312 5498 et
2331 5438 2545 5513 fratres
2562 5438 2834 5513 canonice
2853 5438 2920 5496 ab
2940 5443 3079 5513 ipsis
3091 5438 3368 5513 episcopis
3386 5438 3673 5513 admoniti

2076 5509 2874 5593 emendarecontempserint.
2906 5509 3142 5591 Apertas
3171 5509 3674 5593 culpasexcipitmt

2077 5583 2354 5639 Goﬂ'ridus
2380 5584 2589 5652 justum
2622 5580 2988 5653 interdictum,
3015 5581 3140 5653 quia
3170 5583 3222 5635 in
3252 5581 3404 5653 cellis
3463 5580 3670 5653 Vindo-

2074 5651 2517 5710 cinensiumnon
2557 5652 2790 5710 proinde
2839 5667 2904 5709 ac
2959 5651 3672 5707 in‘mouasteriovetitum

2072 5733 2187 5780 erat
2217 5740 2379 5780 omne
2404 5723 2779 5780 interdictum.

2142 5797 2290 5865 (101)
2324 5797 2484 5853 Circa
2513 5797 2778 5864 fratrem.
2803 5793 3088 5850 Danielem
3118 5791 3481 5865 nominc._Sic
3523 5792 3673 5850 enim

377 5823 549 5895 lPslUS
585 5823 1011 5883 γιοςιουιῐιειιδιδ,
1050 5823 1200 5875 ιμξυυ
1256 5823 1617 5850 ιιιυυυωνιυυδ
1672 5823 1964 5865 εμιθυυμιιδ
2142 5823 2290 5865 ut”)
2324 5823 2484 5853 bli'cu
2513 5823 2778 5879 (ιαμ-φη.
2804 5823 3088 5850 uutuutclu
3120 5823 3481 5877 "multum"..qu
3523 5823 3673 5850 cuuu

376 5880 744 5937 Laruotensis,
775 5878 834 5925 ut
860 5868 955 5922 lib.
988 5881 1007 5921 ι
1032 5873 1197 5936 epist.
1240 5865 1270 5918 4
1297 5864 1645 5919 observatum
1671 5872 1839 5937 est,_a
1867 5881 1963 5937 sua
2069 5867 2308 5937 appellat
2333 5868 2426 5924 lvo
2453 5873 2612 5937 epist.
2649 5868 2715 5924 82
2744 5866 2812 5921 ad
2846 5882 3012 5937 quam
3034 5865 3311 5923 Goﬁndus
3331 5865 3424 5920 hic
3438 5879 3675 5936 respou-

376 5954 429 6002 et
458 5933 843 6002 successorum
872 5933 1140 6010 potestate
1167 5940 1462 5999 exemerat,
1520 5949 1587 5989 ac
1643 5933 1963 5990 nominatim

2069 5936 2179 5993 det.
