3940 6412
234 408 326 462 '73

1529 401 1924 459 EPISTOLE.
1965 433 2034 443 —
2065 401 2206 457 LIB.
2247 403 2314 456 II.
3493 399 3567 454 74

241 547 363 586 nus
395 547 496 602 per
519 544 708 586 veram
737 527 1097 585 humilitatem
1128 530 1213 586 sui
1239 529 1445 588 erroris
1471 529 1684 586 veniam
1717 544 1855 584 con-
1884 532 1940 593 Α
1969 543 2116 584 nunc
2144 526 2336 582 saltem
2365 524 2684 581 necessitas
2714 524 3029 597 imperaret.
3060 525 3184 581 Non
3208 523 3333 580 ideo
3360 522 3483 580 dico
3512 531 3570 578 ut

245 628 536 692 sequatur,
572 621 679 689 56
714 626 766 674 et
798 619 944 689 quod
975 619 1236 691 deinceps
1290 620 1358 676 de
1407 636 1474 675 eo
1511 617 1626 674 ﬁeri
1657 626 1857 674 vestrae

250 709 535 764 sanctitati
581 707 847 780 placuerit
899 709 1016 763 sine
1065 708 1380 764 difficultate
1421 708 1712 779 impetrare
1762 722 1859 777 po-

251 798 436 854 tuerit.

826 892 1176 950 EPISTOLA
1222 896 1318 951 IV.

263 1003 423 1058 lvoni
448 1002 774 1060 reverendae
810 1003 944 1056 vita:
974 1003 1254 1073 pontiﬁci,
1295 1001 1570 1071 Goﬂridus
1613 999 1862 1056 Vindoei-

336 1094 536 1148 nensis
556 1092 898 1149 monasterii
915 1092 1150 1147 Immitis
1170 1091 1354 1159 abbas,
1384 1089 1528 1161 quod
1548 1091 1686 1147 bona
1711 1089 1864 1161 patri

336 1183 569 1238 deuotus
587 1182 770 1252 ﬁlius.

339 1295 609 1365 Quoniam
641 1295 827 1351 omnia
857 1311 981 1351 eum
1011 1295 1240 1352 consilio
1261 1295 1506 1353 facienda
1528 1312 1650 1350 esse
1669 1306 1867 1366 cogno-

270 1385 470 1451 vimus,
504 1385 704 1440 bonum
759 1384 864 1439 fuit
914 1385 1255 1440 sanctitatem
1301 1393 1534 1441 vestram
1583 1382 1867 1439 consulere

271 1473 404 1546 quid
433 1473 593 1528 nobis
625 1473 902 1546 agendum
951 1474 1019 1528 sit
1066 1473 1118 1527 in
1176 1474 1385 1530 ordinis
1425 1473 1688 1545 dignitate
1718 1469 1867 1540 (102)

268 1563 422 1618 circa
452 1560 645 1617 fratres
677 1561 894 1633 quando
925 1571 1284 1616 revertuntur.
1310 1563 1388 1617 De
1405 1561 1623 1616 clericis
1645 1559 1867 1631 quidem

268 1650 530 1716 dicimus,
564 1650 658 1722 qui
688 1659 742 1705 et
772 1649 1056 1721 religionis
1085 1651 1329 1704 habitum
1357 1651 1695 1718 abjecerunt,
1729 1655 1783 1702 et
1811 1647 1868 1700 in

269 1739 392 1811 ipsa
409 1739 689 1810 apostasia
710 1738 802 1794 diu
828 1747 1126 1805 morantes,
1144 1738 1348 1795 illicitis
1369 1755 1429 1795 se
1450 1736 1869 1810 contagionibus

274 1828 764 1884 commiscuerunt.
815 1825 959 1895 Quid
1004 1827 1132 1882 inde
1179 1843 1422 1883 canones
1463 1828 1665 1892 dicunt,
1710 1824 1871 1880 audi-

1966 625 2149 672 vestra
2164 614 2480 688 magnitudo
2498 613 2699 669 auxilio
2714 624 2870 685 egeat
2890 630 3026 671 meae
3047 612 3349 686 parvitatis,
3361 612 3460 668 sed
3490 611 3571 668 sic

1967 722 2054 761 me
2085 705 2233 776 loqui
2259 703 2536 775 compellit
2567 701 2824 770 aﬂ‘ectus,
2857 720 3020 775 quem
3051 719 3188 776 erga
3227 717 3324 759 vos
3370 701 3566 769 habeo,

1967 809 2202 865 surgens
2231 794 2300 848 de
2330 792 2518 848 radice
2547 808 2698 864 purae
2729 792 3217 849 dilectionis.Ecce
3237 798 3439 846 vestras
3458 789 3570 845 dis-

1969 883 2225 957 positioni
2257 898 2366 949 me,
2398 889 2451 937 et
2472 896 2596 936 mea
2618 880 2821 951 pariter
2843 889 2950 936 tota
2971 880 3263 936 devotione
3284 878 3568 948 submitto,

1971 981 2024 1027 et
2071 972 2119 1027 si
2176 973 2407 1027 Romam
2464 985 2565 1042 pro
2613 971 2771 1025 vobis
2819 970 2900 1026 ire
2937 969 3233 1040 jusseritis,
3284 968 3432 1040 quod
3477 967 3571 1022 diu

1971 1061 2174 1132 Optavi,
2212 1059 2438 1115 obedire
2479 1075 2590 1114 non
2632 1075 2856 1115 recuso.
2916 1059 3213 1114 Invenietis
3245 1057 3448 1124 forsan,
3480 1055 3573 1128 qui

1971 1145 2194 1208 melius;
2219 1145 2316 1200 sed
2339 1144 2480 1198 absit
2500 1151 2556 1197 ut
2576 1142 2904 1212 inveniatur,
2931 1142 3022 1214 qui
3050 1143 3309 1198 libentius
3330 1149 3573 1196 vestram

1967 1235 2274 1305 jussionem
2294 1241 2628 1305 exsequatur
2649 1233 2662 1286 l
2697 1233 2895 1288 Coram
2918 1233 3055 1298 Deo,
3079 1231 3161 1288 cui
3183 1230 3399 1286 mentiri
3419 1227 3575 1284 nefas

1975 1332 2077 1390 est,
2112 1323 2269 1378 testis
2299 1331 2383 1377 est
2411 1321 2544 1376 mihi
2573 1320 2912 1376 conscientia
2941 1336 3082 1386 mea,
3115 1319 3258 1392 quod
3280 1315 3574 1389 necmagis

1975 1412 2167 1478 ﬁdum,
2189 1427 2309 1467 mec
2322 1411 2500 1484 magis
2519 1409 2883 1465 voluntarium
2906 1425 3069 1483 quam
3086 1425 3173 1464 me
3191 1409 3244 1463 in
3264 1409 3365 1463 hoc
3388 1413 3574 1462 vestro

1976 1500 2200 1574 negotio
2232 1499 2475 1555 invenire
2507 1498 2754 1570 poteritis
2785 1498 3070 1553 famulum.
3103 1497 3312 1563 Valete,
3355 1503 3408 1551 et
3439 1492 3570 1566 quid

1977 1606 2140 1661 super
2169 1591 2272 1646 hoc
2301 1587 2599 1654 volueritis,
2632 1587 2785 1654 mihi,
2819 1587 2868 1642 si
2899 1587 3100 1660 placet,
3133 1584 3438 1642 rescribite.

2458 1722 2566 1791 53
2607 1703 2950 1776 EPISTOLA
2989 1721 3084 1775 vr.

1980 1812 2357 1869 Dilectissimo
2392 1812 2556 1866 Patri
2587 1827 2687 1868 suo
2727 1811 2881 1866 Ivoni
2915 1826 3061 1866 verte
3092 1808 3388 1881 religionis
3425 1809 3575 1881 epis-

277 1917 460 1972 vimus
489 1916 650 1970 simul
683 1926 735 1972 et
763 1916 998 1971 vidimus
1027 1933 1041 1978 ;
1071 1917 1172 1971 sed
1200 1916 1320 1987 quia
1351 1916 1540 1989 regula
1570 1923 1760 1970 nostra
1805 1913 1874 1969 dc

2053 1917 2207 1974 copo,
2241 1900 2528 1972 Gof/ridus
2565 1899 2990 1956 Vindocinensis
3018 1899 3358 1956 monasterii
3375 1897 3577 1954 minis-

272 2005 472 2060 talibus
522 2021 712 2076 parum
764 2013 857 2058 aut
902 2004 1036 2058 nihil
1077 2003 1330 2076 loquitur,
1385 2004 1517 2076 quid
1565 2019 1730 2074 super
1769 2002 1876 2058 hoc

268 2093 597 2166 regulariter
626 2094 801 2148 simus
837 2093 1025 2158 acturi,
1051 2093 1413 2165 ambigimns.

839 2233 1192 2292 EPISTULA
1219 2235 1291 2290 V.

269 2345 510 2400 Domino
526 2359 591 2398 ac
610 2341 920 2399 venerabili
932 2343 1094 2398 Patri
1115 2359 1212 2398 suo
1225 2342 1402 2408 Ivoni,
1421 2358 1564 2398 verre
1584 2341 1878 2412 religionis

345 2433 622 2504 episcopo,
651 2430 939 2502 Go/‘fridus
964 2431 1382 2488 l’indocinensis
1398 2430 1736 2485 monasterii
1759 2429 1880 2485 dic-

345 2525 438 2577 tus
469 2520 658 2585 abbas,
693 2517 839 2592 quod
873 2519 1079 2575 dilecto
1106 2521 1265 2592 patri
1294 2518 1582 2583 subiectus
1613 2519 1790 2588 ﬁlius,
1822 2522 1879 2574 et

341 2610 435 2682 pio
464 2609 690 2664 domino
717 2608 904 2676 ﬁdelis
945 2624 1161 2664 servus.

348 2733 525 2802 Quam
577 2747 715 2803 pure
770 2739 824 2787 et
879 2730 1000 2786 sine
1057 2731 1306 2787 membro
1357 2731 1588 2800 alicujus
1638 2729 1874 2797 malitia,

277 2832 477 2879 vestrae
507 2821 784 2878 charitatis
814 2819 1123 2876 benedictio
1153 2821 1409 2876 abbatem
1439 2837 1548 2886 me,
1579 2820 1706 2876 licet
1733 2818 1880 2874 indi-

284 2928 477 2983 gnum,
537 2910 798 2976 effecerit,
851 2923 1016 2981 quam
1068 2908 1488 2981 diligentissime
1539 2915 1749 2979 postea,
1828 2914 1882 2962 et

279 2999 504 3056 omnino
554 2998 828 3055 veraciter
884 2998 939 3052 in
995 2997 1410 3054 necessitatibus
1485 2997 1621 3052 meis
1686 3003 1882 3052 vestrae

280 3087 497 3160 pietatis
528 3087 710 3160 gratia
738 3102 963 3142 manum
990 3086 1178 3143 auxilii
1207 3086 1342 3141 mihi
1379 3101 1524 3157 saepe
1555 3084 1880 3156 porrexerit,

281 3178 413 3233 dum
469 3175 659 3232 sedula
703 3179 807 3245 57
853 3184 1034 3232 mente
1084 3174 1391 3246 conspicio,
1449 3191 1536 3229 me
1581 3176 1881 3246 ingratum,

2055 1994 2144 2045 ter
2172 1989 2466 2061 indignus,
2497 2006 2629 2046 cum
2659 1989 2963 2045 dilectione
2995 1988 3392 2044 reverentiam.

2055 2091 2189 2146 Cum
2220 2092 2480 2163 scriptum
2504 2091 2854 2147 inveniamus
2875 2090 2930 2145 in
2946 2090 3184 2146 decretis
3201 2091 3577 2146 Romanorum

1983 2179 2318 2251 pcntilicum,
2367 2179 2665 2235 familiares
2708 2194 2774 2235 ac
2825 2179 3166 2251 prOpinquos
3193 2179 3364 2250 (tOi),
3396 2179 3482 2235 vel
3513 2179 3582 2234 de

1985 2269 2148 2325 domo
2177 2269 2526 2340 prodeuntes,
2561 2285 2670 2324 non
2703 2285 2828 2324 esse
2861 2268 3205 2340 recipiendos
3233 2269 3289 2322 in
3317 2267 3579 2324 testimo-

1985 2358 2154 2426 nium,
2194 2365 2374 2412 utrum
2404 2358 2457 2412 in
2488 2358 2742 2414 omnibus
2771 2356 3162 2414 ecclesiasticis
3213 2356 3413 2423 causis,
3458 2355 3583 2428 quia

1986 2447 2065 2502 ibi
2120 2447 2254 2501 nihil
2310 2447 2601 2518 excipitur,
2663 2445 2762 2502 sed
2819 2446 2877 2501 in
2934 2445 3308 2502 criminalibus
3371 2453 3584 2501 tantum

1987 2535 2218 2606 intelligi
2247 2535 2464 2603 debeat,
2497 2536 2566 2590 ad
2596 2534 2817 2607 plenum
2837 2550 2946 2590 non
2969 2534 3236 2590 videmus.
3261 2534 3397 2589 Hinc
3417 2533 3590 2606 igitur

1987 2624 2166 2690 vobis,
2199 2640 2361 2696 quem
2389 2625 2576 2680 divina
2604 2623 2784 2697 gratia
2814 2623 3121 2694 specialiter
3139 2623 3323 2678 lumen
3344 2622 3588 2680 scientiae

1989 2715 2194 2769 mundo
2213 2713 2451 2784 prmtulit
2483 2713 2754 2768 humiliter
2781 2712 3172 2784 supplicamus,
3204 2721 3260 2768 ut
3289 2711 3434 2784 quod
3461 2711 3589 2766 inde

1989 2803 2168 2858 minus
2203 2803 2555 2874 percipimus,
2581 2803 2786 2873 scripto
2818 2809 3014 2858 vestra:
3044 2801 3384 2857 auctoritatis
3404 2799 3588 2856 edocti

1992 2892 2187 2946 melius
2229 2906 2619 2963 agnoscamus.
2669 2891 2820 2947 Licet
2873 2899 3076 2945 nostra;
3120 2889 3376 2962 parvitati
3434 2889 3586 2954 utile,

1991 2981 2102 3036 imo
2153 2980 2526 3036 necessarium
2554 2988 2702 3035 esset
2737 2995 2768 3034 a
2798 2979 3176 3052 magnitudine
3205 2987 3395 3035 vestra
3423 2977 3592 3033 multa

1994 3085 2268 3141 quaerere,
2318 3069 2422 3124 hoc
2461 3067 2666 3124 idcirco
2711 3068 2948 3124 maxime
2979 3067 3294 3139 quaerimus,
3329 3067 3592 3139 quoniam

1993 3157 2416 3229 Andegavensis
2447 3161 2535 3212 est
2563 3156 2804 3212 decanus
2851 3156 3136 3226 cujusdam
3173 3155 3444 3223 ecclesiae,
3496 3154 3591 3228 qui

282 3266 620 3337 multumque
671 3243 918 3320 ίιίυίίιεω
973 3280 1196 3320 servum
1224 3243 1602 3330 ‘3ndi'cassem,
1646 3243 1722 3317 "si
1793 3269 1886 3318 ευι
1916 3252 1966 3315 C
1990 3248 2047 3302 in
2077 3263 2250 3301 unum
2279 3245 2350 3302 de
2373 3245 2748 3302 cont'ratribus
2779 3244 2894 3300 suis
2918 3245 3268 3301 vehementer
3292 3243 3588 3309 invehitur,

283 3363 462 3412 vestra
521 3353 792 3420 voluntas,
848 3361 941 3409 aut
983 3352 1281 3409 necessitas
1338 3360 1540 3408 mutuae
1595 3351 1881 3407 charitatis

283 3443 611 3516 obsequium
643 3441 938 3514 exegisset,
969 3441 1014 3496 si
1047 3457 1155 3497 non
1187 3441 1520 3496 obedissem.
1545 3441 1704 3497 Nunc
1717 3439 1882 3496 etiam

283 3533 418 3606 quia
467 3547 571 3588 nec
614 3531 866 3586 voluntas
913 3531 1105 3603 exigit,
1136 3545 1239 3585 nec
1267 3529 1568 3586 necessitas
1597 3528 1764 3601 cogit,
1796 3543 1886 3584 ine

283 3622 430 3677 ultro
455 3620 624 3678 offero
658 3619 940 3694 quodlibet
961 3619 1147 3676 subire
1166 3618 1468 3675 servitium.
1497 3618 1747 3675 Relatum
1767 3617 1884 3690 qui-

285 3711 413 3766 dem
442 3709 575 3765 mihi
603 3717 684 3764 est
709 3708 854 3781 quod
884 3722 1030 3764 nunc
1059 3706 1268 3763 domini
1297 3723 1453 3779 papm
1485 3707 1632 3776 (103)
1662 3706 1886 3762 manda-

283 3808 400 3855 tum
448 3797 791 3870 suscepistis,
843 3805 1120 3870 quatenus
1164 3803 1256 3852 aut
1313 3812 1412 3867 per
1467 3812 1586 3862 vos,
1641 3805 1729 3851 aut
1783 3812 1884 3868 per

282 3889 529 3960 legatum
585 3895 830 3944 vestrum
886 3887 1118 3942 Romam
1172 3901 1346 3957 usque
1402 3885 1474 3940 ad
1533 3885 1884 3941 Nativitatem

284 3977 506 4033 Domini
551 3974 804 4032 visitetis.
857 3974 1014 4044 Quod
1056 3974 1102 4030 si
1150 3990 1339 4030 verum
1385 3979 1490 4039 est,
1543 3974 1670 4045 quia
1726 3973 1883 4030 vobis

285 4066 493 4122 servire
549 4063 826 4130 desidero,
874 4063 1099 4119 minime
1156 4062 1432 4134 displicet.
1475 4062 1684 4118 Vellem
1715 4063 1880 4130 enim,

286 4154 435 4227 quod
467 4153 722 4210 voluntas
741 4159 930 4209 vestra
951 4151 1119 4224 longo
1135 4151 1267 4206 mihi
1288 4155 1539 4224 tempore
1566 4151 1882 4225 denegavit,

357 4316 504 4384 (£02)
529 4314 591 4369 In
613 4311 830 4369 ordinis
853 4312 1154 4384 dignitate.
1175 4310 1377 4384 Primis
1398 4311 1613 4366 szeculis
1633 4311 1884 4384 monachi

287 4382 443 4441 extra
472 4382 677 4441 elerum
710 4382 1080 4438 erantﬁldeo
1131 4382 1185 4436 in
1228 4382 1406 4453 pinnis
1451 4383 1727 4438 canonicis
1775 4397 1885 4438 non

287 4458 740 4528 depositione,_ut
771 4453 980 4528 clerici,
1033 4453 1131 4528 sed
1170 4453 1728 4528 excommunicatione
1757 4469 1883 4510 cum

287 4523 444 4584 laicis
475 4526 874 4598 plectebantur.
899 4523 1154 4598 Sfynodus
1183 4524 1642 4598 Chalcedonensis
1670 4540 1884 4598 canone

287 4588 572 4655 secundo:
604 4601 692 4656 καί
724 4588 875 4664 οὗτος
901 4588 956 4655 εἶ’
974 4593 1038 4674 μὶ

285 4678 522 4739 πιπτέτω
552 4684 772 4760 βαθμοῦ,
803 4679 846 4738 εὶ
874 4676 929 4760 δέ
953 4677 1135 4760 λα’κὸς
1242 4677 1480 4760 μονάζων
1499 4725 1533 4760 ,_
1562 4676 1887 4758 ὰυαθεματι-

286 4761 468 4831 ζέσοω,
528 4758 721 4816 Postea
778 4759 954 4815 sacris
1011 4759 1294 4815 ordinibus
1337 4758 1538 4813 initiari
1601 4767 1888 4830 coeperunt

288 4845 369 4898 De
399 4841 680 4897 monachis
709 4839 878 4911 igitur
907 4838 1143 4902 clericis,
1179 4838 1270 4909 qui
1301 4847 1424 4908 post
1454 4840 1784 4911 apostasiam
1818 4839 1886 4893 ad

287 4913 620 4969 monasteria
651 4909 756 4965 sua
781 4909 1030 4972 redeunt,
1054 4910 1554 4981 qumritquomodo
1589 4911 1889 4981 recipiendi

290 4986 418 5051 sint,
451 5000 521 5039 an
553 4983 620 5036 ita
646 4981 921 5046 nimirum,
944 4989 1003 5034 ut
1035 4981 1087 5034 in
1121 4980 1363 5053 pristina,
1379 4981 1587 5035 ordinis
1610 4981 1692 5036 sui
1711 4980 1892 5053 digni-

289 5050 424 5125 tate,
451 5054 730 5126 graduque
753 5059 1044 5118 maneant;
1074 5067 1139 5104 an
1162 5050 1232 5104 ita
1255 5051 1436 5122 potius
1455 5061 1515 5126 iit
1534 5067 1604 5126 eo
1620 5050 1889 5126 excidant,

290 5137 344 5183 et
393 5121 760 5180 ad'laicorum
811 5131 1016 5178 sortem
1066 5121 1411 5178 revocentur.
1445 5121 1563 5190 Qua
1594 5123 1644 5176 in
1679 5139 1734 5178 re
1765 5131 1817 5178 ct
1847 5124 1892 5176 si

293 5212 496 5253 severa
551 5195 824 5266 quondam
872 5210 1006 5266 erga
1064 5193 1307 5266 omnium
1365 5194 1615 5266 ordinum
1663 5194 1894 5249 clericos

295 5263 690 5325 ecclesiastica;
715 5279 960 5321 censura:
988 5265 1071 5318 lex
1103 5263 1289 5330 fuerit,
1307 5264 1490 5318 mitius
1518 5273 1692 5319 tamen
1716 5273 1895 5320 actum

298 5350 384 5396 est
429 5338 724 5404 interdum,
757 5344 810 5391 et
837 5350 940 5406 pro
969 5335 1214 5406 criminis
1253 5336 1690 5406 paenitentizeque
1733 5335 1896 5391 modo

301 5410 595 5475 indultum,
624 5419 682 5462 ut
709 5405 898 5463 videre
928 5407 1091 5478 estin
1123 5405 1190 5478 iis
1211 5405 1330 5478 qua:
1358 5407 1576 5478 collegit
1601 5405 1896 5462 Gratianus

299 5483 372 5537 D.
410 5481 462 5536 L.
502 5479 684 5535 lvonis
733 5493 898 5550 porro
948 5477 1196 5548 epistola,
1228 5477 1357 5550 ’qua
1403 5477 1797 5550 dei'monachis
1827 5477 1898 5532 ad

301 5550 538 5608 Goﬂ'ridi
571 5548 1028 5605 consultationem
1060 5548 1450 5619 respondebat,
1484 5549 1712 5602 interiit.

373 5623 525 5692 (103)
548 5621 783 5675 Domini
800 5637 981 5692 papaz.
1003 5619 1275 5692 Paschalis
1300 5620 1364 5686 ll,
1389 5634 1457 5692 an
1482 5619 1711 5692 Goﬁ'ridi
1733 5633 1901 5692 opera

291 5690 432 5751 usus
456 5693 526 5746 sit
549 5694 664 5757 Ivo,
691 5690 812 5762 non:
828 5690 1017 5762 liquet.
1044 5690 1369 5762 Bernerium
1392 5691 1714 5745 Bonzrvallis
1733 5690 1901 5743 abba-

293 5775 410 5821 tem
460 5763 529 5818 ad
582 5761 908 5817 Paschalem
956 5777 984 5814 a
1027 5778 1085 5814 se
1134 5761 1424 5832 aliquando
1472 5763 1711 5832 legatum
1742 5762 1904 5816 docet

294 5837 466 5910 epist.
489 5837 612 5910 147.
656 5833 804 5910 unde
836 5833 992 5898 misi,
1017 5832 1213 5910 inquit,
1252 5833 1399 5910 nobis
1427 5833 1902 5910 vice_mea_doini-

294 5903 444 5965 n'um
489 5906 828 5963 Bernertum
875 5903 1215 5960 monasterii
1253 5905 1588 5960 Boncevallis
1625 5903 1900 5971 abbatem,

593 6002 850 6066 PATROL.
884 5999 1125 6064 CLVII.

1039 4621 1066 4654 ν
1081 4595 1342 4678 έκληρικὸς
1363 4593 1441 4669 εἴη
1462 4596 1773 4678 τοῦ-οὶκεῖου
1801 4594 1885 4656 έχ-
1913 4617 1964 4677 D

1990 3335 2184 3392 dicens
2206 3335 2352 3406 quod
2374 3333 2477 3390 sibi
2498 3333 2589 3390 ille
2605 3333 2957 3405 praebendam
2977 3349 3135 3388 suam
3158 3332 3514 3402 concesserit,
3537 3340 3593 3388 et

1991 3424 2361 3480 testimonium
2407 3439 2517 3480 non
2562 3423 2745 3490 habet,
2797 3423 2901 3478 nisi
2947 3438 3136 3479 eorum
3192 3423 3285 3496 qui
3340 3429 3467 3478 sunt
3505 3420 3592 3477 sui

1991 3513 2307 3580 familiares,
2332 3521 2385 3569 et
2406 3513 2474 3568 de
2499 3513 2662 3568 domo
2683 3528 2787 3567 sua
2805 3512 3158 3584 prodeuntes.
3180 3512 3237 3568 Si
3267 3512 3412 3584 quod
3434 3509 3596 3567 vobis

1990 3603 2362 3675 promisimus,
2383 3601 2649 3672 diﬂ'ertur,
2668 3618 2738 3658 ne
2758 3601 3066 3674 gravemini
3085 3601 3214 3674 quia
3235 3601 3463 3658 dilatum
3482 3615 3592 3657 non

1991 3688 2286 3744 minuetur.

2465 3786 2573 3854 59
2611 3783 2962 3841 EPISTOLA
2991 3784 3114 3839 VII.

1992 3891 2145 3949 lvoni
2165 3889 2466 3947 laudabilis
2488 3892 2620 3947 vitta
2633 3892 2916 3964 pontiﬁci,
2940 3890 3168 3950 domino
3188 3905 3308 3958 suo,
3329 3891 3516 3948 adhuc
3532 3895 3591 3948 et

2063 3981 2265 4047 amico,
2308 3979 2600 4051 Go/‘fridus
2636 3981 3056 4036 Vindocinensis
3095 3982 3436 4038 monasterii
3463 3996 3589 4038 ser-

2063 4085 2183 4138 vus,
2216 4068 2584 4124 dilectionem
2611 4073 2670 4125 et
2698 4069 3021 4125 dilectionis
3051 4069 3410 4126 servitutem.

2064 4182 2288 4238 Litteras
2316 4181 2532 4238 clericis
2561 4190 2615 4238 et
2643 4182 2801 4240 laicis
2831 4182 3352 4253 Vindocinensibus,
3375 4202 3406 4240 a
3435 4184 3592 4243 vobis

1993 4345 2120 4401 boni
2148 4344 2483 4410 testimonii,
2520 4353 2630 4401 etc.

2063 4416 2211 4486 (104)
2231 4415 2580 4492 familiares
2609 4433 2676 4472 ac
2705 4417 3067 4492 prapinquos.
3095 4415 3177 4473 Eo
3205 4425 3418 4489 spectat
3446 4420 3595 4492 quod

1993 4495 2078 4540 est
2103 4486 2249 4556 apud
2280 4486 2508 4541 Ivonem
2543 4486 2760 4543 Decréti
2792 4486 2846 4558 p.
2881 4486 2994 4554 xvi,
3028 4505 3083 4544 c.
3124 4486 3249 4556 361,
3281 4495 3349 4545 ut
3391 4486 3595 4548 contra

1995 4561 2304 4631 extraneos
2317 4559 2622 4631 parentem
2656 4563 2758 4612 aut
2786 4559 3178 4631 propinquitas
3202 4562 3593 4618 testimonium

1996 4629 2236 4701 minime
2265 4628 2599 4701 dica_t._Hoc
2628 4628 2952 4700 argumento
2985 4628 3128 4684 idem
3169 4633 3264 4686 lvo
3291 4632 3451 4701 epist.
3487 4636 3590 4689 108

1993 4698 2395 4774 archiepiscOpi
2425 4698 2761 4774 Turonensis
2808 4709 2976 4774 testes
3012 4701 3270 4774 _Paschali
3299 4698 3589 4774 suspectos

1995 4771 2194 4834 reddit,
2229 4778 2301 4842 Aut
2339 4771 2776 4842 consanguineos
2804 4788 2867 4827 ac
2896 4771 2964 4826 de
2995 4771 3157 4826 domo
3189 4771 3490 4842 productos
3535 4785 3592 4831 et

1996 4839 2314 4896 Alexander
2342 4841 2436 4906 Ill,
2471 4855 2525 4896 c.
2551 4839 2620 4895 in
2651 4841 2849 4897 litteris
2870 4842 2935 4897 de
2961 4839 3218 4908 testibus,
3246 4844 3442 4899 nobilis
3458 4846 3589 4900 item

1997 4913 2286 4984 cujusdam
2340 4911 2577 4984 Firmani
2623 4921 2790 4966 testes
2846 4913 3036 4981 rejicit,
3088 4929 3226 4984 quos
3272 4915 3326 4968 in
3370 4916 3588 4972 divortii

1999 4981 2167 5039 causa
2198 4981 2533 5058 _de_familia
2585 5000 2677 5038 sua
2729 4981 3240 5058 producebatgvel
3271 4987 3378 5058 hoc
3422 4987 3589 5058 igitur

2001 5054 2251 5128 exemplo
2299 5053 2351 5107 id
2391 5062 2559 5125 patet,
2605 5053 2767 5128 quod;
2800 5054 3390 5128 ambigit__Goﬂ‘ridus,
3421 5053 3589 5114 téstes

2001 5124 2337 5196 domesticos
2387 5124 2497 5179 non
2535 5124 2712 5180 solum
2756 5125 2809 5180 in
2853 5124 3196 5196 capitalibus,
3254 5129 3352 5182 sed
3379 5127 3435 5182 in
3473 5128 3596 5186 aliis

2003 5197 2182 5269 etiam
2198 5195 2375 5250 causis
2403 5212 2514 5251 non
2545 5212 2667 5251 esse
2698 5195 3056 5269 recipiendos.
3090 5202 3160 5252 At
3203 5207 3456 5269 receptos
3484 5201 3592 5256 ali-

2004 5265 2570 5392 quandoeonstahex
2618 5265 2946 5350 privilegiis.
3009 5269 3147 5322 Nam
3205 5285 3271 5324 ex
3319 5265 3594 5344 praecepto

2059 5336 2248 5392 hiliuni
2277 5337 2494 5392 Pulchri
2523 5355 2672 5392 regis
2700 5339 3015 5392 didicimus.
3047 5354 3170 5392 cum
3199 5340 3268 5392 ab
3299 5341 3492 5392 abbate
3540 5352 3594 5392 et

2059 5336 2248 5407 hilippi
2277 5337 2494 5409 Pulchri
2523 5336 2672 5409 regis
2700 5336 3015 5406 didicimus,
3047 5354 3170 5395 cum
3199 5340 3268 5394 ab
3299 5336 3516 5398 abbate'
3540 5352 3597 5400 et

2007 5417 2276 5482 conventu
2321 5408 2505 5482 _Sangcti
2563 5408 2810 5482 Dionysii
2865 5411 3130 5466 adversus
3186 5411 3592 5470 Latiniacenses

2008 5479 2269 5550 quasdam
2315 5479 2656 5552 feminaside
2701 5479 2839 5536 statu
2882 5497 3072 5537 earum
3117 5491 3261 5537 mota
3307 5482 3375 5539 lis
3425 5495 3593 5552 esset,

2007 5559 2284 5621 testesque
2311 5551 2646 5633 contra_illas
2674 5552 2924 5633 producti
2947 5554 3322 5633 reﬁcerentur,
3355 5557 3502 5626 quod

2009 5620 2244 5691 corpore
2274 5630 2458 5675 essent
2484 5620 2747 5678 Ecclesiae
2781 5624 2928 5679 Beati
2959 5620 3224 5691 Dionysii,
3258 5633 3310 5680 et
3341 5620 3599 5683 monachi

2011 5682 2608 5768 con-traobtenderent.
2644 5710 2703 5768 se
2735 5695 2947 5767 regium
2979 5682 3328 5768 privilegium
3359 5712 3386 5753 a
3415 5682 3600 5754 Ludo;

2011 5764 2134 5818 vico
2153 5764 2218 5816 Vl
2245 5763 2297 5843 in
2319 5779 2441 5817 eam
2459 5781 2571 5843 rem
2589 5763 3030 5843 haberefcuriain
3055 5763 3294 5843 perlaeto
3315 5768 3604 5840 privilegio

2015 5837 2420 5906 pronuntiasse,
2469 5840 2640 5906 testes
2683 5837 2737 5890 in
2785 5853 2851 5891 ea
2901 5853 3065 5892 causa
3111 5840 3361 5904 idoneos,
3411 5837 3606 5894 eorum

2017 5905 2388 5963 testimonium
2401 5905 2642 5963 validum
2655 5907 2848 5966 videri.
2863 5910 3194 5976 Ann01287,
3211 5925 3401 5966 mense
3418 5911 3446 5965 ι]
3456 5909 3612 5966 unio.

3293 6007 3330 6065 3
