  <div class='ocr_page' id='page_1' title='image "/cluster/home/n/w/nwhite01/storage/ocr_20150623/156-157/uc1.31175010662024/679.png"; bbox 0 0 3940 6440; ppageno 0'>
   <div class='ocr_carea' id='block_1_1' title="bbox 437 354 3747 423">
    <p class='ocr_par' dir='ltr' id='par_1_1' title="bbox 437 354 3747 423">
     <span class='ocr_line' id='line_1_1' title="bbox 437 354 3747 423; baseline -0.003 -1"><span class='ocrx_word' id='word_1_1' title='bbox 437 359 507 422; x_wconf 79' lang='lat'><strong>‘75</strong></span> <span class='ocrx_word' id='word_1_2' title='bbox 1436 359 1773 423; x_wconf 81' lang='lat' dir='ltr'><strong>GOFFRIDI</strong></span> <span class='ocrx_word' id='word_1_3' title='bbox 1808 364 2103 422; x_wconf 80' lang='lat' dir='ltr'><strong>ABBATIS</strong></span> <span class='ocrx_word' id='word_1_4' title='bbox 2152 364 2274 419; x_wconf 86' lang='lat' dir='ltr'><strong>VIN</strong></span> <span class='ocrx_word' id='word_1_5' title='bbox 2280 354 2704 419; x_wconf 84' lang='lat' dir='ltr'><strong>DOCINENSIS</strong></span> <span class='ocrx_word' id='word_1_6' title='bbox 2717 401 2732 416; x_wconf 94' lang='lat'><strong>.</strong></span> <span class='ocrx_word' id='word_1_7' title='bbox 3681 354 3747 412; x_wconf 76' lang='lat'><strong>76</strong></span> 
     </span>
    </p>
   </div>
   <div class='ocr_carea' id='block_1_2' title="bbox 437 480 3749 563">
    <p class='ocr_par' dir='ltr' id='par_1_2' title="bbox 437 480 3749 563">
     <span class='ocr_line' id='line_1_2' title="bbox 437 480 3749 563; baseline -0.004 -15"><span class='ocrx_word' id='word_1_8' title='bbox 437 490 679 549; x_wconf 87' lang='lat' dir='ltr'><strong>directas</strong></span> <span class='ocrx_word' id='word_1_9' title='bbox 701 490 885 547; x_wconf 85' lang='lat' dir='ltr'><strong>audivi</strong></span> <span class='ocrx_word' id='word_1_10' title='bbox 911 491 1064 563; x_wconf 75' lang='grc'>(105)</span> <span class='ocrx_word' id='word_1_11' title='bbox 1091 505 1106 561; x_wconf 89' lang='lat'><strong>;</strong></span> <span class='ocrx_word' id='word_1_12' title='bbox 1136 506 1275 563; x_wconf 79' lang='lat' dir='ltr'><strong>quas</strong></span> <span class='ocrx_word' id='word_1_13' title='bbox 1296 497 1509 548; x_wconf 84' lang='lat' dir='ltr'><strong>vestras</strong></span> <span class='ocrx_word' id='word_1_14' title='bbox 1529 490 1753 549; x_wconf 88' lang='lat' dir='ltr'><strong>minime</strong></span> <span class='ocrx_word' id='word_1_15' title='bbox 1767 490 2035 549; x_wconf 89' lang='lat' dir='ltr'><strong>credidis-</strong></span> <span class='ocrx_word' id='word_1_16' title='bbox 2062 491 2119 553; x_wconf 85' lang='lat' dir='ltr'><strong>A</strong></span> <span class='ocrx_word' id='word_1_17' title='bbox 2149 489 2456 548; x_wconf 88' lang='lat' dir='ltr'><strong>columbam</strong></span> <span class='ocrx_word' id='word_1_18' title='bbox 2483 487 2781 552; x_wconf 89' lang='lat' dir='ltr'><strong>seductam,</strong></span> <span class='ocrx_word' id='word_1_19' title='bbox 2813 500 2912 543; x_wconf 90' lang='lat' dir='ltr'><strong>cor</strong></span> <span class='ocrx_word' id='word_1_20' title='bbox 2939 500 3050 544; x_wconf 89' lang='lat' dir='ltr'><strong>non</strong></span> <span class='ocrx_word' id='word_1_21' title='bbox 3079 484 3369 542; x_wconf 74' lang='lat' dir='ltr'><strong>habentem</strong></span> <span class='ocrx_word' id='word_1_22' title='bbox 3411 496 3502 537; x_wconf 91' lang='lat' dir='ltr'><strong>me</strong></span> <span class='ocrx_word' id='word_1_23' title='bbox 3530 480 3749 552; x_wconf 86' lang='lat' dir='ltr'><strong>dicens,</strong></span> 
     </span>
    </p>
   </div>
   <div class='ocr_carea' id='block_1_3' title="bbox 440 587 2037 661">
    <p class='ocr_par' dir='ltr' id='par_1_3' title="bbox 440 587 2037 661">
     <span class='ocr_line' id='line_1_3' title="bbox 440 587 2037 661; baseline 0 -16"><span class='ocrx_word' id='word_1_24' title='bbox 440 605 577 655; x_wconf 81' lang='lat' dir='ltr'><strong>sem,</strong></span> <span class='ocrx_word' id='word_1_25' title='bbox 610 588 717 644; x_wconf 91' lang='lat' dir='ltr'><strong>nisi</strong></span> <span class='ocrx_word' id='word_1_26' title='bbox 746 587 823 644; x_wconf 91' lang='lat' dir='ltr'><strong>ibi</strong></span> <span class='ocrx_word' id='word_1_27' title='bbox 851 588 1093 661; x_wconf 87' lang='lat' dir='ltr'><strong>sigillum</strong></span> <span class='ocrx_word' id='word_1_28' title='bbox 1122 596 1361 646; x_wconf 87' lang='lat' dir='ltr'><strong>vestram</strong></span> <span class='ocrx_word' id='word_1_29' title='bbox 1391 588 1703 660; x_wconf 90' lang='lat' dir='ltr'><strong>appositum</strong></span> <span class='ocrx_word' id='word_1_30' title='bbox 1755 589 2037 645; x_wconf 84' lang='lat' dir='ltr'><strong>vidissem.</strong></span> 
     </span>
    </p>
   </div>
   <div class='ocr_carea' id='block_1_4' title="bbox 444 685 2041 744">
    <p class='ocr_par' dir='ltr' id='par_1_4' title="bbox 444 685 2041 744">
     <span class='ocr_line' id='line_1_4' title="bbox 444 685 2041 744; baseline -0.001 -1"><span class='ocrx_word' id='word_1_31' title='bbox 444 687 710 743; x_wconf 77' lang='lat' dir='ltr'><strong>Dicebant</strong></span> <span class='ocrx_word' id='word_1_32' title='bbox 728 686 873 743; x_wconf 92' lang='lat' dir='ltr'><strong>enim</strong></span> <span class='ocrx_word' id='word_1_33' title='bbox 889 686 1085 743; x_wconf 68' lang='lat' dir='ltr'><strong>litterae</strong></span> <span class='ocrx_word' id='word_1_34' title='bbox 1100 687 1255 744; x_wconf 83' lang='lat' dir='ltr'><strong>vobis</strong></span> <span class='ocrx_word' id='word_1_35' title='bbox 1276 685 1573 742; x_wconf 90' lang='lat' dir='ltr'><strong>afidelibus</strong></span> <span class='ocrx_word' id='word_1_36' title='bbox 1590 687 1789 744; x_wconf 79' lang='lat' dir='ltr'><strong>vestris</strong></span> <span class='ocrx_word' id='word_1_37' title='bbox 1809 687 2041 743; x_wconf 91' lang='lat' dir='ltr'><strong>relatum</strong></span> 
     </span>
    </p>
   </div>
   <div class='ocr_carea' id='block_1_5' title="bbox 450 784 2044 856">
    <p class='ocr_par' dir='ltr' id='par_1_5' title="bbox 450 784 2044 856">
     <span class='ocr_line' id='line_1_5' title="bbox 450 784 2044 856; baseline -0.001 -16"><span class='ocrx_word' id='word_1_38' title='bbox 450 784 622 841; x_wconf 88' lang='lat' dir='ltr'><strong>fuisse</strong></span> <span class='ocrx_word' id='word_1_39' title='bbox 650 800 739 840; x_wconf 88' lang='lat' dir='ltr'><strong>me</strong></span> <span class='ocrx_word' id='word_1_40' title='bbox 771 792 960 841; x_wconf 91' lang='lat' dir='ltr'><strong>contra</strong></span> <span class='ocrx_word' id='word_1_41' title='bbox 990 801 1088 841; x_wconf 89' lang='lat' dir='ltr'><strong>vos</strong></span> <span class='ocrx_word' id='word_1_42' title='bbox 1105 792 1156 841; x_wconf 89' lang='lat' dir='ltr'><strong>et</strong></span> <span class='ocrx_word' id='word_1_43' title='bbox 1184 793 1372 841; x_wconf 90' lang='lat' dir='ltr'><strong>contra</strong></span> <span class='ocrx_word' id='word_1_44' title='bbox 1389 784 1619 841; x_wconf 85' lang='lat' dir='ltr'><strong>clericos</strong></span> <span class='ocrx_word' id='word_1_45' title='bbox 1636 793 1845 841; x_wconf 81' lang='lat' dir='ltr'><strong>vestros</strong></span> <span class='ocrx_word' id='word_1_46' title='bbox 1861 784 2044 856; x_wconf 90' lang='lat' dir='ltr'><strong>turpia</strong></span> 
     </span>
    </p>
   </div>
   <div class='ocr_carea' id='block_1_6' title="bbox 448 882 2038 955">
    <p class='ocr_par' dir='ltr' id='par_1_6' title="bbox 448 882 2038 955">
     <span class='ocr_line' id='line_1_6' title="bbox 448 882 2038 955; baseline 0 -17"><span class='ocrx_word' id='word_1_47' title='bbox 448 889 503 938; x_wconf 92' lang='lat' dir='ltr'><strong>et</strong></span> <span class='ocrx_word' id='word_1_48' title='bbox 533 882 929 939; x_wconf 88' lang='lat' dir='ltr'><strong>contumeliosa</strong></span> <span class='ocrx_word' id='word_1_49' title='bbox 955 882 1125 939; x_wconf 86' lang='lat' dir='ltr'><strong>verba</strong></span> <span class='ocrx_word' id='word_1_50' title='bbox 1153 883 1369 955; x_wconf 85' lang='lat' dir='ltr'><strong>publice</strong></span> <span class='ocrx_word' id='word_1_51' title='bbox 1400 882 1721 954; x_wconf 77' lang='lat' dir='ltr'><strong>protulisse.</strong></span> <span class='ocrx_word' id='word_1_52' title='bbox 1775 883 1863 937; x_wconf 83' lang='lat' dir='ltr'><strong>Ad</strong></span> <span class='ocrx_word' id='word_1_53' title='bbox 1901 882 2038 949; x_wconf 65' lang='lat' dir='ltr'><strong>haec,</strong></span> 
     </span>
    </p>
   </div>
   <div class='ocr_carea' id='block_1_7' title="bbox 450 970 2044 1044">
    <p class='ocr_par' dir='ltr' id='par_1_7' title="bbox 450 970 2044 1044">
     <span class='ocr_line' id='line_1_7' title="bbox 450 970 2044 1044; baseline 0 -17"><span class='ocrx_word' id='word_1_54' title='bbox 450 972 600 1029; x_wconf 89' lang='lat' dir='ltr'><strong>salva</strong></span> <span class='ocrx_word' id='word_1_55' title='bbox 654 972 899 1039; x_wconf 81' lang='lat' dir='ltr'><strong>veritate,</strong></span> <span class='ocrx_word' id='word_1_56' title='bbox 930 987 1160 1044; x_wconf 86' lang='lat' dir='ltr'><strong>prorsus</strong></span> <span class='ocrx_word' id='word_1_57' title='bbox 1190 972 1499 1038; x_wconf 87' lang='lat' dir='ltr'><strong>respondeo</strong></span> <span class='ocrx_word' id='word_1_58' title='bbox 1529 972 1676 1044; x_wconf 91' lang='lat' dir='ltr'><strong>quod</strong></span> <span class='ocrx_word' id='word_1_59' title='bbox 1706 970 1774 1027; x_wconf 93' lang='lat' dir='ltr'><strong>de</strong></span> <span class='ocrx_word' id='word_1_60' title='bbox 1803 987 2044 1042; x_wconf 81' lang='lat' dir='ltr'><strong>persona</strong></span> 
     </span>
    </p>
   </div>
   <div class='ocr_carea' id='block_1_8' title="bbox 445 1060 2043 1133">
    <p class='ocr_par' dir='ltr' id='par_1_8' title="bbox 445 1060 2043 1133">
     <span class='ocr_line' id='line_1_8' title="bbox 445 1060 2043 1133; baseline 0 -16"><span class='ocrx_word' id='word_1_61' title='bbox 445 1070 631 1117; x_wconf 89' lang='lat' dir='ltr'><strong>vestra</strong></span> <span class='ocrx_word' id='word_1_62' title='bbox 674 1060 809 1116; x_wconf 88' lang='lat' dir='ltr'><strong>nihil</strong></span> <span class='ocrx_word' id='word_1_63' title='bbox 866 1077 1102 1133; x_wconf 80' lang='lat' dir='ltr'><strong>unquam</strong></span> <span class='ocrx_word' id='word_1_64' title='bbox 1153 1060 1513 1117; x_wconf 84' lang='lat' dir='ltr'><strong>inhonestatis</strong></span> <span class='ocrx_word' id='word_1_65' title='bbox 1570 1060 1656 1117; x_wconf 90' lang='lat' dir='ltr'><strong>vel</strong></span> <span class='ocrx_word' id='word_1_66' title='bbox 1703 1060 2043 1117; x_wconf 85' lang='lat' dir='ltr'><strong>contumeliae</strong></span> 
     </span>
    </p>
   </div>
   <div class='ocr_carea' id='block_1_9' title="bbox 449 1148 2044 1223">
    <p class='ocr_par' dir='ltr' id='par_1_9' title="bbox 449 1148 2044 1223">
     <span class='ocr_line' id='line_1_9' title="bbox 449 1148 2044 1223; baseline -0.001 -17"><span class='ocrx_word' id='word_1_67' title='bbox 449 1151 562 1206; x_wconf 88' lang='lat' dir='ltr'><strong>dixi</strong></span> <span class='ocrx_word' id='word_1_68' title='bbox 589 1170 603 1216; x_wconf 85' lang='lat'><strong>;</strong></span> <span class='ocrx_word' id='word_1_69' title='bbox 637 1150 733 1207; x_wconf 89' lang='lat' dir='ltr'><strong>sed</strong></span> <span class='ocrx_word' id='word_1_70' title='bbox 763 1167 884 1223; x_wconf 62' lang='lat' dir='ltr'><strong>quae</strong></span> <span class='ocrx_word' id='word_1_71' title='bbox 915 1150 1065 1222; x_wconf 92' lang='lat' dir='ltr'><strong>potui</strong></span> <span class='ocrx_word' id='word_1_72' title='bbox 1094 1150 1239 1206; x_wconf 89' lang='lat' dir='ltr'><strong>bona</strong></span> <span class='ocrx_word' id='word_1_73' title='bbox 1267 1150 1470 1222; x_wconf 84' lang='lat' dir='ltr'><strong>ubique</strong></span> <span class='ocrx_word' id='word_1_74' title='bbox 1500 1150 1567 1205; x_wconf 92' lang='lat' dir='ltr'><strong>de</strong></span> <span class='ocrx_word' id='word_1_75' title='bbox 1600 1149 1753 1204; x_wconf 88' lang='lat' dir='ltr'><strong>vobis</strong></span> <span class='ocrx_word' id='word_1_76' title='bbox 1783 1166 1960 1222; x_wconf 90' lang='lat' dir='ltr'><strong>usque</strong></span> <span class='ocrx_word' id='word_1_77' title='bbox 1988 1148 2044 1204; x_wconf 91' lang='lat' dir='ltr'><strong>in</strong></span> 
     </span>
    </p>
   </div>
   <div class='ocr_carea' id='block_1_10' title="bbox 445 1250 2043 1324">
    <p class='ocr_par' dir='ltr' id='par_1_10' title="bbox 445 1250 2043 1324">
     <span class='ocr_line' id='line_1_10' title="bbox 445 1250 2043 1324; baseline -0.002 -15"><span class='ocrx_word' id='word_1_78' title='bbox 445 1252 772 1310; x_wconf 88' lang='lat' dir='ltr'><strong>hodiernum</strong></span> <span class='ocrx_word' id='word_1_79' title='bbox 800 1251 1116 1324; x_wconf 70' lang='lat' dir='ltr'><strong>praedicavi.</strong></span> <span class='ocrx_word' id='word_1_80' title='bbox 1134 1252 1362 1308; x_wconf 89' lang='lat' dir='ltr'><strong>Clericis</strong></span> <span class='ocrx_word' id='word_1_81' title='bbox 1381 1267 1517 1307; x_wconf 88' lang='lat' dir='ltr'><strong>vero</strong></span> <span class='ocrx_word' id='word_1_82' title='bbox 1546 1250 1764 1320; x_wconf 81' lang='lat' dir='ltr'><strong>vestris,</strong></span> <span class='ocrx_word' id='word_1_83' title='bbox 1783 1251 2043 1323; x_wconf 90' lang='lat' dir='ltr'><strong>quoniam</strong></span> 
     </span>
    </p>
   </div>
   <div class='ocr_carea' id='block_1_11' title="bbox 444 1339 2040 1412">
    <p class='ocr_par' dir='ltr' id='par_1_11' title="bbox 444 1339 2040 1412">
     <span class='ocr_line' id='line_1_11' title="bbox 444 1339 2040 1412; baseline -0.001 -16"><span class='ocrx_word' id='word_1_84' title='bbox 444 1341 550 1411; x_wconf 88' lang='lat' dir='ltr'><strong>ipsi</strong></span> <span class='ocrx_word' id='word_1_85' title='bbox 574 1341 707 1397; x_wconf 90' lang='lat' dir='ltr'><strong>mihi</strong></span> <span class='ocrx_word' id='word_1_86' title='bbox 725 1340 865 1396; x_wconf 90' lang='lat' dir='ltr'><strong>male</strong></span> <span class='ocrx_word' id='word_1_87' title='bbox 886 1347 1265 1409; x_wconf 80' lang='lat' dir='ltr'><strong>cantaverunt,</strong></span> <span class='ocrx_word' id='word_1_88' title='bbox 1291 1341 1432 1396; x_wconf 90' lang='lat' dir='ltr'><strong>bene</strong></span> <span class='ocrx_word' id='word_1_89' title='bbox 1453 1339 1652 1396; x_wconf 85' lang='lat' dir='ltr'><strong>saltare</strong></span> <span class='ocrx_word' id='word_1_90' title='bbox 1673 1356 1774 1396; x_wconf 88' lang='lat' dir='ltr'><strong>nec</strong></span> <span class='ocrx_word' id='word_1_91' title='bbox 1795 1357 2040 1412; x_wconf 85' lang='lat' dir='ltr'><strong>possum,</strong></span> 
     </span>
    </p>
   </div>
   <div class='ocr_carea' id='block_1_12' title="bbox 443 1422 2045 1497">
    <p class='ocr_par' dir='ltr' id='par_1_12' title="bbox 443 1422 2045 1497">
     <span class='ocr_line' id='line_1_12' title="bbox 443 1422 2045 1497; baseline -0.002 -16"><span class='ocrx_word' id='word_1_92' title='bbox 443 1441 545 1481; x_wconf 88' lang='lat' dir='ltr'><strong>nec</strong></span> <span class='ocrx_word' id='word_1_93' title='bbox 578 1423 748 1496; x_wconf 89' lang='lat' dir='ltr'><strong>potui.</strong></span> <span class='ocrx_word' id='word_1_94' title='bbox 774 1424 912 1480; x_wconf 91' lang='lat' dir='ltr'><strong>Illud</strong></span> <span class='ocrx_word' id='word_1_95' title='bbox 944 1422 1198 1497; x_wconf 89' lang='lat' dir='ltr'><strong>equidem</strong></span> <span class='ocrx_word' id='word_1_96' title='bbox 1226 1424 1392 1497; x_wconf 90' lang='lat' dir='ltr'><strong>plane</strong></span> <span class='ocrx_word' id='word_1_97' title='bbox 1423 1423 1691 1480; x_wconf 89' lang='lat' dir='ltr'><strong>confiteor</strong></span> <span class='ocrx_word' id='word_1_98' title='bbox 1720 1426 1865 1496; x_wconf 90' lang='lat' dir='ltr'><strong>quod</strong></span> <span class='ocrx_word' id='word_1_99' title='bbox 1895 1424 2045 1479; x_wconf 88' lang='lat' dir='ltr'><strong>nulla</strong></span> 
     </span>
    </p>
   </div>
   <div class='ocr_carea' id='block_1_13' title="bbox 452 1508 2043 1583">
    <p class='ocr_par' dir='ltr' id='par_1_13' title="bbox 452 1508 2043 1583">
     <span class='ocr_line' id='line_1_13' title="bbox 452 1508 2043 1583; baseline 0 -19"><span class='ocrx_word' id='word_1_100' title='bbox 452 1511 507 1581; x_wconf 90' lang='lat' dir='ltr'><strong>nj</strong></span> <span class='ocrx_word' id='word_1_101' title='bbox 518 1510 703 1566; x_wconf 87' lang='lat' dir='ltr'><strong>uriosa</strong></span> <span class='ocrx_word' id='word_1_102' title='bbox 726 1510 890 1565; x_wconf 88' lang='lat' dir='ltr'><strong>verba</strong></span> <span class='ocrx_word' id='word_1_103' title='bbox 912 1510 1018 1564; x_wconf 90' lang='lat' dir='ltr'><strong>illis</strong></span> <span class='ocrx_word' id='word_1_104' title='bbox 1040 1510 1304 1583; x_wconf 83' lang='lat' dir='ltr'><strong>irrogavi,</strong></span> <span class='ocrx_word' id='word_1_105' title='bbox 1328 1508 1437 1564; x_wconf 91' lang='lat' dir='ltr'><strong>nisi</strong></span> <span class='ocrx_word' id='word_1_106' title='bbox 1460 1509 1588 1581; x_wconf 85' lang='lat' dir='ltr'><strong>quia</strong></span> <span class='ocrx_word' id='word_1_107' title='bbox 1608 1509 1825 1565; x_wconf 79' lang='lat' dir='ltr'><strong>illorum</strong></span> <span class='ocrx_word' id='word_1_108' title='bbox 1837 1510 2043 1578; x_wconf 90' lang='lat' dir='ltr'><strong>judicio</strong></span> 
     </span>
    </p>
   </div>
   <div class='ocr_carea' id='block_1_14' title="bbox 439 1598 2044 1671">
    <p class='ocr_par' dir='ltr' id='par_1_14' title="bbox 439 1598 2044 1671">
     <span class='ocr_line' id='line_1_14' title="bbox 439 1598 2044 1671; baseline -0.002 -14"><span class='ocrx_word' id='word_1_109' title='bbox 439 1606 850 1671; x_wconf 65' lang='lat' dir='ltr'><strong>prmgravatum</strong></span> <span class='ocrx_word' id='word_1_110' title='bbox 905 1615 993 1654; x_wconf 90' lang='lat' dir='ltr'><strong>me</strong></span> <span class='ocrx_word' id='word_1_111' title='bbox 1051 1599 1314 1663; x_wconf 89' lang='lat' dir='ltr'><strong>sentiens,</strong></span> <span class='ocrx_word' id='word_1_112' title='bbox 1374 1598 1683 1654; x_wconf 81' lang='lat' dir='ltr'><strong>Romanam</strong></span> <span class='ocrx_word' id='word_1_113' title='bbox 1739 1598 2044 1654; x_wconf 85' lang='lat' dir='ltr'><strong>Ecclesiam</strong></span> 
     </span>
    </p>
   </div>
   <div class='ocr_carea' id='block_1_15' title="bbox 440 1682 2043 1756">
    <p class='ocr_par' dir='ltr' id='par_1_15' title="bbox 440 1682 2043 1756">
     <span class='ocr_line' id='line_1_15' title="bbox 440 1682 2043 1756; baseline -0.001 -17"><span class='ocrx_word' id='word_1_114' title='bbox 440 1684 734 1756; x_wconf 85' lang='lat' dir='ltr'><strong>appellavi,</strong></span> <span class='ocrx_word' id='word_1_115' title='bbox 792 1684 950 1753; x_wconf 88' lang='lat' dir='ltr'><strong>cujus</strong></span> <span class='ocrx_word' id='word_1_116' title='bbox 996 1683 1309 1740; x_wconf 85' lang='lat' dir='ltr'><strong>veneranda</strong></span> <span class='ocrx_word' id='word_1_117' title='bbox 1346 1682 1638 1756; x_wconf 88' lang='lat' dir='ltr'><strong>privilegia</strong></span> <span class='ocrx_word' id='word_1_118' title='bbox 1683 1682 1939 1738; x_wconf 87' lang='lat' dir='ltr'><strong>videbam</strong></span> <span class='ocrx_word' id='word_1_119' title='bbox 1975 1684 2043 1738; x_wconf 91' lang='lat' dir='ltr'><strong>ab</strong></span> 
     </span>
    </p>
   </div>
   <div class='ocr_carea' id='block_1_16' title="bbox 439 1771 2045 1845">
    <p class='ocr_par' dir='ltr' id='par_1_16' title="bbox 439 1771 2045 1845">
     <span class='ocr_line' id='line_1_16' title="bbox 439 1771 2045 1845; baseline 0.001 -18"><span class='ocrx_word' id='word_1_120' title='bbox 439 1772 577 1845; x_wconf 86' lang='lat' dir='ltr'><strong>ipsis</strong></span> <span class='ocrx_word' id='word_1_121' title='bbox 622 1771 1042 1844; x_wconf 88' lang='lat' dir='ltr'><strong>despicabiliter</strong></span> <span class='ocrx_word' id='word_1_122' title='bbox 1096 1772 1342 1840; x_wconf 87' lang='lat' dir='ltr'><strong>refutari,</strong></span> <span class='ocrx_word' id='word_1_123' title='bbox 1398 1771 1525 1828; x_wconf 81' lang='lat' dir='ltr'><strong>licet</strong></span> <span class='ocrx_word' id='word_1_124' title='bbox 1565 1781 1757 1828; x_wconf 91' lang='lat' dir='ltr'><strong>sancta</strong></span> <span class='ocrx_word' id='word_1_125' title='bbox 1799 1774 2045 1830; x_wconf 84' lang='lat' dir='ltr'><strong>Romana</strong></span> 
     </span>
    </p>
   </div>
   <div class='ocr_carea' id='block_1_17' title="bbox 436 1855 2124 1934">
    <p class='ocr_par' dir='ltr' id='par_1_17' title="bbox 436 1855 2124 1934">
     <span class='ocr_line' id='line_1_17' title="bbox 436 1855 2124 1934; baseline -0.001 -15"><span class='ocrx_word' id='word_1_126' title='bbox 436 1861 689 1920; x_wconf 82' lang='lat' dir='ltr'><strong>Ecclesia</strong></span> <span class='ocrx_word' id='word_1_127' title='bbox 718 1861 849 1918; x_wconf 89' lang='lat' dir='ltr'><strong>talia</strong></span> <span class='ocrx_word' id='word_1_128' title='bbox 878 1861 1125 1932; x_wconf 84' lang='lat' dir='ltr'><strong>recipere</strong></span> <span class='ocrx_word' id='word_1_129' title='bbox 1167 1861 1239 1917; x_wconf 90' lang='lat' dir='ltr'><strong>ab</strong></span> <span class='ocrx_word' id='word_1_130' title='bbox 1287 1877 1480 1917; x_wconf 90' lang='lat' dir='ltr'><strong>eorum</strong></span> <span class='ocrx_word' id='word_1_131' title='bbox 1515 1861 1885 1934; x_wconf 84' lang='lat' dir='ltr'><strong>magnitudine</strong></span> <span class='ocrx_word' id='word_1_132' title='bbox 1932 1878 2041 1918; x_wconf 88' lang='lat' dir='ltr'><strong>non</strong></span> <span class='ocrx_word' id='word_1_133' title='bbox 2069 1855 2124 1917; x_wconf 87' lang='grc' dir='ltr'>Β</span> 
     </span>
    </p>
   </div>
   <div class='ocr_carea' id='block_1_18' title="bbox 436 1949 2045 2022">
    <p class='ocr_par' dir='ltr' id='par_1_18' title="bbox 436 1949 2045 2022">
     <span class='ocr_line' id='line_1_18' title="bbox 436 1949 2045 2022; baseline 0.001 -18"><span class='ocrx_word' id='word_1_134' title='bbox 436 1949 825 2021; x_wconf 85' lang='lat' dir='ltr'><strong>promeruerit,</strong></span> <span class='ocrx_word' id='word_1_135' title='bbox 856 1949 984 2022; x_wconf 87' lang='lat' dir='ltr'><strong>quia</strong></span> <span class='ocrx_word' id='word_1_136' title='bbox 1015 1949 1162 2021; x_wconf 91' lang='lat' dir='ltr'><strong>quod</strong></span> <span class='ocrx_word' id='word_1_137' title='bbox 1189 1949 1267 2005; x_wconf 91' lang='lat' dir='ltr'><strong>illi</strong></span> <span class='ocrx_word' id='word_1_138' title='bbox 1285 1949 1427 2005; x_wconf 89' lang='lat' dir='ltr'><strong>male</strong></span> <span class='ocrx_word' id='word_1_139' title='bbox 1451 1949 1782 2022; x_wconf 87' lang='lat' dir='ltr'><strong>ligaverant,</strong></span> <span class='ocrx_word' id='word_1_140' title='bbox 1809 1950 1901 2004; x_wconf 89' lang='lat' dir='ltr'><strong>illa</strong></span> <span class='ocrx_word' id='word_1_141' title='bbox 1932 1966 2045 2007; x_wconf 75' lang='lat' dir='ltr'><strong>suae</strong></span> 
     </span>
    </p>
   </div>
   <div class='ocr_carea' id='block_1_19' title="bbox 434 2037 2044 2113">
    <p class='ocr_par' dir='ltr' id='par_1_19' title="bbox 434 2037 2044 2113">
     <span class='ocr_line' id='line_1_19' title="bbox 434 2037 2044 2113; baseline 0.001 -19"><span class='ocrx_word' id='word_1_142' title='bbox 434 2039 670 2113; x_wconf 90' lang='lat' dir='ltr'><strong>pietatis,</strong></span> <span class='ocrx_word' id='word_1_143' title='bbox 702 2037 901 2095; x_wconf 87' lang='lat' dir='ltr'><strong>intuitu</strong></span> <span class='ocrx_word' id='word_1_144' title='bbox 940 2037 1221 2105; x_wconf 83' lang='lat' dir='ltr'><strong>relaxavit,</strong></span> <span class='ocrx_word' id='word_1_145' title='bbox 1272 2046 1347 2107; x_wconf 90' lang='lat' dir='ltr'><strong>et,</strong></span> <span class='ocrx_word' id='word_1_146' title='bbox 1398 2038 1444 2094; x_wconf 90' lang='lat' dir='ltr'><strong>si</strong></span> <span class='ocrx_word' id='word_1_147' title='bbox 1486 2039 1537 2095; x_wconf 90' lang='lat' dir='ltr'><strong>ei</strong></span> <span class='ocrx_word' id='word_1_148' title='bbox 1577 2039 1730 2095; x_wconf 89' lang='lat' dir='ltr'><strong>mala</strong></span> <span class='ocrx_word' id='word_1_149' title='bbox 1757 2054 1859 2111; x_wconf 91' lang='lat' dir='ltr'><strong>pro</strong></span> <span class='ocrx_word' id='word_1_150' title='bbox 1884 2038 2044 2095; x_wconf 91' lang='lat' dir='ltr'><strong>bonis</strong></span> 
     </span>
    </p>
   </div>
   <div class='ocr_carea' id='block_1_20' title="bbox 435 2127 2045 2195">
    <p class='ocr_par' dir='ltr' id='par_1_20' title="bbox 435 2127 2045 2195">
     <span class='ocr_line' id='line_1_20' title="bbox 435 2127 2045 2195; baseline -0.001 -9"><span class='ocrx_word' id='word_1_151' title='bbox 435 2129 813 2195; x_wconf 85' lang='lat' dir='ltr'><strong>reddiderunt,</strong></span> <span class='ocrx_word' id='word_1_152' title='bbox 833 2128 980 2185; x_wconf 86' lang='lat' dir='ltr'><strong>hanc</strong></span> <span class='ocrx_word' id='word_1_153' title='bbox 1014 2135 1165 2186; x_wconf 86' lang='lat' dir='ltr'><strong>certe</strong></span> <span class='ocrx_word' id='word_1_154' title='bbox 1195 2143 1293 2184; x_wconf 91' lang='lat' dir='ltr'><strong>eos</strong></span> <span class='ocrx_word' id='word_1_155' title='bbox 1322 2127 1735 2184; x_wconf 88' lang='lat' dir='ltr'><strong>retributionem</strong></span> <span class='ocrx_word' id='word_1_156' title='bbox 1769 2129 1915 2184; x_wconf 89' lang='lat' dir='ltr'><strong>Deus</strong></span> <span class='ocrx_word' id='word_1_157' title='bbox 1933 2144 2045 2186; x_wconf 91' lang='lat' dir='ltr'><strong>non</strong></span> 
     </span>
    </p>
   </div>
   <div class='ocr_carea' id='block_1_21' title="bbox 435 2216 2043 2288">
    <p class='ocr_par' dir='ltr' id='par_1_21' title="bbox 435 2216 2043 2288">
     <span class='ocr_line' id='line_1_21' title="bbox 435 2216 2043 2288; baseline -0.001 -13"><span class='ocrx_word' id='word_1_158' title='bbox 435 2217 644 2275; x_wconf 86' lang='lat' dir='ltr'><strong>docuit.</strong></span> <span class='ocrx_word' id='word_1_159' title='bbox 709 2216 816 2288; x_wconf 88' lang='lat' dir='ltr'><strong>Qui</strong></span> <span class='ocrx_word' id='word_1_160' title='bbox 869 2231 996 2274; x_wconf 89' lang='lat' dir='ltr'><strong>cum</strong></span> <span class='ocrx_word' id='word_1_161' title='bbox 1056 2233 1144 2273; x_wconf 90' lang='lat' dir='ltr'><strong>me</strong></span> <span class='ocrx_word' id='word_1_162' title='bbox 1200 2216 1481 2273; x_wconf 89' lang='lat' dir='ltr'><strong>hominem</strong></span> <span class='ocrx_word' id='word_1_163' title='bbox 1536 2217 1713 2273; x_wconf 90' lang='lat' dir='ltr'><strong>amari</strong></span> <span class='ocrx_word' id='word_1_164' title='bbox 1771 2217 2043 2274; x_wconf 89' lang='lat' dir='ltr'><strong>sermonis</strong></span> 
     </span>
    </p>
   </div>
   <div class='ocr_carea' id='block_1_22' title="bbox 432 2313 2036 2389">
    <p class='ocr_par' dir='ltr' id='par_1_22' title="bbox 432 2313 2036 2389">
     <span class='ocr_line' id='line_1_22' title="bbox 432 2313 2036 2389; baseline -0.002 -16"><span class='ocrx_word' id='word_1_165' title='bbox 432 2314 823 2389; x_wconf 85' lang='lat' dir='ltr'><strong>appellassent,</strong></span> <span class='ocrx_word' id='word_1_166' title='bbox 842 2314 1210 2372; x_wconf 81' lang='lat' dir='ltr'><strong>credidissem</strong></span> <span class='ocrx_word' id='word_1_167' title='bbox 1235 2313 1461 2372; x_wconf 80' lang='lat' dir='ltr'><strong>forsitan</strong></span> <span class='ocrx_word' id='word_1_168' title='bbox 1478 2314 1605 2383; x_wconf 84' lang='lat' dir='ltr'><strong>illis,</strong></span> <span class='ocrx_word' id='word_1_169' title='bbox 1624 2316 1670 2370; x_wconf 90' lang='lat' dir='ltr'><strong>si</strong></span> <span class='ocrx_word' id='word_1_170' title='bbox 1688 2314 2036 2372; x_wconf 89' lang='lat' dir='ltr'><strong>dulcedinem</strong></span> 
     </span>
    </p>
   </div>
   <div class='ocr_carea' id='block_1_23' title="bbox 437 2411 2039 2485">
    <p class='ocr_par' dir='ltr' id='par_1_23' title="bbox 437 2411 2039 2485">
     <span class='ocr_line' id='line_1_23' title="bbox 437 2411 2039 2485; baseline -0.001 -16"><span class='ocrx_word' id='word_1_171' title='bbox 437 2412 756 2485; x_wconf 69' lang='lat' dir='ltr'><strong>apostolica:</strong></span> <span class='ocrx_word' id='word_1_172' title='bbox 786 2414 898 2483; x_wconf 84' lang='lat'><strong>60</strong></span> <span class='ocrx_word' id='word_1_173' title='bbox 930 2412 1179 2469; x_wconf 88' lang='lat' dir='ltr'><strong>veritatis</strong></span> <span class='ocrx_word' id='word_1_174' title='bbox 1208 2411 1424 2483; x_wconf 90' lang='lat' dir='ltr'><strong>plenius</strong></span> <span class='ocrx_word' id='word_1_175' title='bbox 1455 2412 1831 2485; x_wconf 70' lang='lat' dir='ltr'><strong>agnovissent.</strong></span> <span class='ocrx_word' id='word_1_176' title='bbox 1866 2413 2039 2482; x_wconf 85' lang='lat' dir='ltr'><strong>Cujus</strong></span> 
     </span>
    </p>
   </div>
   <div class='ocr_carea' id='block_1_24' title="bbox 439 2514 2039 2588">
    <p class='ocr_par' dir='ltr' id='par_1_24' title="bbox 439 2514 2039 2588">
     <span class='ocr_line' id='line_1_24' title="bbox 439 2514 2039 2588; baseline -0.001 -16"><span class='ocrx_word' id='word_1_177' title='bbox 439 2514 720 2572; x_wconf 88' lang='lat' dir='ltr'><strong>beneficiis</strong></span> <span class='ocrx_word' id='word_1_178' title='bbox 752 2514 993 2588; x_wconf 86' lang='lat' dir='ltr'><strong>quandiu</strong></span> <span class='ocrx_word' id='word_1_179' title='bbox 1021 2514 1270 2585; x_wconf 87' lang='lat' dir='ltr'><strong>ingratos</strong></span> <span class='ocrx_word' id='word_1_180' title='bbox 1298 2514 1519 2582; x_wconf 86' lang='lat' dir='ltr'><strong>videbo,</strong></span> <span class='ocrx_word' id='word_1_181' title='bbox 1542 2516 1705 2571; x_wconf 91' lang='lat' dir='ltr'><strong>etiam</strong></span> <span class='ocrx_word' id='word_1_182' title='bbox 1729 2514 1783 2569; x_wconf 92' lang='lat' dir='ltr'><strong>in</strong></span> <span class='ocrx_word' id='word_1_183' title='bbox 1812 2515 2039 2573; x_wconf 87' lang='lat' dir='ltr'><strong>veritate</strong></span> 
     </span>
    </p>
   </div>
   <div class='ocr_carea' id='block_1_25' title="bbox 439 2603 2041 2676">
    <p class='ocr_par' dir='ltr' id='par_1_25' title="bbox 439 2603 2041 2676">
     <span class='ocr_line' id='line_1_25' title="bbox 439 2603 2041 2676; baseline 0.001 -16"><span class='ocrx_word' id='word_1_184' title='bbox 439 2612 726 2676; x_wconf 85' lang='lat' dir='ltr'><strong>suspectos</strong></span> <span class='ocrx_word' id='word_1_185' title='bbox 771 2603 1011 2660; x_wconf 83' lang='lat' dir='ltr'><strong>habebo.</strong></span> <span class='ocrx_word' id='word_1_186' title='bbox 1063 2604 1150 2659; x_wconf 78' lang='lat' dir='ltr'><strong>Me</strong></span> <span class='ocrx_word' id='word_1_187' title='bbox 1196 2603 1473 2659; x_wconf 90' lang='lat' dir='ltr'><strong>subditum</strong></span> <span class='ocrx_word' id='word_1_188' title='bbox 1520 2604 1787 2660; x_wconf 73' lang='lat' dir='ltr'><strong>Ecclesia:</strong></span> <span class='ocrx_word' id='word_1_189' title='bbox 1845 2613 2041 2661; x_wconf 65' lang='lat' dir='ltr'><strong>vestras</strong></span> 
     </span>
    </p>
   </div>
   <div class='ocr_carea' id='block_1_26' title="bbox 436 2691 2037 2765">
    <p class='ocr_par' dir='ltr' id='par_1_26' title="bbox 436 2691 2037 2765">
     <span class='ocr_line' id='line_1_26' title="bbox 436 2691 2037 2765; baseline 0 -16"><span class='ocrx_word' id='word_1_190' title='bbox 436 2691 773 2760; x_wconf 88' lang='lat' dir='ltr'><strong>asseruistis,</strong></span> <span class='ocrx_word' id='word_1_191' title='bbox 804 2692 954 2747; x_wconf 88' lang='lat' dir='ltr'><strong>unde</strong></span> <span class='ocrx_word' id='word_1_192' title='bbox 980 2708 1086 2763; x_wconf 89' lang='lat' dir='ltr'><strong>ego</strong></span> <span class='ocrx_word' id='word_1_193' title='bbox 1116 2692 1431 2748; x_wconf 87' lang='lat' dir='ltr'><strong>nullatenus</strong></span> <span class='ocrx_word' id='word_1_194' title='bbox 1469 2693 1836 2762; x_wconf 84' lang='lat' dir='ltr'><strong>scandalizor,</strong></span> <span class='ocrx_word' id='word_1_195' title='bbox 1890 2693 2037 2765; x_wconf 89' lang='lat' dir='ltr'><strong>quia,</strong></span> 
     </span>
    </p>
   </div>
   <div class='ocr_carea' id='block_1_27' title="bbox 436 2781 2041 2855">
    <p class='ocr_par' dir='ltr' id='par_1_27' title="bbox 436 2781 2041 2855">
     <span class='ocr_line' id='line_1_27' title="bbox 436 2781 2041 2855; baseline 0.001 -19"><span class='ocrx_word' id='word_1_196' title='bbox 436 2781 694 2855; x_wconf 83' lang='lat' dir='ltr'><strong>quamvis</strong></span> <span class='ocrx_word' id='word_1_197' title='bbox 709 2782 853 2836; x_wconf 89' lang='lat' dir='ltr'><strong>inter</strong></span> <span class='ocrx_word' id='word_1_198' title='bbox 866 2782 1168 2838; x_wconf 84' lang='lat' dir='ltr'><strong>Romanum</strong></span> <span class='ocrx_word' id='word_1_199' title='bbox 1189 2781 1499 2852; x_wconf 78' lang='lat' dir='ltr'><strong>pontificem</strong></span> <span class='ocrx_word' id='word_1_200' title='bbox 1516 2790 1569 2837; x_wconf 90' lang='lat' dir='ltr'><strong>et</strong></span> <span class='ocrx_word' id='word_1_201' title='bbox 1590 2798 1677 2837; x_wconf 92' lang='lat' dir='ltr'><strong>me</strong></span> <span class='ocrx_word' id='word_1_202' title='bbox 1692 2792 2041 2853; x_wconf 89' lang='lat' dir='ltr'><strong>peccatorem</strong></span> 
     </span>
    </p>
   </div>
   <div class='ocr_carea' id='block_1_28' title="bbox 435 2870 2041 2943">
    <p class='ocr_par' dir='ltr' id='par_1_28' title="bbox 435 2870 2041 2943">
     <span class='ocr_line' id='line_1_28' title="bbox 435 2870 2041 2943; baseline 0.001 -17"><span class='ocrx_word' id='word_1_203' title='bbox 435 2871 608 2937; x_wconf 86' lang='lat' dir='ltr'><strong>nulla,</strong></span> <span class='ocrx_word' id='word_1_204' title='bbox 637 2871 1011 2943; x_wconf 88' lang='lat' dir='ltr'><strong>cujuscunque</strong></span> <span class='ocrx_word' id='word_1_205' title='bbox 1039 2870 1324 2943; x_wconf 80' lang='lat' dir='ltr'><strong>dignitatis</strong></span> <span class='ocrx_word' id='word_1_206' title='bbox 1347 2870 1434 2926; x_wconf 90' lang='lat' dir='ltr'><strong>vel</strong></span> <span class='ocrx_word' id='word_1_207' title='bbox 1462 2871 1678 2926; x_wconf 89' lang='lat' dir='ltr'><strong>ordinis</strong></span> <span class='ocrx_word' id='word_1_208' title='bbox 1695 2871 1783 2937; x_wconf 88' lang='lat' dir='ltr'><strong>sit,</strong></span> <span class='ocrx_word' id='word_1_209' title='bbox 1805 2888 2041 2942; x_wconf 86' lang='lat' dir='ltr'><strong>persona</strong></span> 
     </span>
    </p>
   </div>
   <div class='ocr_carea' id='block_1_29' title="bbox 437 2959 2041 3031">
    <p class='ocr_par' dir='ltr' id='par_1_29' title="bbox 437 2959 2041 3031">
     <span class='ocr_line' id='line_1_29' title="bbox 437 2959 2041 3031; baseline 0.001 -16"><span class='ocrx_word' id='word_1_210' title='bbox 437 2961 620 3017; x_wconf 89' lang='lat' dir='ltr'><strong>media</strong></span> <span class='ocrx_word' id='word_1_211' title='bbox 665 2960 815 3031; x_wconf 74' lang='grc'>(106)</span> <span class='ocrx_word' id='word_1_212' title='bbox 870 2960 1163 3027; x_wconf 85' lang='lat' dir='ltr'><strong>habeatur,</strong></span> <span class='ocrx_word' id='word_1_213' title='bbox 1212 2960 1259 3014; x_wconf 89' lang='lat' dir='ltr'><strong>si</strong></span> <span class='ocrx_word' id='word_1_214' title='bbox 1315 2959 1612 3015; x_wconf 87' lang='lat' dir='ltr'><strong>auctoritas</strong></span> <span class='ocrx_word' id='word_1_215' title='bbox 1669 2960 2041 3017; x_wconf 87' lang='lat' dir='ltr'><strong>Romanorum</strong></span> 
     </span>
    </p>
   </div>
   <div class='ocr_carea' id='block_1_30' title="bbox 432 3048 2043 3123">
    <p class='ocr_par' dir='ltr' id='par_1_30' title="bbox 432 3048 2043 3123">
     <span class='ocr_line' id='line_1_30' title="bbox 432 3048 2043 3123; baseline 0.001 -18"><span class='ocrx_word' id='word_1_216' title='bbox 432 3048 756 3123; x_wconf 86' lang='lat' dir='ltr'><strong>pontificum</strong></span> <span class='ocrx_word' id='word_1_217' title='bbox 784 3048 1045 3105; x_wconf 89' lang='lat' dir='ltr'><strong>inviolata</strong></span> <span class='ocrx_word' id='word_1_218' title='bbox 1074 3055 1339 3116; x_wconf 84' lang='lat' dir='ltr'><strong>servatur,</strong></span> <span class='ocrx_word' id='word_1_219' title='bbox 1358 3048 1615 3105; x_wconf 87' lang='lat' dir='ltr'><strong>omnibus</strong></span> <span class='ocrx_word' id='word_1_220' title='bbox 1633 3057 1818 3104; x_wconf 88' lang='lat' dir='ltr'><strong>tamen</strong></span> <span class='ocrx_word' id='word_1_221' title='bbox 1846 3050 2043 3107; x_wconf 84' lang='lat' dir='ltr'><strong>Eccle-</strong></span> 
     </span>
    </p>
   </div>
   <div class='ocr_carea' id='block_1_31' title="bbox 435 3137 2041 3206">
    <p class='ocr_par' dir='ltr' id='par_1_31' title="bbox 435 3137 2041 3206">
     <span class='ocr_line' id='line_1_31' title="bbox 435 3137 2041 3206; baseline -0.001 -11"><span class='ocrx_word' id='word_1_222' title='bbox 435 3139 530 3195; x_wconf 85' lang='lat' dir='ltr'><strong>siis</strong></span> <span class='ocrx_word' id='word_1_223' title='bbox 552 3153 659 3195; x_wconf 92' lang='lat' dir='ltr'><strong>non</strong></span> <span class='ocrx_word' id='word_1_224' title='bbox 679 3138 857 3194; x_wconf 84' lang='lat' dir='ltr'><strong>solum</strong></span> <span class='ocrx_word' id='word_1_225' title='bbox 870 3137 1167 3206; x_wconf 88' lang='lat' dir='ltr'><strong>subditum,</strong></span> <span class='ocrx_word' id='word_1_226' title='bbox 1187 3153 1378 3193; x_wconf 90' lang='lat' dir='ltr'><strong>verum</strong></span> <span class='ocrx_word' id='word_1_227' title='bbox 1400 3138 1565 3194; x_wconf 90' lang='lat' dir='ltr'><strong>etiam</strong></span> <span class='ocrx_word' id='word_1_228' title='bbox 1587 3154 1776 3194; x_wconf 86' lang='lat' dir='ltr'><strong>earum</strong></span> <span class='ocrx_word' id='word_1_229' title='bbox 1794 3138 2041 3194; x_wconf 90' lang='lat' dir='ltr'><strong>inutilem</strong></span> 
     </span>
    </p>
   </div>
   <div class='ocr_carea' id='block_1_32' title="bbox 435 3235 2043 3295">
    <p class='ocr_par' dir='ltr' id='par_1_32' title="bbox 435 3235 2043 3295">
     <span class='ocr_line' id='line_1_32' title="bbox 435 3235 2043 3295; baseline 0.001 -4"><span class='ocrx_word' id='word_1_230' title='bbox 435 3250 656 3292; x_wconf 85' lang='lat' dir='ltr'><strong>servum</strong></span> <span class='ocrx_word' id='word_1_231' title='bbox 682 3251 772 3291; x_wconf 89' lang='lat' dir='ltr'><strong>me</strong></span> <span class='ocrx_word' id='word_1_232' title='bbox 803 3250 926 3292; x_wconf 83' lang='lat' dir='ltr'><strong>esse</strong></span> <span class='ocrx_word' id='word_1_233' title='bbox 956 3240 1255 3292; x_wconf 89' lang='lat' dir='ltr'><strong>contestor.</strong></span> <span class='ocrx_word' id='word_1_234' title='bbox 1281 3235 1609 3292; x_wconf 85' lang='lat' dir='ltr'><strong>Professum</strong></span> <span class='ocrx_word' id='word_1_235' title='bbox 1633 3253 1767 3293; x_wconf 86' lang='lat' dir='ltr'><strong>vero</strong></span> <span class='ocrx_word' id='word_1_236' title='bbox 1796 3245 2043 3295; x_wconf 88' lang='lat' dir='ltr'><strong>vestrum</strong></span> 
     </span>
    </p>
   </div>
   <div class='ocr_carea' id='block_1_33' title="bbox 435 3332 2044 3405">
    <p class='ocr_par' dir='ltr' id='par_1_33' title="bbox 435 3332 2044 3405">
     <span class='ocr_line' id='line_1_33' title="bbox 435 3332 2044 3405; baseline -0.001 -13"><span class='ocrx_word' id='word_1_237' title='bbox 435 3351 522 3392; x_wconf 90' lang='lat' dir='ltr'><strong>me</strong></span> <span class='ocrx_word' id='word_1_238' title='bbox 551 3333 791 3391; x_wconf 89' lang='lat' dir='ltr'><strong>vocastis</strong></span> <span class='ocrx_word' id='word_1_239' title='bbox 822 3334 1000 3405; x_wconf 84' lang='grc'>(10⁵7).</span> <span class='ocrx_word' id='word_1_240' title='bbox 1040 3332 1183 3390; x_wconf 88' lang='lat' dir='ltr'><strong>Satis</strong></span> <span class='ocrx_word' id='word_1_241' title='bbox 1225 3333 1421 3389; x_wconf 90' lang='lat' dir='ltr'><strong>melius</strong></span> <span class='ocrx_word' id='word_1_242' title='bbox 1461 3333 1657 3391; x_wconf 87' lang='lat' dir='ltr'><strong>fuisset</strong></span> <span class='ocrx_word' id='word_1_243' title='bbox 1705 3343 1763 3391; x_wconf 91' lang='lat' dir='ltr'><strong>ut</strong></span> <span class='ocrx_word' id='word_1_244' title='bbox 1806 3351 1839 3391; x_wconf 91' lang='lat' dir='ltr'><strong>a</strong></span> <span class='ocrx_word' id='word_1_245' title='bbox 1884 3336 2044 3391; x_wconf 88' lang='lat' dir='ltr'><strong>vobis</strong></span> 
     </span>
    </p>
   </div>
   <div class='ocr_carea' id='block_1_34' title="bbox 432 3422 2044 3496">
    <p class='ocr_par' dir='ltr' id='par_1_34' title="bbox 432 3422 2044 3496">
     <span class='ocr_line' id='line_1_34' title="bbox 432 3422 2044 3496; baseline 0.001 -16"><span class='ocrx_word' id='word_1_246' title='bbox 432 3428 707 3481; x_wconf 88' lang='lat' dir='ltr'><strong>sacratum</strong></span> <span class='ocrx_word' id='word_1_247' title='bbox 749 3423 1050 3479; x_wconf 90' lang='lat' dir='ltr'><strong>dixissetis.</strong></span> <span class='ocrx_word' id='word_1_248' title='bbox 1091 3422 1254 3486; x_wconf 89' lang='lat' dir='ltr'><strong>Quod</strong></span> <span class='ocrx_word' id='word_1_249' title='bbox 1301 3430 1356 3480; x_wconf 91' lang='lat' dir='ltr'><strong>et</strong></span> <span class='ocrx_word' id='word_1_250' title='bbox 1399 3422 1446 3478; x_wconf 91' lang='lat' dir='ltr'><strong>si</strong></span> <span class='ocrx_word' id='word_1_251' title='bbox 1491 3440 1593 3496; x_wconf 91' lang='lat' dir='ltr'><strong>pro</strong></span> <span class='ocrx_word' id='word_1_252' title='bbox 1625 3424 2044 3481; x_wconf 89' lang='lat' dir='ltr'><strong>consecratione</strong></span> 
     </span>
    </p>
   </div>
   <div class='ocr_carea' id='block_1_35' title="bbox 432 3510 2035 3585">
    <p class='ocr_par' dir='ltr' id='par_1_35' title="bbox 432 3510 2035 3585">
     <span class='ocr_line' id='line_1_35' title="bbox 432 3510 2035 3585; baseline 0.002 -18"><span class='ocrx_word' id='word_1_253' title='bbox 432 3512 862 3585; x_wconf 83' lang='lat' dir='ltr'><strong>professionem,</strong></span> <span class='ocrx_word' id='word_1_254' title='bbox 915 3519 969 3568; x_wconf 89' lang='lat' dir='ltr'><strong>et</strong></span> <span class='ocrx_word' id='word_1_255' title='bbox 1016 3527 1118 3584; x_wconf 88' lang='lat' dir='ltr'><strong>pro</strong></span> <span class='ocrx_word' id='word_1_256' title='bbox 1160 3510 1506 3583; x_wconf 83' lang='lat' dir='ltr'><strong>professione</strong></span> <span class='ocrx_word' id='word_1_257' title='bbox 1549 3513 1618 3567; x_wconf 91' lang='lat' dir='ltr'><strong>ab</strong></span> <span class='ocrx_word' id='word_1_258' title='bbox 1649 3513 1938 3569; x_wconf 91' lang='lat' dir='ltr'><strong>allodiario</strong></span> <span class='ocrx_word' id='word_1_259' title='bbox 1968 3514 2035 3570; x_wconf 85' lang='grc' dir='ltr'><strong>Β.</strong></span> 
     </span>
    </p>
   </div>
   <div class='ocr_carea' id='block_1_36' title="bbox 435 3600 2045 3672">
    <p class='ocr_par' dir='ltr' id='par_1_36' title="bbox 435 3600 2045 3672">
     <span class='ocr_line' id='line_1_36' title="bbox 435 3600 2045 3672; baseline 0.001 -14"><span class='ocrx_word' id='word_1_260' title='bbox 435 3601 577 3658; x_wconf 88' lang='lat' dir='ltr'><strong>Petri</strong></span> <span class='ocrx_word' id='word_1_261' title='bbox 599 3601 998 3672; x_wconf 85' lang='lat' dir='ltr'><strong>subjectionem</strong></span> <span class='ocrx_word' id='word_1_262' title='bbox 1022 3601 1180 3656; x_wconf 90' lang='lat' dir='ltr'><strong>vobis</strong></span> <span class='ocrx_word' id='word_1_263' title='bbox 1204 3600 1541 3670; x_wconf 89' lang='lat' dir='ltr'><strong>vindicastis,</strong></span> <span class='ocrx_word' id='word_1_264' title='bbox 1570 3603 2045 3659; x_wconf 84' lang='lat' dir='ltr'><strong>consecrationem</strong></span> 
     </span>
    </p>
   </div>
   <div class='ocr_carea' id='block_1_37' title="bbox 436 3689 2044 3763">
    <p class='ocr_par' dir='ltr' id='par_1_37' title="bbox 436 3689 2044 3763">
     <span class='ocr_line' id='line_1_37' title="bbox 436 3689 2044 3763; baseline 0.001 -16"><span class='ocrx_word' id='word_1_265' title='bbox 436 3691 625 3763; x_wconf 89' lang='lat' dir='ltr'><strong>utique</strong></span> <span class='ocrx_word' id='word_1_266' title='bbox 668 3691 818 3746; x_wconf 87' lang='lat' dir='ltr'><strong>illam</strong></span> <span class='ocrx_word' id='word_1_267' title='bbox 866 3690 1038 3762; x_wconf 78' lang='lat' dir='ltr'><strong>gratis</strong></span> <span class='ocrx_word' id='word_1_268' title='bbox 1081 3689 1303 3745; x_wconf 90' lang='lat' dir='ltr'><strong>minime</strong></span> <span class='ocrx_word' id='word_1_269' title='bbox 1343 3690 1709 3761; x_wconf 89' lang='lat' dir='ltr'><strong>impendistis.</strong></span> <span class='ocrx_word' id='word_1_270' title='bbox 1745 3693 1868 3748; x_wconf 91' lang='lat' dir='ltr'><strong>Non</strong></span> <span class='ocrx_word' id='word_1_271' title='bbox 1897 3693 2044 3748; x_wconf 90' lang='lat' dir='ltr'><strong>enim</strong></span> 
     </span>
    </p>
   </div>
   <div class='ocr_carea' id='block_1_38' title="bbox 439 3778 2045 3852">
    <p class='ocr_par' dir='ltr' id='par_1_38' title="bbox 439 3778 2045 3852">
     <span class='ocr_line' id='line_1_38' title="bbox 439 3778 2045 3852; baseline 0.001 -17"><span class='ocrx_word' id='word_1_272' title='bbox 439 3778 607 3852; x_wconf 83' lang='lat' dir='ltr'><strong>gratis</strong></span> <span class='ocrx_word' id='word_1_273' title='bbox 635 3780 984 3851; x_wconf 86' lang='lat' dir='ltr'><strong>impenditur,</strong></span> <span class='ocrx_word' id='word_1_274' title='bbox 1016 3794 1122 3851; x_wconf 92' lang='lat' dir='ltr'><strong>per</strong></span> <span class='ocrx_word' id='word_1_275' title='bbox 1152 3779 1297 3852; x_wconf 91' lang='lat' dir='ltr'><strong>quod</strong></span> <span class='ocrx_word' id='word_1_276' title='bbox 1329 3780 1494 3835; x_wconf 93' lang='lat' dir='ltr'><strong>homo</strong></span> <span class='ocrx_word' id='word_1_277' title='bbox 1524 3781 1731 3836; x_wconf 85' lang='lat' dir='ltr'><strong>homini</strong></span> <span class='ocrx_word' id='word_1_278' title='bbox 1765 3783 2045 3851; x_wconf 84' lang='lat' dir='ltr'><strong>subjectus</strong></span> 
     </span>
    </p>
   </div>
   <div class='ocr_carea' id='block_1_39' title="bbox 437 3868 2045 3941">
    <p class='ocr_par' dir='ltr' id='par_1_39' title="bbox 437 3868 2045 3941">
     <span class='ocr_line' id='line_1_39' title="bbox 437 3868 2045 3941; baseline 0.001 -15"><span class='ocrx_word' id='word_1_279' title='bbox 437 3869 689 3926; x_wconf 78' lang='lat' dir='ltr'><strong>efﬁcitur.</strong></span> <span class='ocrx_word' id='word_1_280' title='bbox 724 3871 783 3925; x_wconf 85' lang='lat' dir='ltr'><strong>in</strong></span> <span class='ocrx_word' id='word_1_281' title='bbox 813 3868 1157 3941; x_wconf 80' lang='lat' dir='ltr'><strong>professione</strong></span> <span class='ocrx_word' id='word_1_282' title='bbox 1176 3868 1447 3940; x_wconf 86' lang='lat' dir='ltr'><strong>siquidem</strong></span> <span class='ocrx_word' id='word_1_283' title='bbox 1475 3869 1571 3924; x_wconf 90' lang='lat' dir='ltr'><strong>illa</strong></span> <span class='ocrx_word' id='word_1_284' title='bbox 1599 3870 1829 3927; x_wconf 88' lang='lat' dir='ltr'><strong>consilio</strong></span> <span class='ocrx_word' id='word_1_285' title='bbox 1862 3880 2045 3928; x_wconf 89' lang='lat' dir='ltr'><strong>vestro</strong></span> 
     </span>
    </p>
   </div>
   <div class='ocr_carea' id='block_1_40' title="bbox 439 3958 2045 4031">
    <p class='ocr_par' dir='ltr' id='par_1_40' title="bbox 439 3958 2045 4031">
     <span class='ocr_line' id='line_1_40' title="bbox 439 3958 2045 4031; baseline 0.001 -16"><span class='ocrx_word' id='word_1_286' title='bbox 439 3959 609 4015; x_wconf 84' lang='lat' dir='ltr'><strong>nimia</strong></span> <span class='ocrx_word' id='word_1_287' title='bbox 635 3958 980 4031; x_wconf 83' lang='lat' dir='ltr'><strong>simplicitate</strong></span> <span class='ocrx_word' id='word_1_288' title='bbox 1008 3958 1258 4029; x_wconf 88' lang='lat' dir='ltr'><strong>acquievi</strong></span> <span class='ocrx_word' id='word_1_289' title='bbox 1284 3976 1299 4022; x_wconf 86' lang='lat'><strong>;</strong></span> <span class='ocrx_word' id='word_1_290' title='bbox 1331 3959 1444 4025; x_wconf 88' lang='lat' dir='ltr'><strong>ubi,</strong></span> <span class='ocrx_word' id='word_1_291' title='bbox 1470 3958 1517 4013; x_wconf 89' lang='lat' dir='ltr'><strong>si</strong></span> <span class='ocrx_word' id='word_1_292' title='bbox 1536 3959 1666 4031; x_wconf 92' lang='lat' dir='ltr'><strong>quid</strong></span> <span class='ocrx_word' id='word_1_293' title='bbox 1688 3960 1846 4016; x_wconf 89' lang='lat' dir='ltr'><strong>aliter</strong></span> <span class='ocrx_word' id='word_1_294' title='bbox 1863 3969 2045 4017; x_wconf 90' lang='lat' dir='ltr'><strong>actum</strong></span> 
     </span>
    </p>
   </div>
   <div class='ocr_carea' id='block_1_41' title="bbox 440 4046 2082 4121">
    <p class='ocr_par' dir='ltr' id='par_1_41' title="bbox 440 4046 2082 4121">
     <span class='ocr_line' id='line_1_41' title="bbox 440 4046 2082 4121; baseline 0.001 -16"><span class='ocrx_word' id='word_1_295' title='bbox 440 4057 541 4116; x_wconf 91' lang='lat' dir='ltr'><strong>est,</strong></span> <span class='ocrx_word' id='word_1_296' title='bbox 600 4065 704 4107; x_wconf 88' lang='lat' dir='ltr'><strong>vos</strong></span> <span class='ocrx_word' id='word_1_297' title='bbox 750 4048 992 4104; x_wconf 88' lang='lat' dir='ltr'><strong>scienter</strong></span> <span class='ocrx_word' id='word_1_298' title='bbox 1037 4046 1267 4111; x_wconf 84' lang='lat' dir='ltr'><strong>fecistis,</strong></span> <span class='ocrx_word' id='word_1_299' title='bbox 1320 4064 1428 4121; x_wconf 87' lang='lat' dir='ltr'><strong>ego</strong></span> <span class='ocrx_word' id='word_1_300' title='bbox 1481 4056 1672 4104; x_wconf 90' lang='lat' dir='ltr'><strong>autem</strong></span> <span class='ocrx_word' id='word_1_301' title='bbox 1721 4047 2082 4120; x_wconf 69' lang='lat' dir='ltr'><strong>ignoranter&#39;</strong></span> 
     </span>
    </p>
   </div>
   <div class='ocr_carea' id='block_1_42' title="bbox 439 4136 2045 4211">
    <p class='ocr_par' dir='ltr' id='par_1_42' title="bbox 439 4136 2045 4211">
     <span class='ocr_line' id='line_1_42' title="bbox 439 4136 2045 4211; baseline 0.001 -16"><span class='ocrx_word' id='word_1_302' title='bbox 439 4138 690 4211; x_wconf 88' lang='lat' dir='ltr'><strong>peccavi.</strong></span> <span class='ocrx_word' id='word_1_303' title='bbox 729 4137 838 4194; x_wconf 88' lang='lat' dir='ltr'><strong>Sed</strong></span> <span class='ocrx_word' id='word_1_304' title='bbox 866 4136 1125 4193; x_wconf 88' lang='lat' dir='ltr'><strong>dominus</strong></span> <span class='ocrx_word' id='word_1_305' title='bbox 1152 4145 1344 4194; x_wconf 87' lang='lat' dir='ltr'><strong>noster</strong></span> <span class='ocrx_word' id='word_1_306' title='bbox 1372 4138 1711 4194; x_wconf 82' lang='lat' dir='ltr'><strong>honorabilis</strong></span> <span class='ocrx_word' id='word_1_307' title='bbox 1766 4140 2045 4196; x_wconf 64' lang='lat' dir='ltr'><strong>memoriae</strong></span> 
     </span>
    </p>
   </div>
   <div class='ocr_carea' id='block_1_43' title="bbox 440 4225 2047 4297">
    <p class='ocr_par' dir='ltr' id='par_1_43' title="bbox 440 4225 2047 4297">
     <span class='ocr_line' id='line_1_43' title="bbox 440 4225 2047 4297; baseline 0.003 -17"><span class='ocrx_word' id='word_1_308' title='bbox 440 4241 587 4297; x_wconf 87' lang='lat' dir='ltr'><strong>papa</strong></span> <span class='ocrx_word' id='word_1_309' title='bbox 615 4227 867 4282; x_wconf 89' lang='lat' dir='ltr'><strong>Urbanus</strong></span> <span class='ocrx_word' id='word_1_310' title='bbox 897 4225 1048 4296; x_wconf 86' lang='lat'><strong>(108)</strong></span> <span class='ocrx_word' id='word_1_311' title='bbox 1077 4240 1202 4280; x_wconf 91' lang='lat' dir='ltr'><strong>cum</strong></span> <span class='ocrx_word' id='word_1_312' title='bbox 1248 4242 1349 4293; x_wconf 90' lang='lat' dir='ltr'><strong>per</strong></span> <span class='ocrx_word' id='word_1_313' title='bbox 1386 4241 1490 4281; x_wconf 91' lang='lat' dir='ltr'><strong>nos</strong></span> <span class='ocrx_word' id='word_1_314' title='bbox 1521 4227 1798 4295; x_wconf 88' lang='lat' dir='ltr'><strong>transiret,</strong></span> <span class='ocrx_word' id='word_1_315' title='bbox 1834 4229 2047 4285; x_wconf 87' lang='lat' dir='ltr'><strong>audivit</strong></span> 
     </span>
    </p>
   </div>
   <div class='ocr_carea' id='block_1_44' title="bbox 437 4315 2046 4388">
    <p class='ocr_par' dir='ltr' id='par_1_44' title="bbox 437 4315 2046 4388">
     <span class='ocr_line' id='line_1_44' title="bbox 437 4315 2046 4388; baseline 0.002 -16"><span class='ocrx_word' id='word_1_316' title='bbox 437 4333 469 4372; x_wconf 95' lang='lat' dir='ltr'><strong>a</strong></span> <span class='ocrx_word' id='word_1_317' title='bbox 517 4315 773 4372; x_wconf 85' lang='lat' dir='ltr'><strong>fratribus</strong></span> <span class='ocrx_word' id='word_1_318' title='bbox 813 4331 901 4371; x_wconf 90' lang='lat' dir='ltr'><strong>me</strong></span> <span class='ocrx_word' id='word_1_319' title='bbox 942 4315 1100 4373; x_wconf 87' lang='lat' dir='ltr'><strong>vobis</strong></span> <span class='ocrx_word' id='word_1_320' title='bbox 1143 4316 1547 4388; x_wconf 89' lang='lat' dir='ltr'><strong>professionem</strong></span> <span class='ocrx_word' id='word_1_321' title='bbox 1598 4317 1830 4375; x_wconf 87' lang='lat' dir='ltr'><strong>fecisse.</strong></span> <span class='ocrx_word' id='word_1_322' title='bbox 1884 4320 2046 4376; x_wconf 91' lang='lat' dir='ltr'><strong>Unde</strong></span> 
     </span>
    </p>
   </div>
   <div class='ocr_carea' id='block_1_45' title="bbox 447 4495 2041 4625">
    <p class='ocr_par' dir='ltr' id='par_1_45' title="bbox 447 4495 2041 4625">
     <span class='ocr_line' id='line_1_45' title="bbox 447 4495 2041 4625; baseline 0 -68"><span class='ocrx_word' id='word_1_323' title='bbox 447 4563 469 4625; x_wconf 62' lang='grc' dir='ltr'>Ι</span> <span class='ocrx_word' id='word_1_324' title='bbox 509 4496 663 4624; x_wconf 51' lang='lat' dir='ltr'><strong>3L0?)</strong></span> <span class='ocrx_word' id='word_1_325' title='bbox 692 4495 934 4554; x_wconf 78' lang='lat' dir='ltr'><strong>Litteras</strong></span> <span class='ocrx_word' id='word_1_326' title='bbox 966 4498 1200 4553; x_wconf 83' lang='lat' dir='ltr'><strong>vestras.</strong></span> <span class='ocrx_word' id='word_1_327' title='bbox 1253 4495 1413 4554; x_wconf 87' lang='lat' dir='ltr'><strong>Nunc</strong></span> <span class='ocrx_word' id='word_1_328' title='bbox 1463 4504 1677 4557; x_wconf 80' lang='lat' dir='ltr'><strong>exstant</strong></span> <span class='ocrx_word' id='word_1_329' title='bbox 1718 4499 1806 4557; x_wconf 70' lang='lat' dir='ltr'><strong>hae</strong></span> <span class='ocrx_word' id='word_1_330' title='bbox 1843 4497 2041 4557; x_wconf 72' lang='lat' dir='ltr'><strong>littera:</strong></span> 
     </span>
     <span class='ocr_line' id='line_1_46' title="bbox 476 4585 650 4624; baseline -0.017 0"><span class='ocrx_word' id='word_1_331' title='bbox 476 4585 505 4624; x_wconf 90' lang='lat' dir='ltr'><strong>v</strong></span> <span class='ocrx_word' id='word_1_332' title='bbox 583 4585 650 4623; x_wconf 85' lang='grc' dir='ltr'><strong>ι..</strong></span> 
     </span>
    </p>
   </div>
   <div class='ocr_carea' id='block_1_46' title="bbox 476 4584 650 4624">
    <p class='ocr_par' dir='ltr' id='par_1_46' title="bbox 476 4584 650 4624">
     <span class='ocr_line' id='line_1_47' title="bbox 476 4584 650 4624; baseline -0.017 0"><span class='ocrx_word' id='word_1_333' title='bbox 476 4584 650 4624; x_wconf 68' lang='grc' dir='ltr'><strong>νοηις.</strong></span> 
     </span>
    </p>
   </div>
   <div class='ocr_carea' id='block_1_47' title="bbox 517 4638 2038 4716">
    <p class='ocr_par' dir='ltr' id='par_1_47' title="bbox 517 4638 2038 4716">
     <span class='ocr_line' id='line_1_48' title="bbox 517 4638 2038 4716; baseline 0.006 -23"><span class='ocrx_word' id='word_1_334' title='bbox 517 4642 665 4716; x_wconf 77' lang='lat'><strong>(106)</strong></span> <span class='ocrx_word' id='word_1_335' title='bbox 685 4638 858 4716; x_wconf 66' lang='lat' dir='ltr'><strong>[Valla</strong></span> <span class='ocrx_word' id='word_1_336' title='bbox 887 4654 1126 4716; x_wconf 73' lang='lat' dir='ltr'><strong>persona</strong></span> <span class='ocrx_word' id='word_1_337' title='bbox 1156 4638 1367 4716; x_wconf 79' lang='lat' dir='ltr'><strong>media.</strong></span> <span class='ocrx_word' id='word_1_338' title='bbox 1394 4640 1772 4716; x_wconf 12' lang='lat' dir='ltr'><strong>l_niprivilegie</strong></span> <span class='ocrx_word' id='word_1_339' title='bbox 1802 4644 2038 4702; x_wconf 82' lang='lat' dir='ltr'><strong>Victoris</strong></span> 
     </span>
    </p>
   </div>
   <div class='ocr_carea' id='block_1_48' title="bbox 443 4709 2037 4788">
    <p class='ocr_par' dir='ltr' id='par_1_48' title="bbox 443 4709 2037 4788">
     <span class='ocr_line' id='line_1_49' title="bbox 443 4709 2037 4788; baseline 0.006 -23"><span class='ocrx_word' id='word_1_340' title='bbox 443 4710 493 4788; x_wconf 80' lang='lat' dir='ltr'><strong>Il</strong></span> <span class='ocrx_word' id='word_1_341' title='bbox 514 4709 534 4788; x_wconf 57' lang='lat'><strong>_:&#39;</strong></span> <span class='ocrx_word' id='word_1_342' title='bbox 553 4709 965 4788; x_wconf 63' lang='lat' dir='ltr'><strong>Con/irruamus</strong></span> <span class='ocrx_word' id='word_1_343' title='bbox 986 4711 1185 4788; x_wconf 73' lang='lat' dir='ltr'><strong>igitur,</strong></span> <span class='ocrx_word' id='word_1_344' title='bbox 1206 4715 1377 4787; x_wconf 85' lang='lat' dir='ltr'><strong>atque</strong></span> <span class='ocrx_word' id='word_1_345' title='bbox 1398 4709 1500 4769; x_wconf 50' lang='lat' dir='ltr'><strong>BB‘.</strong></span> <span class='ocrx_word' id='word_1_346' title='bbox 1526 4709 1910 4788; x_wconf 70' lang='lat' dir='ltr'><strong>apostolorum</strong></span> <span class='ocrx_word' id='word_1_347' title='bbox 1927 4720 2037 4774; x_wconf 88' lang='lat' dir='ltr'><strong>Pe-</strong></span> 
     </span>
    </p>
   </div>
   <div class='ocr_carea' id='block_1_49' title="bbox 445 4782 2041 4862">
    <p class='ocr_par' dir='ltr' id='par_1_49' title="bbox 445 4782 2041 4862">
     <span class='ocr_line' id='line_1_50' title="bbox 445 4782 2041 4862; baseline 0.004 -23"><span class='ocrx_word' id='word_1_348' title='bbox 445 4785 524 4862; x_wconf 70' lang='lat' dir='ltr'><strong>tri</strong></span> <span class='ocrx_word' id='word_1_349' title='bbox 537 4786 604 4862; x_wconf 68' lang='lat' dir='ltr'><strong>et</strong></span> <span class='ocrx_word' id='word_1_350' title='bbox 618 4783 786 4839; x_wconf 79' lang='lat' dir='ltr'><strong>Pauli</strong></span> <span class='ocrx_word' id='word_1_351' title='bbox 802 4784 1148 4862; x_wconf 73' lang='lat' dir='ltr'><strong>auctoritate</strong></span> <span class='ocrx_word' id='word_1_352' title='bbox 1166 4782 1357 4862; x_wconf 76' lang='lat' dir='ltr'><strong>ipsum</strong></span> <span class='ocrx_word' id='word_1_353' title='bbox 1376 4782 1793 4862; x_wconf 71' lang='lat' dir='ltr'><strong>monasterium</strong></span> <span class='ocrx_word' id='word_1_354' title='bbox 1814 4790 1899 4845; x_wconf 80' lang='lat' dir='ltr'><strong>ita</strong></span> <span class='ocrx_word' id='word_1_355' title='bbox 1917 4805 2041 4862; x_wconf 79' lang='lat' dir='ltr'><strong>spe-</strong></span> 
     </span>
    </p>
   </div>
   <div class='ocr_carea' id='block_1_50' title="bbox 444 4854 2042 4931">
    <p class='ocr_par' dir='ltr' id='par_1_50' title="bbox 444 4854 2042 4931">
     <span class='ocr_line' id='line_1_51' title="bbox 444 4854 2042 4931; baseline 0.003 -21"><span class='ocrx_word' id='word_1_356' title='bbox 444 4856 674 4931; x_wconf 75' lang='lat' dir='ltr'><strong>cialiter</strong></span> <span class='ocrx_word' id='word_1_357' title='bbox 686 4854 1126 4931; x_wconf 58' lang='lat' dir='ltr'><strong>corroboret-Inus,</strong></span> <span class='ocrx_word' id='word_1_358' title='bbox 1143 4857 1423 4931; x_wconf 74' lang='lat' dir='ltr'><strong>quatenus</strong></span> <span class='ocrx_word' id='word_1_359' title='bbox 1438 4857 1597 4931; x_wconf 74' lang='lat' dir='ltr'><strong>inter</strong></span> <span class='ocrx_word' id='word_1_360' title='bbox 1611 4858 1878 4931; x_wconf 63' lang='lat' dir='ltr'><strong>primceet</strong></span> <span class='ocrx_word' id='word_1_361' title='bbox 1890 4854 2042 4931; x_wconf 69' lang='lat' dir='ltr'><strong>apos-</strong></span> 
     </span>
    </p>
   </div>
   <div class='ocr_carea' id='block_1_51' title="bbox 448 4925 2039 4998">
    <p class='ocr_par' dir='ltr' id='par_1_51' title="bbox 448 4925 2039 4998">
     <span class='ocr_line' id='line_1_52' title="bbox 448 4925 2039 4998; baseline 0.003 -15"><span class='ocrx_word' id='word_1_362' title='bbox 448 4928 631 4983; x_wconf 78' lang='lat' dir='ltr'><strong>tolica:</strong></span> <span class='ocrx_word' id='word_1_363' title='bbox 652 4926 802 4998; x_wconf 74' lang='lat' dir='ltr'><strong>sedis</strong></span> <span class='ocrx_word' id='word_1_364' title='bbox 821 4925 1169 4998; x_wconf 75' lang='lat' dir='ltr'><strong>pontiﬁcem,</strong></span> <span class='ocrx_word' id='word_1_365' title='bbox 1196 4929 1251 4998; x_wconf 77' lang='lat' dir='ltr'><strong>et</strong></span> <span class='ocrx_word' id='word_1_366' title='bbox 1274 4925 1746 4987; x_wconf 66' lang='lat' dir='ltr'><strong>venerabilis&#39;toci</strong></span> <span class='ocrx_word' id='word_1_367' title='bbox 1780 4925 2039 4988; x_wconf 78' lang='lat' dir='ltr'><strong>Vindoci-</strong></span> 
     </span>
    </p>
   </div>
   <div class='ocr_carea' id='block_1_52' title="bbox 447 4996 2042 5069">
    <p class='ocr_par' dir='ltr' id='par_1_52' title="bbox 447 4996 2042 5069">
     <span class='ocr_line' id='line_1_53' title="bbox 447 4996 2042 5069; baseline 0.004 -16"><span class='ocrx_word' id='word_1_368' title='bbox 447 5000 644 5055; x_wconf 76' lang='lat' dir='ltr'><strong>nensis</strong></span> <span class='ocrx_word' id='word_1_369' title='bbox 664 4996 920 5054; x_wconf 78' lang='lat' dir='ltr'><strong>abbatem</strong></span> <span class='ocrx_word' id='word_1_370' title='bbox 937 4997 1105 5069; x_wconf 67' lang='lat' dir='ltr'><strong>nulla</strong></span> <span class='ocrx_word' id='word_1_371' title='bbox 1121 4996 1391 5069; x_wconf 74' lang='lat' dir='ltr'><strong>cujusque</strong></span> <span class='ocrx_word' id='word_1_372' title='bbox 1410 4998 1712 5069; x_wconf 76' lang='lat' dir='ltr'><strong>dignitatis</strong></span> <span class='ocrx_word' id='word_1_373' title='bbox 1726 5003 1813 5058; x_wconf 84' lang='lat' dir='ltr'><strong>vel</strong></span> <span class='ocrx_word' id='word_1_374' title='bbox 1826 5002 2042 5060; x_wconf 78' lang='lat' dir='ltr'><strong>ordini:</strong></span> 
     </span>
    </p>
   </div>
   <div class='ocr_carea' id='block_1_53' title="bbox 487 5065 2043 5140">
    <p class='ocr_par' dir='ltr' id='par_1_53' title="bbox 487 5065 2043 5140">
     <span class='ocr_line' id='line_1_54' title="bbox 487 5065 2043 5140; baseline 0.003 -15"><span class='ocrx_word' id='word_1_375' title='bbox 487 5084 690 5126; x_wconf 82' lang='lat' dir='ltr'><strong>ersona</strong></span> <span class='ocrx_word' id='word_1_376' title='bbox 708 5070 807 5140; x_wconf 78' lang='lat' dir='ltr'><strong>sit,</strong></span> <span class='ocrx_word' id='word_1_377' title='bbox 826 5068 1014 5140; x_wconf 62' lang='lat' dir='ltr'><strong>inedia</strong></span> <span class='ocrx_word' id='word_1_378' title='bbox 1031 5065 1341 5140; x_wconf 73' lang='lat' dir='ltr'><strong>habentur,-</strong></span> <span class='ocrx_word' id='word_1_379' title='bbox 1365 5065 1487 5140; x_wconf 73' lang='lat' dir='ltr'><strong>quae</strong></span> <span class='ocrx_word' id='word_1_380' title='bbox 1509 5071 1703 5128; x_wconf 88' lang='lat' dir='ltr'><strong>eadem</strong></span> <span class='ocrx_word' id='word_1_381' title='bbox 1723 5071 1839 5128; x_wconf 85' lang='lat' dir='ltr'><strong>fere</strong></span> <span class='ocrx_word' id='word_1_382' title='bbox 1870 5074 2043 5130; x_wconf 87' lang='lat' dir='ltr'><strong>verba</strong></span> 
     </span>
    </p>
   </div>
   <div class='ocr_carea' id='block_1_54' title="bbox 468 5136 2041 5221">
    <p class='ocr_par' dir='ltr' id='par_1_54' title="bbox 468 5136 2041 5221">
     <span class='ocr_line' id='line_1_55' title="bbox 468 5136 2041 5221; baseline 0.004 -27"><span class='ocrx_word' id='word_1_383' title='bbox 468 5149 702 5221; x_wconf 66' lang='lat' dir='ltr'><strong>eguntur</strong></span> <span class='ocrx_word' id='word_1_384' title='bbox 728 5138 784 5220; x_wconf 80' lang='lat' dir='ltr'><strong>in</strong></span> <span class='ocrx_word' id='word_1_385' title='bbox 813 5136 1401 5221; x_wconf 69' lang='lat' dir='ltr'><strong>aliprum_ponuucum</strong></span> <span class='ocrx_word' id='word_1_386' title='bbox 1432 5140 1763 5214; x_wconf 87' lang='lat' dir='ltr'><strong>diplomatis,</strong></span> <span class='ocrx_word' id='word_1_387' title='bbox 1796 5151 1957 5218; x_wconf 87' lang='lat' dir='ltr'><strong>atque</strong></span> <span class='ocrx_word' id='word_1_388' title='bbox 1986 5145 2041 5200; x_wconf 91' lang='lat' dir='ltr'><strong>in</strong></span> 
     </span>
    </p>
   </div>
   <div class='ocr_carea' id='block_1_55' title="bbox 447 5208 1240 5270">
    <p class='ocr_par' dir='ltr' id='par_1_55' title="bbox 447 5208 1240 5270">
     <span class='ocr_line' id='line_1_56' title="bbox 447 5208 1240 5270; baseline -0.003 -4"><span class='ocrx_word' id='word_1_389' title='bbox 447 5208 649 5270; x_wconf 86' lang='lat' dir='ltr'><strong>tabulis</strong></span> <span class='ocrx_word' id='word_1_390' title='bbox 679 5208 850 5270; x_wconf 74' lang='lat' dir='ltr'><strong>ipsius</strong></span> <span class='ocrx_word' id='word_1_391' title='bbox 882 5208 1240 5264; x_wconf 89' lang='lat' dir='ltr'><strong>fundationis.</strong></span> 
     </span>
    </p>
   </div>
   <div class='ocr_carea' id='block_1_56' title="bbox 518 5226 2042 5362">
    <p class='ocr_par' dir='ltr' id='par_1_56' title="bbox 518 5226 2042 5362">
     <span class='ocr_line' id='line_1_57' title="bbox 518 5226 1240 5265; baseline -0.001 0"><span class='ocrx_word' id='word_1_392' title='bbox 518 5226 649 5265; x_wconf 74' lang='lat' dir='ltr'><strong>unus</strong></span> <span class='ocrx_word' id='word_1_393' title='bbox 679 5227 695 5265; x_wconf 89' lang='grc' dir='ltr'><strong><em>ι</em></strong></span> <span class='ocrx_word' id='word_1_394' title='bbox 739 5226 850 5264; x_wconf 72' lang='lat' dir='ltr'><strong>sms</strong></span> <span class='ocrx_word' id='word_1_395' title='bbox 882 5226 1240 5264; x_wconf 76' lang='lat' dir='ltr'><strong>tunnauoms.</strong></span> 
     </span>
     <span class='ocr_line' id='line_1_58' title="bbox 518 5226 2042 5362; baseline 0.005 -25"><span class='ocrx_word' id='word_1_396' title='bbox 518 5283 561 5362; x_wconf 81' lang='grc'>(1</span> <span class='ocrx_word' id='word_1_397' title='bbox 576 5280 668 5362; x_wconf 83' lang='lat'><strong>07)</strong></span> <span class='ocrx_word' id='word_1_398' title='bbox 687 5226 1010 5362; x_wconf 64' lang='lat' dir='ltr'><strong>Brofessum</strong></span> <span class='ocrx_word' id='word_1_399' title='bbox 1030 5284 1278 5361; x_wconf 74' lang='lat' dir='ltr'><strong>vestrum</strong></span> <span class='ocrx_word' id='word_1_400' title='bbox 1292 5296 1382 5337; x_wconf 85' lang='lat' dir='ltr'><strong>me</strong></span> <span class='ocrx_word' id='word_1_401' title='bbox 1398 5285 1655 5341; x_wconf 82' lang='lat' dir='ltr'><strong>vocastis.</strong></span> <span class='ocrx_word' id='word_1_402' title='bbox 1672 5285 1701 5341; x_wconf 81' lang='lat' dir='ltr'>J</span> <span class='ocrx_word' id='word_1_403' title='bbox 1708 5301 1804 5341; x_wconf 88' lang='lat' dir='ltr'><strong>ure</strong></span> <span class='ocrx_word' id='word_1_404' title='bbox 1818 5285 2042 5362; x_wconf 70' lang='lat' dir='ltr'><strong>antiquo</strong></span> 
     </span>
    </p>
   </div>
   <div class='ocr_carea' id='block_1_57' title="bbox 448 5352 2043 5427">
    <p class='ocr_par' dir='ltr' id='par_1_57' title="bbox 448 5352 2043 5427">
     <span class='ocr_line' id='line_1_59' title="bbox 448 5352 2043 5427; baseline 0.004 -20"><span class='ocrx_word' id='word_1_405' title='bbox 448 5352 891 5427; x_wconf 72' lang='lat' dir='ltr'><strong>abbatesomnes</strong></span> <span class='ocrx_word' id='word_1_406' title='bbox 917 5352 972 5405; x_wconf 92' lang='lat' dir='ltr'><strong>in</strong></span> <span class='ocrx_word' id='word_1_407' title='bbox 1003 5352 1381 5427; x_wconf 85' lang='lat' dir='ltr'><strong>episcoporum</strong></span> <span class='ocrx_word' id='word_1_408' title='bbox 1404 5363 1563 5411; x_wconf 88' lang='lat' dir='ltr'><strong>erant</strong></span> <span class='ocrx_word' id='word_1_409' title='bbox 1592 5365 1874 5427; x_wconf 87' lang='lat' dir='ltr'><strong>potestate.</strong></span> <span class='ocrx_word' id='word_1_410' title='bbox 1900 5352 2043 5416; x_wconf 82' lang='lat' dir='ltr'><strong>Gon-</strong></span> 
     </span>
    </p>
   </div>
   <div class='ocr_carea' id='block_1_58' title="bbox 447 5420 2042 5502">
    <p class='ocr_par' dir='ltr' id='par_1_58' title="bbox 447 5420 2042 5502">
     <span class='ocr_line' id='line_1_60' title="bbox 447 5420 2042 5502; baseline 0.006 -25"><span class='ocrx_word' id='word_1_411' title='bbox 447 5420 1068 5502; x_wconf 59' lang='lat' dir='ltr'><strong>cilium_Aurelia_nense</strong></span> <span class='ocrx_word' id='word_1_412' title='bbox 1096 5422 1331 5502; x_wconf 82' lang='lat' dir='ltr'><strong>primum</strong></span> <span class='ocrx_word' id='word_1_413' title='bbox 1361 5439 1491 5481; x_wconf 91' lang='lat' dir='ltr'><strong>can.</strong></span> <span class='ocrx_word' id='word_1_414' title='bbox 1530 5420 1633 5482; x_wconf 59' lang='lat' dir='ltr'><strong>lt&#39;:</strong></span> <span class='ocrx_word' id='word_1_415' title='bbox 1669 5427 1914 5485; x_wconf 81' lang='lat' dir='ltr'><strong>Abbates</strong></span> <span class='ocrx_word' id='word_1_416' title='bbox 1942 5447 2042 5502; x_wconf 83' lang='lat' dir='ltr'><strong>pro</strong></span> 
     </span>
    </p>
   </div>
   <div class='ocr_carea' id='block_1_59' title="bbox 451 5491 2044 5571">
    <p class='ocr_par' dir='ltr' id='par_1_59' title="bbox 451 5491 2044 5571">
     <span class='ocr_line' id='line_1_61' title="bbox 451 5491 2044 5571; baseline 0.006 -22"><span class='ocrx_word' id='word_1_417' title='bbox 451 5492 785 5571; x_wconf 63' lang='lat' dir='ltr'><strong>humilitate</strong></span> <span class='ocrx_word' id='word_1_418' title='bbox 796 5491 1085 5571; x_wconf 63' lang='lat' dir='ltr'><strong>religionis</strong></span> <span class='ocrx_word' id='word_1_419' title='bbox 1097 5492 1157 5548; x_wconf 84' lang='lat' dir='ltr'><strong>in</strong></span> <span class='ocrx_word' id='word_1_420' title='bbox 1171 5495 1555 5571; x_wconf 74' lang='lat' dir='ltr'><strong>episcoporum</strong></span> <span class='ocrx_word' id='word_1_421' title='bbox 1568 5491 2044 5571; x_wconf 56' lang='lat' dir='ltr'><strong>potestatemonsi-</strong></span> 
     </span>
    </p>
   </div>
   <div class='ocr_carea' id='block_1_60' title="bbox 446 5562 2044 5641">
    <p class='ocr_par' dir='ltr' id='par_1_60' title="bbox 446 5562 2044 5641">
     <span class='ocr_line' id='line_1_62' title="bbox 446 5562 2044 5641; baseline 0.007 -19"><span class='ocrx_word' id='word_1_422' title='bbox 446 5568 625 5622; x_wconf 74' lang='lat' dir='ltr'><strong>stant.</strong></span> <span class='ocrx_word' id='word_1_423' title='bbox 651 5562 920 5635; x_wconf 49' lang='lat' dir='ltr'><strong>Synodus‘</strong></span> <span class='ocrx_word' id='word_1_424' title='bbox 952 5562 1423 5621; x_wconf 78' lang='lat' dir='ltr'><strong>Chalcedonensis</strong></span> <span class='ocrx_word' id='word_1_425' title='bbox 1456 5562 1581 5624; x_wconf 62' lang='lat' dir='ltr'><strong>can:</strong></span> <span class='ocrx_word' id='word_1_426' title='bbox 1613 5571 1645 5624; x_wconf 76' lang='grc'>4</span> <span class='ocrx_word' id='word_1_427' title='bbox 1686 5584 1699 5624; x_wconf 87' lang='lat'><strong>:</strong></span> <span class='ocrx_word' id='word_1_428' title='bbox 1732 5570 1899 5640; x_wconf 76' lang='grc' dir='ltr'><strong>ἔδοξεν</strong></span> <span class='ocrx_word' id='word_1_429' title='bbox 1924 5570 2044 5641; x_wconf 79' lang='grc' dir='ltr'><strong>τοὺς</strong></span> 
     </span>
    </p>
   </div>
   <div class='ocr_carea' id='block_1_61' title="bbox 444 5642 2044 5735">
    <p class='ocr_par' dir='ltr' id='par_1_61' title="bbox 444 5642 2044 5735">
     <span class='ocr_line' id='line_1_63' title="bbox 444 5642 2044 5735; baseline 0.008 -33"><span class='ocrx_word' id='word_1_430' title='bbox 602 5642 830 5735; x_wconf 59' lang='grc' dir='ltr'><strong>ὲκάσςτην</strong></span> <span class='ocrx_word' id='word_1_431' title='bbox 857 5644 1008 5735; x_wconf 53' lang='grc' dir='ltr'>πὲλιν</span> <span class='ocrx_word' id='word_1_432' title='bbox 1036 5643 1123 5705; x_wconf 78' lang='grc' dir='ltr'><strong>καὶ</strong></span> <span class='ocrx_word' id='word_1_433' title='bbox 1150 5642 2044 5735; x_wconf 66' lang='grc' dir='ltr'><strong>χῷρανμονὰζονταςὺποτετάχθαι</strong></span> 
     </span>
    </p>
   </div>
   <div class='ocr_carea' id='block_1_62' title="bbox 448 5724 2041 5797">
    <p class='ocr_par' dir='ltr' id='par_1_62' title="bbox 448 5724 2041 5797">
     <span class='ocr_line' id='line_1_64' title="bbox 448 5724 2041 5797; baseline 0.001 -8"><span class='ocrx_word' id='word_1_434' title='bbox 448 5734 530 5790; x_wconf 68' lang='lat' dir='ltr'><strong>ea?&quot;</strong></span> <span class='ocrx_word' id='word_1_435' title='bbox 557 5724 851 5788; x_wconf 77' lang='grc' dir='ltr'><strong>ὲπεσκόπω.</strong></span> <span class='ocrx_word' id='word_1_436' title='bbox 883 5726 1061 5796; x_wconf 87' lang='lat' dir='ltr'><strong>Quare</strong></span> <span class='ocrx_word' id='word_1_437' title='bbox 1108 5724 1385 5797; x_wconf 78' lang='lat' dir='ltr'><strong>episcopis</strong></span> <span class='ocrx_word' id='word_1_438' title='bbox 1414 5738 1542 5785; x_wconf 90' lang='lat' dir='ltr'><strong>ante</strong></span> <span class='ocrx_word' id='word_1_439' title='bbox 1570 5724 2041 5792; x_wconf 62' lang='lat' dir='ltr'><strong>consecrationem</strong></span> 
     </span>
    </p>
   </div>
   <div class='ocr_carea' id='block_1_63' title="bbox 447 5805 2042 5890">
    <p class='ocr_par' dir='ltr' id='par_1_63' title="bbox 447 5805 2042 5890">
     <span class='ocr_line' id='line_1_65' title="bbox 447 5805 2042 5890; baseline 0.003 -26"><span class='ocrx_word' id='word_1_440' title='bbox 447 5825 603 5890; x_wconf 68' lang='lat' dir='ltr'><strong>suam</strong></span> <span class='ocrx_word' id='word_1_441' title='bbox 626 5806 1016 5890; x_wconf 62' lang='lat' dir='ltr'><strong>subiectionis,</strong></span> <span class='ocrx_word' id='word_1_442' title='bbox 1033 5805 1467 5890; x_wconf 73' lang='lat' dir='ltr'><strong>obedientiaaque</strong></span> <span class='ocrx_word' id='word_1_443' title='bbox 1487 5810 2042 5890; x_wconf 78' lang='lat' dir='ltr'><strong>professionem_ede-</strong></span> 
     </span>
    </p>
   </div>
   <div class='ocr_carea' id='block_1_64' title="bbox 449 5876 2037 5961">
    <p class='ocr_par' dir='ltr' id='par_1_64' title="bbox 449 5876 2037 5961">
     <span class='ocr_line' id='line_1_66' title="bbox 449 5876 2037 5961; baseline 0.004 -24"><span class='ocrx_word' id='word_1_444' title='bbox 449 5878 599 5961; x_wconf 77' lang='lat' dir='ltr'><strong>bant,</strong></span> <span class='ocrx_word' id='word_1_445' title='bbox 630 5880 702 5937; x_wconf 84' lang='lat' dir='ltr'><strong>ad</strong></span> <span class='ocrx_word' id='word_1_446' title='bbox 729 5876 854 5938; x_wconf 76' lang='lat' dir='ltr'><strong>eam</strong></span> <span class='ocrx_word' id='word_1_447' title='bbox 883 5876 1200 5947; x_wconf 71' lang='lat' dir='ltr'><strong>formulam,</strong></span> <span class='ocrx_word' id='word_1_448' title='bbox 1232 5884 1328 5933; x_wconf 86' lang='lat' dir='ltr'><strong>aut</strong></span> <span class='ocrx_word' id='word_1_449' title='bbox 1353 5876 1475 5951; x_wconf 78' lang='lat' dir='ltr'><strong>ejus</strong></span> <span class='ocrx_word' id='word_1_450' title='bbox 1487 5876 1654 5938; x_wconf 53' lang='lat' dir='ltr'><strong>‘certe</strong></span> <span class='ocrx_word' id='word_1_451' title='bbox 1675 5883 2037 5957; x_wconf 80' lang='lat' dir='ltr'><strong>consimilem,</strong></span> 
     </span>
    </p>
   </div>
   <div class='ocr_carea' id='block_1_65' title="bbox 2151 580 3748 655">
    <p class='ocr_par' dir='ltr' id='par_1_65' title="bbox 2151 580 3748 655">
     <span class='ocr_line' id='line_1_67' title="bbox 2151 580 3748 655; baseline -0.006 -12"><span class='ocrx_word' id='word_1_452' title='bbox 2151 594 2205 643; x_wconf 91' lang='lat' dir='ltr'><strong>et</strong></span> <span class='ocrx_word' id='word_1_453' title='bbox 2234 587 2583 644; x_wconf 86' lang='lat' dir='ltr'><strong>vehementer</strong></span> <span class='ocrx_word' id='word_1_454' title='bbox 2610 585 2924 655; x_wconf 86' lang='lat' dir='ltr'><strong>increpans,</strong></span> <span class='ocrx_word' id='word_1_455' title='bbox 2956 582 3092 639; x_wconf 91' lang='lat' dir='ltr'><strong>illud</strong></span> <span class='ocrx_word' id='word_1_456' title='bbox 3129 582 3401 641; x_wconf 87' lang='lat' dir='ltr'><strong>veraciter</strong></span> <span class='ocrx_word' id='word_1_457' title='bbox 3451 580 3587 636; x_wconf 87' lang='lat' dir='ltr'><strong>mihi</strong></span> <span class='ocrx_word' id='word_1_458' title='bbox 3649 597 3748 651; x_wconf 87' lang='lat' dir='ltr'><strong>pro</strong></span> 
     </span>
    </p>
   </div>
   <div class='ocr_carea' id='block_1_66' title="bbox 2150 677 3746 754">
    <p class='ocr_par' dir='ltr' id='par_1_66' title="bbox 2150 677 3746 754">
     <span class='ocr_line' id='line_1_68' title="bbox 2150 677 3746 754; baseline -0.007 -13"><span class='ocrx_word' id='word_1_459' title='bbox 2150 684 2380 741; x_wconf 89' lang='lat' dir='ltr'><strong>crimine</strong></span> <span class='ocrx_word' id='word_1_460' title='bbox 2410 684 2745 754; x_wconf 88' lang='lat' dir='ltr'><strong>imputasset,</strong></span> <span class='ocrx_word' id='word_1_461' title='bbox 2781 682 2827 737; x_wconf 92' lang='lat' dir='ltr'><strong>si</strong></span> <span class='ocrx_word' id='word_1_462' title='bbox 2856 681 3183 752; x_wconf 74' lang='lat' dir='ltr'><strong>ignorantiae</strong></span> <span class='ocrx_word' id='word_1_463' title='bbox 3211 696 3352 736; x_wconf 70' lang='lat' dir='ltr'><strong>mete</strong></span> <span class='ocrx_word' id='word_1_464' title='bbox 3378 695 3446 735; x_wconf 90' lang='lat' dir='ltr'><strong>ac</strong></span> <span class='ocrx_word' id='word_1_465' title='bbox 3471 677 3746 751; x_wconf 87' lang='lat' dir='ltr'><strong>juventuti</strong></span> 
     </span>
    </p>
   </div>
   <div class='ocr_carea' id='block_1_67' title="bbox 2149 776 3747 850">
    <p class='ocr_par' dir='ltr' id='par_1_67' title="bbox 2149 776 3747 850">
     <span class='ocr_line' id='line_1_69' title="bbox 2149 776 3747 850; baseline -0.005 -13"><span class='ocrx_word' id='word_1_466' title='bbox 2149 781 2584 838; x_wconf 89' lang='lat' dir='ltr'><strong>misericorditer</strong></span> <span class='ocrx_word' id='word_1_467' title='bbox 2608 796 2717 835; x_wconf 92' lang='lat' dir='ltr'><strong>non</strong></span> <span class='ocrx_word' id='word_1_468' title='bbox 2745 779 3106 850; x_wconf 89' lang='lat' dir='ltr'><strong>pepercisset.</strong></span> <span class='ocrx_word' id='word_1_469' title='bbox 3131 778 3274 848; x_wconf 85' lang='lat' dir='ltr'><strong>Quid</strong></span> <span class='ocrx_word' id='word_1_470' title='bbox 3307 793 3436 833; x_wconf 88' lang='lat' dir='ltr'><strong>vero</strong></span> <span class='ocrx_word' id='word_1_471' title='bbox 3459 792 3631 847; x_wconf 86' lang='lat' dir='ltr'><strong>super</strong></span> <span class='ocrx_word' id='word_1_472' title='bbox 3649 776 3747 830; x_wconf 88' lang='lat' dir='ltr'><strong>hoc</strong></span> 
     </span>
    </p>
   </div>
   <div class='ocr_carea' id='block_1_68' title="bbox 2151 872 3744 949">
    <p class='ocr_par' dir='ltr' id='par_1_68' title="bbox 2151 872 3744 949">
     <span class='ocr_line' id='line_1_70' title="bbox 2151 872 3744 949; baseline -0.006 -14"><span class='ocrx_word' id='word_1_473' title='bbox 2151 886 2336 936; x_wconf 90' lang='lat' dir='ltr'><strong>contra</strong></span> <span class='ocrx_word' id='word_1_474' title='bbox 2366 894 2463 934; x_wconf 91' lang='lat' dir='ltr'><strong>vos</strong></span> <span class='ocrx_word' id='word_1_475' title='bbox 2492 874 2795 949; x_wconf 68' lang='lat' dir='ltr'><strong>protulerit,</strong></span> <span class='ocrx_word' id='word_1_476' title='bbox 2830 890 2928 947; x_wconf 89' lang='lat' dir='ltr'><strong>pro</strong></span> <span class='ocrx_word' id='word_1_477' title='bbox 2972 874 3276 931; x_wconf 83' lang='lat' dir='ltr'><strong>reverentia</strong></span> <span class='ocrx_word' id='word_1_478' title='bbox 3322 873 3493 929; x_wconf 89' lang='lat' dir='ltr'><strong>vestri</strong></span> <span class='ocrx_word' id='word_1_479' title='bbox 3537 872 3744 928; x_wconf 86' lang='lat' dir='ltr'><strong>ordinis</strong></span> 
     </span>
    </p>
   </div>
   <div class='ocr_carea' id='block_1_69' title="bbox 2152 970 3742 1046">
    <p class='ocr_par' dir='ltr' id='par_1_69' title="bbox 2152 970 3742 1046">
     <span class='ocr_line' id='line_1_71' title="bbox 2152 970 3742 1046; baseline -0.006 -14"><span class='ocrx_word' id='word_1_480' title='bbox 2152 975 2346 1032; x_wconf 90' lang='lat' dir='ltr'><strong>melius</strong></span> <span class='ocrx_word' id='word_1_481' title='bbox 2376 984 2459 1032; x_wconf 92' lang='lat' dir='ltr'><strong>est</strong></span> <span class='ocrx_word' id='word_1_482' title='bbox 2488 975 2615 1030; x_wconf 92' lang='lat' dir='ltr'><strong>inde</strong></span> <span class='ocrx_word' id='word_1_483' title='bbox 2644 973 2810 1029; x_wconf 90' lang='lat' dir='ltr'><strong>silere</strong></span> <span class='ocrx_word' id='word_1_484' title='bbox 2840 990 2999 1046; x_wconf 90' lang='lat' dir='ltr'><strong>quam</strong></span> <span class='ocrx_word' id='word_1_485' title='bbox 3028 973 3196 1044; x_wconf 88' lang='lat' dir='ltr'><strong>loqui.</strong></span> <span class='ocrx_word' id='word_1_486' title='bbox 3228 972 3399 1043; x_wconf 83' lang='lat' dir='ltr'><strong>Igitur</strong></span> <span class='ocrx_word' id='word_1_487' title='bbox 3445 972 3596 1043; x_wconf 87' lang='lat' dir='ltr'><strong>quod</strong></span> <span class='ocrx_word' id='word_1_488' title='bbox 3644 970 3742 1024; x_wconf 86' lang='lat' dir='ltr'><strong>illi-</strong></span> 
     </span>
    </p>
   </div>
   <div class='ocr_carea' id='block_1_70' title="bbox 2151 1060 3743 1131">
    <p class='ocr_par' dir='ltr' id='par_1_70' title="bbox 2151 1060 3743 1131">
     <span class='ocr_line' id='line_1_72' title="bbox 2151 1060 3743 1131; baseline -0.006 -10"><span class='ocrx_word' id='word_1_489' title='bbox 2151 1066 2257 1122; x_wconf 90' lang='lat' dir='ltr'><strong>cite</strong></span> <span class='ocrx_word' id='word_1_490' title='bbox 2285 1064 2671 1121; x_wconf 88' lang='lat' dir='ltr'><strong>commiseram</strong></span> <span class='ocrx_word' id='word_1_491' title='bbox 2701 1062 2908 1117; x_wconf 90' lang='lat' dir='ltr'><strong>irritum</strong></span> <span class='ocrx_word' id='word_1_492' title='bbox 2940 1062 3083 1127; x_wconf 91' lang='lat' dir='ltr'><strong>fecit,</strong></span> <span class='ocrx_word' id='word_1_493' title='bbox 3111 1071 3163 1117; x_wconf 90' lang='lat' dir='ltr'><strong>et</strong></span> <span class='ocrx_word' id='word_1_494' title='bbox 3182 1077 3250 1117; x_wconf 91' lang='lat' dir='ltr'><strong>ne</strong></span> <span class='ocrx_word' id='word_1_495' title='bbox 3280 1061 3544 1131; x_wconf 89' lang='lat' dir='ltr'><strong>deinceps</strong></span> <span class='ocrx_word' id='word_1_496' title='bbox 3571 1060 3743 1115; x_wconf 86' lang='lat' dir='ltr'><strong>abbas</strong></span> 
     </span>
    </p>
   </div>
   <div class='ocr_carea' id='block_1_71' title="bbox 2151 1156 3839 1232">
    <p class='ocr_par' dir='ltr' id='par_1_71' title="bbox 2151 1156 3839 1232">
     <span class='ocr_line' id='line_1_73' title="bbox 2151 1156 3839 1232; baseline -0.005 -12"><span class='ocrx_word' id='word_1_497' title='bbox 2151 1164 2465 1220; x_wconf 89' lang='lat' dir='ltr'><strong>monasterii</strong></span> <span class='ocrx_word' id='word_1_498' title='bbox 2495 1162 2668 1219; x_wconf 91' lang='lat' dir='ltr'><strong>nostri</strong></span> <span class='ocrx_word' id='word_1_499' title='bbox 2699 1163 2803 1232; x_wconf 82' lang='lat'><strong>61</strong></span> <span class='ocrx_word' id='word_1_500' title='bbox 2838 1161 3090 1232; x_wconf 90' lang='lat' dir='ltr'><strong>cuiquam</strong></span> <span class='ocrx_word' id='word_1_501' title='bbox 3120 1160 3378 1231; x_wconf 88' lang='lat' dir='ltr'><strong>episcopo</strong></span> <span class='ocrx_word' id='word_1_502' title='bbox 3402 1156 3739 1230; x_wconf 83' lang='lat' dir='ltr'><strong>proﬁteatur,</strong></span> <span class='ocrx_word' id='word_1_503' title='bbox 3836 1156 3839 1203; x_wconf 57' lang='grc' dir='ltr'>ἲ</span> 
     </span>
    </p>
   </div>
   <div class='ocr_carea' id='block_1_72' title="bbox 2150 1260 3742 1338">
    <p class='ocr_par' dir='ltr' id='par_1_72' title="bbox 2150 1260 3742 1338">
     <span class='ocr_line' id='line_1_74' title="bbox 2150 1260 3742 1338; baseline -0.003 -18"><span class='ocrx_word' id='word_1_504' title='bbox 2150 1265 2427 1338; x_wconf 85' lang='lat' dir='ltr'><strong>privilegii</strong></span> <span class='ocrx_word' id='word_1_505' title='bbox 2454 1266 2542 1321; x_wconf 88' lang='lat' dir='ltr'><strong>sui</strong></span> <span class='ocrx_word' id='word_1_506' title='bbox 2570 1263 2947 1320; x_wconf 88' lang='lat' dir='ltr'><strong>irretractabili</strong></span> <span class='ocrx_word' id='word_1_507' title='bbox 2976 1262 3233 1318; x_wconf 84' lang='lat' dir='ltr'><strong>firmitate</strong></span> <span class='ocrx_word' id='word_1_508' title='bbox 3253 1260 3549 1333; x_wconf 88' lang='lat' dir='ltr'><strong>prohibuit.</strong></span> <span class='ocrx_word' id='word_1_509' title='bbox 3572 1260 3742 1330; x_wconf 86' lang='lat' dir='ltr'><strong>Cujus</strong></span> 
     </span>
    </p>
   </div>
   <div class='ocr_carea' id='block_1_73' title="bbox 2151 1349 3744 1421">
    <p class='ocr_par' dir='ltr' id='par_1_73' title="bbox 2151 1349 3744 1421">
     <span class='ocr_line' id='line_1_75' title="bbox 2151 1349 3744 1421; baseline -0.005 -10"><span class='ocrx_word' id='word_1_510' title='bbox 2151 1356 2533 1412; x_wconf 81' lang='lat' dir='ltr'><strong>auctoritatem</strong></span> <span class='ocrx_word' id='word_1_511' title='bbox 2578 1361 2799 1410; x_wconf 89' lang='lat' dir='ltr'><strong>secutus</strong></span> <span class='ocrx_word' id='word_1_512' title='bbox 2844 1352 3098 1409; x_wconf 78' lang='lat' dir='ltr'><strong>dominus</strong></span> <span class='ocrx_word' id='word_1_513' title='bbox 3143 1350 3425 1406; x_wconf 87' lang='lat' dir='ltr'><strong>Paschalis</strong></span> <span class='ocrx_word' id='word_1_514' title='bbox 3454 1364 3620 1421; x_wconf 90' lang='lat' dir='ltr'><strong>papa,</strong></span> <span class='ocrx_word' id='word_1_515' title='bbox 3652 1349 3744 1418; x_wconf 86' lang='lat' dir='ltr'><strong>qui</strong></span> 
     </span>
    </p>
   </div>
   <div class='ocr_carea' id='block_1_74' title="bbox 2152 1438 3847 1511">
    <p class='ocr_par' dir='ltr' id='par_1_74' title="bbox 2152 1438 3847 1511">
     <span class='ocr_line' id='line_1_76' title="bbox 2152 1438 3847 1511; baseline -0.005 -12"><span class='ocrx_word' id='word_1_516' title='bbox 2152 1459 2297 1501; x_wconf 91' lang='lat' dir='ltr'><strong>nunc</strong></span> <span class='ocrx_word' id='word_1_517' title='bbox 2353 1451 2453 1509; x_wconf 91' lang='lat' dir='ltr'><strong>est,</strong></span> <span class='ocrx_word' id='word_1_518' title='bbox 2506 1443 2642 1498; x_wconf 86' lang='lat' dir='ltr'><strong>illud</strong></span> <span class='ocrx_word' id='word_1_519' title='bbox 2697 1442 2891 1498; x_wconf 88' lang='lat' dir='ltr'><strong>iterum</strong></span> <span class='ocrx_word' id='word_1_520' title='bbox 2940 1456 3037 1495; x_wconf 88' lang='lat' dir='ltr'><strong>sua</strong></span> <span class='ocrx_word' id='word_1_521' title='bbox 3093 1439 3391 1511; x_wconf 89' lang='lat' dir='ltr'><strong>apostolica</strong></span> <span class='ocrx_word' id='word_1_522' title='bbox 3425 1438 3743 1494; x_wconf 77' lang='lat' dir='ltr'><strong>auctoritate</strong></span> <span class='ocrx_word' id='word_1_523' title='bbox 3844 1438 3847 1497; x_wconf 53' lang='grc' dir='ltr'><em>ς</em></span> 
     </span>
    </p>
   </div>
   <div class='ocr_carea' id='block_1_75' title="bbox 2153 1526 3743 1601">
    <p class='ocr_par' dir='ltr' id='par_1_75' title="bbox 2153 1526 3743 1601">
     <span class='ocr_line' id='line_1_77' title="bbox 2153 1526 3743 1601; baseline -0.004 -14"><span class='ocrx_word' id='word_1_524' title='bbox 2153 1532 2411 1588; x_wconf 88' lang='lat' dir='ltr'><strong>ﬁrmavit.</strong></span> <span class='ocrx_word' id='word_1_525' title='bbox 2452 1533 2514 1586; x_wconf 90' lang='lat' dir='ltr'><strong>ln</strong></span> <span class='ocrx_word' id='word_1_526' title='bbox 2541 1530 2734 1587; x_wconf 84' lang='lat' dir='ltr'><strong>litteris</strong></span> <span class='ocrx_word' id='word_1_527' title='bbox 2765 1537 3031 1601; x_wconf 67' lang='lat' dir='ltr'><strong>praeterea</strong></span> <span class='ocrx_word' id='word_1_528' title='bbox 3059 1528 3255 1585; x_wconf 86' lang='lat' dir='ltr'><strong>vestris</strong></span> <span class='ocrx_word' id='word_1_529' title='bbox 3302 1526 3634 1599; x_wconf 76' lang='lat' dir='ltr'><strong>divulgatum</strong></span> <span class='ocrx_word' id='word_1_530' title='bbox 3662 1530 3743 1581; x_wconf 88' lang='lat' dir='ltr'><strong>est</strong></span> 
     </span>
    </p>
   </div>
   <div class='ocr_carea' id='block_1_76' title="bbox 2152 1624 3739 1703">
    <p class='ocr_par' dir='ltr' id='par_1_76' title="bbox 2152 1624 3739 1703">
     <span class='ocr_line' id='line_1_78' title="bbox 2152 1624 3739 1703; baseline -0.005 -18"><span class='ocrx_word' id='word_1_531' title='bbox 2152 1630 2310 1687; x_wconf 89' lang='lat' dir='ltr'><strong>laicis</strong></span> <span class='ocrx_word' id='word_1_532' title='bbox 2338 1629 2504 1703; x_wconf 91' lang='lat' dir='ltr'><strong>quod,</strong></span> <span class='ocrx_word' id='word_1_533' title='bbox 2549 1629 2593 1684; x_wconf 92' lang='lat' dir='ltr'><strong>si</strong></span> <span class='ocrx_word' id='word_1_534' title='bbox 2631 1627 2703 1683; x_wconf 92' lang='lat' dir='ltr'><strong>ad</strong></span> <span class='ocrx_word' id='word_1_535' title='bbox 2747 1643 2848 1683; x_wconf 90' lang='lat' dir='ltr'><strong>vos</strong></span> <span class='ocrx_word' id='word_1_536' title='bbox 2896 1625 3277 1683; x_wconf 85' lang='lat' dir='ltr'><strong>satisfacturus</strong></span> <span class='ocrx_word' id='word_1_537' title='bbox 3317 1639 3427 1681; x_wconf 91' lang='lat' dir='ltr'><strong>non</strong></span> <span class='ocrx_word' id='word_1_538' title='bbox 3475 1624 3739 1690; x_wconf 85' lang='lat' dir='ltr'><strong>venirem,</strong></span> 
     </span>
    </p>
   </div>
   <div class='ocr_carea' id='block_1_77' title="bbox 2154 1712 3742 1788">
    <p class='ocr_par' dir='ltr' id='par_1_77' title="bbox 2154 1712 3742 1788">
     <span class='ocr_line' id='line_1_79' title="bbox 2154 1712 3742 1788; baseline -0.004 -13"><span class='ocrx_word' id='word_1_539' title='bbox 2154 1720 2413 1775; x_wconf 85' lang='lat' dir='ltr'><strong>auxilium</strong></span> <span class='ocrx_word' id='word_1_540' title='bbox 2443 1726 2679 1775; x_wconf 91' lang='lat' dir='ltr'><strong>vestrum</strong></span> <span class='ocrx_word' id='word_1_541' title='bbox 2707 1714 2943 1788; x_wconf 88' lang='lat' dir='ltr'><strong>amplius</strong></span> <span class='ocrx_word' id='word_1_542' title='bbox 2972 1731 3082 1771; x_wconf 91' lang='lat' dir='ltr'><strong>non</strong></span> <span class='ocrx_word' id='word_1_543' title='bbox 3110 1715 3393 1781; x_wconf 89' lang='lat' dir='ltr'><strong>haberem,</strong></span> <span class='ocrx_word' id='word_1_544' title='bbox 3423 1721 3475 1769; x_wconf 88' lang='lat' dir='ltr'><strong>et</strong></span> <span class='ocrx_word' id='word_1_545' title='bbox 3503 1712 3742 1785; x_wconf 81' lang='lat' dir='ltr'><strong>quicun-</strong></span> 
     </span>
    </p>
   </div>
   <div class='ocr_carea' id='block_1_78' title="bbox 2155 1802 3739 1881">
    <p class='ocr_par' dir='ltr' id='par_1_78' title="bbox 2155 1802 3739 1881">
     <span class='ocr_line' id='line_1_80' title="bbox 2155 1802 3739 1881; baseline -0.006 -16"><span class='ocrx_word' id='word_1_546' title='bbox 2155 1825 2261 1881; x_wconf 89' lang='lat' dir='ltr'><strong>que</strong></span> <span class='ocrx_word' id='word_1_547' title='bbox 2307 1808 2693 1864; x_wconf 89' lang='lat' dir='ltr'><strong>malefactores</strong></span> <span class='ocrx_word' id='word_1_548' title='bbox 2724 1822 2813 1861; x_wconf 88' lang='lat' dir='ltr'><strong>res</strong></span> <span class='ocrx_word' id='word_1_549' title='bbox 2840 1804 3154 1861; x_wconf 91' lang='lat' dir='ltr'><strong>monasterii</strong></span> <span class='ocrx_word' id='word_1_550' title='bbox 3206 1805 3378 1860; x_wconf 85' lang='lat' dir='ltr'><strong>nostri</strong></span> <span class='ocrx_word' id='word_1_551' title='bbox 3422 1802 3739 1874; x_wconf 88' lang='lat' dir='ltr'><strong>diriperent,</strong></span> 
     </span>
    </p>
   </div>
   <div class='ocr_carea' id='block_1_79' title="bbox 2154 1891 3742 1967">
    <p class='ocr_par' dir='ltr' id='par_1_79' title="bbox 2154 1891 3742 1967">
     <span class='ocr_line' id='line_1_81' title="bbox 2154 1891 3742 1967; baseline -0.006 -12"><span class='ocrx_word' id='word_1_552' title='bbox 2154 1914 2254 1955; x_wconf 89' lang='lat' dir='ltr'><strong>vos</strong></span> <span class='ocrx_word' id='word_1_553' title='bbox 2309 1897 2620 1967; x_wconf 91' lang='lat' dir='ltr'><strong>adjutorem</strong></span> <span class='ocrx_word' id='word_1_554' title='bbox 2666 1911 2822 1951; x_wconf 92' lang='lat' dir='ltr'><strong>suum</strong></span> <span class='ocrx_word' id='word_1_555' title='bbox 2861 1894 3042 1966; x_wconf 89' lang='lat' dir='ltr'><strong>potius</strong></span> <span class='ocrx_word' id='word_1_556' title='bbox 3085 1908 3245 1965; x_wconf 89' lang='lat' dir='ltr'><strong>quam</strong></span> <span class='ocrx_word' id='word_1_557' title='bbox 3274 1900 3515 1949; x_wconf 90' lang='lat' dir='ltr'><strong>nostrum</strong></span> <span class='ocrx_word' id='word_1_558' title='bbox 3548 1891 3742 1947; x_wconf 86' lang='lat' dir='ltr'><strong>defen-</strong></span> 
     </span>
    </p>
   </div>
   <div class='ocr_carea' id='block_1_80' title="bbox 2153 1980 3737 2054">
    <p class='ocr_par' dir='ltr' id='par_1_80' title="bbox 2153 1980 3737 2054">
     <span class='ocr_line' id='line_1_82' title="bbox 2153 1980 3737 2054; baseline -0.005 -12"><span class='ocrx_word' id='word_1_559' title='bbox 2153 2003 2337 2044; x_wconf 91' lang='lat' dir='ltr'><strong>sorem</strong></span> <span class='ocrx_word' id='word_1_560' title='bbox 2366 1986 2693 2043; x_wconf 89' lang='lat' dir='ltr'><strong>invenirent.</strong></span> <span class='ocrx_word' id='word_1_561' title='bbox 2726 1986 2843 2041; x_wconf 86' lang='lat' dir='ltr'><strong>Hoc</strong></span> <span class='ocrx_word' id='word_1_562' title='bbox 2872 2000 2937 2039; x_wconf 84' lang='lat' dir='ltr'><strong>ex</strong></span> <span class='ocrx_word' id='word_1_563' title='bbox 2971 1991 3154 2040; x_wconf 91' lang='lat' dir='ltr'><strong>vestra</strong></span> <span class='ocrx_word' id='word_1_564' title='bbox 3200 1990 3359 2054; x_wconf 90' lang='lat' dir='ltr'><strong>parte</strong></span> <span class='ocrx_word' id='word_1_565' title='bbox 3406 1980 3599 2036; x_wconf 89' lang='lat' dir='ltr'><strong>litteris</strong></span> <span class='ocrx_word' id='word_1_566' title='bbox 3630 1996 3737 2035; x_wconf 91' lang='lat' dir='ltr'><strong>non</strong></span> 
     </span>
    </p>
   </div>
   <div class='ocr_carea' id='block_1_81' title="bbox 2152 2069 3743 2144">
    <p class='ocr_par' dir='ltr' id='par_1_81' title="bbox 2152 2069 3743 2144">
     <span class='ocr_line' id='line_1_83' title="bbox 2152 2069 3743 2144; baseline -0.005 -13"><span class='ocrx_word' id='word_1_567' title='bbox 2152 2076 2386 2132; x_wconf 90' lang='lat' dir='ltr'><strong>arbitror</strong></span> <span class='ocrx_word' id='word_1_568' title='bbox 2437 2075 2607 2131; x_wconf 89' lang='lat' dir='ltr'><strong>fuisse</strong></span> <span class='ocrx_word' id='word_1_569' title='bbox 2661 2074 2945 2139; x_wconf 90' lang='lat' dir='ltr'><strong>insertum,</strong></span> <span class='ocrx_word' id='word_1_570' title='bbox 3006 2071 3262 2144; x_wconf 90' lang='lat' dir='ltr'><strong>quoniam</strong></span> <span class='ocrx_word' id='word_1_571' title='bbox 3326 2087 3360 2126; x_wconf 90' lang='lat' dir='ltr'><strong>a</strong></span> <span class='ocrx_word' id='word_1_572' title='bbox 3431 2069 3743 2125; x_wconf 87' lang='lat' dir='ltr'><strong>Christiana</strong></span> 
     </span>
    </p>
   </div>
   <div class='ocr_carea' id='block_1_82' title="bbox 2152 2158 3744 2239">
    <p class='ocr_par' dir='ltr' id='par_1_82' title="bbox 2152 2158 3744 2239">
     <span class='ocr_line' id='line_1_84' title="bbox 2152 2158 3744 2239; baseline -0.004 -19"><span class='ocrx_word' id='word_1_573' title='bbox 2152 2166 2422 2239; x_wconf 84' lang='lat' dir='ltr'><strong>religione</strong></span> <span class='ocrx_word' id='word_1_574' title='bbox 2476 2164 2698 2220; x_wconf 91' lang='lat' dir='ltr'><strong>omnino</strong></span> <span class='ocrx_word' id='word_1_575' title='bbox 2752 2163 3049 2233; x_wconf 91' lang='lat' dir='ltr'><strong>discrepat,</strong></span> <span class='ocrx_word' id='word_1_576' title='bbox 3122 2169 3175 2218; x_wconf 90' lang='lat' dir='ltr'><strong>et</strong></span> <span class='ocrx_word' id='word_1_577' title='bbox 3241 2161 3454 2217; x_wconf 67' lang='lat' dir='ltr'><strong>Satanm</strong></span> <span class='ocrx_word' id='word_1_578' title='bbox 3506 2158 3744 2215; x_wconf 87' lang='lat' dir='ltr'><strong>noscitur</strong></span> 
     </span>
    </p>
   </div>
   <div class='ocr_carea' id='block_1_83' title="bbox 2152 2246 3743 2311">
    <p class='ocr_par' dir='ltr' id='par_1_83' title="bbox 2152 2246 3743 2311">
     <span class='ocr_line' id='line_1_85' title="bbox 2152 2246 3743 2311; baseline -0.006 -1"><span class='ocrx_word' id='word_1_579' title='bbox 2152 2255 2582 2311; x_wconf 87' lang='lat' dir='ltr'><strong>incitamentum.</strong></span> <span class='ocrx_word' id='word_1_580' title='bbox 2649 2251 2786 2307; x_wconf 88' lang='lat' dir='ltr'><strong>Illud</strong></span> <span class='ocrx_word' id='word_1_581' title='bbox 2842 2249 3001 2306; x_wconf 90' lang='lat' dir='ltr'><strong>amici</strong></span> <span class='ocrx_word' id='word_1_582' title='bbox 3062 2257 3116 2305; x_wconf 92' lang='lat' dir='ltr'><strong>et</strong></span> <span class='ocrx_word' id='word_1_583' title='bbox 3170 2248 3374 2305; x_wconf 91' lang='lat' dir='ltr'><strong>inimici</strong></span> <span class='ocrx_word' id='word_1_584' title='bbox 3439 2246 3743 2302; x_wconf 87' lang='lat' dir='ltr'><strong>firmissime</strong></span> 
     </span>
    </p>
   </div>
   <div class='ocr_carea' id='block_1_84' title="bbox 2150 2337 3743 2415">
    <p class='ocr_par' dir='ltr' id='par_1_84' title="bbox 2150 2337 3743 2415">
     <span class='ocr_line' id='line_1_86' title="bbox 2150 2337 3743 2415; baseline -0.006 -15"><span class='ocrx_word' id='word_1_585' title='bbox 2150 2344 2395 2413; x_wconf 88' lang='lat' dir='ltr'><strong>credant,</strong></span> <span class='ocrx_word' id='word_1_586' title='bbox 2430 2342 2577 2415; x_wconf 91' lang='lat' dir='ltr'><strong>quod</strong></span> <span class='ocrx_word' id='word_1_587' title='bbox 2605 2341 2737 2396; x_wconf 89' lang='lat' dir='ltr'><strong>nulli</strong></span> <span class='ocrx_word' id='word_1_588' title='bbox 2764 2340 2910 2395; x_wconf 86' lang='lat' dir='ltr'><strong>dabo</strong></span> <span class='ocrx_word' id='word_1_589' title='bbox 2956 2338 3269 2395; x_wconf 89' lang='lat' dir='ltr'><strong>mercedem</strong></span> <span class='ocrx_word' id='word_1_590' title='bbox 3317 2337 3496 2403; x_wconf 86' lang='lat' dir='ltr'><strong>istam,</strong></span> <span class='ocrx_word' id='word_1_591' title='bbox 3548 2344 3606 2391; x_wconf 88' lang='lat' dir='ltr'><strong>ut</strong></span> <span class='ocrx_word' id='word_1_592' title='bbox 3644 2350 3743 2408; x_wconf 83' lang='lat' dir='ltr'><strong>pro</strong></span> 
     </span>
    </p>
   </div>
   <div class='ocr_carea' id='block_1_85' title="bbox 2152 2435 3740 2504">
    <p class='ocr_par' dir='ltr' id='par_1_85' title="bbox 2152 2435 3740 2504">
     <span class='ocr_line' id='line_1_87' title="bbox 2152 2435 3740 2504; baseline -0.005 -7"><span class='ocrx_word' id='word_1_593' title='bbox 2152 2458 2252 2498; x_wconf 92' lang='lat' dir='ltr'><strong>suo</strong></span> <span class='ocrx_word' id='word_1_594' title='bbox 2272 2441 2478 2498; x_wconf 86' lang='lat' dir='ltr'><strong>auxilio</strong></span> <span class='ocrx_word' id='word_1_595' title='bbox 2497 2439 2887 2497; x_wconf 88' lang='lat' dir='ltr'><strong>monasterium</strong></span> <span class='ocrx_word' id='word_1_596' title='bbox 2912 2441 3178 2504; x_wconf 90' lang='lat' dir='ltr'><strong>nostrum,</strong></span> <span class='ocrx_word' id='word_1_597' title='bbox 3205 2435 3463 2492; x_wconf 90' lang='lat' dir='ltr'><strong>allodium</strong></span> <span class='ocrx_word' id='word_1_598' title='bbox 3493 2436 3551 2490; x_wconf 87' lang='lat' dir='ltr'><strong>B.</strong></span> <span class='ocrx_word' id='word_1_599' title='bbox 3578 2436 3740 2501; x_wconf 85' lang='lat' dir='ltr'><strong>Petri,</strong></span> 
     </span>
    </p>
   </div>
   <div class='ocr_carea' id='block_1_86' title="bbox 2152 2532 3741 2605">
    <p class='ocr_par' dir='ltr' id='par_1_86' title="bbox 2152 2532 3741 2605">
     <span class='ocr_line' id='line_1_88' title="bbox 2152 2532 3741 2605; baseline -0.005 -10"><span class='ocrx_word' id='word_1_600' title='bbox 2152 2540 2255 2595; x_wconf 91' lang='lat' dir='ltr'><strong>sibi</strong></span> <span class='ocrx_word' id='word_1_601' title='bbox 2307 2538 2616 2595; x_wconf 88' lang='lat' dir='ltr'><strong>inordinate</strong></span> <span class='ocrx_word' id='word_1_602' title='bbox 2673 2535 2980 2605; x_wconf 89' lang='lat' dir='ltr'><strong>subjiciam.</strong></span> <span class='ocrx_word' id='word_1_603' title='bbox 3036 2535 3192 2590; x_wconf 90' lang='lat' dir='ltr'><strong>Unde</strong></span> <span class='ocrx_word' id='word_1_604' title='bbox 3240 2533 3285 2589; x_wconf 90' lang='lat' dir='ltr'><strong>si</strong></span> <span class='ocrx_word' id='word_1_605' title='bbox 3329 2532 3741 2590; x_wconf 89' lang='lat' dir='ltr'><strong>necessitatibus</strong></span> 
     </span>
    </p>
   </div>
   <div class='ocr_carea' id='block_1_87' title="bbox 2149 2622 3743 2692">
    <p class='ocr_par' dir='ltr' id='par_1_87' title="bbox 2149 2622 3743 2692">
     <span class='ocr_line' id='line_1_89' title="bbox 2149 2622 3743 2692; baseline -0.004 -8"><span class='ocrx_word' id='word_1_606' title='bbox 2149 2630 2289 2684; x_wconf 88' lang='lat' dir='ltr'><strong>meis</strong></span> <span class='ocrx_word' id='word_1_607' title='bbox 2318 2629 2576 2684; x_wconf 85' lang='lat' dir='ltr'><strong>auxilium</strong></span> <span class='ocrx_word' id='word_1_608' title='bbox 2608 2636 2852 2683; x_wconf 79' lang='lat' dir='ltr'><strong>vestrum</strong></span> <span class='ocrx_word' id='word_1_609' title='bbox 2881 2624 3134 2692; x_wconf 83' lang='lat' dir='ltr'><strong>defuerit,</strong></span> <span class='ocrx_word' id='word_1_610' title='bbox 3168 2622 3381 2681; x_wconf 89' lang='lat' dir='ltr'><strong>confido</strong></span> <span class='ocrx_word' id='word_1_611' title='bbox 3412 2622 3479 2678; x_wconf 92' lang='lat' dir='ltr'><strong>de</strong></span> <span class='ocrx_word' id='word_1_612' title='bbox 3508 2622 3743 2677; x_wconf 89' lang='lat' dir='ltr'><strong>bonitate</strong></span> 
     </span>
    </p>
   </div>
   <div class='ocr_carea' id='block_1_88' title="bbox 2151 2711 3747 2789">
    <p class='ocr_par' dir='ltr' id='par_1_88' title="bbox 2151 2711 3747 2789">
     <span class='ocr_line' id='line_1_90' title="bbox 2151 2711 3747 2789; baseline -0.004 -17"><span class='ocrx_word' id='word_1_613' title='bbox 2151 2718 2295 2774; x_wconf 88' lang='lat' dir='ltr'><strong>beati</strong></span> <span class='ocrx_word' id='word_1_614' title='bbox 2353 2717 2516 2784; x_wconf 85' lang='lat' dir='ltr'><strong>Petri,</strong></span> <span class='ocrx_word' id='word_1_615' title='bbox 2564 2716 2690 2789; x_wconf 89' lang='lat' dir='ltr'><strong>quia</strong></span> <span class='ocrx_word' id='word_1_616' title='bbox 2741 2714 2875 2770; x_wconf 89' lang='lat' dir='ltr'><strong>mihi</strong></span> <span class='ocrx_word' id='word_1_617' title='bbox 2934 2713 3054 2785; x_wconf 90' lang='lat' dir='ltr'><strong>ipse</strong></span> <span class='ocrx_word' id='word_1_618' title='bbox 3101 2727 3211 2768; x_wconf 91' lang='lat' dir='ltr'><strong>non</strong></span> <span class='ocrx_word' id='word_1_619' title='bbox 3257 2711 3469 2778; x_wconf 88' lang='lat' dir='ltr'><strong>deerit;</strong></span> <span class='ocrx_word' id='word_1_620' title='bbox 3501 2711 3588 2767; x_wconf 90' lang='lat' dir='ltr'><strong>cui</strong></span> <span class='ocrx_word' id='word_1_621' title='bbox 3616 2711 3747 2766; x_wconf 90' lang='lat' dir='ltr'><strong>dum</strong></span> 
     </span>
    </p>
   </div>
   <div class='ocr_carea' id='block_1_89' title="bbox 2152 2801 3748 2873">
    <p class='ocr_par' dir='ltr' id='par_1_89' title="bbox 2152 2801 3748 2873">
     <span class='ocr_line' id='line_1_91' title="bbox 2152 2801 3748 2873; baseline -0.004 -12"><span class='ocrx_word' id='word_1_622' title='bbox 2152 2807 2318 2863; x_wconf 80' lang='lat' dir='ltr'><strong>fidem</strong></span> <span class='ocrx_word' id='word_1_623' title='bbox 2348 2822 2572 2863; x_wconf 86' lang='lat' dir='ltr'><strong>servare</strong></span> <span class='ocrx_word' id='word_1_624' title='bbox 2601 2806 2879 2873; x_wconf 89' lang='lat' dir='ltr'><strong>desidero,</strong></span> <span class='ocrx_word' id='word_1_625' title='bbox 2898 2803 3083 2858; x_wconf 91' lang='lat' dir='ltr'><strong>nullus</strong></span> <span class='ocrx_word' id='word_1_626' title='bbox 3100 2802 3171 2858; x_wconf 93' lang='lat' dir='ltr'><strong>ob</strong></span> <span class='ocrx_word' id='word_1_627' title='bbox 3193 2804 3296 2858; x_wconf 91' lang='lat' dir='ltr'><strong>hoc</strong></span> <span class='ocrx_word' id='word_1_628' title='bbox 3316 2801 3602 2872; x_wconf 88' lang='lat' dir='ltr'><strong>episcopus</strong></span> <span class='ocrx_word' id='word_1_629' title='bbox 3616 2801 3748 2855; x_wconf 88' lang='lat' dir='ltr'><strong>mihi</strong></span> 
     </span>
    </p>
   </div>
   <div class='ocr_carea' id='block_1_90' title="bbox 2153 2889 3751 2968">
    <p class='ocr_par' dir='ltr' id='par_1_90' title="bbox 2153 2889 3751 2968">
     <span class='ocr_line' id='line_1_92' title="bbox 2153 2889 3751 2968; baseline -0.006 -15"><span class='ocrx_word' id='word_1_630' title='bbox 2153 2897 2415 2953; x_wconf 82' lang='lat' dir='ltr'><strong>auxilium</strong></span> <span class='ocrx_word' id='word_1_631' title='bbox 2465 2896 2766 2968; x_wconf 87' lang='lat' dir='ltr'><strong>denegare,</strong></span> <span class='ocrx_word' id='word_1_632' title='bbox 2809 2909 2911 2949; x_wconf 89' lang='lat' dir='ltr'><strong>nec</strong></span> <span class='ocrx_word' id='word_1_633' title='bbox 2957 2892 3103 2964; x_wconf 88' lang='lat' dir='ltr'><strong>quod</strong></span> <span class='ocrx_word' id='word_1_634' title='bbox 3147 2891 3296 2946; x_wconf 90' lang='lat' dir='ltr'><strong>illius</strong></span> <span class='ocrx_word' id='word_1_635' title='bbox 3345 2897 3445 2957; x_wconf 88' lang='lat' dir='ltr'><strong>est,</strong></span> <span class='ocrx_word' id='word_1_636' title='bbox 3509 2889 3751 2962; x_wconf 91' lang='lat' dir='ltr'><strong>qualibet</strong></span> 
     </span>
    </p>
   </div>
   <div class='ocr_carea' id='block_1_91' title="bbox 2152 2978 3749 3052">
    <p class='ocr_par' dir='ltr' id='par_1_91' title="bbox 2152 2978 3749 3052">
     <span class='ocr_line' id='line_1_93' title="bbox 2152 2978 3749 3052; baseline -0.006 -10"><span class='ocrx_word' id='word_1_637' title='bbox 2152 2986 2443 3042; x_wconf 82' lang='lat' dir='ltr'><strong>occasione</strong></span> <span class='ocrx_word' id='word_1_638' title='bbox 2497 2984 2601 3039; x_wconf 87' lang='lat' dir='ltr'><strong>sibi</strong></span> <span class='ocrx_word' id='word_1_639' title='bbox 2657 2984 2883 3039; x_wconf 87' lang='lat' dir='ltr'><strong>deberet</strong></span> <span class='ocrx_word' id='word_1_640' title='bbox 2936 2995 3226 3052; x_wconf 89' lang='lat' dir='ltr'><strong>usurpare.</strong></span> <span class='ocrx_word' id='word_1_641' title='bbox 3286 2978 3749 3035; x_wconf 83' lang='lat' dir='ltr'><strong>Vindocinensem</strong></span> 
     </span>
    </p>
   </div>
   <div class='ocr_carea' id='block_1_92' title="bbox 2154 3068 3750 3138">
    <p class='ocr_par' dir='ltr' id='par_1_92' title="bbox 2154 3068 3750 3138">
     <span class='ocr_line' id='line_1_94' title="bbox 2154 3068 3750 3138; baseline -0.004 -7"><span class='ocrx_word' id='word_1_642' title='bbox 2154 3075 2463 3132; x_wconf 85' lang='lat' dir='ltr'><strong>Ecclesiam</strong></span> <span class='ocrx_word' id='word_1_643' title='bbox 2509 3081 2716 3129; x_wconf 73' lang='lat' dir='ltr'><strong>sanctae</strong></span> <span class='ocrx_word' id='word_1_644' title='bbox 2754 3072 3016 3128; x_wconf 69' lang='lat' dir='ltr'><strong>Romanae</strong></span> <span class='ocrx_word' id='word_1_645' title='bbox 3048 3069 3308 3125; x_wconf 66' lang='lat' dir='ltr'><strong>Ecclesiae</strong></span> <span class='ocrx_word' id='word_1_646' title='bbox 3338 3084 3441 3125; x_wconf 91' lang='lat' dir='ltr'><strong>nec</strong></span> <span class='ocrx_word' id='word_1_647' title='bbox 3469 3068 3614 3138; x_wconf 90' lang='lat' dir='ltr'><strong>dedi,</strong></span> <span class='ocrx_word' id='word_1_648' title='bbox 3646 3084 3750 3124; x_wconf 90' lang='lat' dir='ltr'><strong>nec</strong></span> 
     </span>
    </p>
   </div>
   <div class='ocr_carea' id='block_1_93' title="bbox 2154 3158 3748 3233">
    <p class='ocr_par' dir='ltr' id='par_1_93' title="bbox 2154 3158 3748 3233">
     <span class='ocr_line' id='line_1_95' title="bbox 2154 3158 3748 3233; baseline -0.005 -13"><span class='ocrx_word' id='word_1_649' title='bbox 2154 3164 2426 3220; x_wconf 89' lang='lat' dir='ltr'><strong>auferam.</strong></span> <span class='ocrx_word' id='word_1_650' title='bbox 2495 3162 2654 3232; x_wconf 88' lang='lat' dir='ltr'><strong>Quod</strong></span> <span class='ocrx_word' id='word_1_651' title='bbox 2711 3162 2759 3216; x_wconf 89' lang='lat' dir='ltr'><strong>si</strong></span> <span class='ocrx_word' id='word_1_652' title='bbox 2807 3160 3052 3233; x_wconf 87' lang='lat' dir='ltr'><strong>qualibet</strong></span> <span class='ocrx_word' id='word_1_653' title='bbox 3081 3158 3433 3230; x_wconf 83' lang='lat' dir='ltr'><strong>suggestione</strong></span> <span class='ocrx_word' id='word_1_654' title='bbox 3463 3165 3748 3223; x_wconf 89' lang='lat' dir='ltr'><strong>tentarem,</strong></span> 
     </span>
    </p>
   </div>
   <div class='ocr_carea' id='block_1_94' title="bbox 2152 3248 3752 3326">
    <p class='ocr_par' dir='ltr' id='par_1_94' title="bbox 2152 3248 3752 3326">
     <span class='ocr_line' id='line_1_96' title="bbox 2152 3248 3752 3326; baseline -0.004 -17"><span class='ocrx_word' id='word_1_655' title='bbox 2152 3270 2440 3326; x_wconf 86' lang='lat' dir='ltr'><strong>peccarem</strong></span> <span class='ocrx_word' id='word_1_656' title='bbox 2464 3252 2519 3307; x_wconf 89' lang='lat' dir='ltr'><strong>in</strong></span> <span class='ocrx_word' id='word_1_657' title='bbox 2549 3252 2786 3306; x_wconf 89' lang='lat' dir='ltr'><strong>animam</strong></span> <span class='ocrx_word' id='word_1_658' title='bbox 2815 3264 3016 3316; x_wconf 83' lang='lat' dir='ltr'><strong>meam,</strong></span> <span class='ocrx_word' id='word_1_659' title='bbox 3041 3263 3145 3304; x_wconf 92' lang='lat' dir='ltr'><strong>nec</strong></span> <span class='ocrx_word' id='word_1_660' title='bbox 3173 3248 3335 3302; x_wconf 89' lang='lat' dir='ltr'><strong>etiam</strong></span> <span class='ocrx_word' id='word_1_661' title='bbox 3366 3262 3494 3303; x_wconf 90' lang='lat' dir='ltr'><strong>cum</strong></span> <span class='ocrx_word' id='word_1_662' title='bbox 3521 3252 3752 3317; x_wconf 88' lang='lat' dir='ltr'><strong>peccato</strong></span> 
     </span>
    </p>
   </div>
   <div class='ocr_carea' id='block_1_95' title="bbox 2152 3335 3747 3414">
    <p class='ocr_par' dir='ltr' id='par_1_95' title="bbox 2152 3335 3747 3414">
     <span class='ocr_line' id='line_1_97' title="bbox 2152 3335 3747 3414; baseline -0.005 -16"><span class='ocrx_word' id='word_1_663' title='bbox 2152 3340 2420 3414; x_wconf 87' lang='lat' dir='ltr'><strong>perficere</strong></span> <span class='ocrx_word' id='word_1_664' title='bbox 2476 3341 2743 3397; x_wconf 89' lang='lat' dir='ltr'><strong>valerem.</strong></span> <span class='ocrx_word' id='word_1_665' title='bbox 2801 3341 3068 3395; x_wconf 75' lang='lat' dir='ltr'><strong>Romanae</strong></span> <span class='ocrx_word' id='word_1_666' title='bbox 3108 3338 3293 3408; x_wconf 86' lang='lat' dir='ltr'><strong>itaque</strong></span> <span class='ocrx_word' id='word_1_667' title='bbox 3336 3336 3621 3401; x_wconf 72' lang='lat' dir='ltr'><strong>Ecclesiae,</strong></span> <span class='ocrx_word' id='word_1_668' title='bbox 3655 3335 3747 3391; x_wconf 88' lang='lat' dir='ltr'><strong>cui</strong></span> 
     </span>
    </p>
   </div>
   <div class='ocr_carea' id='block_1_96' title="bbox 2152 3425 3751 3499">
    <p class='ocr_par' dir='ltr' id='par_1_96' title="bbox 2152 3425 3751 3499">
     <span class='ocr_line' id='line_1_98' title="bbox 2152 3425 3751 3499; baseline -0.005 -11"><span class='ocrx_word' id='word_1_669' title='bbox 2152 3440 2320 3488; x_wconf 86' lang='lat' dir='ltr'><strong>totum</strong></span> <span class='ocrx_word' id='word_1_670' title='bbox 2350 3447 2437 3486; x_wconf 93' lang='lat' dir='ltr'><strong>me</strong></span> <span class='ocrx_word' id='word_1_671' title='bbox 2467 3431 2663 3497; x_wconf 87' lang='lat' dir='ltr'><strong>debeo,</strong></span> <span class='ocrx_word' id='word_1_672' title='bbox 2697 3429 2844 3485; x_wconf 90' lang='lat' dir='ltr'><strong>omni</strong></span> <span class='ocrx_word' id='word_1_673' title='bbox 2875 3435 3118 3499; x_wconf 91' lang='lat' dir='ltr'><strong>tempore</strong></span> <span class='ocrx_word' id='word_1_674' title='bbox 3150 3426 3320 3482; x_wconf 84' lang='lat' dir='ltr'><strong>ﬁdem</strong></span> <span class='ocrx_word' id='word_1_675' title='bbox 3351 3425 3613 3490; x_wconf 88' lang='lat' dir='ltr'><strong>servabo;</strong></span> <span class='ocrx_word' id='word_1_676' title='bbox 3645 3441 3751 3496; x_wconf 90' lang='lat' dir='ltr'><strong>pro</strong></span> 
     </span>
    </p>
   </div>
   <div class='ocr_carea' id='block_1_97' title="bbox 2154 3514 3752 3591">
    <p class='ocr_par' dir='ltr' id='par_1_97' title="bbox 2154 3514 3752 3591">
     <span class='ocr_line' id='line_1_99' title="bbox 2154 3514 3752 3591; baseline -0.006 -13"><span class='ocrx_word' id='word_1_677' title='bbox 2154 3522 2310 3591; x_wconf 90' lang='lat' dir='ltr'><strong>cujus</strong></span> <span class='ocrx_word' id='word_1_678' title='bbox 2357 3535 2545 3576; x_wconf 89' lang='lat' dir='ltr'><strong>amore</strong></span> <span class='ocrx_word' id='word_1_679' title='bbox 2598 3534 2664 3575; x_wconf 91' lang='lat' dir='ltr'><strong>ac</strong></span> <span class='ocrx_word' id='word_1_680' title='bbox 2708 3517 2969 3573; x_wconf 85' lang='lat' dir='ltr'><strong>fidelitate</strong></span> <span class='ocrx_word' id='word_1_681' title='bbox 3016 3515 3379 3586; x_wconf 87' lang='lat' dir='ltr'><strong>multiplicata</strong></span> <span class='ocrx_word' id='word_1_682' title='bbox 3425 3514 3752 3586; x_wconf 87' lang='lat' dir='ltr'><strong>gravamina</strong></span> 
     </span>
    </p>
   </div>
   <div class='ocr_carea' id='block_1_98' title="bbox 2152 3602 3752 3678">
    <p class='ocr_par' dir='ltr' id='par_1_98' title="bbox 2152 3602 3752 3678">
     <span class='ocr_line' id='line_1_100' title="bbox 2152 3602 3752 3678; baseline -0.005 -10"><span class='ocrx_word' id='word_1_683' title='bbox 2152 3610 2349 3668; x_wconf 85' lang='lat' dir='ltr'><strong>virtute</strong></span> <span class='ocrx_word' id='word_1_684' title='bbox 2377 3608 2712 3674; x_wconf 69' lang='lat' dir='ltr'><strong>constantiae,</strong></span> <span class='ocrx_word' id='word_1_685' title='bbox 2739 3614 2793 3662; x_wconf 92' lang='lat' dir='ltr'><strong>et</strong></span> <span class='ocrx_word' id='word_1_686' title='bbox 2810 3606 2977 3662; x_wconf 91' lang='lat' dir='ltr'><strong>animi</strong></span> <span class='ocrx_word' id='word_1_687' title='bbox 3007 3604 3319 3678; x_wconf 82' lang='lat' dir='ltr'><strong>integritate</strong></span> <span class='ocrx_word' id='word_1_688' title='bbox 3348 3602 3612 3670; x_wconf 87' lang='lat' dir='ltr'><strong>sustineo,</strong></span> <span class='ocrx_word' id='word_1_689' title='bbox 3641 3619 3752 3660; x_wconf 84' lang='lat' dir='ltr'><strong>nec</strong></span> 
     </span>
    </p>
   </div>
   <div class='ocr_carea' id='block_1_99' title="bbox 2153 3693 3752 3768">
    <p class='ocr_par' dir='ltr' id='par_1_99' title="bbox 2153 3693 3752 3768">
     <span class='ocr_line' id='line_1_101' title="bbox 2153 3693 3752 3768; baseline -0.003 -14"><span class='ocrx_word' id='word_1_690' title='bbox 2153 3700 2324 3755; x_wconf 89' lang='lat' dir='ltr'><strong>multo</strong></span> <span class='ocrx_word' id='word_1_691' title='bbox 2379 3698 2615 3768; x_wconf 86' lang='lat' dir='ltr'><strong>majora,</strong></span> <span class='ocrx_word' id='word_1_692' title='bbox 2676 3697 2722 3752; x_wconf 87' lang='lat' dir='ltr'><strong>si</strong></span> <span class='ocrx_word' id='word_1_693' title='bbox 2779 3695 3121 3763; x_wconf 88' lang='lat' dir='ltr'><strong>emerserint,</strong></span> <span class='ocrx_word' id='word_1_694' title='bbox 3177 3708 3280 3765; x_wconf 91' lang='lat' dir='ltr'><strong>pro</strong></span> <span class='ocrx_word' id='word_1_695' title='bbox 3329 3693 3418 3747; x_wconf 90' lang='lat' dir='ltr'><strong>illa</strong></span> <span class='ocrx_word' id='word_1_696' title='bbox 3473 3693 3752 3749; x_wconf 86' lang='lat' dir='ltr'><strong>sustinere</strong></span> 
     </span>
    </p>
   </div>
   <div class='ocr_carea' id='block_1_100' title="bbox 2154 3793 3755 3869">
    <p class='ocr_par' dir='ltr' id='par_1_100' title="bbox 2154 3793 3755 3869">
     <span class='ocr_line' id='line_1_102' title="bbox 2154 3793 3755 3869; baseline -0.004 -11"><span class='ocrx_word' id='word_1_697' title='bbox 2154 3818 2378 3858; x_wconf 86' lang='lat' dir='ltr'><strong>recuso.</strong></span> <span class='ocrx_word' id='word_1_698' title='bbox 2418 3800 2565 3855; x_wconf 89' lang='lat' dir='ltr'><strong>Illam</strong></span> <span class='ocrx_word' id='word_1_699' title='bbox 2599 3798 2654 3854; x_wconf 91' lang='lat' dir='ltr'><strong>in</strong></span> <span class='ocrx_word' id='word_1_700' title='bbox 2679 3798 2815 3854; x_wconf 89' lang='lat' dir='ltr'><strong>meis</strong></span> <span class='ocrx_word' id='word_1_701' title='bbox 2844 3795 3119 3869; x_wconf 88' lang='lat' dir='ltr'><strong>pressuris</strong></span> <span class='ocrx_word' id='word_1_702' title='bbox 3166 3793 3480 3864; x_wconf 86' lang='lat' dir='ltr'><strong>reclamavi,</strong></span> <span class='ocrx_word' id='word_1_703' title='bbox 3542 3796 3649 3863; x_wconf 85' lang='lat'><strong>62</strong></span> <span class='ocrx_word' id='word_1_704' title='bbox 3698 3804 3755 3851; x_wconf 92' lang='lat' dir='ltr'><strong>et</strong></span> 
     </span>
    </p>
   </div>
   <div class='ocr_carea' id='block_1_101' title="bbox 2154 3897 3754 3970">
    <p class='ocr_par' dir='ltr' id='par_1_101' title="bbox 2154 3897 3754 3970">
     <span class='ocr_line' id='line_1_103' title="bbox 2154 3897 3754 3970; baseline -0.005 -9"><span class='ocrx_word' id='word_1_705' title='bbox 2154 3906 2333 3963; x_wconf 87' lang='lat' dir='ltr'><strong>adhuc</strong></span> <span class='ocrx_word' id='word_1_706' title='bbox 2363 3904 2666 3960; x_wconf 89' lang='lat' dir='ltr'><strong>reclamare</strong></span> <span class='ocrx_word' id='word_1_707' title='bbox 2696 3917 2806 3957; x_wconf 90' lang='lat' dir='ltr'><strong>non</strong></span> <span class='ocrx_word' id='word_1_708' title='bbox 2836 3900 3047 3956; x_wconf 90' lang='lat' dir='ltr'><strong>desino.</strong></span> <span class='ocrx_word' id='word_1_709' title='bbox 3081 3899 3220 3955; x_wconf 85' lang='lat' dir='ltr'><strong>Nam</strong></span> <span class='ocrx_word' id='word_1_710' title='bbox 3251 3897 3296 3953; x_wconf 91' lang='lat' dir='ltr'><strong>si</strong></span> <span class='ocrx_word' id='word_1_711' title='bbox 3323 3897 3485 3953; x_wconf 92' lang='lat' dir='ltr'><strong>modo</strong></span> <span class='ocrx_word' id='word_1_712' title='bbox 3529 3897 3754 3970; x_wconf 88' lang='lat' dir='ltr'><strong>ignorat</strong></span> 
     </span>
    </p>
   </div>
   <div class='ocr_carea' id='block_1_102' title="bbox 2155 3986 3754 4068">
    <p class='ocr_par' dir='ltr' id='par_1_102' title="bbox 2155 3986 3754 4068">
     <span class='ocr_line' id='line_1_104' title="bbox 2155 3986 3754 4068; baseline -0.004 -19"><span class='ocrx_word' id='word_1_713' title='bbox 2155 4003 2359 4068; x_wconf 86' lang='lat' dir='ltr'><strong>quanta</strong></span> <span class='ocrx_word' id='word_1_714' title='bbox 2386 4009 2488 4065; x_wconf 91' lang='lat' dir='ltr'><strong>pro</strong></span> <span class='ocrx_word' id='word_1_715' title='bbox 2517 3991 2608 4048; x_wconf 92' lang='lat' dir='ltr'><strong>illa</strong></span> <span class='ocrx_word' id='word_1_716' title='bbox 2637 3991 2835 4063; x_wconf 86' lang='lat' dir='ltr'><strong>patior,</strong></span> <span class='ocrx_word' id='word_1_717' title='bbox 2867 3988 3001 4056; x_wconf 91' lang='lat' dir='ltr'><strong>scio,</strong></span> <span class='ocrx_word' id='word_1_718' title='bbox 3034 4003 3158 4043; x_wconf 91' lang='lat' dir='ltr'><strong>cum</strong></span> <span class='ocrx_word' id='word_1_719' title='bbox 3188 3986 3491 4058; x_wconf 83' lang='lat' dir='ltr'><strong>agnoverit,</strong></span> <span class='ocrx_word' id='word_1_720' title='bbox 3545 3988 3754 4057; x_wconf 88' lang='lat' dir='ltr'><strong>petenti</strong></span> 
     </span>
    </p>
   </div>
   <div class='ocr_carea' id='block_1_103' title="bbox 2153 4074 3749 4154">
    <p class='ocr_par' dir='ltr' id='par_1_103' title="bbox 2153 4074 3749 4154">
     <span class='ocr_line' id='line_1_105' title="bbox 2153 4074 3749 4154; baseline -0.005 -14"><span class='ocrx_word' id='word_1_721' title='bbox 2153 4083 2413 4140; x_wconf 87' lang='lat' dir='ltr'><strong>auxilium</strong></span> <span class='ocrx_word' id='word_1_722' title='bbox 2468 4097 2576 4137; x_wconf 93' lang='lat' dir='ltr'><strong>non</strong></span> <span class='ocrx_word' id='word_1_723' title='bbox 2631 4080 2850 4154; x_wconf 88' lang='lat' dir='ltr'><strong>negabit</strong></span> <span class='ocrx_word' id='word_1_724' title='bbox 2902 4092 3022 4151; x_wconf 69' lang='lat' dir='ltr'><strong>qua:</strong></span> <span class='ocrx_word' id='word_1_725' title='bbox 3078 4092 3299 4146; x_wconf 87' lang='lat' dir='ltr'><strong>semper</strong></span> <span class='ocrx_word' id='word_1_726' title='bbox 3351 4074 3749 4132; x_wconf 71' lang='lat' dir='ltr'><strong>misericordiae</strong></span> 
     </span>
    </p>
   </div>
   <div class='ocr_carea' id='block_1_104' title="bbox 2152 4164 3746 4240">
    <p class='ocr_par' dir='ltr' id='par_1_104' title="bbox 2152 4164 3746 4240">
     <span class='ocr_line' id='line_1_106' title="bbox 2152 4164 3746 4240; baseline -0.004 -11"><span class='ocrx_word' id='word_1_727' title='bbox 2152 4171 2460 4231; x_wconf 85' lang='lat' dir='ltr'><strong>visceribus</strong></span> <span class='ocrx_word' id='word_1_728' title='bbox 2506 4169 2739 4226; x_wconf 88' lang='lat' dir='ltr'><strong>affluens</strong></span> <span class='ocrx_word' id='word_1_729' title='bbox 2780 4165 3065 4240; x_wconf 89' lang='lat' dir='ltr'><strong>oppressis</strong></span> <span class='ocrx_word' id='word_1_730' title='bbox 3121 4165 3396 4231; x_wconf 90' lang='lat' dir='ltr'><strong>omnibus,</strong></span> <span class='ocrx_word' id='word_1_731' title='bbox 3428 4172 3480 4219; x_wconf 90' lang='lat' dir='ltr'><strong>et</strong></span> <span class='ocrx_word' id='word_1_732' title='bbox 3508 4164 3746 4222; x_wconf 90' lang='lat' dir='ltr'><strong>maxime</strong></span> 
     </span>
    </p>
   </div>
   <div class='ocr_carea' id='block_1_105' title="bbox 2154 4254 3752 4326">
    <p class='ocr_par' dir='ltr' id='par_1_105' title="bbox 2154 4254 3752 4326">
     <span class='ocr_line' id='line_1_107' title="bbox 2154 4254 3752 4326; baseline -0.006 -7"><span class='ocrx_word' id='word_1_733' title='bbox 2154 4260 2469 4320; x_wconf 89' lang='lat' dir='ltr'><strong>domesticis</strong></span> <span class='ocrx_word' id='word_1_734' title='bbox 2498 4260 2633 4326; x_wconf 90' lang='lat' dir='ltr'><strong>suis,</strong></span> <span class='ocrx_word' id='word_1_735' title='bbox 2669 4257 2960 4315; x_wconf 89' lang='lat' dir='ltr'><strong>subvenire</strong></span> <span class='ocrx_word' id='word_1_736' title='bbox 2999 4254 3303 4314; x_wconf 89' lang='lat' dir='ltr'><strong>consuevit.</strong></span> <span class='ocrx_word' id='word_1_737' title='bbox 3350 4255 3596 4309; x_wconf 90' lang='lat' dir='ltr'><strong>Domnus</strong></span> <span class='ocrx_word' id='word_1_738' title='bbox 3637 4255 3752 4309; x_wconf 86' lang='lat' dir='ltr'><strong>Er-</strong></span> 
     </span>
    </p>
   </div>
   <div class='ocr_carea' id='block_1_106' title="bbox 2153 4341 3749 4421">
    <p class='ocr_par' dir='ltr' id='par_1_106' title="bbox 2153 4341 3749 4421">
     <span class='ocr_line' id='line_1_108' title="bbox 2153 4341 3749 4421; baseline -0.005 -13"><span class='ocrx_word' id='word_1_739' title='bbox 2153 4351 2358 4409; x_wconf 85' lang='lat' dir='ltr'><strong>naldus</strong></span> <span class='ocrx_word' id='word_1_740' title='bbox 2386 4349 2558 4418; x_wconf 76' lang='lat'><strong>(109),</strong></span> <span class='ocrx_word' id='word_1_741' title='bbox 2601 4364 2765 4421; x_wconf 88' lang='lat' dir='ltr'><strong>quem</strong></span> <span class='ocrx_word' id='word_1_742' title='bbox 2794 4347 3064 4405; x_wconf 90' lang='lat' dir='ltr'><strong>decanum</strong></span> <span class='ocrx_word' id='word_1_743' title='bbox 3093 4352 3334 4401; x_wconf 86' lang='lat' dir='ltr'><strong>vestrum</strong></span> <span class='ocrx_word' id='word_1_744' title='bbox 3354 4341 3550 4411; x_wconf 89' lang='lat' dir='ltr'><strong>dicitis,</strong></span> <span class='ocrx_word' id='word_1_745' title='bbox 3574 4342 3621 4398; x_wconf 90' lang='lat' dir='ltr'><strong>si</strong></span> <span class='ocrx_word' id='word_1_746' title='bbox 3640 4343 3749 4400; x_wconf 89' lang='lat' dir='ltr'><strong>sibi</strong></span> 
     </span>
    </p>
   </div>
   <div class='ocr_carea' id='block_1_107' title="bbox 2193 4497 3748 4562">
    <p class='ocr_par' dir='ltr' id='par_1_107' title="bbox 2193 4497 3748 4562">
     <span class='ocr_line' id='line_1_109' title="bbox 2193 4497 3748 4562; baseline -0.006 0"><span class='ocrx_word' id='word_1_747' title='bbox 2193 4521 2316 4562; x_wconf 89' lang='lat' dir='ltr'><strong>nam</strong></span> <span class='ocrx_word' id='word_1_748' title='bbox 2343 4523 2373 4561; x_wconf 90' lang='lat' dir='ltr'><strong>a</strong></span> <span class='ocrx_word' id='word_1_749' title='bbox 2402 4501 2852 4562; x_wconf 89' lang='lat' dir='ltr'><strong>Cisterciensibus</strong></span> <span class='ocrx_word' id='word_1_750' title='bbox 2880 4499 2969 4556; x_wconf 90' lang='lat' dir='ltr'><strong>edi</strong></span> <span class='ocrx_word' id='word_1_751' title='bbox 3013 4498 3229 4555; x_wconf 88' lang='lat' dir='ltr'><strong>solitam</strong></span> <span class='ocrx_word' id='word_1_752' title='bbox 3271 4497 3434 4555; x_wconf 91' lang='lat' dir='ltr'><strong>docet</strong></span> <span class='ocrx_word' id='word_1_753' title='bbox 3476 4497 3748 4553; x_wconf 85' lang='lat' dir='ltr'><strong>Honorius</strong></span> 
     </span>
    </p>
   </div>
   <div class='ocr_carea' id='block_1_108' title="bbox 2069 4570 3748 4642">
    <p class='ocr_par' dir='ltr' id='par_1_108' title="bbox 2069 4570 3748 4642">
     <span class='ocr_line' id='line_1_110' title="bbox 2069 4570 3748 4642; baseline -0.007 -7"><span class='ocrx_word' id='word_1_754' title='bbox 2069 4579 2123 4641; x_wconf 93' lang='lat' dir='ltr'>D</span> <span class='ocrx_word' id='word_1_755' title='bbox 2152 4570 2246 4642; x_wconf 83' lang='lat' dir='ltr'><strong>lll,</strong></span> <span class='ocrx_word' id='word_1_756' title='bbox 2277 4595 2327 4635; x_wconf 92' lang='lat' dir='ltr'><strong>c.</strong></span> <span class='ocrx_word' id='word_1_757' title='bbox 2361 4578 2438 4634; x_wconf 81' lang='lat' dir='ltr'><strong>Ne</strong></span> <span class='ocrx_word' id='word_1_758' title='bbox 2476 4577 2573 4632; x_wconf 74' lang='lat' dir='ltr'><strong>Dei</strong></span> <span class='ocrx_word' id='word_1_759' title='bbox 2599 4575 2928 4633; x_wconf 77' lang='lat' dir='ltr'><strong>Eeelesiam.</strong></span> <span class='ocrx_word' id='word_1_760' title='bbox 2951 4572 3022 4628; x_wconf 90' lang='lat' dir='ltr'><strong>de</strong></span> <span class='ocrx_word' id='word_1_761' title='bbox 3052 4570 3311 4626; x_wconf 77' lang='lat' dir='ltr'><strong>Simonia.</strong></span> <span class='ocrx_word' id='word_1_762' title='bbox 3345 4571 3455 4638; x_wconf 84' lang='lat' dir='ltr'><strong>Ego</strong></span> <span class='ocrx_word' id='word_1_763' title='bbox 3483 4570 3546 4626; x_wconf 87' lang='grc' dir='ltr'><strong>Ν.</strong></span> <span class='ocrx_word' id='word_1_764' title='bbox 3579 4570 3748 4624; x_wconf 82' lang='lat' dir='ltr'><strong>abbas</strong></span> 
     </span>
    </p>
   </div>
   <div class='ocr_carea' id='block_1_109' title="bbox 2154 4642 3745 4714">
    <p class='ocr_par' dir='ltr' id='par_1_109' title="bbox 2154 4642 3745 4714">
     <span class='ocr_line' id='line_1_111' title="bbox 2154 4642 3745 4714; baseline -0.008 -7"><span class='ocrx_word' id='word_1_765' title='bbox 2154 4649 2546 4707; x_wconf 78' lang='lat' dir='ltr'><strong>Cisterciensis</strong></span> <span class='ocrx_word' id='word_1_766' title='bbox 2579 4646 2818 4705; x_wconf 79' lang='lat' dir='ltr'><strong>ordinis.</strong></span> <span class='ocrx_word' id='word_1_767' title='bbox 2841 4644 3246 4714; x_wconf 72' lang='lat' dir='ltr'><strong>subiectionem</strong></span> <span class='ocrx_word' id='word_1_768' title='bbox 3264 4646 3320 4697; x_wconf 80' lang='lat' dir='ltr'><strong>et</strong></span> <span class='ocrx_word' id='word_1_769' title='bbox 3341 4642 3745 4707; x_wconf 81' lang='lat' dir='ltr'><strong>reverentiam,</strong></span> 
     </span>
    </p>
   </div>
   <div class='ocr_carea' id='block_1_110' title="bbox 2148 4713 3747 4778">
    <p class='ocr_par' dir='ltr' id='par_1_110' title="bbox 2148 4713 3747 4778">
     <span class='ocr_line' id='line_1_112' title="bbox 2148 4713 3747 4778; baseline -0.008 0"><span class='ocrx_word' id='word_1_770' title='bbox 2148 4725 2205 4778; x_wconf 87' lang='lat' dir='ltr'><strong>et</strong></span> <span class='ocrx_word' id='word_1_771' title='bbox 2235 4720 2611 4777; x_wconf 78' lang='lat' dir='ltr'><strong>obedientiam</strong></span> <span class='ocrx_word' id='word_1_772' title='bbox 2638 4735 2674 4774; x_wconf 90' lang='lat' dir='ltr'><strong>a</strong></span> <span class='ocrx_word' id='word_1_773' title='bbox 2697 4716 2914 4772; x_wconf 81' lang='lat' dir='ltr'><strong>sanctis</strong></span> <span class='ocrx_word' id='word_1_774' title='bbox 2938 4713 3209 4769; x_wconf 40' lang='lat' dir='ltr'><strong>&#39;Patribus</strong></span> <span class='ocrx_word' id='word_1_775' title='bbox 3228 4714 3626 4777; x_wconf 76' lang='lat' dir='ltr'><strong>constitutam,</strong></span> <span class='ocrx_word' id='word_1_776' title='bbox 3654 4728 3747 4766; x_wconf 80' lang='lat' dir='ltr'><strong>se-</strong></span> 
     </span>
    </p>
   </div>
   <div class='ocr_carea' id='block_1_111' title="bbox 2148 4783 3749 4861">
    <p class='ocr_par' dir='ltr' id='par_1_111' title="bbox 2148 4783 3749 4861">
     <span class='ocr_line' id='line_1_113' title="bbox 2148 4783 3749 4861; baseline -0.008 -11"><span class='ocrx_word' id='word_1_777' title='bbox 2148 4792 2403 4850; x_wconf 85' lang='lat' dir='ltr'><strong>cundum</strong></span> <span class='ocrx_word' id='word_1_778' title='bbox 2418 4791 2682 4861; x_wconf 81' lang='lat' dir='ltr'><strong>Regulam</strong></span> <span class='ocrx_word' id='word_1_779' title='bbox 2694 4785 3142 4861; x_wconf 81' lang='lat' dir='ltr'><strong>sancti_Benedic</strong></span> <span class='ocrx_word' id='word_1_780' title='bbox 3151 4785 3213 4861; x_wconf 81' lang='lat' dir='ltr'><strong>ti.</strong></span> <span class='ocrx_word' id='word_1_781' title='bbox 3231 4785 3351 4861; x_wconf 72' lang='lat' dir='ltr'><strong>tibi.</strong></span> <span class='ocrx_word' id='word_1_782' title='bbox 3366 4783 3749 4861; x_wconf 51' lang='lat' dir='ltr'><strong>dominae:ka</strong></span> 
     </span>
    </p>
   </div>
   <div class='ocr_carea' id='block_1_112' title="bbox 2150 4853 3747 4935">
    <p class='ocr_par' dir='ltr' id='par_1_112' title="bbox 2150 4853 3747 4935">
     <span class='ocr_line' id='line_1_114' title="bbox 2150 4853 3747 4935; baseline -0.008 -15"><span class='ocrx_word' id='word_1_783' title='bbox 2150 4879 2299 4935; x_wconf 84' lang='lat' dir='ltr'><strong>cape,</strong></span> <span class='ocrx_word' id='word_1_784' title='bbox 2321 4853 2544 4935; x_wconf 66' lang='lat' dir='ltr'><strong>tuisque</strong></span> <span class='ocrx_word' id='word_1_785' title='bbox 2574 4858 2978 4935; x_wconf 59' lang='lat' dir='ltr'><strong>successoribus</strong></span> <span class='ocrx_word' id='word_1_786' title='bbox 2988 4853 3668 4935; x_wconf 63' lang='grc' dir='ltr'><strong>ραηοφιξςξξἱηειὶιαεηιίἱέἲ</strong></span> <span class='ocrx_word' id='word_1_787' title='bbox 3687 4856 3747 4909; x_wconf 88' lang='lat' dir='ltr'><strong>et</strong></span> 
     </span>
    </p>
   </div>
   <div class='ocr_carea' id='block_1_113' title="bbox 2149 4926 3746 5003">
    <p class='ocr_par' dir='ltr' id='par_1_113' title="bbox 2149 4926 3746 5003">
     <span class='ocr_line' id='line_1_115' title="bbox 2149 4926 3746 5003; baseline -0.006 -13"><span class='ocrx_word' id='word_1_788' title='bbox 2149 4926 2367 4991; x_wconf 65' lang='lat' dir='ltr'><strong>sanetae</strong></span> <span class='ocrx_word' id='word_1_789' title='bbox 2385 4926 2533 4989; x_wconf 67' lang='lat' dir='ltr'><strong>sedis</strong></span> <span class='ocrx_word' id='word_1_790' title='bbox 2553 4930 2895 5003; x_wconf 61' lang='lat' dir='ltr'><strong>apostolica,</strong></span> <span class='ocrx_word' id='word_1_791' title='bbox 2916 4928 3065 5003; x_wconf 56' lang='lat' dir='ltr'><strong>salvo</strong></span> <span class='ocrx_word' id='word_1_792' title='bbox 3097 4926 3292 4983; x_wconf 84' lang='lat' dir='ltr'><strong>ordine</strong></span> <span class='ocrx_word' id='word_1_793' title='bbox 3314 4941 3454 5003; x_wconf 58' lang='lat' dir='ltr'><strong>meo,</strong></span> <span class='ocrx_word' id='word_1_794' title='bbox 3475 4928 3746 5003; x_wconf 71' lang='lat' dir='ltr'><strong>perpetuo</strong></span> 
     </span>
    </p>
   </div>
   <div class='ocr_carea' id='block_1_114' title="bbox 2147 4995 3746 5074">
    <p class='ocr_par' dir='ltr' id='par_1_114' title="bbox 2147 4995 3746 5074">
     <span class='ocr_line' id='line_1_116' title="bbox 2147 4995 3746 5074; baseline -0.006 -14"><span class='ocrx_word' id='word_1_795' title='bbox 2147 5021 2239 5062; x_wconf 87' lang='lat' dir='ltr'><strong>me</strong></span> <span class='ocrx_word' id='word_1_796' title='bbox 2269 4995 2601 5061; x_wconf 69' lang='lat' dir='ltr'><strong>habitarunt</strong></span> <span class='ocrx_word' id='word_1_797' title='bbox 2624 5002 2915 5074; x_wconf 65' lang='lat' dir='ltr'><strong>promitto.</strong></span> <span class='ocrx_word' id='word_1_798' title='bbox 2952 4997 3056 5074; x_wconf 84' lang='lat' dir='ltr'><strong>Qui</strong></span> <span class='ocrx_word' id='word_1_799' title='bbox 3085 5014 3220 5074; x_wconf 74' lang='lat' dir='ltr'><strong>vero</strong></span> <span class='ocrx_word' id='word_1_800' title='bbox 3255 4997 3404 5052; x_wconf 89' lang='lat' dir='ltr'><strong>sedis</strong></span> <span class='ocrx_word' id='word_1_801' title='bbox 3431 4995 3746 5066; x_wconf 76' lang='lat' dir='ltr'><strong>apostolicae</strong></span> 
     </span>
    </p>
   </div>
   <div class='ocr_carea' id='block_1_115' title="bbox 2150 5068 3743 5150">
    <p class='ocr_par' dir='ltr' id='par_1_115' title="bbox 2150 5068 3743 5150">
     <span class='ocr_line' id='line_1_117' title="bbox 2150 5068 3743 5150; baseline -0.007 -17"><span class='ocrx_word' id='word_1_802' title='bbox 2150 5076 2455 5150; x_wconf 74' lang='lat' dir='ltr'><strong>privilegiis</strong></span> <span class='ocrx_word' id='word_1_803' title='bbox 2470 5068 2707 5150; x_wconf 78' lang='lat' dir='ltr'><strong>exempti</strong></span> <span class='ocrx_word' id='word_1_804' title='bbox 2727 5070 2941 5150; x_wconf 69' lang='lat' dir='ltr'><strong>fuerant</strong></span> <span class='ocrx_word' id='word_1_805' title='bbox 2962 5070 3031 5150; x_wconf 78' lang='lat' dir='ltr'><strong>ab</strong></span> <span class='ocrx_word' id='word_1_806' title='bbox 3049 5068 3430 5150; x_wconf 66' lang='lat' dir='ltr'><strong>episcopprum</strong></span> <span class='ocrx_word' id='word_1_807' title='bbox 3455 5074 3743 5150; x_wconf 75' lang='lat' dir='ltr'><strong>potestate.</strong></span> 
     </span>
    </p>
   </div>
   <div class='ocr_carea' id='block_1_116' title="bbox 2152 5137 3740 5211">
    <p class='ocr_par' dir='ltr' id='par_1_116' title="bbox 2152 5137 3740 5211">
     <span class='ocr_line' id='line_1_118' title="bbox 2152 5137 3740 5211; baseline -0.009 -7"><span class='ocrx_word' id='word_1_808' title='bbox 2152 5137 2214 5204; x_wconf 72' lang='lat' dir='ltr'><strong>ut</strong></span> <span class='ocrx_word' id='word_1_809' title='bbox 2268 5137 2723 5211; x_wconf 59' lang='lat' dir='ltr'><strong>Viridocinens&#39;es,</strong></span> <span class='ocrx_word' id='word_1_810' title='bbox 2781 5143 2819 5197; x_wconf 91' lang='lat' dir='ltr'><strong>ii</strong></span> <span class='ocrx_word' id='word_1_811' title='bbox 2872 5137 3131 5196; x_wconf 85' lang='lat' dir='ltr'><strong>nimirum</strong></span> <span class='ocrx_word' id='word_1_812' title='bbox 3160 5137 3740 5211; x_wconf 25' lang='lat' dir='ltr'><strong>prefessionemhilLam</strong></span> 
     </span>
    </p>
   </div>
   <div class='ocr_carea' id='block_1_117' title="bbox 2151 5206 3747 5282">
    <p class='ocr_par' dir='ltr' id='par_1_117' title="bbox 2151 5206 3747 5282">
     <span class='ocr_line' id='line_1_119' title="bbox 2151 5206 3747 5282; baseline -0.008 -7"><span class='ocrx_word' id='word_1_813' title='bbox 2151 5234 2263 5276; x_wconf 90' lang='lat' dir='ltr'><strong>non</strong></span> <span class='ocrx_word' id='word_1_814' title='bbox 2290 5217 2581 5274; x_wconf 88' lang='lat' dir='ltr'><strong>debebant.</strong></span> <span class='ocrx_word' id='word_1_815' title='bbox 2608 5206 2806 5270; x_wconf 83' lang='lat' dir='ltr'><strong>Elicuit</strong></span> <span class='ocrx_word' id='word_1_816' title='bbox 2822 5219 3003 5267; x_wconf 91' lang='lat' dir='ltr'><strong>tamen</strong></span> <span class='ocrx_word' id='word_1_817' title='bbox 3034 5212 3129 5268; x_wconf 87' lang='lat' dir='ltr'><strong>lvo</strong></span> <span class='ocrx_word' id='word_1_818' title='bbox 3158 5206 3448 5282; x_wconf 79' lang='lat' dir='ltr'><strong>episcopus</strong></span> <span class='ocrx_word' id='word_1_819' title='bbox 3477 5226 3505 5263; x_wconf 86' lang='lat' dir='ltr'><strong>a</strong></span> <span class='ocrx_word' id='word_1_820' title='bbox 3536 5206 3747 5264; x_wconf 82' lang='lat' dir='ltr'><strong>Goti‘ri-</strong></span> 
     </span>
    </p>
   </div>
   <div class='ocr_carea' id='block_1_118' title="bbox 2150 5280 3741 5359">
    <p class='ocr_par' dir='ltr' id='par_1_118' title="bbox 2150 5280 3741 5359">
     <span class='ocr_line' id='line_1_120' title="bbox 2150 5280 3741 5359; baseline -0.008 -13"><span class='ocrx_word' id='word_1_821' title='bbox 2150 5290 2243 5356; x_wconf 90' lang='lat' dir='ltr'><strong>do,</strong></span> <span class='ocrx_word' id='word_1_822' title='bbox 2295 5284 2458 5359; x_wconf 86' lang='lat' dir='ltr'><strong>quem</strong></span> <span class='ocrx_word' id='word_1_823' title='bbox 2504 5283 3119 5359; x_wconf 27' lang='lat' dir='ltr'><strong>proptereaASubditum</strong></span> <span class='ocrx_word' id='word_1_824' title='bbox 3164 5280 3217 5337; x_wconf 79' lang='lat' dir='ltr'><strong>et</strong></span> <span class='ocrx_word' id='word_1_825' title='bbox 3245 5280 3741 5359; x_wconf 77' lang='lat' dir='ltr'><strong>professumsuum</strong></span> 
     </span>
    </p>
   </div>
   <div class='ocr_carea' id='block_1_119' title="bbox 2151 5306 3746 5433">
    <p class='ocr_par' dir='ltr' id='par_1_119' title="bbox 2151 5306 3746 5433">
     <span class='ocr_line' id='line_1_121' title="bbox 2151 5306 3741 5359; baseline -0.008 -13"><span class='ocrx_word' id='word_1_826' title='bbox 2151 5306 2243 5356; x_wconf 82' lang='lat'><strong>(10,</strong></span> <span class='ocrx_word' id='word_1_827' title='bbox 2335 5306 2458 5345; x_wconf 88' lang='lat' dir='ltr'><strong>uem</strong></span> <span class='ocrx_word' id='word_1_828' title='bbox 2504 5306 2796 5359; x_wconf 78' lang='lat' dir='ltr'><strong>propterea</strong></span> <span class='ocrx_word' id='word_1_829' title='bbox 2846 5306 3119 5338; x_wconf 79' lang='lat' dir='ltr'><strong>suuuuuul</strong></span> <span class='ocrx_word' id='word_1_830' title='bbox 3164 5306 3217 5337; x_wconf 71' lang='lat' dir='ltr'><strong>ut</strong></span> <span class='ocrx_word' id='word_1_831' title='bbox 3245 5306 3550 5353; x_wconf 73' lang='lat' dir='ltr'><strong>protcssutu</strong></span> <span class='ocrx_word' id='word_1_832' title='bbox 3581 5306 3741 5335; x_wconf 75' lang='lat' dir='ltr'><strong>suum</strong></span> 
     </span>
     <span class='ocr_line' id='line_1_122' title="bbox 2151 5306 3746 5433; baseline -0.009 -15"><span class='ocrx_word' id='word_1_833' title='bbox 2151 5306 2493 5433; x_wconf 59' lang='lat' dir='ltr'><strong>appellabat.</strong></span> <span class='ocrx_word' id='word_1_834' title='bbox 2523 5359 2642 5433; x_wconf 77' lang='lat' dir='ltr'><strong>Sed</strong></span> <span class='ocrx_word' id='word_1_835' title='bbox 2671 5354 2872 5433; x_wconf 85' lang='lat' dir='ltr'><strong>lvonis_</strong></span> <span class='ocrx_word' id='word_1_836' title='bbox 2891 5354 3087 5433; x_wconf 76' lang='lat' dir='ltr'><strong>factum</strong></span> <span class='ocrx_word' id='word_1_837' title='bbox 3136 5361 3212 5418; x_wconf 92' lang='lat' dir='ltr'><strong>ut,</strong></span> <span class='ocrx_word' id='word_1_838' title='bbox 3262 5368 3411 5433; x_wconf 44' lang='lat' dir='ltr'><strong>mox“</strong></span> <span class='ocrx_word' id='word_1_839' title='bbox 3432 5352 3593 5433; x_wconf 51' lang='lat' dir='ltr'><strong>dicet,</strong></span> <span class='ocrx_word' id='word_1_840' title='bbox 3640 5351 3746 5405; x_wconf 87' lang='lat' dir='ltr'><strong>im-</strong></span> 
     </span>
    </p>
   </div>
   <div class='ocr_carea' id='block_1_120' title="bbox 2151 5421 3746 5506">
    <p class='ocr_par' dir='ltr' id='par_1_120' title="bbox 2151 5421 3746 5506">
     <span class='ocr_line' id='line_1_123' title="bbox 2151 5421 3746 5506; baseline -0.007 -18"><span class='ocrx_word' id='word_1_841' title='bbox 2151 5421 2403 5506; x_wconf 66' lang='lat' dir='ltr'><strong>probavit</strong></span> <span class='ocrx_word' id='word_1_842' title='bbox 2443 5430 2696 5506; x_wconf 82' lang='lat' dir='ltr'><strong>Urbanus</strong></span> <span class='ocrx_word' id='word_1_843' title='bbox 2733 5425 3327 5506; x_wconf 64' lang='lat' dir='ltr'><strong>professionemquea</strong></span> <span class='ocrx_word' id='word_1_844' title='bbox 3370 5421 3746 5506; x_wconf 46' lang='lat' dir='ltr'><strong>Gol’frido‘ex-</strong></span> 
     </span>
    </p>
   </div>
   <div class='ocr_carea' id='block_1_121' title="bbox 2152 5495 3666 5574">
    <p class='ocr_par' dir='ltr' id='par_1_121' title="bbox 2152 5495 3666 5574">
     <span class='ocr_line' id='line_1_124' title="bbox 2152 5495 3666 5574; baseline -0.008 -15"><span class='ocrx_word' id='word_1_845' title='bbox 2152 5495 2347 5560; x_wconf 69' lang='lat' dir='ltr'><strong>tortam</strong></span> <span class='ocrx_word' id='word_1_846' title='bbox 2376 5500 2692 5574; x_wconf 88' lang='lat' dir='ltr'><strong>antiquavit.</strong></span> <span class='ocrx_word' id='word_1_847' title='bbox 2727 5495 2887 5567; x_wconf 89' lang='lat' dir='ltr'><strong>Quod</strong></span> <span class='ocrx_word' id='word_1_848' title='bbox 2918 5497 3111 5552; x_wconf 87' lang='lat' dir='ltr'><strong>iterum</strong></span> <span class='ocrx_word' id='word_1_849' title='bbox 3142 5495 3331 5567; x_wconf 85' lang='lat' dir='ltr'><strong>repetit</strong></span> <span class='ocrx_word' id='word_1_850' title='bbox 3363 5495 3529 5565; x_wconf 91' lang='lat' dir='ltr'><strong>epist.</strong></span> <span class='ocrx_word' id='word_1_851' title='bbox 3573 5495 3666 5549; x_wconf 76' lang='lat' dir='ltr'><strong>tl.</strong></span> 
     </span>
    </p>
   </div>
   <div class='ocr_carea' id='block_1_122' title="bbox 2223 5576 3749 5659">
    <p class='ocr_par' dir='ltr' id='par_1_122' title="bbox 2223 5576 3749 5659">
     <span class='ocr_line' id='line_1_125' title="bbox 2223 5576 3749 5659; baseline -0.009 -16"><span class='ocrx_word' id='word_1_852' title='bbox 2223 5587 2375 5658; x_wconf 80' lang='lat'><strong>(108)</strong></span> <span class='ocrx_word' id='word_1_853' title='bbox 2407 5585 2512 5659; x_wconf 83' lang='lat' dir='ltr'><strong>Sed</strong></span> <span class='ocrx_word' id='word_1_854' title='bbox 2540 5601 2685 5656; x_wconf 84' lang='lat' dir='ltr'><strong>papa</strong></span> <span class='ocrx_word' id='word_1_855' title='bbox 2711 5582 2990 5659; x_wconf 74' lang='lat' dir='ltr'><strong>Urbanus.</strong></span> <span class='ocrx_word' id='word_1_856' title='bbox 3020 5579 3229 5659; x_wconf 67' lang='lat' dir='ltr'><strong>Urbani</strong></span> <span class='ocrx_word' id='word_1_857' title='bbox 3395 5578 3556 5659; x_wconf 50' lang='lat' dir='ltr'><strong>dere</strong></span> <span class='ocrx_word' id='word_1_858' title='bbox 3585 5576 3749 5659; x_wconf 59' lang='lat' dir='ltr'><strong>privi-</strong></span> 
     </span>
    </p>
   </div>
   <div class='ocr_carea' id='block_1_123' title="bbox 2153 5649 3744 5727">
    <p class='ocr_par' dir='ltr' id='par_1_123' title="bbox 2153 5649 3744 5727">
     <span class='ocr_line' id='line_1_126' title="bbox 2153 5649 3744 5727; baseline -0.006 -13"><span class='ocrx_word' id='word_1_859' title='bbox 2153 5649 2366 5727; x_wconf 52' lang='lat' dir='ltr'><strong>legium&#39;</strong></span> <span class='ocrx_word' id='word_1_860' title='bbox 2404 5649 2669 5712; x_wconf 78' lang='lat' dir='ltr'><strong>insertum</strong></span> <span class='ocrx_word' id='word_1_861' title='bbox 2717 5662 2802 5710; x_wconf 90' lang='lat' dir='ltr'><strong>est</strong></span> <span class='ocrx_word' id='word_1_862' title='bbox 2848 5650 3103 5727; x_wconf 68' lang='lat' dir='ltr'><strong>epistolas</strong></span> <span class='ocrx_word' id='word_1_863' title='bbox 3149 5653 3218 5707; x_wconf 69' lang='grc' dir='ltr'><strong>ΞΠ</strong></span> <span class='ocrx_word' id='word_1_864' title='bbox 3258 5650 3419 5720; x_wconf 89' lang='lat' dir='ltr'><strong>hujus</strong></span> <span class='ocrx_word' id='word_1_865' title='bbox 3475 5649 3620 5717; x_wconf 87' lang='lat' dir='ltr'><strong>libri,</strong></span> <span class='ocrx_word' id='word_1_866' title='bbox 3672 5649 3744 5705; x_wconf 89' lang='lat' dir='ltr'><strong>ad</strong></span> 
     </span>
    </p>
   </div>
   <div class='ocr_carea' id='block_1_124' title="bbox 2153 5724 3459 5799">
    <p class='ocr_par' dir='ltr' id='par_1_124' title="bbox 2153 5724 3459 5799">
     <span class='ocr_line' id='line_1_127' title="bbox 2153 5724 3459 5799; baseline -0.009 -12"><span class='ocrx_word' id='word_1_867' title='bbox 2153 5724 2465 5787; x_wconf 49' lang='lat' dir='ltr'><strong>Gobii-idum</strong></span> <span class='ocrx_word' id='word_1_868' title='bbox 2496 5727 2817 5799; x_wconf 88' lang='lat' dir='ltr'><strong>episcopum</strong></span> <span class='ocrx_word' id='word_1_869' title='bbox 2847 5724 3034 5779; x_wconf 89' lang='lat' dir='ltr'><strong>Ivonis</strong></span> <span class='ocrx_word' id='word_1_870' title='bbox 3064 5737 3459 5780; x_wconf 87' lang='lat' dir='ltr'><strong>successorem.</strong></span> 
     </span>
    </p>
   </div>
   <div class='ocr_carea' id='block_1_125' title="bbox 2224 5802 3748 5885">
    <p class='ocr_par' dir='ltr' id='par_1_125' title="bbox 2224 5802 3748 5885">
     <span class='ocr_line' id='line_1_128' title="bbox 2224 5802 3748 5885; baseline -0.005 -18"><span class='ocrx_word' id='word_1_871' title='bbox 2224 5813 2376 5885; x_wconf 83' lang='lat'><strong>(109)</strong></span> <span class='ocrx_word' id='word_1_872' title='bbox 2423 5812 2718 5885; x_wconf 67' lang='grc' dir='ltr'><strong>Ιὶοηιίιιιιε⁸</strong></span> <span class='ocrx_word' id='word_1_873' title='bbox 2746 5806 3052 5885; x_wconf 54' lang='grc' dir='ltr'><strong>Ενηαιάέιε.</strong></span> <span class='ocrx_word' id='word_1_874' title='bbox 3096 5803 3525 5885; x_wconf 48' lang='lat' dir='ltr'><strong>Subscribitnis“</strong></span> <span class='ocrx_word' id='word_1_875' title='bbox 3549 5802 3748 5885; x_wconf 82' lang='lat' dir='ltr'><strong>litteris</strong></span> 
     </span>
    </p>
   </div>
   <div class='ocr_carea' id='block_1_126' title="bbox 2152 5873 3747 5957">
    <p class='ocr_par' dir='ltr' id='par_1_126' title="bbox 2152 5873 3747 5957">
     <span class='ocr_line' id='line_1_129' title="bbox 2152 5873 3747 5957; baseline -0.005 -18"><span class='ocrx_word' id='word_1_876' title='bbox 2152 5873 2500 5957; x_wconf 76' lang='lat' dir='ltr'><strong>Ivonis,un</strong></span> <span class='ocrx_word' id='word_1_877' title='bbox 2525 5880 2917 5940; x_wconf 83' lang='lat' dir='ltr'><strong>canonicorum</strong></span> <span class='ocrx_word' id='word_1_878' title='bbox 2946 5877 3131 5935; x_wconf 89' lang='lat' dir='ltr'><strong>Sancti</strong></span> <span class='ocrx_word' id='word_1_879' title='bbox 3157 5874 3384 5935; x_wconf 77' lang='lat' dir='ltr'><strong>Joannis</strong></span> <span class='ocrx_word' id='word_1_880' title='bbox 3412 5873 3747 5934; x_wconf 83' lang='lat' dir='ltr'><strong>Valiacensis</strong></span> 
     </span>
    </p>
   </div>
  </div>
