3940 6410
220 369 289 422 ’77
1496 365 1875 425 EPISTOLE.
1917 397 1983 407 —
2011 366 2137 421 LIB.
2170 365 2240 421 Il.
3464 379 3533 433 73

226 491 525 547 secundum
569 492 838 563 justitiam
897 493 1214 565 placuisset,
1266 500 1402 550 teste
1459 493 1672 550 ﬂocello
1755 491 1907 551 deA

226 578 400 647 capite
432 580 582 648 (110)
617 594 734 645 suo,
764 579 1021 649 potiusin
1053 588 1258 646 nostra,
1298 595 1460 651 quam
1525 580 1578 633 in
1637 586 1824 634 vestra

227 674 372 721 sorte
426 668 576 736 (111)
632 683 856 723 manere
900 669 1201 723 debuisset.
1254 670 1459 735 Valete,
1522 677 1577 723 et
1632 676 1828 724 contra

229 762 478 811 sanctam
512 758 816 813 Romanam
848 758 1170 823 Ecclesiam,
1207 760 1359 827 cujus
1389 757 1604 829 pietatis
1647 757 1830 829 gratia

228 860 328 900 vos
360 862 468 901 non
497 847 676 901 minus
708 847 914 903 creavit
941 848 1259 920 episcopum
1296 863 1459 919 quam
1488 846 1683 920 religio
1697 862 1830 903 ves-

231 942 331 1001 tra,
365 950 529 1007 agere
558 936 748 991 nolite.

743 1080 1097 1136 EPISTOLA
1141 1080 1284 1136 VIII.

236 1184 578 1241 Charissimo
598 1188 761 1241 Patri
782 1204 879 1243 suo
898 1187 1079 1242 lvonis
1094 1188 1396 1243 laudabilis
1410 1189 1541 1243 vita:
1558 1187 1828 1259 episcopo,

311 1274 606 1345 Gof/‘ridus
638 1275 1070 1332 Vindocincnsis
1087 1279 1426 1332 monasterii
1452 1278 1684 1332 humilis
1716 1292 1833 1330 ser—

306 1380 427 1431 vus,
463 1366 840 1421 reuerentiam
871 1382 1001 1422 cum
1024 1383 1185 1438 pura:
1216 1364 1544 1421 dilectionis
1589 1368 1830 1436 affectu.

305 1489 384 1543 De
415 1490 887 1561 archipresbytero
916 1494 1110 1544 vestro
1144 1489 1389 1545 Goﬂ'rido
1419 1488 1661 1544 Danielis
1686 1488 1836 1561 (112)

234 1578 381 1648 apud
413 1578 714 1632 bonitatem
746 1583 983 1635 vestram
1019 1588 1438 1650 conquerentes,
1471 1579 1720 1633 misimus
1765 1577 1837 1632 ad

233 1682 335 1721 vos
365 1666 503 1722 duos
534 1667 603 1722 de
636 1666 890 1722 fratribus
919 1668 1147 1730 nostris,
1184 1668 1274 1739 qui
1306 1668 1377 1722 ad
1406 1684 1569 1721 aures
1624 1675 1837 1722 vestras

234 1754 289 1801 et
316 1746 619 1800 clamorem
650 1756 918 1813 nostrum,
954 1755 1011 1801 ut
1041 1747 1337 1813 credimus,
1398 1746 1727 1810 detulerunt,
1785 1752 1839 1800 et

235 1833 280 1887 si
299 1835 431 1904 quid
460 1834 618 1889 aliter
636 1849 670 1889 a
699 1834 905 1889 familia
932 1842 1118 1889 nostra
1143 1842 1327 1887 actum
1349 1833 1654 1899 exstiterat,
1678 1832 1834 1889 vobis
1862 1857 1915 1917 Β

236 1922 616 1978 rectitudinem
645 1923 991 1978 obtulerunt.
1029 1922 1185 1979 Unde
1231 1923 1391 1977 nobis
1429 1921 1726 1977 mandastis
1778 1928 1837 1976 ut

236 2016 433 2082 quarto
485 2012 573 2066 die
603 2021 725 2082 post
756 2012 1099 2066 festivitatem
1129 2010 1383 2066 Omnium
1415 2011 1758 2078 Sanctorum,
1790 2009 1835 2065 si

242 2101 313 2153 ad
344 2111 534 2171 partes
562 2112 779 2155 nostras
809 2101 1023 2155 interim
1054 2116 1162 2154 non
1191 2100 1606 2165 descenderitis,
1639 2101 1708 2154 ad
1739 2115 1836 2155 vos

238 2190 577 2255 veniremus,
608 2190 848 2244 habituri
877 2198 930 2245 et
985 2188 1179 2244 facturi
1233 2197 1494 2260 quantum
1551 2189 1834 2244 debemus.

242 2279 523 2349 Optimum
552 2279 773 2350 quidem
805 2280 909 2335 hoc
950 2286 1192 2334 vestrum
1248 2278 1559 2333 mandatum
1613 2278 1728 2346 fuit,
1782 2285 1838 2333 et

237 2368 446 2424 idcirco
476 2385 586 2425 non
618 2370 796 2423 minus
844 2367 1076 2424 actionis
1133 2384 1290 2438 quam
1345 2367 1651 2423 devotionis
1706 2367 1837 2421 bra-

239 2456 375 2512 cbiis
433 2458 893 2529 amplectendum.
928 2457 1034 2525 63
1072 2456 1181 2511 Sed
1250 2456 1573 2527 quibusdam
1630 2456 1839 2510 detenti

242 2542 667 2611 impedimentis,
699 2559 838 2613 qum,
872 2553 1171 2615 antequam
1205 2545 1273 2598 ad
1330 2562 1429 2601 vos
1476 2544 1834 2612 misissemus,

243 2630 703 2686 archidiaconono
735 2640 920 2688 vestro
951 2634 1097 2704 (113)
1126 2633 1488 2699 machinante,
1520 2641 1578 2688 ut
1623 2634 1837 2702 dicitur,

245 2728 366 2774 orta
392 2719 513 2788 jam
544 2720 776 2784 fuerant,
812 2720 943 2775 illud
975 2722 1271 2777 observare
1302 2723 1525 2777 minime
1576 2722 1836 2790 valemus,

245 2813 299 2859 et
330 2805 474 2874 quod
504 2805 643 2861 ratio
673 2805 880 2876 pariter
908 2822 970 2861 ac
1026 2807 1278 2861 voluntas
1327 2807 1599 2878 agendum
1655 2815 1843 2862 monet

239 2901 290 2948 et
321 2893 586 2963 praecipit,
619 2909 788 2965 agere
819 2895 1122 2950 necessitas
1153 2895 1271 2949 sola
1324 2912 1435 2949 non
1491 2895 1710 2966 patitur.
1774 2898 1841 2951 At

243 2999 367 3038 cum
398 2982 632 3052 Spiritus
667 2984 838 3038 sancti
869 2983 1047 3055 gratia
1076 3000 1179 3039 nos
1230 2984 1566 3053 consolante,
1619 3000 1650 3039 a
1714 3000 1843 3056 prte-

239 3070 399 3135 senti,
448 3086 548 3142 qua
583 3072 908 3139 detinemur,
941 3073 1266 3127 necessitate
1297 3073 1507 3127 liberati
1552 3074 1836 3141 fuerimus,

236 3159 324 3214 die
357 3175 461 3230 qua
494 3160 901 3227 mandaveritis,
936 3162 1001 3216 ad
1036 3178 1134 3216 vos
1160 3162 1462 3228 veniemus,
1511 3171 1561 3217 et
1613 3162 1840 3218 consilio

2499 493 2843 551 EPISTOLA
2885 497 2980 551 IX.

1937 638 2173 693 Domino
2198 653 2296 693 suo
2320 639 2567 694 elamico
2584 640 2739 694 Ivoni
2758 640 3072 698 honorabili
3098 642 3533 702 Carnotensium

2009 741 2280 811 episcopo,
2315 742 2604 813 Cof/rillus
2638 742 3071 801 Vindocinensis
3084 750 3418 806 monasterii
3431 750 3535 806 hu-

2009 844 2166 900 milis
2196 860 2409 910 servus,
2445 861 2576 901 cum
2605 846 2910 903 dilectione
2930 849 3196 905 salutem.

2009 992 2308 1048 Mandastis
2342 994 2757 1066 quiainducias,
2791 1013 2931 1069 quas
2975 1014 3009 1054 a
3059 999 3216 1056 vobis
3273 1002 3537 1073 quaesivi-

1939 1096 2081 1148 mus,
2115 1098 2215 1137 nec
2245 1083 2401 1152 datis,
2434 1101 2538 1140 nec
2563 1086 2694 1141 dare
2724 1087 2989 1142 nebuistis
3023 1105 3036 1159 ;
3070 1103 3180 1143 non
3212 1090 3354 1145 enim
3414 1107 3538 1147 cer-

1942 1176 2051 1224 lum
2083 1171 2248 1238 diem,
2284 1181 2342 1227 ut
2398 1174 2599 1241 dicitis,
2658 1176 3039 1233 mandavimus
3100 1179 3277 1234 vobis.
3317 1180 3402 1235 Ad
3454 1183 3540 1238 hie

1940 1259 2091 1316 salva
2112 1262 2337 1318 veritate
2354 1264 2752 1335 respondemus
2770 1267 2880 1335 64
2900 1266 3153 1338 quoniam
3168 1278 3373 1325 certum
3392 1269 3541 1325 diem

1943 1358 2097 1413 vobis
2156 1362 2418 1417 mandare
2476 1361 2696 1419 minime
2762 1364 3057 1434 potuimus,
3128 1366 3252 1439 quia
3325 1370 3540 1440 quando

1943 1449 2262 1516 necessitas,
2295 1466 2405 1521 qua
2433 1452 2836 1518 detinebamur,
2886 1453 3051 1510 linem
3110 1454 3356 1524 haberet,
3406 1457 3543 1514 certi

1944 1553 2054 1591 non
2084 1553 2324 1594 eramus.
2365 1539 2620 1596 Famulos
2650 1550 2870 1598 nostros
2899 1543 3146 1598 asseritis
3176 1560 3277 1601 vos
3312 1562 3539 1603 excom-

1944 1626 2284 1695 municasse;
2317 1629 2463 1699 quod
2494 1629 2654 1685 valde
2688 1630 2967 1697 miramur,
2985 1648 3108 1688 cum
3124 1633 3177 1687 in
3194 1633 3535 1705 loconostro,

1945 1715 2077 1769 nulli
2104 1716 2363 1788 episcopo
2392 1718 2561 1787 (115),
2593 1719 2698 1774 nisi
2728 1720 2828 1776 soli
2860 1738 3075 1777 summo
3105 1724 3348 1779 Romano
3390 1742 3537 1795 pon-

1946 1802 2093 1870 tifici,
2125 1807 2625 1874 excommunicare,
2686 1825 2782 1863 seu
2836 1809 3162 1867 interdicere
3216 1812 3397 1880 liceat,
3452 1814 3541 1871 vel

1947 1891 2242 1963 quamlibet
2272 1902 2616 1964 potestatem,
2641 1897 2727 1952 vel
2766 1897 3191 1955 dominationem
3246 1916 3532 1959 exercere.

1943 1981 2058 2036 Nos
2086 1989 2269 2037 tamen
2299 2000 2635 2057 quaecunque
2664 1983 2957 2055 iusseritis,
3017 1988 3168 2045 salvo
3225 1990 3540 2061 apostolicae

1945 2071 2092 2125 sedis
2121 2072 2426 2145 privilegio,
2451 2074 2747 2145 diligenter
2806 2075 3092 2145 faciemus,
3142 2087 3333 2135 contra
3385 2084 3540 2152 cujus

1945 2162 2322 2217 auctoritatem
2354 2163 2486 2218 nihil
2530 2180 2562 2218 a
2617 2165 2776 2220 nobis
2833 2167 2979 2239 exigi
3034 2168 3216 2236 debet,
3274 2185 3382 2226 nec
3437 2187 3539 2227 nos

1946 2256 2171 2314 obedire
2219 2259 2503 2315 debemus.
2556 2261 2844 2333 Dignitatis
2900 2263 3085 2335 utique
3137 2265 3536 2334 excellentiam,

1947 2362 2110 2416 quam
2139 2348 2386 2403 Christus
2417 2348 2672 2404 dominus
2702 2359 2889 2407 noster
2915 2352 2971 2405 in
3002 2353 3059 2406 Β.
3094 2354 3255 2408 Petro
3282 2355 3542 2411 Romanas

1945 2435 2211 2491 Ecclesiae
2240 2437 2469 2492 contulit
2498 2455 2600 2494 nec
2628 2455 2943 2509 possumus,
2976 2457 3080 2497 nec
3118 2442 3383 2498 debemus
3439 2445 3541 2499 mi-

1946 2541 2133 2591 nuere,
2168 2542 2271 2582 nec
2300 2527 2368 2582 ad
2396 2528 2501 2584 hoc
2529 2536 2588 2582 ut
2644 2545 2764 2583 eam
2818 2529 3142 2599 minuamus,
3202 2532 3366 2588 debet
3419 2533 3539 2604 quis

1948 2611 2222 2670 laborare.
2280 2616 2364 2672 De
2409 2616 2740 2687 hominibus,
2794 2636 3026 2690 quorum
3080 2619 3300 2676 nomina
3381 2622 3542 2677 nobis

1949 2703 2263 2774 scripsistis,
2297 2714 2491 2777 quater
2532 2723 2597 2761 ex
2658 2707 2791 2778 ipsis
2848 2717 3066 2763 nostros
3119 2726 3242 2764 esse
3287 2709 3539 2783 dicimus,

1950 2800 2017 2853 de
2048 2802 2244 2873 quibus
2274 2812 2462 2875 quarto
2496 2804 2583 2860 die
2622 2813 2745 2875 post
2792 2805 3220 2876 TbCOphaniam,
3280 2816 3544 2879 quantum

1949 2889 2290 2956 debebimus,
2336 2891 2566 2948 libenter
2620 2893 2900 2961 faciemus,
2963 2894 3209 2966 quamvis
3265 2895 3333 2951 de
3390 2897 3546 2951 vobis

1951 2980 2179 3034 multum
2212 2982 2473 3052 conqueri
2503 2997 2811 3053 possemus,
2844 2982 2934 3055 qui
2966 2999 3074 3039 non
3105 2984 3279 3039 solum
3309 2983 3378 3041 de
3430 3002 3545 3041 ma-

1946 3068 2305 3125 lefactoribus
2361 3070 2585 3138 nostris,
2656 3071 2802 3142 quod
2848 3088 3009 3127 nemo
3066 3072 3203 3127 alius
3258 3075 3548 3145 episcopus

1948 3174 2188 3228 unquam
2233 3158 2428 3214 fecisse
2457 3160 2813 3232 dignoscitur,
2878 3159 3035 3216 nobis
3085 3161 3312 3230 justitim
3369 3163 3541 3218 dene-

237 3256 423 3305 vestro
456 3250 639 3304 omnia
670 3249 950 3307 faciemus.
976 3250 1254 3322 Regamus
1285 3258 1487 3315 tamen,
1543 3251 1840 3306 humilitate
1871 3222 1919 3284 Ο
1950 3248 2140 3319 gestis,
2172 3264 2361 3304 verum
2392 3248 2558 3303 etiam
2590 3256 2778 3305 contra
2805 3264 2906 3304 nos
2961 3258 3153 3305 vestrae
3209 3251 3549 3307 auctoritatis

238 3355 339 3410 qua
371 3355 683 3408 possumus,
718 3340 859 3410 quod
894 3340 937 3393 si
972 3339 1328 3394 Vindocinum
1387 3340 1573 3395 venire
1603 3340 1835 3409 debetis,

236 3423 398 3477 nullis
427 3424 775 3478 suasionibus
808 3422 1110 3479 Carnotum
1143 3424 1222 3480 ire
1253 3441 1352 3480 nos
1384 3425 1842 3497 fatigetis.Super

235 3511 502 3567 Nivelone
534 3521 585 3567 et
615 3511 725 3567 lilio
752 3512 869 3581 ejus
901 3513 1129 3569 Ursione
1158 3514 1326 3583 (114),
1350 3530 1649 3586 eorumque
1665 3514 1839 3569 homi-

242 3602 406 3655 nibus
466 3602 887 3671 proclamantes,
944 3616 1109 3657 aures
1164 3611 1363 3658 vestrm
1420 3603 1635 3673 pietatis
1690 3619 1838 3675 saepe

235 3690 599 3762 pulsavimus,
634 3698 689 3745 et
722 3691 899 3746 adhuc
928 3692 1149 3762 pulsare
1181 3708 1289 3747 non
1333 3707 1632 3759 cessamus,
1680 3700 1737 3746 ut
1793 3693 1839 3747 si

234 3795 343 3834 non
375 3795 473 3849 pro
516 3780 777 3847 amicitia,
839 3780 1027 3835 saltem
1087 3796 1185 3851 pro
1242 3781 1593 3851 improbitate
1651 3790 1837 3836 nostra

230 3868 494 3937 justitiam
526 3869 802 3925 Valeamus
832 3869 1083 3925 obtinere
1106 3886 1267 3941 quam
1301 3871 1559 3941 petimus.
1622 3871 1831 3938 Valete,

235 3961 289 4007 et
316 3969 504 4007 eorum
538 3952 875 4021 incitatione,
909 3954 1000 4025 qui
1029 3970 1115 4009 me
1142 3954 1207 4021 ,si
1237 3962 1482 4024 possent,
1515 3963 1705 4011 contra
1737 3971 1836 4011 vos

233 4041 435 4112 smpius
465 4041 808 4107 incitassent,
838 4043 1104 4097 servitum
1133 4051 1183 4099 et
1213 4043 1562 4100 dilectionem
1594 4053 1834 4099 nostram

232 4131 526 4204 diligenter
555 4131 809 4201 obsecro,
843 4132 1077 4203 perdere
1101 4132 1285 4189 nolite.
1766 4142 1776 4151 '

229 4310 598 4366 fundationem
632 4311 930 4379 continent,
964 4312 1328 4384 legunturque
1376 4312 1519 4368 inter
1575 4312 1832 4383 epistolas

231 4383 414 4438 Ivouis
441 4399 596 4437 num.
634 4385 758 4437 “.296.
792 4383 1030 4452 Signum
1056 4386 1295 4439 Ernalili
1328 4385 1548 4440 deoani.
1610 4386 1831 4439 Videtur

229 4454 379 4508 idem
408 4463 600 4524 postea
621 4470 687 4509 ex
743 4455 942 4510 clerico
998 4455 1171 4510 factus
1226 4458 1571 4520 monachus;
1632 4457 1830 4511 deinde

230 4526 431 4580 iterum
486 4527 699 4592 abjecto
753 4526 1003 4581 monachi
1061 4527 1342 4597 proposito
1399 4529 1466 4581 ad
1536 4527 1825 4596 pristinum

227 4598 460 4668 gradum
494 4588 807 4668 regressus.
848 4588 1179 4652 Monachum
1196 4597 1398 4653 factum
1446 4588 1678 4652 tesiatur
1733 4600 1824 4654 [vo
1853 4588 1905 4648 D

229 4667 399 4735 epist.
455 4671 560 4722 262
618 4667 688 4721 ad
745 4668 992 4721 Pontium
1040 4669 1296 4723 abbatem
1353 4669 1817 4725 Cluniacensem:

228 4738 596 4810 Colleclioncs
611 4755 894 4795 canonum
910 4756 1011 4810 per
1022 4740 1313 4795 dominum
1335 4740 1646 4795 Ernaldum
1666 4742 1823 4795 modo

224 4809 565 4864 monachum
600 4814 864 4875 vestrum,
896 4809 1031 4865 Olim
1061 4812 1325 4865 clericum
1349 4816 1605 4866 nostrum
1630 4817 1822 4866 trans-

223 4882 356 4935 misi
384 4882 550 4935 vobis.
573 4882 692 4935 Non
725 4897 1137 4951 perseverasse,
1172 4883 1336 4937 tacito
1399 4900 1565 4937 sensu
1619 4883 1822 4939 indicat

224 4953 329 5006 hoc
366 4951 485 5006 loco
518 4951 813 5007 Goffridus.

297 5025 443 5091 (110)
480 5025 633 5078 Teste
664 5025 879 5097 [locello
908 5025 1235 5097 deﬁcapite.
1306 5023 1587 5080 Monastici
1644 5024 1822 5081 cultus

225 5102 402 5164 parte,
436 5109 599 5164 quam
630 5096 917 5149 retinebat.
953 5096 1165 5160 Flocus,
1199 5104 1253 5150 ut
1282 5097 1442 5150 docet
1470 5096 1728 5151 Clemens
1758 5097 1820 5166 V,

226 5166 302 5219 De
323 5169 480 5219 statu
505 5168 1128 5240 monachorumcapite
1143 5171 1421 5240 primo,ea
1435 5176 1514 5221 est
1529 5168 1824 5240 monacho-

224 5251 347 5309 rum
380 5238 549 5309 vestis
580 5254 700 5309 qua:
728 5238 923 5309 longas
954 5238 1021 5309 et'
1063 5238 1273 5308 amplas
1336 5240 1495 5292 habet
1553 5239 1820 5304 manicas,

227 5306 477 5362 Floculus
505 5314 563 5363 et
591 5306 857 5377 tloeellus',
890 5308 1068 5364 minor
1095 5306 1305 5365 floclus.
1329 5310 1611 5364 Nostrates
1638 5309 1819 5375 hodie,

222 5378 460 5451 litterula
480 5386 701 5451 mutata,
735 5395 992 5451 magnum
1023 5388 1074 5435 et
1096 5396 1317 5450 parvum
1349 5378 1558 5436 frocum
1589 5389 1813 5437 vocant.

223 5448 326 5518 Qui
356 5464 421 5503 ex
451 5449 727 5505 canonicis
756 5448 883 5506 facti
915 5448 1127 5505 fuerant
1172 5452 1447 5517 monachi,
1510 5452 1565 5504 hi
1614 5452 1698 5505 sid
1754 5452 1825 5505 ad

222 5522 517 5593 canonicos
549 5521 821 5586 redibant,
842 5522 1105 5593 cucullam
1130 5522 1389 5593 deinceps
1411 5522 1481 5576 ad
1502 5522 1824 5577 memoriam

220 5608 286 5719 pix
319 5591 523 5648 Urbani
552 5593 843 5649 lldecreto
869 5591 1212 5650 deferebant.
1248 5591 1370 5662 xxx,
1406 5610 1526 5665 qua:
1556 5609 1821 5663 m,man—

257 5680 443 5719 amas.

257 5680 443 5719 amas.

292 5737 440 5819 (111)
475 5736 668 5819 Potius
699 5736 763 5791 in
793 5739 1015 5819 nostra,
1070 5753 1241 5819 quam
1293 5737 1357 5791 in
1413 5740 1603 5792 vestra
1649 5741 1821 5794 sorte.

217 5804 526 5865 MOnachus
556 5804 735 5879 potius
766 5823 929 5879 quam
960 5804 1217 5864 clericus.

288 5878 441 5955 (“2)
475 5878 730 5950 Goffrido
786 5878 1014 5937 anielis.
1045 5879 1539 5959 Archipresbytero
1568 5878 1826 5963 Vindocif

1948 3338 2167 3392 decreto
2224 3337 2510 3393 incitastis.
2572 3338 2699 3393 Haec
2754 3355 2887 3393 vero
2946 3355 3067 3411 quae
3124 3339 3447 3395 mandamus
3503 3341 3553 3397 si

1948 3425 2236 3496 displicent
2266 3426 2439 3493 vobis,
2473 3435 2525 3482 et
2557 3428 2706 3483 mole
2752 3435 2951 3483 vestra)
3002 3428 3394 3502 magnitudinis
3448 3445 3550 3485 nos

1946 3532 2221 3586 premere,
2252 3524 2302 3570 et
2336 3516 2623 3585 cujuslibet
2654 3517 2994 3583 incitatione,
3039 3518 3126 3573 vel
3183 3518 3402 3589 propria
3455 3536 3549 3575 vo-

1946 3594 2154 3649 luntate
2202 3612 2436 3668 gravare
2488 3596 2676 3665 vultis,
2736 3598 2911 3669 ipsam
2969 3613 3071 3668 pro
3127 3600 3284 3668 cujus
3360 3615 3546 3656 amore

1948 3686 2117 3740 multa
2146 3686 2467 3757 gravamina
2498 3695 2682 3742 vestra
2712 3687 2804 3741 diu
2833 3687 3190 3758 portavimus,
3243 3688 3552 3745 Romanam

1945 3775 2252 3830 Ecclesiam
2299 3775 2662 3847 appellamus,
2726 3793 2847 3833 cum
2906 3793 3009 3848 qua
3059 3784 3111 3832 et
3165 3777 3552 3833 adversitatem

1946 3865 2215 3920 sustinere
2273 3873 2541 3936 Optamus,
2615 3873 2666 3921 et
2751 3866 2869 3921 sine
2951 3881 3058 3940 qua
3124 3866 3546 3938 prosperitatem

1942 3954 2140 4009 habere
2172 3970 2513 4009 recusamus.
2549 3954 2703 4010 Unde
2730 3955 2776 4009 si
2832 3954 3245 4010 necessitatibus
3277 3957 3384 4025 65
3429 3971 3536 4011 non

1944 4043 2069 4096 stris
2099 4043 2356 4097 auxilium
2388 4051 2653 4109 vestrum,
2688 4044 2834 4116 quod
2863 4044 2954 4099 diu
2984 4044 3144 4100 nobis
3173 4045 3537 4112 subtraxistis,

1942 4131 2193 4201 defuerit,
2226 4131 2549 4189 confidimus
2579 4134 2648 4189 de
2681 4132 2920 4190 bonitate
2949 4134 3015 4190 B.
3054 4132 3354 4206 Petri,quia
3381 4134 3542 4191 nobis

1940 4310 2114 4379 nensi,
2149 4312 2307 4381 cujus
2340 4313 2533 4367 iterum
2563 4313 2809 4369 meminit
2857 4313 3023 4385 epist.
3087 4312 3141 4382 9,
3201 4315 3267 4372 i‘l
3326 4323 3380 4371 et
3432 4318 3527 4384 21,

1940 4385 2037 4439 ubi
2066 4386 2288 4439 easdem
2318 4386 2386 4440 de
2414 4386 2508 4439 illo
2541 4386 2794 4457 querelas
2824 4388 3038 4442 retexit.

2010 4482 2153 4557 (113)
2187 4483 2591 4557 Archidiaoono
2634 4488 2866 4557 vestro,
2899 4484 3310 4557 Vindocinensi,
3371 4500 3537 4557 quem

1938 4554 2097 4627 tacito
2131 4554 2294 4607 etiam
2328 4555 2546 4627 nomine
2576 4554 3002 4627 perstringit,et
3022 4555 3322 4626 gloriosum
3352 4554 3533 4613 archi-

1934 4624 2159 4698 levitam
2184 4633 2342 4698 vocat
2372 4624 3066 4698 epist.gi7._Raimbaldus—,
3100 4628 3315 4698 opinor,
3375 4629 3532 4684 dice-

1933 4696 2112 4769 batur.
2133 4697 2325 4769 _Ivonis
2355 4712 2488 4750 sane
2518 4696 2729 4759 litteris,
2763 4698 2960 4769 quibus
2998 4696 3187 4767 Majori
3208 4699 3535 4756 Monasterio

1932 4766 2238 4822 Ecclesiam
2269 4768 2642 4822 Hauchensem
2673 4766 2959 4827 concessit.
2993 4766 3136 4823 anno
3167 4771 3306 4824 HM
3364 4777 3532 4827 testes

1932 4838 2108 4907 primo
2140 4838 2260 4892 loco
2291 4839 2511 4907 ascripti
2543 4839 2890 4894 Raimbaldus
2914 4840 3331 4895 Vindocinensis
3353 4843 3531 4897 archi-

1931 4910 2211 4975 diaconus,
2244 4916 2297 4963 et
2326 4924 2609 4979 ansgerus
2638 4910 2922 4965 Blesensis
2979 4912 3396 4966 archidiaconus
3454 4915 3520 4968 In

1933 4980 2176 5035 Ecclesia
2198 4980 2515 5034 Carnotensi
2541 4991 2737 5051 praeter
2761 4982 3039 5037 Urbanum
3060 4982 3524 5049 archidiaconum,

1934 5052 2025 5122 qui
2055 5052 2641 5124 magnusrappellatur,
2693 5052 2929 5124 quinque
2980 5061 3104 5107 sunt
3158 5054 3529 5110 archidiaconi

1932 5124 2230 5195 Pagenses,
2264 5122 2740 5195 Castrodunensis,
2795 5122 3169 5193 Pisciacensis,
3228 5125 3525 5195 Blesensis,

1932 5193 2226 5248 Drocensis
2256 5201 2309 5248 et
2338 5193 2778 5251 Vindocinensis.

2003 5290 2153 5363 (114)
2183 5290 2469 5363 Nivellone
2499 5293 2553 5346 et
2578 5291 2697 5360 ﬁlio
2726 5293 2846 5363 ejus
2866 5293 3308 5350 Ursione.Dehis
3327 5295 3469 5354 libro
3489 5311 3530 5355 ῐ.

1933 5360 2291 5434 cpi_st._12“et
2309 5361 2463 5434 infra
2491 5363 2658 5434 epist.
2699 5360 2785 5431 11,
2822 5368 2906 5433 13,
2936 5369 3024 5429 23,
3057 5369 3150 5420 30.
3189 5366 3417 5421 Exstant
3471 5368 3529 5424 in

1934 5432 2151 5487 scriniis
2184 5432 2678 5489 Vindocinensibus
2699 5435 2981 5491 Paschalis
3010 5436 3058 5489 II
3086 5435 3276 5493 littera
3306 5439 3373 5493 ad
3404 5439 3528 5496 Ive-

1932 5520 2080 5578 nem,
2102 5503 2157 5557 in
2185 5503 2377 5578 quibus
2410 5511 2698 5578 utrumque
2719 5506 2790 5578 ob
2820 5505 3057 5578 injurias
3086 5516 3140 5563 et
3166 5509 3366 5565 damna
3404 5510 3530 5567 Vin.

1932 5574 2216 5700 1docinensi
2273 5574 2627 5631 monasterio
2654 5574 2894 5649 inﬂicta;
2934 5578 3107 5635 sacris
3173 5582 3353 5637 arceri
3432 5582 3528 5652 ju-

1973 5655 2043 5700 et.

1973 5655 2043 5703 et.

2004 5737 2152 5818 (uti)
2175 5737 2623 5818 “Nulli-episeopo
2652 5738 3066 5802 nisiRomano.
3104 5743 3268 5803 Libro
3292 5759 3328 5817 I,
3360 5742 3524 5818 epist.

1933 5811 2000 5866 18
2030 5816 2084 5866 et
2109 5808 2253 5866 infra
2277 5808 2438 5894 epist.
2466 5808 2574 5886 2η
