3940 6442
559 454 628 507 79
1584 440 1927 502 GOFFRIDI
1965 441 2255 500 ABBATIS
2295 439 2852 500 VINDOCINENSIS
3810 444 3871 501 80

556 576 678 646 ipse
706 588 823 629 non
850 570 1065 637 deerit;
1118 568 1204 625 cui
1235 568 1366 624 dum
1398 568 1565 624 ﬁdem
1612 568 1864 624 volumus
1912 582 2155 637 servare,
2187 571 2242 635 Α
2270 569 2564 625 ritudinem
2596 583 2925 641 respergere
2973 567 3204 637 dixistis,
3263 571 3564 628 secundum
3621 579 3871 628 nostram

556 662 739 719 nullus
767 661 836 718 oh
863 661 969 717 hoc
999 660 1292 732 episcopus
1317 658 1476 715 nobis
1508 655 1942 714 ecclesiasticam
1991 657 2156 725 justi-

554 753 687 807 tiam
714 750 1016 823 denegare,
1074 761 1179 803 nec
1224 747 1280 802 in
1333 762 1436 803 nos
1477 744 1822 802 saecularium
1874 744 2157 801 hominum

553 841 785 898 incitare
815 837 1100 904 saevitiam,
1135 852 1258 904 nec,
1287 836 1434 908 quod
1463 842 1669 892 sancta:
1688 835 1947 891 Romanae
1972 833 2156 891 Eccle-

553 932 648 987 siae
682 936 765 985 est
791 926 1096 1001 proprium,
1131 926 1235 980 sub
1263 925 1369 981 hac
1417 923 1712 981 occasione
1769 923 1875 978 sibi
1924 923 2154 979 deberet

549 1033 856 1091 usurpare;
883 1033 914 1071 a
934 1015 1090 1086 cujus
1116 1014 1375 1070 ﬁdelitate
1404 1029 1514 1070 non
1538 1013 1739 1080 fames,
1771 1028 1880 1069 non
1911 1012 2150 1084 gladius,

546 1125 656 1165 non
712 1106 950 1172 nuditas,
1006 1119 1119 1160 non
1172 1102 1474 1169 tribulatio,
1535 1117 1644 1158 non
1692 1101 1969 1175 angustia,
2041 1117 2153 1157 non

546 1195 859 1271 persecutio
887 1193 1073 1266 aliqua
1100 1207 1203 1248 nos
1241 1192 1331 1248 vel
1388 1190 1679 1248 defunctos
1732 1189 1932 1262 poterit
1986 1205 2150 1262 sepa-

542 1302 666 1343 rare
696 1285 891 1356 (Rom.
927 1297 1051 1350 vin,
1085 1284 1202 1351 35).
1240 1281 1382 1336 Nam
1412 1280 1458 1336 si
1488 1280 1654 1336 modo
1698 1278 1917 1352 ignorat
1947 1282 2149 1352 quanta

540 1391 641 1449 pro
669 1374 769 1429 illa
792 1372 1045 1445 patimur,
1079 1370 1305 1436 scimus,
1337 1385 1463 1426 eum
1493 1367 1804 1440 agnoverit,
1838 1367 2149 1439 petentibus

541 1464 802 1522 auxilium
832 1477 943 1518 non
981 1459 1231 1533 negabit,
1290 1475 1420 1531 quae
1476 1474 1701 1529 semper
1756 1456 2148 1513 misericordiae

539 1552 843 1610 visceribus
873 1551 1124 1614 affluens,
1159 1548 1445 1619 oppressis
1500 1547 1753 1602 omnibus
1805 1554 1858 1601 et
1914 1544 2147 1599 maxime

538 1641 857 1699 domesticis
914 1639 1030 1693 suis
1085 1636 1382 1692 subvenire
1438 1634 1743 1691 consuevit.
1802 1635 1882 1689 De
1963 1634 2145 1688 archi—

536 1732 863 1806 presbytero
892 1736 1099 1796 vestro,
1130 1734 1185 1781 et
1212 1724 1479 1781 Nivelone
1509 1724 1735 1795 ejusque
1753 1722 1862 1778 filio
1882 1722 2141 1789 Ursione,

535 1830 700 1893 atque
727 1816 1070 1873 Buatmundo
1104 1823 1156 1870 et
1199 1829 1393 1869 eorum
1450 1812 1781 1878 hominibus,
1844 1810 1990 1881 apud
2044 1825 2142 1865 vos

2265 658 2686 730 intelligentiam
2739 656 2889 712 omni
2944 657 3311 715 amaritudine
3363 669 3688 730 caruerunt,
3748 663 3868 734 quia

2264 747 2541 804 charitatis
2593 746 2881 803 dulcedine
2932 746 3110 818 plenae
3164 747 3411 807 fuerunt.
3496 749 3667 815 Quod
3761 750 3867 807 ite-

2263 852 2383 892 rum
2409 835 2726 892 asseruistis
2766 836 3069 892 Romanam
3125 836 3434 893 Ecclesiam
3491 853 3524 893 a
3571 840 3698 895 Deo
3751 840 3866 894 nul-

2261 925 2368 979 lam
2389 924 2658 996 injustam
2687 923 2971 995 accepisse
3014 932 3362 996 potestatem,
3414 926 3493 982 ita
3545 935 3632 983 est
3685 929 3861 999 plane,

2262 1021 2316 1069 et
2343 1029 2444 1069 nos
2470 1027 2573 1069 nec
2601 1028 2918 1084 possumus,
2951 1027 3056 1069 nec
3088 1013 3353 1069 debemus
3409 1030 3517 1071 non
3574 1032 3855 1083 annuere,

2261 1102 2519 1174 quoniam
2570 1101 2975 1158 infructuosum
3032 1110 3115 1157 est
3170 1110 3359 1159 contra
3403 1104 3540 1160 adeo
3608 1117 3858 1176 apertam

2260 1192 2367 1261 67
2401 1190 2686 1249 veritatem
2741 1190 3023 1246 laborare.
3063 1190 3199 1260 Quis
3247 1192 3391 1248 enim
3446 1192 3678 1250 insanus
3735 1212 3859 1252 cre-

2258 1292 2391 1348 dere
2456 1292 2546 1350 vel
2600 1292 2846 1366 cogitare
2899 1292 3097 1349 audeat
3153 1293 3357 1349 bonum
3403 1296 3576 1352 Deum
3641 1297 3857 1369 aliquid

2256 1406 2497 1462 unquam
2526 1389 2728 1460 injuste
2758 1389 3001 1459 dedisse,
3037 1398 3129 1446 aut
3191 1390 3310 1460 ejus
3358 1400 3604 1449 sanctam
3655 1395 3856 1451 Eccle-

2256 1478 2394 1533 siam
2421 1478 2722 1552 quidquam
2751 1479 2822 1535 ab
2851 1494 2919 1535 eo
2974 1479 3175 1548 injuste
3233 1481 3521 1553 accepisse
3548 1482 3578 1535 ?
3635 1483 3751 1539 Sed
3812 1484 3854 1539 si

2255 1584 2377 1639 qum
2439 1576 2567 1623 sunt
2640 1568 2903 1623 solvenda
2969 1568 3241 1638 solvendi,
3317 1579 3369 1625 et
3432 1587 3553 1643 quae
3626 1572 3853 1645 liganda

2253 1656 2460 1729 ligandi
2489 1657 2764 1712 adomino
2810 1657 3066 1712 collatam
3114 1658 3164 1712 ei
3223 1666 3550 1729 potestatem
3602 1662 3849 1727 creditis,

2253 1745 2394 1801 sicut
2422 1745 2582 1800 nobis
2609 1745 2935 1816 scripsistis,
2973 1745 3282 1801 mirandum
3340 1763 3447 1803 non
3502 1755 3611 1816 est,
3661 1750 3712 1803 si
3762 1750 3850 1805 illa

2254 1842 2396 1898 bene
2424 1843 2590 1899 solvit
2611 1844 2753 1915 quod
2784 1858 2883 1899 vos
2913 1844 3053 1900 male
3074 1843 3315 1917 ligastis.
3345 1844 3638 1913 Professio,
3686 1865 3847 1920 quam

533 1909 735 1981 εεερίιιε
767 1904 1052 2003 σουίίυίῗξίί
1084 1910 1359 2003 δυξηυῇθι
1390 1900 1801 2003 οοξξίῖυθνίηωξ]
1838 1915 1943 1955 nec
1985 1898 2140 2003 jufti'
2170 1929 2221 1987 Β
2252 1946 2284 1986 a
2312 1948 2401 1986 me
2459 1932 2609 1999 (117)
2629 1898 2835 1988 ‘adhuc
2886 1933 3088 2001 juvene
3115 1898 3198 1989 'et
3253 1933 3456 1990 novitio
3514 1898 3844 2003 extorsistis,

532 1999 684 2067 tiam,
716 2012 820 2052 nec
842 1994 1061 2065 iustitiae
1093 1991 1385 2049 scintillam
1416 1990 1655 2062 aliquam
1704 1989 1885 2044 adhuc
1934 1988 2140 2043 sentire

529 2088 826 2160 potuimus.
884 2084 1041 2140 Unde
1096 2098 1129 2137 a
1202 2080 1358 2137 vobis
1406 2080 1640 2148 juratam
1698 2094 1891 2149 pacem
1958 2076 2139 2131 minus

533 2174 815 2234 observari
843 2172 1238 2246 conspicimus.

1103 2331 1443 2389 EPISTOLA
1481 2330 1553 2385 Χ.

532 2456 686 2514 Ivoni
716 2448 1042 2511 honorando
1073 2448 1488 2503 Carnotensum
1516 2445 1793 2515 episwpo,
1846 2441 2137 2514 Go/fridus

611 2541 1043 2600 Vindocinensis
1064 2535 1400 2593 monasterii
1416 2532 1653 2589 humilis
1670 2547 1882 2597 servus,
1921 2532 2135 2587 amicos

599 2634 660 2688 in
688 2633 887 2694 Deum,
918 2632 973 2684 et
1012 2626 1273 2682 inimicos
1303 2627 1535 2696 propter
1556 2623 1734 2677 Deum
1754 2620 2010 2692 diligere.

603 2757 751 2812 Licet
771 2752 980 2823 injuriae
1001 2759 1054 2807 et
1084 2747 1422 2814 vexationes,
1474 2754 1529 2801 et
1588 2744 1787 2817 quibus
1848 2752 2132 2799 monaste-

536 2846 674 2901 rium
707 2850 970 2908 nostrum,
1004 2847 1057 2896 et
1084 2854 1185 2894 nos
1242 2853 1353 2892 non
1390 2833 1744 2890 mediocriter
1773 2834 1881 2902 66
1927 2848 2132 2904 oppre-

527 2935 695 2999 sistis,
728 2940 781 2989 et
840 2927 1077 3001 opprimi
1133 2925 1356 2991 fecistis,
1415 2922 1471 2978 in
1526 2922 1750 2978 auribus
1807 2921 2131 2993 populorum

523 3019 967 3095 frequentissime
1011 3022 1295 3082 resonent,
1354 3011 1633 3069 charitatis
1691 3018 1903 3076 tamen,
1967 3026 2125 3082 quam

523 3114 674 3168 Deus
729 3107 1000 3182 praecipit,
1061 3105 1276 3162 funibus
1330 3101 1563 3174 alligati,
1622 3115 1816 3155 amare
1873 3100 2128 3172 cogimur

519 3202 685 3259 etiam
737 3214 849 3254 non
902 3202 1193 3251 amantem.
1254 3193 1365 3247 Vos
1422 3198 1623 3257 autem,
1687 3189 1779 3261 qui
1839 3188 2124 3260 graviores

517 3288 801 3346 molestias
872 3283 1184 3357 irrogastis,
1242 3279 1483 3336 maxime
1538 3278 1788 3349 diligere,
1849 3292 1914 3332 ac
1971 3277 2130 3332 vobis
2161 3280 2210 3343 C

516 3378 807 3453 diligenter
834 3374 1044 3431 servire
1065 3371 1337 3437 volumus,
1366 3368 1413 3423 si
1470 3365 1851 3422 amaritudinis
1909 3366 2123 3437 pocula,

517 3484 639 3542 quae
683 3464 844 3522 nobis
897 3462 1101 3533 smpius
1155 3456 1511 3531 prepinastis,
1569 3455 1735 3511 melle
1789 3454 2123 3523 dilectionis,

518 3564 829 3628 temperare
857 3549 1152 3624 placuerit.
1192 3547 1378 3602 Genus
1408 3560 1542 3601 vero
1572 3543 1900 3609 dilectionis,
1927 3558 2037 3615 quo
2074 3551 2127 3599 et

514 3660 620 3700 nos
648 3642 899 3714 diligere,
926 3650 977 3695 et
1007 3657 1035 3693 a
1069 3637 1224 3692 nobis
1258 3634 1458 3690 serviri
1489 3633 1651 3689 vultis
1673 3640 1727 3688 et
1755 3630 1930 3704 diligi,
1984 3631 2125 3687 litte-

514 3734 592 3789 ris
622 3731 817 3789 vestris
847 3727 1173 3803 significate,
1242 3722 1368 3797 quia
1416 3739 1603 3794 pacem
1665 3729 1717 3776 et
1771 3720 2122 3776 dilectionem

513 3830 755 3879 vestram
811 3819 1168 3875 vehementer
1224 3820 1496 3885 Optamus.
1559 3812 1625 3865 Et
1677 3810 1723 3864 si
1778 3809 2121 3865 senserimus

513 3911 661 3984 quod
690 3925 792 3966 nos
819 3908 875 3963 in
903 3906 1133 3963 veritate
1164 3901 1429 3975 diligatis,
1463 3900 1672 3954 nullum
1690 3905 1933 3953 vestrum
1955 3912 2120 3954 recu-

512 4017 699 4057 samus
728 3997 1009 4064 servitum,
1035 3994 1090 4049 in
1118 4008 1225 4065 quo
1246 3988 1451 4047 domini
1481 4003 1636 4060 papa:
1684 3986 2119 4058 indignationem

508 4106 618 4145 non
646 4102 975 4154 mereamur,
1005 4098 1110 4140 nec
1140 4080 1351 4139 ordinis
1382 4078 1560 4135 nostri
1595 4077 1944 4134 incurramus
1971 4076 2119 4148 peri-

509 4180 717 4235 culum.

1066 4268 1407 4327 EPISTOLA
1443 4267 1542 4322 XI.

510 4400 664 4457 Iuoni
684 4412 904 4469 magna
928 4397 1099 4466 [amre
1127 4392 1404 4465 pontiﬁci,
1433 4389 1733 4461 Goffridus
1763 4389 2113 4445 Vindocinen

580 4490 658 4544 sis
685 4483 1025 4543 monasterii
1054 4482 1288 4537 humilis
1317 4479 1855 4550 sei'vus,prudenter
1884 4481 1941 4534 et
1968 4478 2112 4533 sim-

578 4578 811 4651 pliciter
838 4576 901 4630 in
931 4572 1188 4643 omnibus
1217 4586 1400 4642 agere.

576 4695 796 4751 Litterae
828 4698 1029 4748 nostra:
1060 4688 1233 4758 (116),
1267 4702 1404 4758 quas
1430 4684 1486 4739 in
1542 4684 1873 4757 quibusdam
1934 4683 2117 4739 mellis

503 4782 850 4843 dulcedimen
878 4778 1155 4845 redolere,
1187 4782 1241 4832 et
1269 4775 1324 4829 in
1369 4773 1697 4846 quibusdam
1757 4770 1903 4828 fellis
1959 4786 2114 4829 ama-

579 4957 730 5027 (116)
760 4955 993 5011 Litterae
1008 4947 1465 5027 _nos_trre.E_.al_estﬂ
1476 4945 1706 5027 epistola
1723 4947 1757 4995 '7
1777 4943 1940 5013 hujus
1964 4942 2111 5027 libri.

508 5015 689 5085 Ivonis
711 5015 902 5082 autem
923 5021 1183 5100 epistola,
1216 5020 1305 5076 cui
1334 5015 1615 5100 Gqfi‘ridus
1646 5017 1734 5100 hic
1792 5018 2108 5100 respondet.

505 5114 737 5156 numero
770 5100 894 5165 195,
923 5088 1031 5150 hoc
1056 5092 1227 5148 habet
1254 5089 1538 5165 exordium
1565 5106 1578 5142 :
1628 5088 1837 5165 {iocepi
1886 5088 2115 5165 litteras

509 5175 639 5228 tuas
667 5158 1056 5242 palpantes_e_t
1081 5165 1439 5242 pungentesn
1452 5162 1518 5242 in
1550 5158 1886 5242 quibusdam
1924 5160 2114 5242 mellis

506 5231 864 5298 dulcedinem
891 5231 1230 5299 redolentes',
1260 5234 1325 5287 in
1345 5231 1673 5304 quibusdam
1702 5231 1859 5301 fellis
1889 5231 2109 5285 amari-

513 5314 776 5368 tudinem
806 5309 1227 5383 respengentes.
1478 5372 1541 5383 κ,
1585 5380 1593 5383 _
1795 5379 1805 5383 _
1942 5370 1954 5382 .

579 5384 730 5452 (117)
761 5373 1039 5458 Profess-io
1070 5392 1240 5458 quam
1269 5389 1443 5458 annis.
1478 5373 1694 5429 Dictum
1728 5379 1812 5428 est
1870 5373 2035 5443 epist.
2074 5374 2110 5427 7

513 5446 838 5523 diceturque
865 5446 1062 5523 iterum
1078 5446 1235 5523 epist
1246 5486 1260 5499 .
1379 5485 1392 5497 .

2253 2019 2527 2091 regularis
2556 2020 2780 2075 minime
2833 2019 2948 2087 fuit,
3011 2037 3242 2093 eamque
3293 2021 3511 2089 fecisse,
3564 2033 3844 2095 peccatum

2251 2108 2475 2174 exstitit,
2510 2117 2564 2165 et
2591 2108 2875 2180 accepisse
2904 2109 3288 2183 irreligiosum.
3313 2112 3446 2166 Nam
3466 2112 3513 2167 si
3541 2130 3643 2184 pro
3674 2115 3842 2171 bene-

2256 2197 2514 2265 dictione,
2550 2212 2715 2269 quam
2744 2196 2967 2252 omnino
3001 2195 3172 2267 gratis
3197 2197 3333 2251 dare
3360 2197 3640 2270 debuistis,
3683 2219 3845 2257 usur-

2248 2294 2417 2365 pastis
2447 2295 2868 2366 professionem,
2891 2302 2945 2348 et
2976 2309 3075 2364 pro
3105 2293 3448 2364 professione
3476 2295 3546 2351 ab
3577 2297 3844 2355 allodario

2246 2391 2307 2445 B.
2342 2390 2495 2446 Petri
2525 2392 2673 2461 (118)
2693 2390 2910 2462 exigitis
2940 2390 3359 2459 subjectionem,
3382 2391 3607 2462 profana
3634 2394 3733 2449 fuit
3753 2396 3845 2452 ille

2244 2488 2539 2560 professio,
2572 2496 2626 2544 et
2654 2488 2778 2544 ideo
2809 2502 2917 2544 non
2944 2487 3194 2555 tenenda,
3218 2489 3477 2561 quoniam
3505 2491 3845 2563 subsequens

2244 2586 2574 2653 benedictio,
2635 2604 2794 2659 quam
2848 2586 3217 2654 exhibuistis,
3269 2588 3600 2644 navicularia
3661 2591 3843 2661 potius

2246 2685 2478 2755 videtur,
2521 2701 2681 2757 quam
2735 2683 2941 2756 gratias
2998 2685 3118 2739 data
3176 2686 3348 2757 (119),
3409 2688 3841 2760 quandoquidem

2240 2799 2343 2853 pro
2389 2782 2485 2837 illa
2523 2781 2882 2854 temporalem
2921 2783 3232 2839 mercedem
3287 2800 3408 2840 cum
3463 2784 3655 2853 injuria
3712 2785 3841 2842 fidei

2240 2871 2556 2926 Christiana
2586 2871 2808 2942 exigere
2838 2888 2949 2926 non
2975 2871 3319 2928 erubescitis.
3376 2873 3438 2927 In
3494 2875 3839 2944 professione

2238 2960 2507 3032 siquidem
2553 2959 2669 3025 illa,
2725 2960 2957 3016 consilio
3014 2968 3208 3017 vestro
3283 2961 3446 3017 nimis
3515 2962 3840 3035 simpliciter

2236 3048 2505 3120 acquievi.
2564 3049 2668 3104 Ubi
2724 3052 2907 3104 tainen
2964 3049 3235 3123 quidquid
3290 3066 3578 3122 perperam
3655 3061 3839 3109 actum

2235 3146 2337 3204 est,
2385 3154 2486 3194 vos
2541 3137 2783 3194 scienter
2834 3137 3061 3206 fecistis,
3120 3155 3227 3213 ego
3283 3148 3467 3195 autem
3521 3140 3840 3212 ignoranter

2241 3222 2485 3294 peccavi.
2522 3222 2632 3278 Sed
2663 3238 2825 3294 quem
2843 3231 3041 3279 vestra:
3069 3224 3395 3295 impuritatis
3424 3225 3651 3282 consilio
3709 3243 3839 3282 rea-

2243 3320 2355 3366 tum
2416 3312 2684 3377 contraxi,
2744 3310 3049 3383 apostolica
3106 3313 3421 3381 sinceritas,
3509 3314 3838 3388 ignorantia

2233 3416 2373 3455 mea:
2401 3416 2467 3456 ac
2488 3401 2756 3470 juvent'iti
2789 3401 3149 3472 compatiens,
3188 3402 3608 3459 misericorditer
3643 3403 3836 3460 indul-

2235 3490 2322 3554 sit,
2356 3496 2506 3544 etne
2537 3489 2658 3561 quis
2690 3504 3082 3546 successorum
3137 3496 3451 3548 nostrorum
3505 3492 3561 3547 in
3607 3502 3838 3565 puteum

2232 3576 2430 3632 similis
2458 3577 2799 3649 deceptioms
2854 3580 3116 3651 deinceps
3165 3589 3408 3650 corruat,
3467 3580 3661 3638 virtute
3719 3599 3836 3638 suae

2232 3668 2574 3722 auctoritatis
2604 3669 2901 3738 prohibuit.
2958 3668 3017 3725 Si
3073 3685 3206 3727 vero
3252 3678 3448 3727 contra
3499 3670 3619 3728 hac
3672 3671 3835 3728 vobis

2230 3766 2396 3823 agere
2443 3752 2640 3823 placet.
2692 3753 2841 3808 illam
2886 3754 3151 3823 majorem
3207 3755 3561 3824 audientiam,
3620 3771 3652 3811 a
3722 3772 3834 3828 qua

2229 3840 2410 3895 omnis
2482 3840 2860 3898 Christianitas
2916 3840 3261 3912 dijudicatur,
3311 3860 3419 3900 non
3480 3844 3648 3918 fugio,
3729 3845 3833 3901 sed

2228 3926 2444 3997 appelo,
2469 3926 2626 3995 cujus
2657 3927 2767 3996 68
2798 3926 3068 4000 aequitatis
3119 3928 3383 3998 judicium
3438 3928 3532 4001 qui
3575 3936 3831 3985 contem-

2227 4028 2306 4083 nit
2357 4027 2547 4085 audire
2572 4034 2609 4096 ;‘
2645 4030 2705 4086 B.
2759 4029 2975 4087 Petrum
3022 4046 3091 4087 ne
3138 4031 3336 4087 sentiat
3387 4031 3586 4088 iratum
3661 4031 3831 4088 debet

2228 4117 2453 4174 timere.

2777 4245 3139 4303 EPISTOLA
3179 4247 3302 4303 XII.

2225 4370 2565 4429 Charissimo
2596 4371 2822 4428 domino
2879 4388 2978 4428 suo
3025 4376 3083 4429 et
3106 4374 3286 4440 Patri,
3340 4375 3489 4430 leoni
3524 4374 3828 4431 laudabilis

2292 4461 2423 4515 vita:
2439 4461 2720 4532 pontiﬁci,
2732 4460 3032 4532 Gof/ridus
3052 4462 3474 4519 l’indocinensis
3490 4464 3830 4521 monasterii

2291 4550 2701 4622 qualiscunque
2730 4565 3098 4617 servus,verw
3112 4550 3182 4605 hu
3193 4553 3273 4605 mi
3280 4552 3320 4606 Ii
3326 4555 3464 4608 tatis
3481 4553 3823 4624 obsequium,

2145 4644 2198 4704 D
2300 4645 2355 4694 et
2382 4654 2547 4711 pura:
2574 4639 2898 4695 dilectionis
2926 4641 3229 4710 affectum.

2296 4767 2576 4825 Formatas
2607 4779 2661 4825 et
2690 4768 2965 4825 formosas
2999 4768 3209 4825 litteras
3263 4777 3498 4840 vestras,
3534 4785 3669 4843 quas
3724 4787 3825 4843 pro

2218 4945 2341 5014 jure
2373 4961 2481 4999 non
2507 4946 2703 5001 habet.

2291 5018 2442 5086 (119)
2472 5019 2837 5073 A’avicularia
2866 5017 3058 5090 potius
3075 5034 3246 5089 quam
3264 5019 3445 5089 gratis
3471 5019 3628 5075 data.
3651 5022 3827 5077 Utitur

2219 5090 2413 5160 eadem
2444 5104 2584 5160 voce,
2607 5090 2801 5160 eadem
2841 5091 2895 5143 in
2924 5104 2986 5143 re
3012 5090 3295 5160 opusculo
3347 5106 3405 5155 x,
3468 5091 3821 5160 navicularia,

2218 5158 2529 5215 benedictio
2558 5159 2784 5223 dicitur,
2812 5168 2870 5214 ut
2899 5158 3236 5215 navicularia
3269 5159 3495 5229 functio
3521 5160 3576 5215 in
3625 5158 3822 5221 codice

2218 5247 2315 5285 seu
2345 5231 2453 5286 alio
2481 5247 2666 5285 sensu.
2727 5230 3135 5286 Naviculariam
3182 5232 3324 5286 enim
3383 5232 3820 5291 benedictionem

2215 5302 2619 5382 appellat..rton
2650 5301 2963 5382 gratuitam,
2998 5303 3098 5356 sed
3132 5302 3545 5382 mercenariam,
3605 5314 3656 5358 et
3708 5322 3817 5382 pro

2214 5389 2320 5443 qua
2344 5371 2549 5443 aliquid
2579 5371 2852 5443 exigatur,
2885 5380 2944 5426 ut
2978 5388 3077 5442 pro
3135 5374 3538 5429 transvectione
3593 5371 3813 5431 nauium

2213 5442 2268 5499 et
2296 5442 2512 5499 merces
2531 5460 2560 5496 a
2587 5442 2961 5499 naviculariis.
2992 5442 3115 5497 Non
3143 5443 3382 5499 absimili
3444 5446 3812 5504 translatione

580 5525 730 5593 (118)
751 5513 1170 5593 lbnllodiario
1195 5518 1261 5571 Β.
1284 5517 1499 5593 ρεινί..
1543 5513 1884 5593 Beneficario
1910 5529 2105 5593 _supra
2208 5514 3016 5593 institoriamlectionemdixit
3044 5513 3203 5583 epist.
3241 5520 3290 5572 t.
3324 5515 3649 5593 lldebertus,
3714 5519 3805 5575 cui

506 5586 676 5667 epist.
713 5586 774 5647 Ἷ.
812 5592 881 5648 Ut
902 5587 1241 5667 laudatorius
1284 5586 1503 5667 Dommi
1529 5586 1773 5667 .dicitulr,
1831 5586 1923 5667 qui
1982 5587 2102 5667 ejus

505 5657 727 5721 féudum
757 5670 902 5719 tenet
934 5681 947 5723 ς
982 5661 1059 5715 sic
1079 5658 1417 5723 allodiarius,
1451 5657 1545 5727 qui
1572 5658 1983 5713 allodium.Nec
2012 5666 2100 5712 ta-

504 5754 631 5792 men
660 5743 923 5806 perpetuo
951 5727 1570 5806 liazcsihirespopdent.
1603 5729 1924 5806 Nonabbas
1962 5728 2097 5806 Vin-

505 5798 819 5865 docin'ens'is
846 5802 1158 5859 allodiarius
1190 5798 1333 5853 beati
1365 5798 1506 5857 Petri
1534 5806 1684 5855 recte
1711 5798 1930 5864 dicitur,
1971 5799 2096 5870 quia

502 5878 900 5948 monasterium;
918 5873 1043 5948 ejus
1088 5871 1347 5926 allodium
1403 5876 1487 5948 est
1538 5870 1686 5924 sedis
1726 5870 2088 5948 apostolich

502 5948 844 6011 feudatarius
871 5939 981 6003 dici
1009 5958 1120 6000 non
1146 5948 1344 6012 potest,
1375 5939 1503 6010 quia
1521 5939 1915 5996 monasterium
1944 5939 2092 5997 feudi

2209 5584 2463 5658 sordidus
2510 5592 2564 5658 et
2614 5584 2909 5658 illiberalis
2964 5593 3203 5658 quaestus
3250 5594 3334 5641 est
3377 5587 3707 5658 propositus,
3753 5598 3810 5644 ut

2204 5657 2414 5730 lucrum
2438 5657 2687 5713 inslitori.
2721 5658 2801 5713 sic
2827 5656 2971 5730 enim
3029 5657 3263 5730 scribit:
3325 5656 3608 5730 Hinc—Vest
3659 5661 3805 5730 quod

2203 5729 2562 5812 ambitiosam
2580 5728 3041 5812 s'uppeltectilem
3064 5729 3420 5812 inexorabili.
3441 5729 3562 5784 odio
3600 5728 3800 5812 prose-

2201 5802 2388 5871 queris
2420 5814 2437 5850 :
2471 5797 2615 5870 quod
2641 5797 2996 5871 institoriam
3025 5798 3248 5857 abdicas
3290 5797 3606 5863 lectionem,

2198 5869 2776 5942 magnum’qutestum
2793 5869 3021 5940 judicas
3049 5871 3323 5940 pietatem
3352 5888 3483 5927 cum
3511 5869 3792 5943 sufﬁcien-

2205 5943 2285 5996 tia
2296 5982 2311 5996 .

3659 5803 3802 5872 quod
