3940 6426
0 4422 35 4481 «,i

0 4522 43 4569 is

0 4612 43 4678 β’

0 5076 33 5133 [ε

0 5156 31 5205 si

0 5230 31 5277 βα

0 5304 27 5349 β

0 5384 23 5419 i

0 5444 27 5509 ί

0 5518 25 5565 β

0 5638 17 5707 ε

2 5738 23 5779 ,5

1 5882 23 5943 ?

0 5970 18 5993 ρ

314 442 381 497 81
1651 427 1890 486 EPISTO

2014 468 2026 484 .
2066 427 2201 484 LIB.
2247 422 2296 480 ll
3556 409 3627 470 82

320 562 574 621 facienda
600 561 762 618 nobis
786 560 996 631 justitia
1025 558 1507 631 archipresbytero
1562 562 1744 614 vestro
1774 553 1915 610 Gof-
1944 553 2002 615 A
2030 552 2203 623 (121),
2235 551 2377 607 sicut
2403 550 2523 622 ipse
2576 548 2775 605 melius
2802 547 2996 616 nostis,
3023 551 3317 617 antequam
3351 542 3471 631 7Q
3511 554 3634 617 quas

320 653 465 708 frido
497 653 649 726 (120)
679 649 928 715 misistis,
958 646 1215 717 vidimus,
1251 654 1305 703 et
1338 648 1385 703 si
1411 663 1521 702 non
1544 653 1737 714 tantas,
1762 659 1932 716 quan-

319 747 405 796 tas
449 740 737 807 debemus,
788 737 981 793 saltem
1064 746 1294 809 quantas
1348 751 1640 807 possumus
1725 733 1930 807 gratias

318 838 521 884 vestrae
579 825 852 883 sanctitati
907 825 1218 882 referimus.
1270 824 1351 879 Ibi
1400 824 1547 881 enim
1601 823 1736 879 nihil
1782 821 1930 877 aliud

322 916 501 972 videri
531 916 617 972 vel
648 914 884 987 intelligi
910 914 1103 985 potuit,
1134 913 1243 969 nisi
1278 929 1414 986 erga
1445 929 1545 969 nos
1565 916 1766 968 vestrae
1800 926 1924 965 ma-

317 1022 441 1076 gna:
466 1004 747 1061 cbaritalis
792 1002 1042 1059 allectus.
1083 1002 1290 1059 Omnes
1340 1001 1565 1074 quidem
1617 999 1926 1072 presbyteri

318 1094 531 1149 castelli
589 1090 1009 1147 Vindociuensis
1068 1105 1189 1146 cum
1240 1089 1682 1161 archipresbtero
1737 1095 1926 1143 vestro

315 1180 525 1236 litteras
587 1179 864 1247 viderunt,
914 1178 1012 1233 sed
1057 1193 1179 1234 cum
1254 1177 1368 1243 illo,
1428 1178 1539 1232 imo
1596 1192 1696 1248 per
1750 1174 1922 1243 illum,

316 1269 599 1324 nescimus
629 1268 827 1341 quibus
887 1267 1119 1339 privatis
1167 1266 1430 1333 consiliis,
1463 1266 1651 1322 litteris
1697 1262 1925 1319 obedire

318 1363 798 1428 contempserunt.
834 1355 1012 1423 Unde,
1044 1354 1398 1411 dilectissime
1428 1356 1611 1421 Pater,
1664 1352 1923 1423 pietatem

312 1454 574 1511 vestram,
635 1444 831 1517 quibus
909 1441 1156 1499 valemus
1241 1442 1522 1514 precibus,
1611 1456 1919 1506 exoramus,

317 1542 588 1604 quatenus
632 1534 773 1589 circa
834 1547 918 1598 ea,
952 1548 1074 1602 quae
1104 1531 1265 1586 vobis
1314 1531 1370 1586 in
1400 1531 1629 1586 veritate
1683 1527 1919 1601 scripsi-

310 1638 454 1687 mus,
493 1622 575 1678 sic
608 1630 841 1693 paterna
871 1619 1162 1676 dilectione
1184 1619 1306 1675 sitis
1335 1619 1624 1684 sollicitus,
1657 1626 1716 1673 ut
1755 1632 1918 1690 quam

314 1724 492 1780 grave
523 1708 595 1764 sit
610 1708 771 1778 justis
810 1723 922 1763 non
976 1707 1357 1779 obtemperare
1385 1706 1679 1772 mandatis,
1738 1719 1917 1778 agno-

310 1814 479 1854 scere
517 1796 699 1853 valeat
726 1796 818 1853 ille
864 1795 1252 1853 ecclesiastica:
1302 1796 1527 1867 justitiae
1579 1793 1916 1862 interfector,

304 1894 363 1942 et
391 1895 594 1944 sanctae
619 1885 886 1944 Ecclesiae
915 1883 1196 1941 inimicus.

780 2034 889 2102 69
922 2030 1264 2088 EPISTOLA
1302 2031 1433 2085 xm

298 2151 626 2210 Honorabili
649 2150 874 2209 domino
914 2167 1013 2207 suo
1031 2155 1087 2207 et
1108 2150 1347 2207 cordiali
1367 2151 1567 2220 amico,
1588 2149 1717 2205 boni
1763 2149 1904 2204 reli-

368 2242 537 2313 giosa:
567 2240 994 2313 vitwpontiﬁci,
1022 2238 1321 2312 Go/‘fridus
1346 2239 1762 2295 Vindocinensis
1778 2252 1902 2293 mo-

369 2330 612 2386 nasterii
634 2329 869 2386 humilis
889 2344 1108 2395 servus,
1130 2329 1241 2385 Deo
1270 2330 1491 2384 sanctis
1506 2328 1902 2400 repromissam

369 2419 800 2489 beatitudinem,
825 2422 883 2476 et
911 2433 1016 2475 ase
1035 2419 1619 2491 purametintegram
1639 2417 1900 2474 dilectio-

365 2524 526 2565 nent.

366 2628 602 2685 Litteras
630 2626 851 2701 quidem
898 2634 1098 2684 vestrae
1156 2625 1462 2684 sanctitatis
1510 2642 1636 2684 cum
1692 2625 1895 2699 gaudio

293 2724 350 2772 et
371 2717 586 2773 honore
615 2715 980 2788 suscepimus,
1013 2715 1112 2772 sed
1145 2715 1255 2785 die,
1290 2731 1453 2788 quem
1496 2715 1731 2772 nobisin
1763 2715 1899 2788 ipsis

295 2804 671 2879 signiﬁcastis,
694 2805 767 2861 ad
794 2820 895 2861 vos
946 2804 1136 2862 venire
1182 2803 1341 2861 nullo
1369 2805 1534 2861 modo
1579 2804 1897 2877 poterimus.

296 2894 622 2951 monasterii
678 2894 854 2950 nostri
903 2892 1202 2950 inevitabili
1256 2893 1589 2951 necessitate
1645 2894 1898 2959 detenti;

300 3000 423 3058 quae
454 2983 620 3040 etiam
648 2982 704 3038 in
732 2982 1067 3039 monasterio
1121 2989 1250 3039 tunc
1280 2997 1504 3039 manere
1532 2982 1680 3038 nulla
1734 2998 1901 3040 occa-

296 3073 454 3130 sione
483 3088 586 3128 nos
608 3072 830 3144 patitur.
887 3071 1169 3127 Fratribus
1222 3080 1403 3128 autem
1445 3073 1672 3140 nostris,
1722 3079 1782 3128 ut
1828 3072 1897 3127 de

294 3159 744 3232 possessionibus
771 3158 1088 3215 monasterii
1134 3159 1345 3231 absque
1364 3160 1654 3230 praesentia
1707 3167 1899 3216 nostra

2041 641 2121 697 eis
2151 638 2340 696 ablata
2369 646 2513 703 sunt,
2545 638 2804 694 universa
2832 635 3090 708 potestati
3118 648 3314 691 eorum
3342 629 3638 686 restituan-

2040 737 2148 796 tur,
2182 729 2255 784 ad
2295 727 2559 798 judicium
2613 726 2839 783 minime
2896 724 3100 781 debent
3154 720 3465 780 convocari.
3520 720 3638 775 Va-

2037 819 2168 874 lele.
2558 904 2900 962 EPISTOLA
2948 905 3102 961 XIV.

2036 1015 2417 1070 Dilectissimo
2452 1012 2677 1069 domino
2689 1012 2844 1068 Ivoni
2862 1010 3172 1068 venerabili
3198 1007 3635 1064 Carnotensium

2109 1105 2383 1176 episcopo,
2408 1106 2465 1159 et
2496 1102 2653 1157 omni
2672 1104 2892 1156 sanctae
2906 1098 3375 1171 Maricecapitulo,
3409 1095 3628 1167 Goffri-

2107 1192 2211 1248 dus
2251 1190 2680 1250 Vindocinensis
2716 1189 3052 1245 monasterii
3083 1187 3316 1244 humilis
3350 1200 3563 1249 servus,
3597 1199 3634 1239 a

2105 1282 2212 1338 Deo
2233 1282 2497 1347 salutem,
2524 1285 2579 1335 et
2600 1296 2635 1335 a
2655 1295 2713 1335 se
2726 1295 2884 1352 pura:
2914 1278 3238 1333 dilectionis
3264 1275 3623 1330 servitutem.

2105 1417 2259 1472 Hanc
2283 1430 2407 1470 esse
2465 1412 2724 1469 virtutem
2780 1409 3137 1484 cognovimus
3192 1423 3335 1463 verae
3383 1404 3629 1477 justitiae,

2031 1506 2268 1559 amicum
2300 1518 2411 1558 non
2441 1500 2867 1571 deberejuvare
2896 1494 3555 1563 mendacio,ucciuimico
3576 1494 3634 1548 in

2031 1593 2260 1650 veritate
2288 1592 2504 1647 deesse.
2530 1590 2616 1646 De
2646 1588 2989 1661 depositione
3023 1586 3212 1642 domui
3240 1583 3471 1641 Goﬁ'ridi
3500 1582 3632 1639 olim

2028 1681 2303 1738 Blesensis
2358 1679 2568 1735 abbatis
2620 1679 2791 1750 (122),
2851 1686 2903 1733 et
2956 1676 3026 1733 de
3049 1674 3394 1748 promotione
3441 1671 3631 1727 domui

2029 1770 2298 1839 Mauricii,
2361 1769 2454 1841 qui
2483 1776 2672 1825 contra
2721 1782 2822 1822 nos
2852 1767 2945 1822 diu
2974 1765 3202 1835 injustas
3232 1762 3473 1820 exercuit
3520 1760 3630 1815 ini-

2026 1859 2265 1916 micitias
2287 1858 2456 1930 (123),
2491 1865 2545 1913 et
2565 1872 2757 1930 parum
2785 1855 3114 1922 fructuosas,
3147 1852 3253 1909 sibi
3279 1852 3393 1926 egit
3427 1866 3626 1922 quere-

1938 1919 1993 1980 B
2024 1949 2124 2015 las,
2177 1919 2318 2005 sicut
2360 1919 2597 2003 vidimus
2652 1953 2706 2002 et
2758 1945 3065 2001 audivimus
3096 1919 3343 2001 veritatis
3372 1919 3624 1997 testimo-

2018 2038 2172 2094 nium
2204 2036 2354 2109 (124]
2405 2035 2786 2108 perhibemus.
2851 2032 3098 2088 Vidimus
3124 2032 3308 2103 itaque
3362 2030 3624 2085 domuum

2021 2125 2329 2182 Goﬂ'ridum
2359 2124 2414 2180 iu
2463 2123 2755 2196 praesentia
2804 2122 2992 2178 domui
3038 2118 3307 2177 Brunonis
3360 2118 3622 2175 Romanae

2016 2214 2282 2272 Ecclesia
2312 2222 2441 2271 tunc
2466 2212 2637 2286 legati
2653 2212 2799 2284 (125)
2816 2210 3091 2267 abbatiam
3109 2224 3263 2265 suam
3284 2206 3615 2280 relinquere,

2015 2316 2071 2365 et
2099 2308 2359 2363 domuum
2391 2306 2712 2362 Mauricium
2741 2304 2795 2359 in
2828 2304 3084 2359 abbatem
3123 2299 3346 2373 prapria
3361 2314 3495 2354 voce
3509 2296 3618 2352 eli-

2013 2413 2168 2470 gere,
2201 2411 2437 2468 eumque
2465 2394 2720 2461 electum,
2751 2401 2805 2449 et
2834 2392 2948 2447 suis
2972 2390 3223 2446 manibus
3235 2388 3530 2444 deductum
3558 2386 3616 2440 in

2009 2485 2219 2556 locum,
2253 2500 2415 2558 quem
2443 2490 2568 2540 ante
2597 2483 2716 2555 ipse
2743 2487 3011 2547 tenuerat,
3032 2478 3325 2536 collocare.
3383 2476 3500 2531 Hoc
3525 2473 3616 2529 vi-

2010 2574 2211 2641 dimus,
2236 2581 2292 2630 et
2328 2588 2518 2629 coram
2551 2573 2667 2628 Deo
2699 2578 2751 2627 et
2769 2568 3079 2626 hominibus
3109 2565 3459 2624 testiﬁcamur
3506 2577 3613 2635 pa-

2007 2663 2119 2720 lam
2157 2662 2235 2718 ita
2258 2662 2461 2719 factum
2491 2659 2689 2716 fuisse.
2733 2658 2843 2716 Sed
2872 2657 2919 2712 si
2974 2656 3106 2729 quid
3134 2654 3293 2712 aliter
3319 2663 3497 2710 actum
3527 2659 3612 2708 est

2006 2753 2064 2809 in
2095 2751 2329 2820 occulto,
2366 2749 2689 2808 conﬁtemur
2728 2764 2831 2804 nos
2876 2762 3101 2819 prorsus
3119 2746 3404 2817 ignorare.
3462 2741 3610 2798 Fieri

2008 2841 2151 2899 enim
2191 2840 2370 2913 potuit
2397 2846 2455 2895 ut
2480 2838 2629 2895 aliud
2655 2838 2846 2911 lingua
2873 2836 3108 2892 domnus
3165 2830 3444 2889 Goﬂ'ridus
3472 2847 3609 2904 pro-

2008 2930 2307 2997 nuntiaret,
2339 2936 2398 2985 et
2418 2927 2567 2984 aliud
2596 2927 2912 2991 occultaret,
2943 2924 2998 2980 in
3024 2929 3269 2996 pectore.
3299 2919 3415 2977 Sed
3439 2920 3607 2993 qutd—

2007 3020 2141 3094 quid
2170 3017 2345 3074 Blesis
2372 3017 2531 3073 nobis
2560 3015 2918 3088 praesentibus
2933 3012 3213 3085 superhac
3228 3026 3391 3068 causa
3406 3009 3608 3066 factum

2005 3108 2235 3174 exstitit,
2254 3107 2310 3161 in
2340 3112 2600 3178 quantum
2646 3117 2985 3177 cognoscere
3039 3100 3336 3171 potuimus,
3393 3098 3606 3154 domno

2008 3200 2112 3269 71
2149 3194 2433 3262 Mauricio,
2464 3202 2523 3250 ut
2578 3193 2880 3258 credimus,
2928 3206 3038 3246 non
3093 3188 3335 3255 obesset,
3394 3186 3441 3242 si
3466 3185 3603 3242 nihil

287 3245 1141 3359 ἔῗῗῖῗῖυῗῖἒῖῗῗῖ⁰ἷζ-ῗῖ⁸ἱῖῗῖῗ
1178 3246 1584 3359 ῗῗὲἒὲῗῖἓὲ
1634 3248 1893 3359 ῗξ-,ίξῗῗῖ⁴¹
1923 3273 1973 3336 C
2002 3245 2149 3343 a'IiEd
2170 3245 2484 3359 ίωρθειίτὲιο

291 3350 484 3392 eorum
511 3335 776 3392 voluntati
804 3334 1136 3391 contrarium
1178 3334 1575 3391 rationabiliter
1631 3336 1888 3406 cernitur,

286 3426 392 3492 eis,
427 3441 496 3481 ne
520 3423 661 3481 forte
686 3422 1153 3489 scandalizentur,
1175 3423 1571 3495 imperarenon
1602 3425 1887 3481 audemus.

283 3514 392 3572 Sed
418 3530 543 3570 cum
571 3513 893 3580 necessitas,
926 3529 1047 3586 quas
1112 3513 1492 3569 inevitabiliter
1510 3529 1611 3570 nos
1664 3514 1887 3577 detinet,

283 3603 450 3659 tinem
480 3602 747 3668 habuerit,
807 3609 933 3657 ante
963 3601 1223 3657 bonitatis
1257 3609 1456 3659 vestrae
1510 3612 1884 3675 conspectum,

280 3692 408 3747 loco
438 3699 491 3748 et
521 3700 765 3763 tempore
786 3690 1137 3762 competenti,
1161 3690 1454 3762 diligenter
1484 3707 1585 3747 nos
1600 3702 1889 3763 praesenta-

282 3780 472 3835 bimus
507 3799 521 3846 ;
557 3779 627 3835 de
657 3779 949 3848 Nivelone,
973 3793 1134 3851 quem
1165 3795 1268 3835 nec
1301 3781 1615 3836 reverentia
1654 3781 1883 3849 ordinis,

285 3885 392 3925 nec
421 3869 599 3926 honor
657 3868 973 3935 sacerdotii,
1025 3884 1126 3923 nec
1181 3868 1446 3925 adventus
1503 3870 1803 3927 Salvatoris
1855 3888 1885 3926 a

279 3974 486 4030 genere
517 3956 646 4014 novi
675 3956 902 4014 sceleris
933 3956 1174 4027 retraxit,
1206 3958 1485 4029 accepturi
1517 3967 1570 4015 et
1600 3959 1649 4015 ei
1692 3959 1885 4016 facturi

280 4055 548 4118 quantum
580 4047 866 4103 debemus.
920 4047 1209 4118 Rogamus
1236 4047 1473 4113 interim,
1531 4048 1883 4106 dilectissime

281 4136 460 4202 Pater,
495 4136 800 4190 humilitate
856 4149 964 4206 qua
993 4150 1305 4205 possumus,
1365 4143 1422 4190 ut
1476 4136 1545 4191 de
1601 4138 1703 4206 his,
1762 4156 1883 4211 quae

276 4224 473 4280 Nivelo
502 4233 557 4279 et
585 4225 667 4280 sui
697 4224 857 4279 nobis
887 4223 1153 4279 violenter
1203 4224 1569 4293 abstulerunt,
1597 4234 1648 4282 et
1705 4229 1883 4285 adhuc

273 4312 574 4369 crudeliter
625 4313 885 4382 detinent,
945 4321 1132 4369 vestra
1200 4329 1296 4369 eos
1365 4324 1600 4387 cogente
1655 4318 1877 4388 iustitia,

273 4418 592 4458 mereamur
620 4402 894 4469 investiri,
952 4402 1076 4475 quia
1107 4402 1273 4456 rebus
1305 4404 1539 4475 propriis
1597 4408 1879 4478 exspoliati

348 4581 495 4654 (120)
526 4580 1011 4654 .1_rcliipresl)ytero
1034 4582 1212 4654 vestro
1240 4579 1523 4654 Gof/‘rido.
1554 4584 1727 4654 Epist.
1748 4587 1799 4640 8.

374 4653 497 4725 121)
528 4650 713 4725 ﬂebas
731 4650 1326 4725 propriiscxspoliati.
1350 4650 1496 4708 Infra
1525 4650 1682 4725 epist.
1706 4661 1795 4713 29.

347 4660 497 4789 (121)
528 4660 713 4736 ﬂebas
731 4660 976 4734 propriis
996 4660 1320 4734 exspoliati.
1352 4660 1496 4738 Infra
1525 4660 1795 4738 epist."29.

373 4722 496 4787 122)
518 4722 764 4793 Oef/ridi
782 4724 914 4778 olrm
934 4723 1206 4777 Blesensis
1225 4725 1455 4779 abbatis.
1477 4725 1719 4781 Cmuobu
1737 4728 1870 4784 Sau-

275 4793 350 4849 Cti
380 4794 805 4866 Lauuornuri,ud
837 4809 997 4863 quem
1028 4795 1234 4849 honore
1260 4795 1368 4860 jam
1399 4796 1732 4866 defunctum,
1779 4808 1866 4853 at-

277 4881 386 4936 que
417 4880 480 4918 ex
505 4863 703 4919 abbate
731 4867 1119 4936 anacliorretam
1153 4866 1394 4936 pristina:
1415 4867 1693 4923 solitudini
1720 4863 1866 4925 red-

276 4935 449 4990 (litum
481 4944 588 4989 tres
620 4938 870 5005 leguntur
899 4935 1341 5004 epistolaelvouis
1381 4940 1493 5000 tﬁi,
1522 4944 1640 5007 208,
1665 4942 1787 4996 240.

350 5007 499 5076 (123)
521 5007 790 5061 Exercuit
808 5008 1167 5062 inimicitias.
1212 5007 1297 5061 0b
1317 5012 1750 5065 controversiam
1786 5012 1866 5066 vi-

276 5077 471 5131 delicet
495 5077 634 5131 inter
664 5078 959 5131 Blesenses
1001 5079 1300 5132 monachos
1321 5086 1374 5132 et
1431 5079 1865 5138 deocinenses

275 5148 536 5229 agitatam
557 5147 626 5203 de
655 5148 1019 5203 oblationibus
1046 5152 1319 5219 parochias
1350 5151 1742 5222 Ulcheusis,de
1759 5172 1865 5226 qua

273 5220 372 5273 Ivo
401 5221 711 5273 emst.16z.

301 5236 372 5273 vo
401 5219 561 5289 epist.
584 5221 711 5274 162.

345 5289 495 5360 (I62)
528 5291 789 5345 Veritatis
809 5292 1218 5346 testimonium.
1240 5291 1353 5347 Cur
1373 5294 1733 5350 testimonium
1761 5298 1863 5352 hoc

272 5361 596 5437 exquisierit
617 5362 755 5437 ‘lvo.
776 5362 1212 5437 intelligipotest
1240 5380 1302 5418 ex
1335 5366 1509 5421 tribus
1541 5383 1705 5437 supra
1726 5368 1864 5422 scri-

272 5433 379 5514 ptis
408 5432 523 5514 ejus
544 5432 820 5514 epistolis;
846 5434 901 5514 in
922 5434 1118 5514 quibus
1139 5432 1645 5514 docctpdmiluisse
1674 5448 1863 5508 postea

272 5502 478 5558 relictae
524 5502 756 5579 abbatis:
781 5502 1103 5579 Gollridutn,
1148 5502 1516 5579 illaturicioque
1563 5502 1866 5565 successori

274 5582 562 5646 propterea
582 5574 886 5629 obtrectare
904 5584 953 5629 et
983 5576 1258 5646 adversari
1288 5574 1525 5635 solitum.

328 5645 495 5724 _(_l23)
513 5646 806 5724 grunonis
840 5650 978 5724 tunc
998 5645 1313 5724 _le_gati.Ivo
1337 5651 1509 5724 epist.
1538 5652 1638 5705 161
1660 5652 1726 5706 ad
1745 5650 1869 5708 G0!-

274 5717 478 5771 fridum
509 5717 822 5771 Bleseusem
856 5732 868 5771 :
905 5717 1009 5783 Qui
1040 5720 1100 5771 in
1132 5717 1868 5779 mrmullomaan-Icclesia:

280 5788 470 5857 legati,
490 5787 653 5860 nullo
673 5791 727 5860 te
743 5792 993 5860 cogente.
1017 5789 1129 5860 imo
1141 5791 1260 5859 ipso
1283 5792 1464 5860 legato
1508 5793 1868 5849 dissuadente

272 5856 556 5915 abbatiam
568 5856 864 5937 dimisisti,
875 5863 931 5937 et
946 5860 1053 5937 ine
1057 5856 1295 5937 lectione
1308 5856 1484 5937 ipsius
1498 5864 1753 5937 Mauricii
1763 5866 1875 5937 pri-

278 5946 431 5985 mam
449 5944 638 5985 vocem
656 5928 884 5985 dedisti.
905 5929 1101 5985 Incidit
1120 5928 1388 5988 Brunonis
1406 5933 1608 6006 Signiae
1634 5935 1689 5991 in
1705 5928 1868 5991 Cam-

2532 3396 2876 3454 EPISTOLA
2933 3396 3061 3451 XV.

2000 3498 2345 3557 Charissimo
2365 3498 2591 3556 domino
2603 3500 2660 3553 et
2675 3496 2856 3552 amico
2875 3495 3048 3560 Ivoni,
3064 3491 3378 3550 honorabili
3400 3490 3598 3548 Carno-

2072 3588 2319 3644 tensium
2332 3587 2589 3660 praesuli,
2613 3583 2911 3657 Go/fridus
2933 3581 3352 3639 Vindocinensis
3365 3595 3598 3636 monas-

2074 3677 2456 3734 teriihumilis
2498 3691 2715 3741 servus,
2752 3673 3205 3746 delinquentium
3244 3669 3597 3726 subditorum

2066 3769 2266 3838 culpas
2288 3767 2376 3821 ita
2389 3764 2609 3836 judicio
2632 3762 3081 3833 sanctiSpiritus
3099 3758 3498 3824 condemnare,
3526 3761 3597 3814 ut

2064 3854 2432 3927 inculpabilis
2479 3857 2615 3909 ante
2645 3854 3007 3924 conspectum
3053 3848 3341 3906 tremendi
3378 3847 3593 3905 Iudicis

2061 3945 2249 4000 valeat
2273 3957 2575 4016 apparere.

2060 4056 2282 4131 Optime
2307 4059 2499 4124 nostis,
2518 4059 2675 4113 Pater
2691 4056 3158 4130 optime,clericos
3182 4061 3399 4112 vestros
3415 4052 3585 4125 (126),

1993 4164 2131 4221 quos
2164 4148 2439 4203 humilitas
2496 4147 2555 4203 B.
2588 4146 2775 4203 Mariae
2803 4146 2928 4203 fecit
2977 4144 3271 4217 superbos,
3301 4157 3414 4199 non
3462 4142 3591 4211 jura

1991 4237 2137 4302 coeli,
2161 4252 2265 4293 nec
2291 4235 2499 4306 judicio
2547 4235 2753 4302 saeculi,
2788 4235 2883 4291 sed
2942 4233 3103 4291 solita
3127 4232 3327 4289 mentis
3372 4238 3591 4302 tempe-

1992 4334 2129 4382 state
2157 4325 2363 4399 gradus
2383 4325 2580 4380 domus
2607 4332 2809 4381 nostra:
2837 4325 2988 4395 (127)
3017 4320 3377 4379 destruxisse.
3427 4320 3590 4376 Unde

1991 4414 2299 4489 paternitati
2322 4422 2520 4470 vestrae
2548 4412 2820 4470 humiliter
2867 4412 3239 4486 supplicamus
3293 4407 3521 4482 utquod
3551 4424 3586 4465 a

1986 4591 2161 4664 pauiai
2177 4591 2363 4664 Italica
2384 4591 2627 4664 episcOpi
2652 4590 2854 4664 legatio
2882 4592 2937 4646 in
2965 4607 3165 4664 annum
3179 4590 3383 4664 ,Christi
3401 4595 3567 4664 1106.

1984 4663 2100 4718 Hoc
2119 4663 2388 4734 siquidem
2416 4663 2583 4718 anno
2611 4663 2662 4717 in
2692 4663 2897 4718 Gallias
2924 4663 3139 4719 venisse
3170 4663 3578 4719 Buatmundum

1973 4734 2168 4788 ducem
2200 4742 2348 4789 uolat
2378 4734 2704 4790 Ctironicum
2735 4734 2923 4790 Sancti
2948 4734 3149 4788 Albini.
3169 4734 3568 4791 Buatmundum

1975 4812 2157 4859 autem
2190 4805 2464 4860 Paschalis
2489 4805 2653 4874 jussu
2680 4805 2969 4861 comitatus
2989 4812 3073 4859 est
3093 4802 3284 4876 (Bruno
3319 4803 3564 4876 legatus.

1974 4876 2249 4948 Auctores
2277 4877 2467 4948 Petrus
2497 4876 2792 4948 Diacouus,
2827 4883 2880 4930 et
2908 4875 3176 4948 Sugerius
3199 4874 3401 4940 abbas,
3416 4878 3575 4947 quiet

1973 4947 2265 5016 synodiab
2295 4945 2489 5003 eodem
2516 4946 2661 5018 apud
2694 4948 2945 5003 Pictavos
2976 4945 3267 5003 celebratae
3295 4945 3569 5007 memine-

1971 5026 2117 5071 runt.

2041 5090 2191 5157 (126)
2230 5089 2472 5146 Clericos
2510 5093 2743 5146 vestros.
2775 5089 3082 5146 Cauonicos
3113 5089 3324 5145 Sancta:
3378 5088 3567 5145 Mariae

1970 5159 2335 5215 Caruotcnsis.

2012 5162 2335 5215 aruotcnsis.

2041 5232 2188 5304 (127)
2223 5231 2446 5304 Gradus
2463 5232 2916 5304 domusinostrrzg.
2952 5230 3232 5304 Ecclesias
3262 5231 3500 5304 quinque
3531 5247 3565 5287 a

1969 5302 2311 5358 Theoderico
2342 5304 2600 5372 episc0p0
2661 5302 3157 5358 Vindociuensibus
3186 5302 3342 5358 datas
3372 5302 3567 5359 osten-

1970 5372 2327 5455 dunt-litterae
2357 5371 2713 5455 popliticum:_
2737 5374 2990 5455 Clemens
3021 5374 3090 5455 11.,
3124 5373 3567 5455 Victotitem,‘et

1970 5443 2225 5498 Nicolaus
2257 5444 2322 5509 Il,
2357 5443 2410 5498 iu
2445 5444 2748 5515 l’rivilegiis
2776 5443 3203 5500 conﬁrmationis
3236 5462 3249 5500 :
3282 5446 3563 5502 Ecclesias

1970 5515 2377 5638 quinque,qvuas
2400 5515 2759 5571 Theodericus
2775 5517 3137 5572 Carnotensis
3148 5518 3436 5589 episcopus
3451 5534 3566 5574 mo-

1970 5585 2221 5638 nasterio
2303 5585 2661 5638 indocinensi
2683 5586 2839 5638 dedit
2857 5602 3050 5638 amore
3069 5588 3167 5638 Dei
3191 5592 3247 5638 et
3275 5590 3566 5638 supplica—

1970 5585 2221 5661 nasterio
2250 5585 2661 5661 Yindocinensi
2683 5586 2839 5661 dedit
2857 5602 3050 5661 amore
3069 5588 3167 5661 Dei
3178 5585 3247 5661 'et
3275 5585 3568 5661 supplica-

1974 5657 2127 5711 tione
2154 5655 2408 5727 Goffridi
2450 5658 2695 5721 comitis,
2744 5658 3054 5713 Ecclesium
3088 5659 3307 5715 scilicet
3345 5655 3570 5716 'Sancti

1974 5728 2153 5790 Beati,
2185 5728 2483 5798 ecclesiam
2510 5728 2707 5783 Sancti
2736 5729 2972 5784 Joannis
2991 5729 3058 5785 de
3102 5728 3565 5798 Castrodunensi,

1974 5799 2270 5853 ecclesiam
2312 5797 2381 5854 de
2438 5799 2742 5863 Balneolis,
2776 5800 3072 5856 ecclesiam
3125 5801 3193 5857 de
3237 5797 3565 5865 Villarebla,

1975 5870 2273 5925 ecclesiam
2321 5870 2637 5925 Ancherici.
2700 5870 2807 5924 Sed
2861 5870 3057 5925 harum
3111 5870 3258 5927 nulla
3328 5871 3569 5926 Carnuto

1975 5940 2243 6011 proxima.
2267 5939 2451 6010 Quare
2476 5939 2605 5996 alibi
2631 5941 2929 6013 quaerenda
2953 5949 3064 5999 est.
