3940 6412
455 426 523 481 87
1476 414 1811 472 GOFFRIDI
1849 411 2143 470 ABBATIS
2184 410 2750 468 VINDOCINENSIS.
3695 407 3772 459 88

455 559 577 601 cem
608 541 758 613 (138)
791 548 842 597 et
861 555 1080 597 omnem
1110 538 1475 596 obedientiam
1506 536 1603 605 illi,
1651 544 1901 609 tanquam
1961 551 2060 592 suo
2087 538 2141 599 A
2168 536 2480 593 unctionem
2512 534 2853 592 infirmorum
2884 533 3055 606 (HO),
3088 547 3212 589 cum
3240 546 3270 586 a
3293 537 3480 586 sancta
3502 529 3777 587 catholica

453 630 693 705 primati,
718 629 1062 703 promisisse,
1092 644 1196 685 nec
1224 644 1323 684 vos
1366 626 1511 681 illius
1559 625 1714 697 pacis
1764 626 1947 697 aliqua
1988 642 2061 680 ex

455 729 613 794 parte
640 719 813 775 fuisse
840 718 1190 791 participem.
1228 717 1464 772 Litteras
1492 715 1676 785 etiam,
1708 731 1846 788 quas
1862 715 1918 770 in
1938 731 2062 787 pcr-

457 824 594 866 sona
639 824 736 864 sua
790 806 1003 864 fecistis
1052 805 1222 878 (t39),
1273 820 1371 860 sua
1427 804 1709 861 voluntate
1763 802 1897 859 dixit
1950 818 2061 859 non

454 897 627 955 fuisse
648 896 844 959 factas.
876 911 981 952 nec
1012 894 1233 951 domino
1261 909 1421 966 papae
1480 892 1855 948 transmissas.
1906 892 2062 948 Unde

457 988 561 1043 sub
589 984 872 1043 celeritate
904 983 1131 1040 domino
1157 998 1317 1055 papae
1344 981 1642 1048 nuntiaret,
1677 981 1825 1052 quod
1854 980 2064 1036 litteras

454 1069 577 1126 illas
606 1083 737 1124 suas
767 1066 941 1123 fuisse
968 1067 1285 1124 nullatenus
1344 1066 1621 1122 crederet.
1686 1065 1817 1120 Haec
1874 1072 2060 1120 autem

454 1175 578 1217 cum
610 1157 905 1224 audissem,
935 1155 1005 1212 de
1032 1155 1210 1222 vobis,
1259 1154 1399 1211 sicut
1452 1154 1523 1210 de
1580 1152 1904 1211 eharissimo
1958 1152 2062 1208 do-

454 1247 605 1304 mino
631 1253 686 1302 et
715 1246 897 1301 amico
928 1243 1216 1310 sollicitus,
1250 1258 1374 1300 cum
1405 1243 1608 1299 domno
1630 1242 1864 1315 primate
1882 1249 1935 1297 et
1955 1241 2064 1298 cle-

453 1336 552 1393 rici
580 1335 713 1404 suis,
748 1333 841 1407 qui
870 1332 1034 1389 vobis
1062 1331 1244 1388 modis
1306 1332 1585 1398 omnibus,
1646 1330 1849 1403 quibus
1897 1337 2062 1403 pote-

450 1432 589 1491 rant,
619 1422 1073 1489 adversabantur,
1112 1421 1329 1477 locutus
1357 1419 1457 1489 fui,
1480 1428 1534 1476 et
1582 1420 1704 1474 vitae
1762 1428 1818 1475 et
1855 1435 2061 1492 perso-

451 1530 539 1570 nas
566 1520 766 1571 vestra:
796 1510 1146 1567 honestatem
1176 1516 1229 1565 et
1259 1508 1706 1581 magnitudinem
1738 1508 2058 1575 ostendens,

453 1602 598 1657 inter
635 1615 742 1657 vos
780 1608 833 1655 et
885 1598 1039 1671 ipsos
1103 1614 1296 1671 pacem
1352 1597 1756 1653 studiosissime
1813 1595 2059 1670 quaesivi.

454 1689 613 1748 Unde
668 1688 954 1745 vobiscum
1017 1703 1128 1761 quo
1186 1695 1239 1744 et
1292 1686 1514 1759 quando
1571 1686 1858 1758 placuerit,
1936 1685 2060 1742 volo

453 1778 666 1835 habere
693 1775 1053 1850 colloquium,
1084 1775 1213 1849 quia
1241 1775 1347 1830 ista
1377 1783 1427 1831 et
1450 1774 1701 1848 quaedam
1730 1774 1835 1830 alia
1864 1774 1933 1829 ad
1962 1775 2061 1831 ho-

452 1883 642 1924 norem
672 1875 934 1932 vestrum,
966 1873 1021 1921 et
1058 1865 1365 1932 utilitatem,
1398 1873 1454 1920 ut
1497 1864 1732 1931 aestimo,
1766 1862 1871 1920 soli
1925 1879 2058 1934 per-

454 1973 605 2013 sona:
633 1963 827 2013 vestrm
849 1953 1208 2011 manifestare
1238 1954 1523 2010 desidero.
1590 1953 1933 2010 Conductum
1970 1960 2060 2007 ta-

450 2061 597 2113 men,
627 2044 674 2100 si
704 2043 885 2112 vultis,
917 2052 975 2099 ut
1003 2059 1111 2117 ego
1144 2042 1382 2111 veniam,
1411 2041 1551 2097 mihi
1583 2042 1845 2115 quaeratis
1903 2057 2064 2097 secu-

447 2151 591 2202 rum,
614 2133 744 2207 quia
763 2132 1089 2205 sacrilegos,
1124 2132 1218 2205 qui
1247 2147 1337 2188 me
1368 2131 1422 2187 in
1474 2131 1717 2188 adventu
1770 2129 1980 2187 domini
2031 2145 2063 2185 a

447 2218 604 2275 curia
634 2225 822 2274 vestra
852 2224 1222 2274 revertentem
1248 2223 1532 2288 ceperunt,
1565 2215 1743 2271 adhuc
1773 2223 1828 2270 et
1865 2213 2063 2270 merito

447 2306 628 2363 habeo
649 2314 964 2378 suspectos.
997 2306 1193 2363 Valete
1210 2314 1264 2362 et
1277 2304 1613 2361 voluntatem
1634 2312 1873 2361 vestram
1898 2319 2065 2376 super

453 2395 543 2452 his
567 2393 702 2452 mihi
730 2395 1038 2452 rescribite.

920 2551 1027 2618 77
1056 2545 1404 2603 EPISTULA
1440 2546 1597 2601 Xix.

449 2666 606 2724 Jvoni
631 2663 1068 2722 Carnotensium
1081 2662 1340 2734 praesuli,
1373 2663 1563 2732 frater
1602 2659 1917 2732 Goffridus,
1962 2676 2061 2715 sa-

521 2756 703 2812 lutem
729 2771 765 2810 a
791 2752 1041 2822 domino,
1075 2754 1132 2808 et
1157 2769 1194 2807 a
1222 2767 1279 2807 se
1312 2749 1512 2807 debitae
1541 2750 1869 2807 dilectionis
1898 2747 2063 2805 servi-

523 2847 709 2901 tutem
723 2884 737 2899 .

521 2958 678 3017 Sicut
725 2956 1156 3015 consuetudines
1211 2955 1603 3011 monachorum
1661 2954 1727 3009 Î’.
1786 2952 2065 3009 Benedicti

452 3048 659 3122 regulae
687 3046 1087 3104 concordantes
1113 3044 1423 3112 laudamus,
1440 3042 1519 3099 sic
1548 3057 1665 3109 eas,
1689 3058 1822 3115 quas
1841 3049 2065 3097 sanctus

449 3135 782 3194 Benedictus
815 3150 921 3192 nec
951 3135 1132 3201 docet,
1163 3148 1268 3190 nec
1294 3132 1559 3205 praecipit,
1584 3139 1782 3204 etquae
1799 3146 1831 3188 s
1851 3130 2065 3187 ratione

446 3225 663 3298 penitus
691 3224 1010 3295 discrepare
1042 3224 1314 3290 videntur,
1347 3222 1574 3277 laudare
1603 3236 1713 3277 non
1742 3235 2057 3291 possumus.

450 3315 586 3372 Sunt
611 3313 755 3370 enim
787 3311 1041 3386 quadam
1108 3311 1257 3384 apud
1313 3311 1615 3367 monachos
1666 3309 2051 3371 institutiones.

448 3418 589 3476 quas
616 3402 757 3458 ratio
785 3402 1102 3458 nullatenus
1129 3400 1385 3465 admittit,
1417 3412 1521 3456 nec
1545 3405 1857 3455 sanctorum
1889 3396 2057 3470 quili-

451 3493 542 3547 bet
569 3492 786 3547 Patrum
814 3490 1042 3557 invenit,
1071 3489 1170 3546 sed
1201 3488 1574 3561 insipientium
1594 3487 1936 3544 consuetudo
1956 3487 2063 3541 ho-

450 3580 659 3636 minum
686 3580 936 3635 instituit.
972 3580 1084 3634 Has
1110 3579 1169 3633 in
1189 3577 1544 3634 monasteriis
1561 3577 1789 3649 quidam
1810 3573 2064 3632 monachi

453 3667 560 3722 sibi
589 3683 690 3738 pro
720 3669 844 3740 lege
874 3668 1174 3734 vindicant,
1209 3674 1263 3722 et
1322 3680 1452 3722 cum
1509 3665 1759 3721 Christus
1812 3664 2016 3720 dixerit
2045 3681 2061 3719 :

453 3758 566 3830 Ego
585 3772 713 3813 sum
741 3759 950 3814 veritas
977 3758 1175 3828 (Joan.
1215 3770 1329 3822 xiv,
1377 3757 1453 3825 6),
1486 3770 1588 3811 nec
1617 3754 1819 3809 dixerit
1870 3770 1883 3809 :
1946 3754 2064 3824 Ego

457 3862 579 3901 sum
610 3847 970 3911 consuetudo,
1011 3860 1115 3916 pro
1142 3859 1238 3899 sua
1268 3851 1450 3899 tamen
1474 3842 1868 3900 consuetudine
1884 3842 2066 3914 legem

458 3934 708 3992 veritatis
734 3935 1047 3990 immutant.
1085 3934 1180 3999 Et,
1209 3936 1270 3988 ut
1299 3940 1504 3989 cmtera
1534 3940 1841 3999 taceamus,
1863 3931 1916 3986 in
1937 3933 2065 3998 hoc,

460 4029 521 4080 ut
560 4024 718 4081 nobis
771 4024 1008 4091 videtur,
1063 4037 1174 4078 non
1230 4021 1587 4079 mediocriter
1644 4028 1861 4091 errant,
1917 4019 2066 4092 quod

538 4202 689 4272 (t38)
720 4201 858 4258 Cum
876 4200 983 4275 illo
1004 4201 1445 4275 fecisse_pacem.
1479 4200 1560 4256 De
1588 4200 1693 4275 hac
1713 4214 1872 4270 pace,
1893 4198 1954 4275 _n_i
1975 4198 2073 4275 fal-

468 4274 571 4339 lor,
602 4275 845 4329 Joannes
872 4272 1090 4345 ipseiad
1133 4272 1510 4327 Daimbertum
1552 4272 1821 4335 scribens,
1883 4272 2073 4328 Memi-

472 4346 628 4417 nisse
653 4348 845 4417 potes,
867 4343 1063 4417 inquit,
1094 4344 1225 4415 quia
1238 4359 1326 4417 ea:
1348 4359 1461 4417 quo
1489 4345 1809 4399 amicitiam
1825 4345 1882 4417 et
1900 4345 2073 4413 fami-

478 4414 793 4472 liaritatem
816 4414 1209 4487 Lugdunensis
1228 4414 1489 4469 Ecclesiae
1505 4415 2075 4486 recuperasti,gratu-

476 4489 668 4543 lanter
698 4494 752 4542 te
772 4487 931 4553 vidit,
954 4487 1322 4541 exsultanter
1342 4486 1573 4557 recepit,
1588 4491 1641 4540 et
1663 4490 1874 4558 quanta
1888 4487 2076 4558 potuit

472 4559 783 4629 affectione
813 4558 1129 4614 honoravit.
1152 4558 1297 4629 Noli,
1315 4556 1518 4629 frater,
1534 4556 1692 4613 omni
1710 4556 1946 4629 spiritui
1961 4572 2071 4611 cre-

476 4628 628 4685 dere.
643 4629 935 4685 Sensimus
950 4629 1087 4701 olim
1099 4628 1409 4701 procellam
1422 4628 1717 4701 istam,sed
1729 4628 1836 4683 Deo
1846 4631 2075 4698 favente

475 4700 816 4774 aliquandiu
834 4699 1064 4765 resedit,
1097 4699 1154 4754 et
1177 4702 1303 4774 ipso
1330 4700 1581 4769 faciente
1609 4701 1844 4774 quievit.

549 4770 700 4844 (â·139)
728 4773 974 4850 Litteras
1002 4786 1138 4850 quas
1161 4771 1231 4850 in
1257 4785 1326 4850 pe
1338 4785 1507 4850 rsona
1535 4770 1640 4825 sua
1655 4772 1898 4842 fecistis.
1923 4770 2075 4839 Quas

480 4840 607 4914 ejus
639 4840 861 4899 nomine
878 4840 1114 4898 dictasti.
1159 4840 1462 4914 Scripserat
1482 4840 1664 4914 lvo,ut'
1684 4850 1810 4912 pote
1831 4855 2076 4914 omnium

474 4912 877 4985 metropolitani
900 4914 982 4968 sui
1015 4912 1509 4985 controversiarum
1536 4913 1721 4985 socius
1746 4921 1799 4985 et
1827 4913 2073 4985 adjutor,

474 4982 681 5041 litteras
712 4985 1013 5040 Daimberti
1045 4982 1368 5054 nominegad
1400 4983 1733 5050 Paschalem,
1781 4983 1835 5037 in
1868 4982 2070 5054 quibus

475 5058 745 5112 Joannem
773 5057 1057 5128 primatem
1085 5053 1518 5128 perstringebat.
1534 5055 1644 5128 Eas
1661 5055 1865 5128 litteras
1885 5053 2070 5128 Daim-

477 5128 686 5193 bertus,
715 5123 837 5183 cum
868 5142 1059 5199 pacem
1086 5123 1210 5181 cum
1242 5123 1474 5199 Joanne,
1508 5126 1680 5199 inscio
1701 5127 1890 5199 [vene
1917 5125 2069 5182 face-

474 5207 577 5275 ret,
609 5195 882 5275 suo__nutu'
901 5195 1494 5275 scriptas,_missa_sque
1520 5196 1589 5251 ad
1619 5196 1929 5275 pontificem
1973 5212 2078 5275 ne:

479 5270 667 5341 gabat.
701 5270 799 5323 Hic
828 5267 1127 5341 germanus
1158 5268 1315 5337 hujus
1341 5267 1449 5341 loci
1480 5284 1675 5341 sensus
1697 5269 1928 5341 videtur,
1952 5268 2076 5341 etsi

479 5338 649 5395 alium
678 5340 796 5396 viro
825 5338 986 5397 docto
1009 5341 1278 5411 placuisse
1308 5338 1483 5395 sentio
1503 5338 1556 5393 in
1587 5339 2075 5396 Observationibus

482 5412 548 5466 ad
580 5412 832 5477 Ivonem,
866 5414 1030 5482 epist.
1069 5413 1158 5465 67.

552 5484 701 5553 (140)
734 5481 1065 5553 Unctionem
1085 5483 1460 5553 inï¬rmorum.
1492 5482 1544 5534 ln
1580 5496 1644 5536 ea
1675 5481 1929 5538 videntur
1949 5496 2073 5553 sen-

480 5553 663 5625 tentia,
682 5553 850 5625 fuisse
882 5552 1157 5608 Goï¬'ridus
1186 5561 1238 5608 et
1261 5552 1365 5625 lvo
1393 5554 1552 5625 epist.
1585 5554 1868 5625 sequenti,
1887 5561 1944 5625 ut
1964 5552 2074 5607 nul-

480 5622 591 5678 lum
624 5623 893 5680 Ecclesize
922 5632 1325 5679 sacmmentum
1352 5622 1537 5678 iterari
1583 5622 1750 5694 posse
1787 5624 2076 5680 existima-

480 5694 609 5757 rint,
641 5710 765 5748 cum
797 5710 862 5749 ex
921 5694 1213 5763 theologia:
1265 5694 1483 5764 placitis
1531 5710 1599 5749 ea
1656 5695 1833 5750 solum
1890 5696 2074 5765 reperi

478 5771 775 5843 nequeant,
810 5781 936 5843 qua:
959 5765 1351 5843 characterem
1386 5767 1725 5843 imprimunt,
1769 5765 2072 5837 baptismus

477 5834 756 5914 nimirum,
797 5834 1141 5914 cOntirmatio
1170 5843 1222 5891 et
1252 5836 1411 5891 ordo.
1445 5834 1567 5904 Quo
1600 5836 1658 5890 iit
1684 5834 2070 5914 ut_extrema_m

476 5905 809 5971 unctionem,
838 5905 965 5978 quia
993 5921 1056 5962 ex
1088 5921 1155 5963 eo
1182 5921 1411 5962 numero
1437 5921 1548 5963 non
1583 5915 1685 5972 est,
1744 5908 1949 5963 iterare
1993 5906 2067 5961 li-

2171 635 2224 682 et
2256 626 2559 700 apostolica
2589 625 2721 680 sede
2778 631 3177 680 sacramentum
3232 629 3480 687 vocetur,
3538 626 3589 675 et
3644 634 3775 675 cum

2171 715 2381 770 nullum
2412 722 2811 770 sacramentum
2840 711 3029 768 iterari
3057 711 3271 780 debeat,
3304 707 3608 765 iterandum
3665 724 3771 779 pu-

2172 807 2306 855 tant.
2362 797 2646 856 Unctionis
2700 797 2887 870 utique
2938 802 3343 853 sacramentum
3395 794 3456 849 Î’.
3502 793 3771 849 Innocen-

2170 887 2277 943 tius
2305 887 2458 959 (141)
2488 901 2634 958 papa
2663 886 2803 942 adeo
2832 901 3098 959 magnum
3128 883 3276 952 dicit,
3299 881 3446 955 quod
3463 880 3773 954 pcenitenti-

2171 976 2293 1043 bus,
2325 977 2522 1048 quibus
2553 982 2755 1032 caetera
2776 982 3120 1031 sacramenta
3148 979 3442 1046 negantur,
3473 969 3623 1025 nulla
3676 984 3771 1024 ra-

2172 1065 2321 1121 tione
2345 1072 2574 1137 putatur
2605 1080 2771 1136 posse
2797 1063 3055 1120 concedi.
3094 1062 3238 1132 Quid
3267 1069 3465 1117 tamem
3487 1058 3771 1130 superboc

2172 1153 2488 1227 magnitudo
2523 1162 2722 1210 vestrae
2752 1151 3104 1210 discretionis
3133 1150 3351 1217 sentiat,
3412 1156 3465 1204 et
3515 1146 3640 1220 quid
3685 1154 3771 1203 te-

2172 1244 2414 1299 nendum
2448 1243 2660 1307 doceat,
2722 1242 2869 1298 scire
2925 1240 3322 1305 desideramus,
3383 1237 3473 1310 qui
3519 1235 3773 1309 quamvis

2173 1332 2283 1388 ista
2311 1339 2365 1387 et
2396 1331 2627 1399 ratione,
2659 1339 2711 1387 et
2737 1331 3055 1387 auctoritate
3088 1344 3214 1385 esse
3243 1341 3380 1383 vera
3408 1341 3519 1381 non
3546 1324 3772 1379 dubite-

2172 1436 2317 1488 mus,
2351 1436 2419 1475 ea
2447 1429 2630 1476 tamen
2658 1428 2857 1476 vestrae
2896 1416 3236 1476 auctoritatis
3286 1415 3506 1471 decreto
3559 1411 3771 1469 firmari

2172 1509 2444 1577 volumus,
2478 1517 2532 1566 et
2561 1525 2843 1582 rogamus.

2539 1636 2648 1705 73
2680 1632 3035 1690 EPISTULA
3070 1633 3177 1687 xx
3212 1630 3389 1702 (ÎµÎ¹Î·).

2168 1742 2255 1800 luo
2280 1743 2650 1799 Carnotensis
2664 1742 2927 1798 Ecclesia
2942 1741 3227 1803 minister,
3254 1735 3502 1808 Cof/ride
3524 1732 3772 1790 lâ€™indoci.

2384 1832 2551 1888 ncnsi
2570 1831 2776 1896 abbati,
2808 1831 3053 1887 salutem
3083 1833 3138 1885 et
3165 1826 3550 1884 dilectionem.

2089 1901 2144 1960 Î’
2246 1938 2571 1995 Unctionem
2598 1935 2936 1993 infirmorum
2962 1951 3074 1991 non
3118 1932 3328 1991 aestimo
3387 1927 3767 2002 repetendam,

2170 2023 2315 2096 quia,
2377 2024 2517 2079 sicut
2572 2024 2693 2094 ipse
2756 2020 3055 2087 asseruisti,
3113 2018 3413 2075 secundum
3465 2013 3769 2069 institutum

2172 2111 2489 2184 apostolica)
2517 2110 2685 2178 sedis,
2718 2127 2896 2185 genus
2927 2118 3009 2166 est
3039 2108 3391 2174 sacramenti,
3442 2103 3533 2177 qui
3581 2108 3767 2156 autem

2174 2208 2515 2258 sacramenta
2566 2200 2764 2257 Christi
2822 2208 2876 2256 et
2928 2198 3193 2255 Ecclesia
3243 2195 3457 2269 repetit,
3516 2189 3769 2261 iniuriam

2171 2290 2313 2364 ipsis
2333 2289 2697 2346 sacramentis
2725 2288 2949 2364 ingerit.
2986 2287 3181 2345 Unctio
3220 2286 3364 2342 enim
3422 2280 3767 2338 infirmorum

2170 2375 2416 2447 publica:
2445 2373 2784 2445 paenitentiae
2804 2381 2888 2430 est
2933 2378 3339 2429 sacramentum
3394 2367 3543 2440 (H3)
3598 2377 3765 2436 quam

2173 2479 2284 2520 non
2313 2480 2436 2520 esse
2466 2463 2844 2535 repetendam,
2876 2462 3016 2519 sicut
3044 2476 3148 2519 nec
3178 2460 3533 2532 baptismum,
3590 2458 3769 2508 testa-

2175 2561 2264 2609 tur
2296 2552 2654 2626 Augustinus,
2678 2560 2909 2608 testatur
2938 2549 3282 2606 Ambrosius.
3317 2542 3656 2619 Augustinus
3705 2537 3765 2594 in

2173 2641 2421 2713 Epistola
2452 2641 2519 2696 ad
2542 2640 2924 2697 Macedoniam
2956 2658 2969 2696 :
2999 2639 3171 2695 Caute
3191 2638 3600 2707 salubriterque
3626 2643 3765 2702 pro-

2170 2727 2353 2784 visum
2372 2730 2476 2793 est,
2507 2729 2573 2781 ut
2591 2727 2744 2782 locus
2765 2726 2926 2781 illius
2944 2724 3285 2780 humillimas
3302 2718 3655 2796 paenitentia
3674 2731 3765 2772 se-

2172 2815 2287 2871 mel
2303 2815 2365 2870 in
2387 2814 2637 2870 Ecclesia
2656 2814 3101 2879 concedatur,ne
3119 2811 3410 2869 medicina
3428 2808 3553 2864 vilis
3569 2807 3764 2864 minus

2169 2905 2339 2961 utilis
2358 2907 2507 2961 esset
2535 2903 2761 2975 (egrotis
2782 2923 2801 2971 ,-
2823 2919 2946 2976 quia
2976 2905 3137 2957 tanto
3166 2901 3350 2972 magis
3372 2896 3615 2955 salubris
3654 2902 3760 2964 est,

2175 2993 2388 3060 quanto
2404 2989 2596 3044 minus
2625 2987 3069 3061 contemptibilis
3093 2988 3291 3057 fuerit.
3328 2983 3648 3039 Ambrosius
3705 2984 3764 3039 in

2176 3078 2420 3133 secundo
2440 3076 2582 3133 libro
2602 3076 2671 3133 de
2691 3075 3008 3132 Pmnitentia
3030 3093 3043 3130 :
3067 3076 3224 3133 Sicut
3245 3078 3329 3129 est
3346 3089 3522 3129 unum
3558 3074 3741 3148 baptis

2172 3183 2288 3235 ma,
2321 3167 2407 3222 ita
2429 3170 2486 3222 et
2506 3183 2625 3221 una
2648 3166 2995 3240 paenitentia
3017 3185 3035 3232 ;
3057 3180 3178 3236 qum
3200 3168 3392 3220 tamen
3409 3163 3627 3236 publice
3648 3165 3769 3236 agi-

2091 3256 2141 3320 C
2175 3260 2290 3312 tur.
2323 3256 2466 3312 Nam
2487 3254 2736 3327 quotidie
2764 3270 2866 3311 nos
2893 3254 3054 3310 debet
3081 3252 3357 3325 paenitere
3382 3252 3628 3325 peccati;
3667 3251 3767 3309 sed

2169 3345 2308 3412 hac,
2334 3344 2673 3400 delictorum
2706 3342 3098 3399 Ieviorumilla
3125 3343 3470 3414 graviorum.

2692 3461 3036 3521 EPISTOLA
3066 3463 3225 3518 XXI.

2174 3563 2424 3635 Goffrido
2446 3564 2580 3619 vita
2611 3563 2915 3620 laudabilis
2951 3564 3204 3635 episcopo
3233 3561 3405 3631 (1H),
3444 3560 3769 3619 dulcissimo

2220 3653 2447 3708 domino
2463 3669 2584 3718 suo,
2607 3657 2665 3709 et
2681 3652 3041 3725 praecor-diali
3053 3653 3256 3716 amico,
3278 3654 3465 3722 frater
3480 3651 3771 3722 Goffridus

2230 3758 2367 3797 suus
2395 3742 2563 3814 quale
2579 3746 2638 3797 et
2665 3744 2946 3814 quantum
2964 3744 3170 3812 potest,
3194 3744 3249 3796 et
3261 3741 3432 3812 sapit,
3449 3739 3770 3813 obsequium

2228 3834 2285 3887 et
2311 3847 2474 3903 pura:
2493 3830 2815 3887 dilectionis
2836 3828 3130 3901 affectum.

2249 3936 2412 4007 Apud
2444 3936 2742 3992 bonitatem
2772 3942 3031 4001 vestram,
3091 3932 3424 3989 venerabilis
3485 3935 3651 4007 Pater,
3701 3936 3773 3994 de

2180 4024 2569 4082 Vindocinensi
2599 4023 2879 4080 comitissa
2908 4024 3059 4096 (145)
3089 4037 3194 4095 ego
3223 4039 3552 4097 conqueror,
3574 4033 3622 4081 et
3644 4041 3769 4082 me-

2180 4210 2321 4269 ceat,
2353 4218 2462 4259 non
2492 4203 2673 4259 solum
2702 4203 2756 4257 in
2788 4201 3022 4258 diversis
3046 4200 3273 4269 morbis,
3306 4217 3491 4258 verum
3523 4202 3681 4257 etiam
3713 4202 3772 4258 in

2180 4291 2290 4331 uno
2322 4277 2535 4342 eodem,
2569 4274 3004 4347 quandocunque
3036 4273 3355 4347 morbusex
3383 4273 3668 4329 intervallo
3696 4274 3772 4330 ita

2183 4347 2532 4415 recrudeseit,
2569 4343 2624 4401 ut
2652 4347 2777 4401 vitae
2808 4343 3004 4401 novum
3037 4343 3092 4399 ï¬t
3121 4344 3439 4399 disczimen.

2256 4418 2400 4487 (141)
2430 4420 2495 4472 B.
2526 4420 2920 4473 Innocentius.
2959 4417 3132 4487 Epist.
3159 4417 3227 4469 ad
3254 4414 3571 4471 Decentium
3588 4416 3771 4490 Eugu-

2183 4488 2369 4543 binum
2400 4490 2742 4559 episcopum.

2255 4561 2404 4630 (142)
2435 4556 2689 4631 Epistola
2715 4562 2805 4615 ÎžÎŸ.
2830 4558 3010 4631 [venis
3041 4566 3124 4613 est
3143 4556 3533 4631 epi_stola._qum
3548 4558 3771 4631 totidem

2184 4628 2599 4703 verbis'leg'itur
2626 4632 2680 4685 in
2707 4629 2939 4700 epistola
2968 4629 3074 4686 255
3104 4629 3170 4684 ad
3203 4628 3495 4684 Radulfuâ€™m
3524 4630 3770 4686 abbatem

2184 4702 2365 4757 Sancti
2401 4702 2662 4757 Fusciani.

2255 4775 2402 4844 (143)
2422 4774 2666 4846 Publica:
2676 4791 2756 4846 pa
2764 4775 3039 4846 nitentia:
3055 4776 3139 4829 est
3151 4771 3773 4846 sacramentumFutile

2184 4842 2588 4915 argumentum.
2625 4842 2729 4913 Qui
2760 4847 2905 4900 enim
2936 4845 3043 4900 dici
3072 4844 3472 4915 potestunctio
3525 4842 3768 4898 infirmo-

2184 4931 2299 4987 rum
2329 4916 2401 4987 ad
2427 4915 2697 4985 publicam
2728 4917 3098 4987 paenitentiam
3146 4914 3435 4987 pertinere,
3488 4928 3609 4969 cum
3666 4930 3771 4987 pu-

2185 4986 2325 5042 blice
2355 4986 2481 5041 olim
2520 4985 2920 5055 paenitentibus,
2965 4996 3022 5041 ut
3081 4985 3426 5041 Innocentius
3483 5000 3620 5055 papa
3665 4986 3771 5039 do-

2183 5058 2312 5122 cuit,
2346 5057 2581 5128 permitti
2616 5073 2721 5114 non
2748 5060 2948 5115 soleret
2976 5059 3006 5113 á¼¸
3036 5056 3233 5128 Quare
3251 5071 3440 5111 verum
3487 5063 3765 5128 sanedest,

2183 5126 2691 5210 quod'Augustinus
2717 5138 2785 5210 et,
2802 5126 3444 5210 Ambrosiusaflirmant,
3496 5126 3766 5210 publica!!!

2182 5197 2558 5325 paenitentiam
2588 5217 2696 5257 non
2753 5201 2965 5257 iterari.
3031 5199 3136 5255 Sed
3195 5200 3297 5252 hoc
3345 5199 3414 5253 ad
3466 5214 3578 5254 rem
3637 5197 3767 5252 nihil

2205 5282 2327 5325 acu.

2205 5282 2327 5327 acu-

2253 5344 2400 5417 (114)
2433 5344 2684 5417 Goffrido
2713 5346 2968 5417 episcopo
3000 5338 3768 5417 Carnotensi.Successar__fuit

2181 5410 2475 5469 Ivonisvir
2506 5410 2693 5469 multis
2724 5410 2865 5479 visre,
2897 5410 3189 5484 rerumque
3218 5421 3491 5484 gestarum
3520 5410 3767 5465 laudibus

2180 5485 2435 5559 insignis,
2469 5486 2522 5559 in
2553 5486 2872 5559 Aquitanica
2918 5485 3219 5559 praesertim
3274 5484 3561 5559 legatione,
3611 5496 3767 5559 quam

2179 5554 2445 5628 adversus
2476 5554 2771 5613 Girardum
2806 5554 3302 5628 Engolismensem,
3335 5554 3581 5628 aliosque
3618 5557 3764 5628 Î”Î¿Ï-

2179 5627 2303 5682 cleti
2324 5627 2576 5700 fautores
2630 5630 2802 5700 gessit
2861 5624 2959 5700 pro
2987 5628 3317 5700 lnnocentio
3374 5624 3766 5700 secundo._De

2179 5713 2288 5769 quo
2319 5698 2372 5752 in
2401 5699 2522 5753 Vita
2551 5693 2724 5754 sancti
2755 5693 3025 5754 Bernardi
3053 5698 3153 5752 lib.
3186 5714 3243 5760 ll,
3290 5696 3596 5769 Bernartius
3650 5693 3766 5769 ipse

2176 5766 2409 5838 epistola
2433 5771 2502 5823 4á¼»
2529 5778 2582 5825 et
2607 5772 2676 5826 55
2706 5788 2721 5834 ;
2754 5773 2952 5825 Petrus
2983 5769 3363 5824 Cluniacensis
3413 5767 3580 5837 epist.
3645 5766 3712 5820 40
3745 5782 3761 5827 Í¾

2173 5840 2414 5896 Joannes
2446 5841 2719 5897 Sarisber.
2753 5843 2853 5897 lib.
2894 5859 2925 5897 v
2959 5859 2974 5906 ;
3009 5840 3327 5911 Polycratici
3349 5855 3478 5911 cap.
3511 5840 3604 5911 l5.

2247 5911 2400 5981 (115)
2437 5912 2855 5970 lâ€™indocinensis
2876 5909 3187 5970 comitissa.
3219 5911 3338 5968 Lib.
3365 5926 3404 5981 Î¹,
3422 5909 3597 5983 epist.
3630 5910 3690 5963 3.
