3940 6394
246 398 314 451 ω
1498 393 1875 450 EPISTOLrE.
1924 424 1992 434 —
2031 393 2165 448 LIB.
2215 394 2283 447 Il.
3486 395 3553 445 90

251 533 376 574 cum
403 517 584 573 omnis
605 516 968 591 congregatio
997 524 1200 572 nostra.
1236 519 1344 587 79
1380 519 1504 589 Ipsa
1535 517 1699 582 enim,
1719 515 1847 570 dum
1876 522 1934 586 Α
1964 517 2271 572 nullatenus
2300 516 2632 572 dubitamus.
2658 515 2737 570 Ad
2760 515 3086 571 voluntatem
3119 524 3297 569 tamen
3319 522 3556 570 vestram

248 623 350 679 pro
379 607 705 664 necessitate
743 606 1064 662 monasterii
1095 622 1281 661 essem
1315 606 1370 660 in
1399 621 1544 678 pago
1586 605 1850 677 Andega-

249 696 423 765 vensi,
457 703 664 752 terram
716 712 880 766 quam
913 695 1308 750 monasterium
1338 703 1586 750 nostrum
1627 693 1854 766 pacitice

250 792 519 850 tenuerat,
554 783 712 840 nobis
733 783 816 838 bis
837 783 1077 850 abstulit,
1113 783 1368 840 corticem
1381 783 1538 839 etiam
1569 783 1851 848 arborum,

251 888 416 946 quam
444 873 514 928 ad
541 889 672 928 usus
701 888 830 928 suos
863 872 1110 928 homines
1131 871 1304 927 nostri
1326 871 1682 944 collegerant,
1716 870 1855 926 sicut

251 961 345 1016 diu
389 969 820 1026 consueverunt,
853 961 1086 1017 cremari
1126 961 1278 1016 fecit.
1319 961 1586 1016 Praeterea
1605 957 1855 1015 monachi

255 1049 477 1118 Majoris
507 1049 821 1105 Monasterii
855 1049 1024 1119 (146),
1058 1065 1196 1120 quos
1225 1049 1284 1104 B.
1315 1047 1525 1104 Martini
1581 1047 1856 1103 humilitas

252 1137 656 1210 aliquantulum
685 1137 949 1192 sublimes
979 1136 1126 1205 fecit,
1180 1137 1464 1204 decimam,
1497 1137 1566 1192 de
1597 1153 1726 1209 qua,
1749 1151 1852 1192 vo-

249 1225 334 1280 bis
357 1233 654 1296 prasente,
707 1226 788 1282 eis
813 1225 1108 1282 obtulimus
1159 1226 1446 1295 justitiam,
1486 1225 1645 1281 nobis
1692 1224 1851 1280 aufe-

249 1321 374 1367 runt
397 1314 657 1370 violentia
711 1314 980 1370 saculari.
1015 1315 1289 1369 Robertus
1310 1313 1378 1368 de
1401 1315 1578 1369 Monte
1608 1313 1850 1379 laudato,

247 1416 358 1457 non
378 1401 702 1469 laudandus,
761 1403 1004 1474 pradam
1051 1411 1293 1458 nostram
1353 1402 1546 1473 rapuit,
1572 1403 1642 1458 de
1700 1403 1854 1470 cujus

247 1490 630 1561 redemptione
670 1499 890 1547 centum
921 1492 1133 1562 accepit
1164 1490 1385 1555 solidos,
1423 1506 1559 1563 quos
1585 1489 1726 1545 male
1757 1506 1852 1546 ac-

248 1586 458 1649 ceptos,
484 1578 770 1635 Vindocini
801 1581 958 1650 pejus
987 1579 1268 1651 expendit.
1297 1577 1433 1648 Quis
1464 1579 1690 1634 istorum
1722 1594 1855 1651 erga

249 1683 350 1722 nos
378 1667 571 1723 melior
617 1666 797 1735 fuerit,
849 1684 953 1724 nec
981 1667 1051 1722 ab
1107 1667 1346 1736 homine,
1378 1683 1482 1724 nec
1531 1668 1601 1722 ab
1657 1666 1856 1739 angelo

251 1755 381 1811 sciri
411 1761 612 1827 potest,
672 1771 795 1812 cum
851 1756 1222 1828 unusquisque
1282 1771 1473 1812 eorum
1514 1763 1700 1812 contra
1753 1771 1856 1811 nos

1959 607 2040 663 ire
2060 615 2114 662 et
2139 605 2340 674 redire,
2372 605 2463 660 ubi
2493 604 2578 660 vel
2637 605 2852 676 quando
2879 604 3164 676 placuerit,
3200 612 3377 658 vestro
3421 619 3557 659 con-

1960 695 2126 751 ductu
2183 710 2292 750 non
2350 708 2696 748 recusamus.
2754 694 2991 748 Honesta
3055 701 3241 747 tamen
3305 692 3558 748 discretio

1961 791 2166 850 vestra,
2193 784 2271 840 sic
2289 792 2467 838 vestro
2523 782 2736 847 honori,
2787 791 2840 836 et
2868 790 3070 838 nostra
3099 781 3313 837 utiitati
3369 781 3560 852 provi-

1961 872 2108 938 deat,
2141 888 2209 926 ne
2260 879 2569 926 vestrorum
2618 871 2916 926 amicorum
2948 870 3294 926 fidelissimus
3343 868 3563 938 justitia

1963 977 2077 1016 sua
2095 960 2477 1016 detrimentum
2526 959 2773 1030 patiatur,
2805 958 2889 1013 vel
2919 975 3167 1029 persona
3210 958 3562 1029 Opprobrium

1963 1050 2201 1122 qualibet
2227 1047 2517 1104 occasione
2547 1047 2817 1104 incurrat.
2859 1047 3067 1114 Valete,
3127 1055 3182 1103 et
3209 1046 3355 1120 quod
3408 1046 3564 1102 vobis

1962 1137 2248 1211 placuerit,
2281 1136 2469 1193 litteris
2497 1136 2837 1208 significate.

2392 1281 2497 1349 31
2542 1277 2882 1334 EPISTOLA
2920 1279 3129 1333 XXIII.

1966 1389 2304 1445 Charissimo
2327 1387 2550 1443 domino
2566 1403 2665 1442 suo
2683 1390 2736 1441 et
2754 1387 3081 1441 dulcissimo
3093 1387 3297 1450 amico,
3313 1387 3564 1458 Gof/‘rido

2033 1477 2371 1532 venerabilis
2383 1477 2510 1531 vita
2528 1475 2861 1530 Carnotcnsi
2874 1475 3140 1546 episcopo,
3160 1478 3346 1545 frater
3361 1475 3566 1546 Goffri-

2035 1567 2138 1622 dus
2166 1582 2200 1620 α
2231 1567 2338 1622 ι)εο
2367 1566 2633 1631 salutem,
2657 1568 2713 1620 et
2735 1581 2768 1619 α
2800 1580 2856 1619 se
2882 1579 3044 1637 purae
3063 1564 3383 1620 dilectionis
3396 1566 3566 1621 servi-

2038 1658 2217 1710 tutem
2230 1695 2244 1708 .

2034 1768 2526 1840 Audivitparvitas
2586 1776 2774 1823 nostra
2803 1767 2873 1823 de
2927 1775 3106 1825 vestra
3164 1767 3561 1839 magnitudine,

253 1843 492 1914 pessime
518 1843 712 1916 egerit.
773 1846 876 1902 Pro
905 1845 1102 1918 quibus
1155 1845 1410 1900 omnibus
1465 1851 1660 1900 vestra
1709 1843 1852 1900 dile-

1969 1858 2111 1930 quod
2134 1857 2252 1913 sine
2294 1855 2657 1912 admiratione
2700 1855 2894 1911 audire
2947 1871 3057 1912 non
3118 1857 3312 1927 potuit.
3381 1857 3566 1913 Frater

255 1932 422 1988 ctioni
453 1932 682 1988 multum
725 1933 1002 1989 humiliter
1059 1933 1451 2005 supplicamus,
1499 1941 1763 2005 quatenus
1783 1934 1854 1989 ad

255 2021 687 2076 Vindocinenses
745 2021 978 2078 clericos
1041 2023 1211 2078 misso
1272 2030 1466 2078 vestra
1519 2021 1856 2078 auctoritatis

253 2105 494 2173 decreto,
527 2105 608 2162 sic
637 2107 1017 2178 unusquisque
1082 2105 1510 2177 supradictorum
1539 2105 1857 2161 malefactor

253 2193 588 2266 corrigatur,
618 2203 677 2250 ut
706 2195 759 2249 in
790 2194 877 2250 his
908 2211 1031 2267 qua
1061 2202 1248 2250 contra
1279 2211 1380 2251 nos
1411 2194 1552 2250 male
1568 2193 1859 2251 commise-

253 2290 409 2350 runt,
467 2281 647 2338 nullus
727 2299 919 2339 eorum
976 2285 1296 2356 gratuletur.
1368 2283 1857 2355 Archipresbytero

252 2374 435 2426 vestro
463 2371 612 2442 (147)
641 2380 838 2428 vestra
893 2371 1156 2427 bonitatis
1188 2371 1368 2444 gratia
1396 2371 1750 2444 pracepistis.
1802 2379 1862 2426 ut

252 2458 434 2529 nobis,
483 2459 531 2514 si
579 2460 963 2516 necessarium
1014 2469 1180 2527 esset,
1243 2461 1612 2517 ecclesiastica
1653 2459 1859 2529 justitia

252 2546 594 2604 subveniret.
627 2549 750 2620 Ipse
776 2549 994 2621 quidem
1025 2549 1410 2618 adjussionem
1429 2558 1660 2605 vestram
1682 2548 1863 2604 omnia

252 2649 314 2690 se
344 2634 614 2692 facturum
642 2636 956 2708 pollicetur,
985 2638 1084 2695 sed
1114 2656 1180 2694 ex
1205 2638 1458 2694 omnibus
1495 2636 1861 2694 nihilomnino

252 2733 541 2796 operatur.
583 2725 744 2782 Certe
799 2726 946 2783 circa
973 2743 1034 2782 ea
1068 2744 1190 2799 qua
1220 2727 1405 2783 saculi
1431 2733 1575 2794 sunt,
1631 2741 1860 2797 pronum

253 2828 380 2868 eum
437 2813 713 2881 novimus,
777 2823 830 2870 et
885 2815 1120 2870 multum
1177 2815 1492 2881 sollicitum,
1522 2821 1574 2868 et
1624 2814 1859 2869 alienam

253 2916 450 2973 aquam
471 2902 606 2957 satis
660 2903 959 2974 prudenter
1015 2904 1325 2961 conducere
1383 2903 1533 2958 novit
1571 2903 1638 2957 ad
1700 2919 1860 2957 suum

257 2989 660 3046 molendinum.
697 2991 755 3046 In
789 2991 872 3046 his
900 3001 1104 3058 autem,
1137 3008 1258 3064 qua
1308 2993 1377 3046 ad
1405 2991 1670 3047 Ecclesia
1692 2989 1860 3057 justi-

253 3078 378 3132 tiam
397 3078 689 3150 pertinent,
723 3096 845 3135 eum
877 3081 1095 3152 quidem
1138 3080 1504 3144 laudaremus,
1536 3079 1634 3136 sed
1663 3096 1763 3152 pro
1792 3094 1859 3135 eo

250 3166 534 3223 incurrere
562 3168 908 3225 mendacium
941 3169 1220 3224 nolumus.

693 3365 804 3436 80
848 3361 1190 3420 EPISTOLA
1229 3363 1414 3418 XXII.

251 3497 632 3592 Dilectissimo
661 3534 887 3592 domino
917 3548 1042 3601 suo,
1066 3531 1270 3589 domno
1293 3531 1536 3604 (ἳοῇήᾱο
1556 3531 1854 3588 catholicae

320 3635 451 3690 vitae
470 3635 740 3706 episcopo,
770 3635 958 3704 frater
981 3631 1289 3702 Go/‘fridus,
1317 3631 1620 3686 dimidium
1643 3631 1854 3685 animo:

323 3747 458 3800 suae,
484 3735 560 3799 et,
583 3731 633 3787 si
659 3745 776 3786 non
805 3729 1046 3800 sit/ﬁcit,
1082 3732 1264 3785 totam
1282 3728 1536 3783 animam
1550 3731 1605 3784 et
1625 3743 1846 3800 corpus.

320 3884 646 3956 Multiplices
674 3883 976 3958 gratiarum
1007 3883 1272 3948 actiones,
1326 3880 1644 3938 dulcissime
1676 3881 1849 3945 Pater,

247 3991 348 4047 pro
376 3975 562 4030 multis
613 3972 892 4030 beneficiis
939 3971 1162 4038 vestris,
1221 3969 1379 4026 vobis
1427 3969 1739 4036 referimus,
1798 3979 1851 4024 et

249 4063 484 4119 maxime
517 4078 616 4134 pro
645 4061 950 4118 visceribus
980 4068 1180 4116 vestra
1201 4059 1501 4126 charitatis,
1531 4075 1652 4130 qua
1706 4058 1854 4114 circa

249 4169 354 4208 nos
382 4152 560 4218 firma,
589 4159 642 4207 et
696 4151 1025 4206 inconcussa
1083 4148 1367 4204 sentimus.
1422 4149 1504 4203 De
1567 4146 1852 4202 monachis

249 4242 500 4314 Majoris,
555 4249 613 4296 ut
650 4239 869 4304 dicitur,
928 4237 1265 4304 Monasterii,
1328 4251 1468 4309 quos
1500 4236 1567 4291 B.
1636 4235 1852 4290 Martini

251 4331 692 4402 humilitas(l48)
749 4327 1038 4400 superbos,
1095 4335 1149 4382 et
1180 4327 1298 4394 ejus
1337 4333 1635 4397 paupertas
1679 4341 1850 4396 pecu-

249 4421 438 4476 niosos
459 4419 605 4485 fecit,
637 4417 842 4489 sapius
859 4417 1166 4488 conquesti,
1192 4415 1373 4470 adhuc
1403 4413 1800 4486 conquerimur
1835 4433 1847 4478 ;

250 4519 308 4567 et
363 4510 430 4564 de
476 4509 611 4579 ipsis
666 4507 722 4562 in
777 4506 1078 4577 prasentia
1161 4512 1344 4560 vestra
1391 4504 1482 4558 die
1542 4501 1851 4558 festivitatis

1965 1963 2102 2002 unus
2133 1962 2203 2002 ex
2232 1945 2454 2010 nostris,
2502 1945 2638 2001 sicut
2668 1944 2828 2000 nobis
2858 1945 3060 2010 retulit,
3094 1945 3220 2000 olim
3249 1945 3318 1999 ad
3348 1961 3446 2001 vos
3476 1961 3567 2001 ve-

1963 2035 2065 2102 nit,
2089 2035 2485 2108 querimoniam
2516 2033 2760 2089 facturus
2791 2034 2858 2089 de
2878 2034 3108 2090 Ursione
3132 2033 3244 2089 filio
3259 2033 3562 2099 Nivelonis,

1963 2125 2119 2193 cujus
2149 2123 2430 2179 dimidium
2477 2122 2766 2179 clamorem
2789 2122 2872 2177 vix
2894 2122 3082 2178 audire
3113 2122 3390 2195 dignatus,
3419 2123 3565 2195 quod

1963 2228 1997 2268 a
2050 2211 2307 2268 fratribus
2373 2210 2572 2267 nostris
2633 2210 3089 2266 excommunicati
3162 2209 3331 2266 vestri
3383 2210 3564 2268 susci-

1961 2300 2273 2373 piebantur,
2306 2300 2361 2356 ei
2408 2299 2768 2371 opposuistis.
2807 2300 2923 2356 Hoc
2941 2315 3052 2355 non
3080 2314 3114 2354 a
3143 2299 3320 2367 vobis,
3354 2299 3452 2355 sed
3493 2300 3564 2355 ab

1965 2389 2074 2446 alio
2097 2389 2382 2444 inventum
2415 2388 2695 2445 credimus
2725 2388 2837 2457 qui,
2870 2388 3030 2459 quasi
3057 2388 3366 2444 Susannam
3383 2387 3566 2444 crimi-

1964 2486 2141 2544 natus,
2163 2477 2529 2534 testimonium
2569 2478 2793 2548 protulit
2847 2476 3117 2533 falsitatis.
3148 2476 3304 2531 Absit
3331 2476 3478 2532 enim
3532 2491 3567 2531 a

1964 2566 2284 2624 sinceritate
2315 2566 2550 2622 fratrum
2573 2574 2886 2622 nostrorum
2930 2569 3082 2620 tanta
3121 2565 3322 2621 Christi
3351 2564 3562 2634 injuria,

1965 2664 2018 2711 et
2053 2654 2441 2712 ecclesiastica
2465 2654 2690 2725 justitia
2726 2659 2834 2709 tam
2863 2653 3221 2710 dedestabilis
3257 2653 3561 2726 sepultura!

1964 2744 2076 2816 Ipsi
2102 2744 2246 2800 enim
2275 2743 2377 2800 Dei
2399 2742 2664 2814 justitiam
2710 2741 2946 2814 sepelire
2974 2758 3082 2798 non
3119 2750 3390 2799 noverunt
3419 2761 3435 2809 ;
3467 2741 3566 2798 sed

1964 2832 2060 2888 ubi
2089 2841 2362 2889 mortuam
2415 2840 2740 2904 agnoscunt,
2775 2830 2889 2886 suis
2916 2830 3253 2887 orationibus
3303 2838 3567 2888 conantur

1965 2921 2250 2978 suscitare.
2270 2923 2353 2978 De
2384 2921 2672 2994 pradictio
2703 2920 2955 2986 Ursione,
2979 2919 3114 2976 etde
3147 2922 3364 2992 Pagano
3390 2919 3564 2976 Nive-

1965 3010 2109 3067 lonis
2166 3010 2353 3076 fratre,
2414 3010 2660 3065 honesta
2733 3008 2858 3063 vita
2920 3009 3098 3076 Pater,
3157 3007 3563 3080 conquerimur,

1963 3114 2198 3171 quorum
2227 3115 2386 3164 unus,
2423 3097 2583 3154 Ursio
2609 3097 2842 3158 scilicet.
2900 3105 3022 3168 post
3041 3096 3208 3151 multa
3264 3096 3372 3150 alia
3395 3096 3559 3163 mala,

1965 3203 2086 3260 qua
2094 3187 2208 3256 jam
2235 3186 2392 3242 nobis
2404 3175 2849 3252 fecit,mille‘oves
2869 3191 2923 3239 et
2959 3184 3375 3257 quatuordecim
3392 3184 3564 3240 boves

1889 3241 1939 3304 Ο
1965 3241 2402 3332 nobisabstulit.
2434 3241 2690 3348 Paganus
2718 3289 2845 3328 vero
2873 3241 3183 3329 molendina
3205 3280 3408 3338 nostra,
3439 3289 3564 3344 qua

1953 3364 2097 3436 apud
2126 3364 2399 3420 Pisostum
2431 3362 2580 3434 (149)
2605 3362 2960 3425 habebamus,
2992 3361 3121 3434 igne
3163 3361 3446 3417 cremavit.
3481 3362 3562 3418 De

1957 3453 2245 3509 monachis
2265 3452 2486 3521 Majoris
2513 3451 2824 3507 Monasterii
2841 3449 2990 3523 apud
3003 3449 3302 3506 bonitatem
3319 3457 3562 3506 vestram

1955 3541 2233 3598 multoties
2299 3539 2784 3613 proclamavimus,
2845 3547 2896 3594 et
2966 3546 3024 3594 ut
3080 3538 3287 3594 clamor
3370 3545 3564 3594 noster

1956 3630 2118 3687 nobis
2146 3629 2415 3702 proficiat,
2473 3629 2708 3685 multum
2768 3627 3086 3700 suppliciter
3114 3643 3213 3684 vos
3269 3642 3552 3701 rogamus.

1955 3720 2146 3776 Valete
2158 3761 2172 3776 .

2385 3853 2436 3922 8
2447 3855 2494 3920 2
2541 3851 2880 3908 EPISTOLA
2919 3852 3126 3906 XXIV.

1957 3965 2110 4018 Bono
2131 3961 2357 4016 domino
2385 3965 2439 4015 et
2453 3959 2814 4033 pracordiali
2831 3960 3013 4014 amico
3050 3957 3302 4029 Cof/ride
3317 3957 3560 4014 honora-

2025 4051 2153 4106 bilis
2167 4050 2296 4104 vitae
2312 4051 2583 4121 episcopo,
2605 4051 2795 4120 frater
2816 4047 3108 4119 Goffridus
3128 4047 3396 4120 quidquid
3404 4048 3562 4105 aDeo

2025 4140 2238 4194 animi:
2257 4137 2415 4207 ﬁdeli
2444 4138 2617 4193 datur
2636 4137 2949 4192 salubrius.

2026 4245 2245 4317 Optime
2270 4244 2465 4307 nostis,
2495 4244 2661 4298 Pater
2688 4243 2914 4314 optime,
2964 4243 3032 4298 de
3062 4241 3340 4298 comitissa
3354 4242 3562 4298 Vindo-

1953 4334 2163 4392 cinensi
2193 4350 2281 4389 me
2310 4333 2458 4404 apud
2483 4332 2866 4404 paternitatem
2909 4342 3151 4387 vestram
3195 4339 3558 4403 conquestum

1959 4423 2147 4478 fuisse.
2197 4421 2484 4477 Postulans
2539 4421 2720 4476 adhuc
2777 4435 2936 4492 rogo,
2999 4429 3051 4474 et
3091 4436 3298 4494 rogans
3349 4420 3564 4491 postulo

1956 4528 2100 4582 sape
2131 4511 2411 4583 quaesitam
2441 4511 2512 4565 de
2539 4509 2757 4565 domina
2789 4509 2877 4563 illa
2901 4509 3188 4578 justitiam.
3225 4509 3352 4564 Mihi
3380 4518 3558 4564 vestra

248 4601 314 4655 B.
351 4598 548 4670 IEgidii
570 4595 835 4666 justitiam
865 4593 1117 4664 accipere
1135 4591 1849 4648 desideramus.Carnotum
1880 4607 1930 4667 ι)
1962 4600 2198 4656 bonitate
2247 4599 2566 4664 mandastis,
2626 4598 2774 4670 quod
2830 4597 2972 4652 inter
3030 4614 3116 4654 me
3166 4605 3219 4654 et
3275 4597 3422 4651 illam
3469 4604 3563 4652 aut

247 4697 431 4745 autem
479 4686 669 4759 venire
730 4691 954 4756 propter
1011 4682 1163 4736 illum
1228 4681 1504 4752 leprosum
1575 4679 1851 4736 Guillelmi

247 4777 438 4843 filium,
488 4784 540 4831 et
569 4781 792 4846 prapter
839 4772 976 4827 alios
1032 4770 1298 4826 Ecclesia
1342 4778 1544 4826 nostra
1600 4769 1850 4824 inimicos

247 4883 357 4923 non
379 4865 678 4929 audemus;
735 4871 789 4918 et
834 4876 932 4932 pro
968 4860 1278 4932 importuna
1320 4860 1481 4914 etiam
1509 4858 1849 4913 multitudine

247 4956 528 5019 laicorum,
561 4969 722 5026 quam
779 4949 1071 5023 praedictos
1125 4949 1429 5004 monachos
1465 4947 1540 5002 ibi
1564 4947 1850 5003 habituros

321 5124 472 5194 (146)
502 5121 756 5179 Monachi
776 5119 999 5194 Majoris
1018 5115 1535 5194 Monasterjilnfra
1549 5116 1717 5194 epist.
1755 5120 1846 5194 itii.

321 5187 473 5265 (147)
504 5187 992 5266 Ανεὴὶρνθδὸῇιενο
1039 5194 1249 5246 vestro.
1277 5187 1527 5243 Goﬂ‘rido
1583 5189 1846 5255 Danielis,

249 5281 421 5336 supra
445 5274 614 5335 epist.
654 5273 706 5318 8.

321 5329 468 5406 (148)
483 5329 648 5404 'Quos
672 5338 736 5390 Β.
770 5334 1003 5390 Martini
1015 5333 1337 5406 humilitas.
1355 5329 1445 5406 Sic
1461 5329 1688 5406 epistola
1703 5347 1847 5406 pra-

247 5403 464 5462 cedenti
494 5403 562 5461 de
593 5407 786 5462 iisdem
817 5405 1121 5460 monachis.
1161 5403 1320 5472 epist.
1356 5403 1422 5455 15
1453 5403 1521 5455 de
1568 5403 1848 5456 canonicis

247 5479 320 5533 Β.
361 5479 540 5532 Maria
571 5479 642 5532 Ca
652 5477 922 5532 rnotensis
935 5518 948 5530 .

319 5552 472 5619 (149)
507 5549 818 5604 Molendinu
840 5545 1154 5621 quwgapad
1171 5545 1472 5600 Pisostum.
1521 5543 1848 5621 Nonii-ratur

246 5621 390 5675 inter
429 5614 757 5683 molendina,
818 5614 940 5690 qua
973 5614 1232 5690 fundator
1287 5614 1622 5690 monasterio
1673 5615 1843 5677 dedit,

246 5693 392 5764 apud
431 5693 694 5764 Pisostutn
729 5685 914 5764 unum.
950 5691 1009 5764 Id
1040 5687 1473 5764 castellunonten
1505 5685 1662 5764 paulo
1679 5703 1846 5756 supra

249 5758 609 5818 V'indocinum
641 5761 695 5816 in
717 5762 911 5816 eadem
959 5761 1086 5815 Ledi
1120 5758 1238 5829 ripa
1294 5759 1521 5826 positos,
1556 5758 1706 5824 rnjus
1760 5774 1846 5829 Ine

247 5835 402 5890 minit
441 5834 604 5889 etiam
627 5831 749 5887 Odo
795 5832 1132 5887 Tusculanus
1168 5826 1487 5899 —episc0pus
1520 5829 1736 5899 legatus
1789 5826 1844 5881 in

247 5906 442 5962 litteris
460 5904 530 5961 ad
565 5905 818 5959 abbatem
854 5897 1311 5958 Vindocinensem
1342 5897 1484 5956 anno
1516 5897 1680 5957 124⁸7.

1958 4687 2254 4760 placitandi
2285 4687 2456 4758 (150),
2488 4695 2582 4741 aut
2609 4686 2963 4742 concordiam
2993 4686 3230 4742 faciendi
3249 4694 3562 4756 respectum

1959 4793 2135 4849 usque
2163 4777 2229 4831 ad
2250 4775 2602 4832 festivitatem
2649 4776 2800 4846 (I51)
2832 4775 3003 4831 sancti
3039 4775 3182 4830 beati
3237 4774 3552 4845 accepistis.

1960 4866 2057 4921 Dei
2088 4865 2291 4921 domini
2323 4865 2466 4920 bona
2495 4865 2696 4936 gratia,
2730 4880 2851 4918 cum
2869 4864 3015 4918 omni
3047 4863 3352 4918 Christiano
3369 4878 3562 4934 pacem

1959 4954 2159 5010 Christi
2191 4964 2243 5010 et
2276 4954 2624 5011 concordiam
2669 4954 2862 5020 habeo,
2923 4961 2975 5008 et
3005 4953 3136 5007 satis
3192 4952 3561 5008 desiderarem

2027 5125 2178 5195 (150)
2211 5123 2563 5195 Placitandi.
2622 5122 2988 5194 Disceptandi.
3050 5123 3318 5192 litigandi.
3371 5124 3561 5181 Hono-

1958 5194 2069 5250 rius
2098 5196 2145 5250 ΙΙ
2175 5194 2419 5250 Goffrido
2448 5195 2634 5249 abbati
2660 5213 2673 5249 :
2704 5196 3065 5250 Prohibe-mus
3094 5211 3166 5250 nc
3183 5197 3339 5251 ullus
3371 5199 3426 5249 te
3470 5197 3559 5251 vel

1956 5268 2206 5340 aliquem
2236 5281 2638 5340 successorum,
2690 5267 2756 5321 de
2787 5267 2875 5321 his
2913 5282 3034 5338 qua:
3063 5267 3165 5321 ille
3219 5265 3560 5340 venerabilis

1959 5336 2112 5394 locus
2167 5337 2267 5392 sub
2315 5336 2630 5392 tricennati
2663 5356 2682 5392 :
2714 5336 3060 5408 possessione
3099 5337 3351 5392 tenuerit
3398 5344 3560 5407 cogat

1955 5411 2260 5480 placitam.
2338 5409 2470 5480 Item
2522 5407 2583 5480 in
2616 5411 2885 5480 placitog
2927 5410 3312 5463 monachorum
3370 5408 3558 5464 Sancti

1955 5478 2156 5541 Mbini.
2228 5488 2280 5534 et
2346 5479 2531 5532 Sancti
2603 5479 2784 5546 Sergii
2856 5478 2926 5533 de
2989 5480 3370 5535 controversia
3453 5496 3560 5549 pro

1956 5551 2308 5621 Campiniaco
2328 5565 2472 5604 anno
2507 5551 2658 5604 ιτοι.
2687 5552 2755 5604 Et
2786 5566 2916 5603 cum
2935 5552 3244 5606 voluissent
3287 5551 3560 5606 monachi

1958 5623 2155 5706 Sancti
2178 5623 2360 5706 §crgii
2379 5621 2445 5705 de
2473 5622 2786 5704 minoribus
2809 5621 3160 5706 rebusprias
3176 5622 3481 5706 plac-itare,
3506 5627 3566 5677 et

1951 5698 2147 5764 postca
2161 5695 2228 5747 de
2251 5693 2642 5764 Campintaco,
2668 5695 2849 5745 visum
2877 5694 2994 5761 fuit
3005 5693 3292 5760 judicibus
3323 5694 3423 5747 hoc
3441 5709 3560 5748 esse

1953 5763 2258 5834 injustam,
2283 5768 2348 5818 ut
2365 5780 2539 5819 causa
2579 5763 2684 5818 illa
2709 5763 2987 5833 posterior
3026 5764 3428 5828 discuteretur,
3459 5780 3561 5832 pro

1953 5850 2068 5906 qua,
2087 5835 2311 5890 abbate:
2340 5836 2525 5890 vocati
2545 5837 2879 5906 luerunt,“
2897 5836 2959 5888 in
2973 5851 3154 5890 unum
3175 5851 3274 5890 con
3284 5838 3559 5906 generant

2024 5905 2522 5978 (151)1iespectum
2549 5921 2720 5978 usque
2749 5905 2820 5961 ad
2847 5906 3247 5976 festivitatem.
3283 5904 3562 5974 Frequens
