3940 6416
467 495 529 552 91
1487 483 1576 540 C0
1585 483 1664 539 FF
1667 481 1812 539 BIDI
1850 479 2142 538 ABBATIS
2181 480 2300 539 VIN
2305 477 2622 537 DOCINEN
2629 476 2730 534 SIS
3709 480 3779 534 92

466 618 672 676 habere
703 613 1057 673 concordiam
1111 627 1236 670 cum
1292 609 1516 667 domina
1569 608 1681 674 illa,
1715 607 1815 664 sed
1852 623 2070 679 semper
2095 609 2151 671 A

467 717 551 766 est
579 708 794 764 discors
825 706 942 772 ejus
998 699 1308 760 concordia.
1365 701 1487 769 Ego
1541 705 1723 753 tamen
1766 705 1858 753 aut
1909 697 2070 753 vobis

467 797 770 854 mediatore
794 794 917 850 volo
947 791 1318 855 concordiam,
1353 797 1445 844 aut
1473 788 1630 844 vobis
1653 787 1839 856 judice
1883 803 2070 860 quaeso

464 886 762 961 justitiam.
827 881 1010 938 Verbo
1053 888 1108 936 et
1136 879 1363 951 scripto,
1419 893 1490 934 ne
1545 892 1770 934 causam
1824 883 2071 931 nostram

463 989 694 1048 agerem
717 973 836 1028 sine
886 969 1096 1039 judicio
1148 977 1355 1034 vestro,
1411 967 1545 1022 mihi
1588 965 1962 1030 interdixistis,
2020 971 2075 1020 et

468 1065 698 1121 merito.
733 1059 972 1118 Omnino
1026 1058 1171 1114 enim
1198 1058 1452 1128 injustem
1474 1064 1574 1124 est,
1607 1064 1662 1112 et
1681 1055 1856 1112 sacris
1901 1069 2072 1110 cano-

469 1154 650 1218 nibus,
703 1151 843 1206 sicut
899 1149 1018 1220 ipse
1072 1147 1270 1202 melius
1327 1146 1521 1215 nostis,
1572 1144 1792 1217 penitus
1855 1143 2074 1200 obviare

471 1241 710 1306 videtur,
760 1246 819 1294 ut
874 1236 1246 1294 ecclesiastica
1303 1249 1472 1292 causa
1519 1232 1769 1290 saeculari
1825 1233 1976 1304 (15‘!)
2023 1241 2076 1288 et

470 1329 770 1404 peregrino
792 1326 996 1398 judicio
1023 1325 1370 1391 terminatur,
1395 1331 1449 1380 et
1469 1323 1617 1396 quod
1657 1338 1756 1378 vos
1778 1329 1831 1377 et
1861 1329 2077 1377 vestros

471 1420 656 1477 facere
684 1418 862 1482 decet,
947 1415 1090 1480 aliis,
1151 1415 1312 1470 etiam
1370 1412 1618 1484 personis
1665 1409 2074 1476 ecclesiasticis,

472 1507 836 1565 concedatur.
888 1506 1005 1561 Hoc
1061 1504 1106 1558 si
1163 1503 1282 1559 fieri
1337 1510 1543 1574 posset,
1595 1500 1843 1556 Ecclesia
1897 1508 2094 1555 vestra'

471 1597 730 1653 damnum
767 1601 1071 1666 pateretur,
1102 1601 1154 1649 et
1182 1591 1265 1647 sui
1303 1590 1444 1660 juris
1472 1599 1526 1646 et
1555 1589 1780 1645 honoris
1826 1589 2081 1660 perderet

472 1685 794 1758 plurimum.
849 1683 1118 1739 Ecclesia:
1145 1681 1344 1737 etenim
1373 1688 1570 1736 vestrae
1630 1679 1866 1752 gloriam
1923 1677 2078 1734 alteri

483 1776 639 1839 dare,
663 1789 768 1830 nec
799 1771 1102 1828 sanctitatis
1123 1787 1302 1844 genus
1327 1778 1431 1836 est,
1463 1783 1567 1825 nec
1595 1767 1877 1840 religionis
1904 1782 2082 1822 mem-

476 1864 664 1919 brum.
705 1863 828 1918 Hoc
857 1861 1022 1917 etiam
1081 1860 1223 1916 bone
1268 1859 1460 1926 nostis,
1509 1857 1880 1923 dilectissime,
1935 1854 2084 1928 quod

473 1953 768 2009 saeculares
815 1952 923 2020 83
978 1949 1228 2005 homines
1285 1965 1380 2004 sua
1428 1947 1820 2004 consuetudine
1876 1953 2080 2000 sanctae
2108 1965 2160 2025 Β

474 2041 741 2100 Ecclesiae
771 2039 1146 2095 auctoritatem
1192 2046 1461 2094 conantur
1491 2036 1796 2091 annullare.
1855 2035 1924 2090 Et
1952 2050 2076 2090 cum

475 2132 556 2187 eis
583 2131 640 2186 in
668 2129 887 2185 modico
909 2128 1126 2184 occasio
1157 2127 1443 2198 cujuslibet
1457 2123 1871 2182 consuetudinis
1886 2131 2042 2179 contr
2059 2142 2078 2177 ι

473 2219 842 2278 ecclesiastica
891 2219 1016 2287 jura
1063 2217 1401 2282 conceditur,
1465 2216 1571 2270 hoc
1627 2214 1887 2284 deinceps
1933 2211 2078 2268 omni

473 2318 720 2380 tempore
777 2307 883 2362 sibi
930 2307 1210 2362 vindicare
1266 2305 1533 2360 nituntur.
1584 2303 1673 2359 Sic
1696 2304 1787 2374 qui
1820 2303 1924 2358 hoc
1953 2301 2079 2357 facit

476 2407 673 2454 contra
707 2411 867 2450 suam
896 2395 1226 2462 Ecclesiam,
1257 2392 1591 2449 mundialem
1627 2391 1853 2447 suscitat
1879 2391 2076 2455 rixam,

478 2496 681 2542 etcum
711 2485 1006 2556 aliquando
1064 2484 1224 2538 aliter
1272 2482 1450 2538 facere
1496 2481 1755 2546 voluerit,
1802 2479 2082 2536 saecularis

478 2583 781 2646 tempestas
811 2589 917 2630 non
939 2573 1164 2644 patitur.
1215 2571 1575 2628 Dilectionem
1603 2570 1786 2642 itaque
1840 2577 2080 2624 vestram

479 2665 547 2718 ad
576 2664 762 2720 locum
791 2669 1055 2727 nostrum,
1107 2661 1217 2717 imo
1265 2669 1532 2726 vestrum,
1567 2659 1750 2715 venire
1805 2657 2080 2714 humilitas

479 2762 672 2809 nostra
701 2751 934 2806 multum
959 2758 1241 2822 precatur,
1297 2750 1368 2805 ad
1397 2765 1502 2805 nos
1527 2756 1726 2804 vestrae
1784 2747 2084 2804 sanctitatis

445 2857 674 2898 'servos
703 2840 966 2912 praedicto
998 2841 1232 2895 termino
1289 2839 1558 2895 accedere
1585 2837 1844 2893 discretio
1897 2844 2083 2893 vestra

479 2947 590 2987 non
636 2930 947 3002 pigritetur.
1010 2928 1169 2998 Quod
1201 2929 1248 2983 si
1279 2927 1430 2984 vobis
1498 2935 1627 2984 tunc
1655 2941 1762 2982 non
1791 2926 1940 2992 licet,
1999 2925 2086 2981 vel

477 3019 754 3092 displicet,
813 3019 954 3074 alius
1005 3017 1270 3076 terminus
1327 3017 1470 3072 inter
1517 3031 1605 3072 me
1635 3023 1689 3072 et
1729 3015 2082 3083 comitissam,

477 3115 597 3172 loco
625 3115 756 3170 mihi
787 3122 840 3170 et
869 3114 975 3169 sibi
1027 3129 1245 3180 securo,
1278 3129 1306 3168 a
1333 3113 1492 3168 vobis
1545 3119 1796 3184 ponatur,
1847 3110 1942 3166 ubi
1993 3121 2084 3169 aut

479 3211 664 3261 vestro
721 3203 952 3260 consilio
1013 3203 1367 3260 concordiam
1425 3201 1710 3269 faciamus,
1771 3209 1866 3257 aut
1899 3208 2086 3257 vestro

471 3293 676 3364 judicio
695 3292 950 3350 Ecclesia
979 3300 1169 3349 nostra
1202 3291 1476 3364 justitiam
1499 3299 1907 3364 consequatur.
1975 3290 2084 3346 Va-

478 3383 584 3439 lete
597 3424 610 3440 .

481 3707 628 3763 illius
663 3707 772 3763 mvi
825 3706 1182 3778 scriptoribus
1238 3705 1588 3770 vocabulum,
1648 3721 1757 3778 quo
1805 3705 2085 3778 litisirsive

486 3779 696 3851 negotii
721 3777 945 3834 alterius
964 3779 1214 3834 inducias
1242 3793 1308 3834 ac
1324 3777 1776 3851 prorogationem
1802 3777 2085 3851 significa-

488 3849 636 3906 bant.
671 3850 944 3909 Goslenus
1013 3851 1304 3920 episcOpus
1359 3849 1650 3916 Carnoten,
1683 3851 1750 3904 ad
1794 3849 2085 3920 Sugerium

489 3923 743 3978 abbatem
789 3921 972 3977 Sancti
1010 3921 1254 3992 Dionysii
1301 3921 1368 3992 de
1413 3921 1706 3990 praeposito
1753 3919 2084 3975 Hienvillze:

489 3997 818 4065 ltespectum
847 3993 1010 4048 nobis
1026 3991 1449 4065 postulantibus
1479 3993 1614 4048 dare
1635 3993 1840 4054 noluit,
1879 3993 2086 4046 timens

487 4063 662 4121 lucris
677 4063 798 4122 suis
829 4065 1049 4135 aliquid
1077 4063 1348 4135 deperire,
1369 4065 1418 4118 si
1435 4079 1667 4118 causam
1689 4068 1944 4135 nostram
1965 4079 2090 4118 con-

489 4137 676 4207 tigerit
703 4136 774 4190 ad
804 4152 894 4191 vos
925 4134 1350 4207 discutiendam
1372 4137 1584 4207 venire,
1608 4137 1850 4190 Proinde
1881 4134 2086 4207 discre-

489 4205 698 4262 tionem
727 4210 975 4262 vestram
1021 4221 1192 4276 super
1233 4205 1332 4260 hoc
1372 4206 1765 4278 imploramus,
1797 4209 1865 4260 ut
1913 4205 2088 4276 hujus

485 4280 571 4333 rei
599 4279 1008 4334 discussionem
1027 4291 1148 4332 non
1164 4281 1301 4332 ante
1320 4277 1502 4332 alium
1514 4292 1683 4348 quam
1703 4277 1763 4332 in
1781 4281 2087 4348 conspectu

487 4351 672 4431 vestro
698 4348 946 4431 ponatis.
973 4348 1278 4431 'etnd‘onecu
1300 4349 1446 4431 vobis
1461 4349 1518 4404 id
1543 4350 1728 4420 ipsum
1754 4349 2089 4431 examinari

485 4418 984 4476 ualeatinducimi
1012 4420 1282 4490 jubeatis.
1344 4420 1508 4473 Plura
1557 4418 1807 4489 exempla
1861 4420 2089 4490 collegit

487 4491 836 4545 doctissimus
865 4497 920 4544 et
963 4489 1413 4558 diligentissimus
1470 4491 1668 4546 Franc.
1733 4491 1961 4545 Juretus
2016 4489 2087 4546 ad

488 4561 670 4615 Ivonis
699 4561 864 4630 epist.
908 4563 1033 4615 127.
1092 4561 1271 4614 Manet
1300 4562 1571 4632 hodieque
1603 4577 1706 4616 vox
1760 4561 2078 4616 vernacula.

486 4633 624 4687 Nam
657 4634 779 4687 sine
800 4637 1058 4702 respectu
1087 4631 1321 4686 dicimus
1345 4632 1462 4686 sine
1488 4631 1917 4696 intermissione,
1943 4649 2078 4687 suns

2703 605 3054 663 EPISTOLA
3089 607 3266 666 XXV.

2176 725 2554 780 Dilectissimo
2577 721 2801 778 domino
2818 726 2874 778 et
2896 725 3060 780 Patri
3079 723 3330 795 (ἔσῃ’νίἀο
3346 722 3634 779 catholica:
3651 722 3783 778 vita:

2246 813 2528 886 pontiﬁci,
2557 814 2745 883 frater
2775 812 3063 883 Gof/‘ridus
3089 829 3191 886 pro
3215 813 3435 869 Christo
3464 813 3778 879 Carcerem,

2253 901 2548 966 exsilium,
2566 901 2652 956 vel
2679 905 2921 958 mortem
2938 917 3053 957 non
3071 903 3402 972 timere,nec
3431 917 3496 956 ea
3516 904 3787 974 quassant

2254 991 2341 1047 his
2353 991 2917 1062 contra-riajustitiw
2928 994 2983 1047 et
2996 992 3230 1048 veritati
3241 991 3484 1066 qualibet
3495 990 3786 1048 occasione

2249 1095 2579 1154 praeponere
2591 1119 2604 1134 .

2253 1176 2652 1233 Adversitatem
2686 1176 2955 1250 siquidem
2987 1185 3224 1234 vestram
3255 1177 3580 1246 audivimus,
3622 1193 3785 1251 quam

2183 1268 2459 1324 veraciter
2489 1265 2718 1322 facimus
2750 1274 2991 1322 nostram
3048 1266 3174 1322 totis
3205 1266 3525 1335 visceribus,
3580 1275 3630 1322 et
3659 1267 3786 1340 quia

2187 1356 2303 1412 sine
2335 1354 2490 1412 vobis
2521 1355 2940 1427 prosperitatem
2970 1356 3175 1412 habere
3221 1372 3331 1412 non
3359 1355 3682 1430 gaudemus,
3733 1363 3789 1412 et

2187 1444 2573 1501 adversitatem
2603 1445 2716 1514 84
2745 1444 3014 1500 sustinere
3057 1445 3345 1501 vobiscum
3399 1453 3664 1518 optamus,
3695 1445 3789 1499 di-

2187 1535 2422 1608 ligenter
2450 1541 2502 1589 et
2529 1533 2805 1590 humiliter
2837 1533 3208 1606 supplicamus
3229 1535 3407 1605 vobis,
3437 1543 3492 1589 ut
3513 1534 3557 1590 si
3587 1542 3790 1590 nostra:

2188 1621 2512 1678 humilitatis
2535 1622 2765 1678 servitio
2814 1622 3094 1694 indigetis,
3126 1622 3288 1678 nobis
3332 1623 3524 1678 litteris
3571 1621 3787 1694 signiﬁ-

2189 1710 2345 1778 cetis,
2406 1711 2530 1782 quia
2599 1711 2854 1782 privatim
2920 1719 2973 1767 et
3031 1711 3268 1783 publice,
3326 1719 3380 1768 et
3423 1710 3681 1767 voluntati
3735 1718 3794 1766 et

2189 1799 2504 1857 necessitati
2533 1808 2726 1856 vestrae
2755 1817 2857 1856 nos
2888 1809 2938 1856 et
2970 1809 3161 1856 nostra
3215 1799 3521 1856 offerimus.
3556 1801 3678 1856 Non
3718 1799 3792 1855 sit

2189 1889 2347 1946 vobis
2401 1888 2708 1956 anxiosum,
2767 1888 3085 1944 dulcissime
3135 1889 3312 1956 Pater,
3346 1888 3399 1943 in
3454 1896 3634 1944 vestra
3684 1904 3793 1944 ne-

2190 1977 2464 2048 cessitate,
2489 1985 2686 2032 nostrae
2741 1978 3042 2049 parvitatis,
3079 1978 3189 2032 imo
3218 1977 3610 2050 magnitudinis
3663 1993 3792 2033 ser-

2189 2067 2372 2123 vitium
2402 2067 2706 2139 suscipere,
2727 2083 2829 2123 nec
2858 2075 3092 2122 vestrum
3126 2084 3292 2140 super
3321 2068 3446 2136 hoc,
3478 2068 3578 2122 sed
3610 2067 3790 2123 sancti

2190 2156 2423 2229 Spiritus
2451 2172 2670 2213 sensum
2707 2157 2953 2212 habeatis
2983 2173 3084 2228 per
3125 2155 3470 2212 Salomonem
3513 2155 3742 2212 dicentis
3776 2173 3792 2212 :

2187 2247 2247 2302 Si
2271 2247 2520 2318 possides
2541 2246 2812 2313 amicum,
2837 2248 2897 2302 in
2924 2248 3246 2302 tentatioue
3273 2245 3490 2318 posside
3519 2245 3792 2315 eum(Ec-

2187 2335 2289 2391 cli.
2325 2351 2404 2402 vr,
2437 2335 2519 2406 7).
2559 2335 2780 2390 Amicus
2815 2334 2959 2390 enim
2984 2334 3039 2388 in
3062 2333 3392 2390 necessitate
3422 2333 3706 2406 probatur,
3738 2341 3797 2388 et

2187 2423 2453 2480 medicus.
2487 2423 2695 2490 Valete,
2729 2423 2854 2477 etsi
2899 2423 3029 2495 quid
3085 2439 3322 2496 unquam
3351 2423 3418 2480 de
3459 2422 3612 2478 vobis
3642 2421 3788 2478 bene

2189 2513 2614 2585 promeruimus,
2672 2512 2833 2568 nobis
2916 2511 2970 2568 in
3019 2516 3208 2568 vestra
3276 2509 3600 2570 necessitate
3673 2525 3789 2567 non

2189 2603 2420 2676 parcite.

2685 2688 3028 2746 EPISTULA
3082 2689 3289 2746 XXVI.

2196 2797 2822 2872 Gof/ridohouorabilis
2842 2799 2974 2853 vita:
2999 2798 3162 2854 Patri
3188 2797 3524 2855 Carnotensi
3535 2797 3799 2854 Ecclesia

2264 2906 2300 2944 a
2322 2889 2429 2944 Deo
2445 2887 2578 2944 dato
2595 2888 2834 2960 pastori,
2854 2890 3042 2958 frater
3064 2885 3360 2958 Go/‘fridus
3377 2891 3432 2942 et
3461 2889 3798 2958 perpetuam

2264 2977 2515 3034 salutem
2553 2993 2590 3032 a
2631 2977 2886 3042 Domino,
2945 2979 3003 3031 et
3049 2991 3085 3030 a
3119 2990 3178 3031 se
3231 2974 3431 3031 debitae
3467 2975 3792 3036 dilectionis

2265 3066 2619 3122 seruitutem.

2264 3175 2346 3231 De
2365 3174 2645 3232 monachis
2675 3173 2902 3244 Majoris
2921 3173 3238 3230 Monasterii
3265 3173 3466 3244 saepius
3508 3172 3794 3246 conquesti

2194 3265 2368 3321 adhuc
2396 3263 2800 3336 conquerimur,
2838 3263 2932 3335 qui
2955 3262 3172 3335 sagittis
3201 3262 3408 3334 rapinae
3437 3271 3491 3318 et
3519 3261 3795 3318 saecularis

2114 3327 2164 3392 Ο
2197 3354 2471 3410 violentiae
2524 3353 2581 3408 in
2629 3353 2792 3410 nobis
2835 3353 3063 3408 assidue
3111 3353 3440 3422 jaculantur.
3488 3351 3792 3418 Decimum,

2194 3459 2357 3516 quam
2400 3442 2592 3498 fratres
2671 3441 2847 3497 nostri
2899 3456 2932 3496 a
2983 3439 3162 3512 primo
3209 3440 3405 3496 abbate
3475 3441 3799 3496 monasterii

2193 3533 2280 3590 sui
2300 3531 2448 3604 (153)
2486 3529 2714 3604 paciﬁca
2773 3538 3084 3597 tenuerunt,
3115 3538 3170 3586 et
3226 3531 3295 3588 de
3323 3546 3428 3603 qua
3484 3531 3585 3596 eis,
3639 3529 3800 3586 vobis

2193 3711 2358 3768 Fulco
2379 3712 2560 3768 Nerra
2587 3725 2772 3766 comes
2812 3707 3501 3781 inqcommentario,_quod
3557 3707 3792 3781 coenobii

2195 3783 2377 3839 Sancti
2408 3782 2640 3850 Nicolai,
2674 3781 2820 3853 quod
2877 3779 3148 3846 fundarat,
3205 3779 3477 3852 originem
3535 3780 3782 3848 exponit.

2193 3858 2493 3924 Postquam
2517 3871 2662 3916 vero,
2678 3852 2868 3924 inquit,
2887 3853 3181 3908 Baldricus
3195 3852 3360 3906 abbas
3379 3853 3791 3924 monasterium

2194 3922 2514 3998 dereliquit,
2547 3922 2906 3998 eremumque
2922 3925 3331 3998 furtimpetiit,
3348 3926 3703 3998 nepostremo
3717 3922 3792 3976 ad

2193 3993 3190 4067 MajusiMonasterium'repatriavit.
3211 3993 3360 4067 apud
3383 3994 3786 4067 Tabennesium

2191 4063 2606 4123 monasterium
2625 4068 2802 4122 vitam
2817 4063 2992 4135 finiit.
3017 4063 3312 4121 Posthunc
3323 4063 3790 4120 domusAlbertus

2193 4140 2358 4196 abbas
2376 4138 2752 4208 [taginaldum
2767 4137 3109 4192 monachum
3123 4137 3239 4191 loco
3252 4138 3372 4207 ejus
3393 4136 3645 4208 restituit
3660 4155 3678 4208 ς
3695 4135 3792 4206 qui

2193 4215 2330 4264 ante
2367 4205 2810 4266 benedictionem
2839 4209 2910 4262 ad
2947 4208 3135 4276 ﬁlium
3179 4205 3370 4261 meum
3408 4205 3778 4275 Gauf/‘ridum

2193 4282 2363 4352 fugit,
2379 4285 2545 4353 atque
2566 4281 2816 4353 regimen
2835 4278 3169 4353 monasterii
3197 4276 3616 4353 Vindocinensis
3633 4279 3787 4353 noui-

2199 4349 2288 4406 ter
2315 4349 2631 4407 constructi
2667 4352 2870 4422 absque
2889 4350 3122 4404 licentia
3147 4349 3467 4422 suiabbatis
3505 4350 3777 4422 suscepit.

2195 4426 2504 4494 Postquam
2517 4439 2607 4476 me
2630 4422 2742 4477 vidi
2767 4419 2890 4476 esse
2905 4422 3146 4494 illusum
3175 4437 3217 4494 a_
3231 4419 3441 4494 duobus
3478 4419 3786 4494 abbatibus,

2195 4491 2380 4549 iratus
2411 4495 2570 4548 valde
2590 4495 2743 4564 jussi
2774 4497 2840 4548 ut
2869 4491 3131 4564 monac/ti
3159 4491 3352 4564 aliiad
3378 4491 3788 4564 monasterium

2193 4581 2364 4620 suum
2394 4568 2506 4619 cito
2529 4561 2868 4619 remearent.
2893 4562 3098 4618 Deinde
3119 4563 3308 4631 rogavi
3351 4562 3614 4616 domn-um
3649 4561 3788 4616 Wal-

2197 4638 2401 4691 terium
2420 4636 2671 4690 abbatem
2690 4635 2886 4690 Sancti
2903 4635 3110 4693 Albini,
3134 4636 3199 4687 ut
3216 4631 3483 4687 damnum
3499 4631 3786 4686 Hildinum

487 4707 662 4778 repit.
704 4703 837 4778 Inde
867 4694 924 4758 et
951 4703 1295 4778 respectandi
1326 4705 1554 4778 verbum
1579 4694 1924 4778 formarunt
1973 4705 2077 4758 Ro-
2109 4694 2161 4754 D
2189 4708 2434 4778 priorem
2448 4707 2608 4778 illius
2622 4707 2883 4760 Ecclesia:
2901 4704 3668 4778 concederet,quiordinatus
3681 4719 3785 4778 nn-

487 4776 670 4831 dulfus
706 4775 1189 4830 Viromanduorum
1208 4790 1394 4829 comes
1412 4775 1642 4845 Sugerio
1661 4776 1866 4830 eidem:
1887 4775 2082 4830 Comes

487 4848 902 4920 Andegauensis
927 4847 1266 4920 respectabit
1285 4847 1644 4920 colloquium.
1687 4847 1835 4920 Idem
1855 4847 2033 4900 eidem
2065 4863 2080 4900 :

491 4919 704 4990 Siergo
745 4919 997 4990 placeret
1019 4918 1164 4971 vobis
1203 4917 1714 4990 negotia'Parisius
1757 4919 1965 4990 facere,
1999 4919 2086 4972 vel

489 4989 1103 5061 respectare,_mullum
1128 4989 1328 5043 vellem
1358 4993 1416 5042 et
1437 4989 1644 5044 bonum
1674 4992 1837 5044 esset.
1890 4989 2082 5044 Nescio

488 5058 640 5116 enim
658 5058 885 5134 quando
897 5061 1094 5134 uenire
1104 5067 1302 5134 potero
1314 5076 1347 5112 a
1363 5061 1550 5134 curia.

558 5129 708 5200 (15-2)
723 5129 1000 5202 Smculari
1015 5135 1072 5186 et
1087 5129 1380 5201 peregrino
1391 5131 1627 5202 judicio.
1647 5129 1889 5184 Alterum
1909 5130 2084 5200 perti-

487 5221 580 5264 net
603 5213 668 5265 ad
689 5201 920 5282 κοσμιχὰ
939 5202 1250 5282 δικαστίρια,
1267 5201 1550 5265 saecularia
1566 5226 1660 5264 seu
1675 5209 1895 5281 publica
1912 5211 2084 5264 tribu-

489 5282 636 5335 nalia
663 5300 678 5335 ε
710 5286 934 5337 alterum
967 5285 1034 5337 ad
1063 5281 1316 5338 extranea
1341 5281 1564 5348 judicia,
1593 5283 1698 5336 hoc
1727 5291 1832 5345 est,
1867 5282 2084 5336 ecccle-

491 5353 710 5408 siastica
739 5354 980 5424 quidem.
1039 5355 1137 5408 sed
1189 5354 1351 5408 alieni
1399 5353 1597 5422 judicis
1625 5367 1735 5407 non
1793 5355 1895 5414 sui,
1931 5362 1988 5406 ut
2039 5353 2085 5407 si

492 5432 642 5494 extra
695 5425 1051 5492 provinciam,
1113 5440 1346 5494 quorum
1428 5434 1712 5493 utrumque
1773 5433 1857 5477 est
1906 5425 2084 5479 sacris

491 5493 706 5562 legibus
735 5495 1105 5549 interdictum.
1133 5493 1248 5549 ’Ivo
1279 5496 1437 5565 epist,
1476 5499 1595 5548 ης.
1633 5496 1770 5548 Cum
1794 5500 1987 5550 autem
2022 5496 2084 5550 in

491 5567 780 5634 provincia
799 5570 986 5620 ucstra
1003 5569 1367 5637 peregrinum
1387 5569 1462 5620 sit
1493 5567 1768 5633 judicium
1799 5572 2082 5632 nostrum,

492 5638 858 5706 peregrinum
881 5642 1076 5692 tamen
1095 5653 1211 5692 non
1232 5641 1502 5709 putamus
1528 5654 1646 5692 esse
1659 5639 1962 5692 consilium
1978 5651 2084 5695 n0-

496 5711 702 5760 strum.

567 5777 720 5848 (153i
773 5779 811 5830 Α
863 5778 1045 5848 primo
1092 5779 1284 5832 abbate
1328 5778 1668 5834 monasterii
1723 5779 1836 5833 sui.
1889 5781 1942 5832 Is
1991 5779 2088 5833 fuit

499 5845 832 5914 Reginaldus
861 5845 923 5901 ex
955 5849 1221 5901 monacho
1255 5850 1471 5916 Major-is
1503 5851 1812 5903 Monasterii
1842 5850 2089 5904 destina-

499 5916 779 5989 tusabbas
809 5917 1232 5989 S‘aucIiNicolai
1263 5920 1701 5989 Andegavensis,
1727 5921 1824 5974 sed
1851 5937 1882 5973 a
1913 5919 2088 5975 Gauf—

500 5985 640 6040 Irido
671 5987 918 6042 Martcllo
950 5987 1339 6042 Vindocinensi
1365 5985 1710 6058 priepositus.
1741 5991 1874 6045 Rem
1914 5990 2089 6061 prodit

2193 4775 2264 4832 no
2307 4779 2442 4832 1033
2479 4777 2547 4830 ab
2587 4778 2993 4832 Incarnatione
3033 4775 3278 4837 Domini,
3323 4775 3413 4829 die
3454 4775 3784 4829 Nativilatis

2192 4849 2370 4903 beata:
2399 4849 2605 4913 Mariae,
2631 4850 2734 4918 qui
2774 4853 2859 4902 est
2896 4862 3086 4902 annus
3120 4847 3326 4918 tertius
3366 4847 3592 4900 Henrici
3620 4845 3784 4918 regis,

2191 4921 2608 4974 monasterium
2638 4915 2982 4990 regulariter
3011 4915 3517 4990 rerit._Hucusque
3533 4915 3785 4990 ascripsi,

2193 4999 2275 5062 ut,
2304 5007 2412 5062 quo
2461 5005 2620 5062 anno,
2647 4985 3055 5062 monasterium?
3085 4985 3495 5062 Vindocinense
3537 4985 3786 5062 abbatem

2194 5057 2398 5116 habere
2423 5061 2647 5120 creperi!
2671 5062 3007 5130 exploratum
3047 5059 3360 5130 habeamus.
3385 5057 3584 5112 Abhoc
3621 5057 3786 5130 Bagi-

2192 5133 2356 5186 naldo
2387 5133 2455 5186 ad
2479 5128 2796 5187 Michaelein
2837 5131 3141 5194 Subletum,
3165 5128 3258 5199 qui
3279 5129 3610 5184 monasterio
3657 5129 3784 5181 Vin-

2191 5203 2474 5258 docinensi
2503 5219 2646 5259 nunc
2672 5211 2887 5272 prmest,
2920 5203 3146 5258 abbates
3183 5199 3412 5261 fuerunt
3429 5201 3515 5269 :57,
3559 5214 3783 5270 quorum

2192 5277 2390 5330 seriem
2420 5275 2619 5330 indicat
2638 5275 2724 5330 hic
2741 5274 3020 5330 elenchus.

2266 5389 2476 5446 Elench
2485 5407 2547 5447 us
2561 5391 2828 5517 (ιὸιιίιι-ιιῖζιἶ
2842 5390 3175 5516 τιέἰοηςιςίενίξ
3187 5392 3406 5446 sancite
3422 5385 3718 5444 Trinitatis

2795 5480 2867 5516 ἰη
2913 5479 3219 5517 ocznenszs.

2795 5479 3194 5518 ἰηαοειηεηειε
3206 5503 3219 5516 .

2264 5571 2312 5622 ῐ.
2349 5568 2663 5624 Rainaldus.
2689 5569 2763 5622 II.
2795 5567 3090 5624 Odcricus.
3125 5569 3215 5622 III.
3243 5565 3546 5621 David.IV.
3584 5565 3776 5619 Berno.

2193 5639 2264 5692 V.
2305 5639 2604 5694 Goﬂ’t'idus.
2641 5639 2730 5693 VI.
2765 5641 3132 5694 Fromundus.
3177 5640 3289 5693 VII.
3324 5637 3618 5691 Hubertus.
3650 5636 3783 5689 VIII.

2195 5711 2490 5765 Bobertus.
2534 5713 2623 5764 IX.
2647 5710 2998 5765 Gnillelmus.
3037 5713 3114 5765 X.
3142 5709 3443 5765 Gerardus.
3475 5707 3571 5762 XI.
3599 5708 3782 5760 Lucas.

2195 5783 2326 5835 XII.
2359 5781 2694 5836 Hamelinus.
2723 5783 2876 5836 XIII.
2906 5782 3187 5837 Got'fridus
3207 5783 3277 5834 Il.
3303 5780 3446 5833 XIV.
3466 5774 3782 5851 Hugo.AXV.

2197 5852 2587 5906 Rainaldusll.
2626 5854 2776 5907 XVI.
2807 5854 3140 5922 Raginaldus
3183 5851 3279 5906 III.
3306 5851 3495 5922 XVII:
3535 5848 3784 5922 Raginal-

2194 5924 2298 5977 dus
2315 5923 2406 5976 IV.
2431 5924 2631 5978 XVIII.
2649 5917 3122 5995 Philippulex.
3137 5923 3404 5995 Joannes.
3418 5917 3785 5995 XX._G§_illel—

2195 6007 2315 6048 mus
2329 5995 2396 6050 II.
2417 5995 2559 6050 XXI.
2584 5987 2844 6051 Joannes:
2861 5996 2928 6048 II.
2948 5987 3106 6050 XXII
3123 5993 3370 6052 Michael.
3387 5993 3590 6048 XXIII.
3607 5992 3785 6049 Simon
