3940 6400
241 491 308 547 93
1496 479 1887 538 EPISTOLE.
1927 510 1997 520 —
2027 479 2157 534 LIB.
2199 479 2268 535 II.
3474 473 3543 529 94

235 620 528 687 praesente,
561 612 855 670 obtulimus
896 609 1180 681 justitiam,
1239 616 1430 664 contra
1485 606 1831 663 interdictum
1861 606 1916 665 A

236 712 499 768 vestrum,
569 718 693 758 cum
772 701 974 772 gladiis
1024 708 1077 756 et
1130 698 1383 763 fustibus,
1444 698 1597 769 quasi
1673 696 1837 751 etiam

232 792 559 848 Herodianis
589 791 842 846 adductis
872 805 1076 858 secum,
1115 788 1273 843 nobis
1301 786 1570 852 auferunt,
1597 794 1649 841 et
1695 786 1835 840 alte-

230 906 353 946 ram
377 890 557 955 etiam,
593 905 755 960 quam
781 896 937 942 antea
972 903 1079 943 non
1110 885 1447 951 auferebant,
1475 892 1528 940 et
1560 883 1640 940 sic
1677 883 1836 939 nobis

236 980 380 1034 mala
427 995 547 1050 quae
575 985 826 1048 possunt,
860 975 1100 1039 faciunt;
1142 982 1196 1031 et
1224 990 1344 1046 qua:
1391 973 1610 1039 faciunt,
1672 972 1836 1029 licere

234 1075 451 1139 putant.
488 1068 596 1123 Vos
623 1065 703 1121 eis
729 1066 918 1134 verbo,
951 1073 1004 1120 et
1033 1080 1231 1119 eorum
1263 1065 1370 1133 85
1424 1061 1609 1117 abbati
1682 1062 1831 1132 (154)

245 1169 451 1239 scripto
500 1167 872 1231 interdixistis,
896 1183 965 1221 ne
995 1166 1227 1221 ulterius
1275 1172 1529 1236 caperent
1565 1163 1834 1219 decimam

241 1257 415 1321 illam,
449 1273 653 1329 eosque
680 1256 1056 1323 admonuistis,
1101 1264 1159 1309 ut
1214 1254 1467 1311 venirent
1520 1254 1576 1307 in
1622 1253 1835 1307 curiam

238 1354 502 1412 vestram,
536 1346 663 1400 inde
688 1345 921 1400 habituri
947 1359 1162 1399 omnem
1190 1343 1481 1413 justitiam.
1539 1342 1649 1413 Ipsi
1706 1355 1836 1396 vero

238 1434 393 1489 verbi
424 1443 477 1488 et
512 1434 700 1503 scripti
728 1433 898 1489 vestri
927 1433 1132 1504 pariter
1177 1440 1601 1502 contemptores,
1663 1431 1838 1502 magis

239 1539 303 1577 ac
334 1522 513 1595 magis
544 1539 645 1578 nos
674 1522 933 1577 infestare
965 1530 1249 1587 conantur,
1283 1530 1337 1575 et
1370 1529 1606 1575 vestram
1648 1528 1839 1574 aucto-

237 1612 452 1666 ritatem
485 1612 756 1681 persequi,
794 1619 846 1665 et
878 1610 1036 1665 vobis
1067 1611 1333 1682 derogare
1364 1610 1635 1664 videntur.
1686 1608 1840 1664 Unde

236 1700 551 1771 paternitati
581 1708 777 1755 vestrae
806 1699 1085 1754 humiliter
1133 1699 1520 1769 supplicamus,
1569 1705 1840 1769 quatenus

236 1813 303 1852 ex
329 1799 561 1852 adverso
591 1798 917 1863 ascendatis,
953 1805 1004 1852 et
1028 1813 1241 1851 murum
1266 1813 1390 1869 .pro
1448 1796 1611 1851 domo
1668 1797 1840 1850 Israel

236 1887 676 1941 inobedientibus
705 1887 992 1956 Opponatis
1024 1902 1038 1955 ;
1074 1886 1218 1957 quod
1239 1886 1396 1939 nobis
1444 1885 1835 1950 necessarium,

2374 603 2482 673 se
2515 601 2857 659 EPISTOLA
2895 604 3118 661 xxvu.

1944 756 2156 812 Damno
2191 754 2431 827 Go/frido
2462 753 2702 825 glorioso
2744 753 3104 811 Carnotcnsis
3128 752 3388 808 Ecclesia:
3418 751 3543 823 epi-

2015 868 2198 924 scopo,
2231 854 2419 923 frater
2449 851 2726 923 Go/fridus
2754 851 3177 907 l’indocinensis
3202 849 3543 906 monasterii

2016 951 2426 1023 qualiscunque
2456 966 2668 1016 servus,
2710 966 2826 1005 sua:
2882 949 3034 1004 bonae
3105 945 3542 1005 consuetudinis

2013 1047 2355 1120 obsequium,
2389 1052 2445 1104 et
2474 1065 2633 1121 purae
2662 1047 2987 1105 dilectionis
3019 1045 3313 1118 affectum.

2015 1179 2196 1234 Semel
2231 1186 2283 1234 et
2313 1180 2554 1235 secundo
2587 1179 2801 1250 scripsit
2830 1181 2988 1235 vobis
3009 1181 3265 1235 dominus
3283 1185 3467 1234 vester
3486 1185 3549 1233 et

1944 1276 2132 1324 noster
2157 1283 2301 1339 papa
2339 1268 2769 1339 Calixtus(156),
2804 1270 3149 1340 praecipiens,
3185 1275 3241 1322 ut
3268 1268 3428 1322 nobis
3475 1268 3544 1322 de

1945 1356 2049 1423 his,
2107 1356 2197 1429 qui
2260 1358 2315 1411 in
2373 1358 2689 1427 episcopatu
2747 1366 2932 1413 vestro
2982 1367 3171 1413 nostra
3240 1356 3537 1421 auferrent,

1941 1445 2195 1514 justitiam
2254 1445 2529 1502 faceretis.
2571 1445 2935 1516 Qumsivimus
2966 1463 3080 1501 eam
3116 1447 3183 1501 de
3224 1447 3439 1500 Herveo
3475 1445 3545 1500 de

1952 1533 2153 1600 Scalis,
2187 1542 2243 1590 et
2273 1535 2341 1590 de
2373 1535 2586 1589 duobus
2620 1535 2974 1606 presbyteris,
3010 1543 3059 1589 et
3104 1535 3285 1590 adhuc
3339 1533 3544 1587 habere

1948 1638 2059 1677 non
2113 1639 2431 1694 possumus.
2494 1625 2772 1694 Rogamus
2834 1624 3025 1679 iterum
3103 1631 3161 1678 ut
3244 1622 3545 1678 secundum

1950 1712 2155 1766 domini
2185 1728 2337 1782 papae
2377 1720 2708 1784 praeceptum
2767 1713 2833 1767 de
2892 1712 3171 1783 praedictis
3228 1711 3540 1766 hominibus

1947 1799 2108 1853 nobis
2128 1800 2388 1869 justitiam
2423 1799 2648 1855 faciatis.
2686 1800 2862 1854 Parati
2885 1801 3030 1854 enim
3061 1815 3247 1854 sumus
3278 1806 3400 1853 ante
3447 1813 3547 1853 vos

1947 1885 2070 1944 loco
2100 1898 2408 1959 opportuno
2439 1900 2490 1943 et
2521 1897 2767 1959 tempore
2798 1889 3128 1960 competenti
3161 1888 3364 1953 venire,
3397 1887 3545 1957 quod

239 1983 292 2030 et
321 1976 474 2031 vobis
504 1976 863 2031 honorificum
896 1992 1019 2030 esse
1051 1956 1278 2029 minime
1312 1974 1592 2029 dubitatis.
1656 1974 1838 2028 Mirari
1869 1956 1920 2015 Β
1944 1956 2148 2047 justum
2175 1956 2356 2033 Vfuerit
2409 1956 2703 2047 accepturi,
2777 1985 2829 2032 et
2885 1956 2954 2032 de
3010 1977 3266 2031 fratribus
3321 1956 3544 2042 nostris,

241 2071 420 2119 tamen
453 2079 554 2119 nec
582 2080 893 2135 possumus,
925 2080 1027 2118 nec
1056 2063 1342 2127 debemus,
1371 2064 1415 2117 si
1447 2064 1501 2117 in
1531 2078 1633 2117 nos
1683 2067 1737 2117 et
1785 2062 1839 2116 in

240 2169 339 2208 vos
369 2153 529 2224 quasi
561 2154 613 2207 in
645 2154 799 2209 arido
831 2154 934 2209 hoc
964 2152 1184 2221 faciunt,
1218 2153 1308 2223 qui
1337 2152 1393 2206 in
1424 2152 1600 2206 viride
1630 2150 1841 2221 lignum

241 2242 381 2311 (Luc
436 2258 601 2308 χχιιι,
654 2242 764 2311 31),
825 2242 881 2297 in
959 2250 1237 2312 pastorem
1294 2241 1501 2297 scilicet
1557 2241 1842 2312 proprium

239 2332 617 2385 Turonensem
658 2331 1137 2401 archiepiscopum
1196 2332 1365 2401 (155),
1425 2328 1668 2384 sulfureo
1715 2329 1843 2399 igne

241 2420 520 2490 quondam
542 2427 889 2485 exarserunt,
923 2434 1025 2475 nec
1054 2419 1195 2473 male
1222 2434 1514 2474 accensum
1565 2418 1842 2488 sulphuris

237 2508 423 2580 ignem
451 2516 644 2578 postea
695 2509 1088 2563 exstinxerunt.
1151 2507 1301 2576 Quos
1356 2507 1562 2561 utinam
1620 2505 1844 2576 superbi

240 2597 415 2652 Saulis
446 2612 595 2652 mors
626 2596 816 2669 digna.
852 2605 904 2652 et
935 2597 1119 2651 Mariae
1169 2595 1374 2651 sororis
1432 2599 1613 2650 Aaron
1669 2595 1838 2666 lepra,

239 2695 399 2758 atque
431 2685 586 2741 Judze
616 2686 859 2757 perversi
896 2684 1158 2756 discipuli
1187 2700 1350 2757 pcena
1372 2685 1739 2752 deterrerent,
1790 2690 1844 2739 et

242 2773 321 2828 sic
350 2783 558 2829 mortua
605 2775 658 2828 in
711 2774 849 2845 ipsis
906 2774 1176 2844 superbia,
1238 2790 1358 2845 qua)
1414 2782 1590 2828 mater
1647 2781 1733 2828 est
1791 2781 1845 2828 et

240 2863 420 2916 nutrix
451 2864 611 2917 totius
667 2863 990 2933 iniquitatis,
1025 2872 1077 2918 et
1135 2864 1367 2917 maxime
1423 2862 1754 2932 cupiditatis,
1812 2878 1844 2916 a

241 2952 552 3006 monasticae
582 2951 930 3007 fraternitatis
960 2951 1305 3007 infestatione
1335 2951 1684 3016 desisterent,
1742 2966 1845 3006 nec

240 3041 631 3111 pontiﬁcalem,
690 3049 746 3095 ut
802 3040 969 3095 Judas
1027 3041 1317 3105 Christum,
1381 3046 1845 3112 persequerentur

241 3129 580 3199 dignitatem,
614 3146 715 3185 nec
744 3129 1007 3200 pontiﬁci,
1043 3130 1184 3185 sicut
1222 3128 1393 3184 Maria
1440 3129 1636 3199 Moysi,
1675 3128 1841 3183 dero-

241 3226 449 3290 garent.
498 3218 705 3273 Valete.
767 3220 982 3273 Justitia
1032 3225 1213 3273 vestra
1271 3227 1404 3273 nota
1460 3218 1531 3272 sit
1589 3217 1843 3273 omnibus

1949 2066 2145 2137 quibus
2174 2066 2378 2121 crimen
2405 2066 2680 2138 sacrilegii
2712 2065 3011 2131 intenditis,
3038 2072 3302 2138 quantum
3342 2062 3547 2132 justitia

1949 2155 2249 2221 dictaverit,
2301 2163 2353 2209 et
2410 2155 2723 2226 apostolicae
2775 2154 2924 2209 sedis
2976 2155 3239 2225 permittit
3319 2152 3549 2209 auctori-

1950 2250 2051 2309 tas,
2091 2243 2440 2314 responsuri.
2510 2246 2572 2297 In
2629 2244 2732 2299 hoc
2782 2251 2959 2298 tamen
3011 2260 3122 2298 non
3179 2250 3392 2311 noctes,
3450 2258 3544 2297 se—

1952 2333 2186 2387 cundum
2239 2331 2670 2388 consuetudines
2724 2333 2987 2387 laicorum
3059 2334 3209 2398 (157)
3284 2332 3380 2385 sed
3454 2347 3548 2385 se-

1950 2422 2189 2476 cundum
2238 2421 2478 2477 instituta
2532 2436 2821 2486 canonum,
2882 2421 3131 2477 inducias
3185 2419 3544 2492 postulamus.

1949 2511 2132 2565 Nolite
2156 2510 2407 2579 judicare
2437 2510 3048 2579 personaliter.Domini
3068 2510 3236 2564 verba
3252 2516 3377 2563 sunt
3397 2510 3545 2568 haec;

1950 2600 2127 2654 Nemo
2156 2606 2301 2654 recte
2336 2598 2391 2652 in
2424 2598 2629 2669 judicio
2687 2614 2983 2670 personam
3039 2598 3241 2669 accipit
3293 2597 3546 2661 alienam,

1951 2688 2057 2743 nisi
2089 2687 2238 2759 prius
2267 2688 2493 2759 accipiat
2522 2704 2700 2742 suam.
2741 2688 2898 2742 Certe
2932 2703 3037 2742 non
3069 2688 3191 2758 plus
3219 2686 3272 2740 in
3315 2700 3548 2743 conces-

1959 2777 2112 2831 sione
2141 2784 2591 2832 ornamentorum
2623 2775 3048 2831 saeerdotalium
3086 2779 3235 2845 (158)
3291 2774 3359 2828 ab
3411 2788 3549 2844 apo-

1957 2865 2150 2920 stolica
2179 2865 2311 2921 sede
2343 2865 2634 2919 abbatibus
2664 2864 2977 2935 indulgetur
3004 2880 3166 2935 quam
3196 2864 3271 2917 illi
3302 2864 3395 2934 qui
3433 2862 3551 2917 sine

1951 2953 2075 3010 vitae
2113 2954 2319 3008 meritis
2376 2962 2430 3010 et
2484 2953 2767 3009 ordinibus
2827 2953 2996 3008 sacris
3055 2955 3208 3019 (159)
3262 2952 3550 3022 episcopus

1952 3041 2199 3115 eligitur.
2248 3043 2302 3098 Si
2335 3043 2557 3098 cuilibet
2586 3049 2875 3096 retractare
2897 3041 3003 3111 87
3034 3036 3221 3112 placet’
3240 3041 3384 3112 quod
3442 3040 3549 3096 Ro-

1951 3146 2147 3186 manus
2177 3131 2417 3201 pontifex
2449 3130 2596 3197 facit,
2629 3138 2682 3185 et
2711 3131 2767 3185 in
2797 3146 2923 3184 eum
2953 3129 3047 3201 qui
3075 3130 3177 3184 soli
3217 3129 3357 3185 ctnlo
3386 3129 3549 3184 inno-

1952 3218 2187 3276 centiam
2216 3220 2469 3286 debet,os
2488 3234 2694 3290 ponere
2721 3217 3083 3289 praesumit,et
3101 3218 3231 3271 illud
3253 3224 3549 3272 retractare

239 3307 571 3375 hominibus,
650 3315 701 3362 et
755 3306 987 3380 amplius
1035 3307 1212 3376 nobis,
1269 3307 1360 3379 qui
1416 3306 1649 3378 amplius
1694 3302 1841 3361 indi-
1875 3309 2186 3383 Cplaceat,
2249 3309 2394 3381 quod
2450 3308 2598 3362 illum
2656 3307 2837 3379 magis
2886 3306 3082 3360 intuitu
3138 3305 3546 3371 misericordia,

242 3413 459 3468 gemas.

247 3575 318 3630 de
348 3575 659 3630 Plessiaco.
699 3576 905 3629 XXIV.
949 3573 1277 3629 Guillelmns
1299 3575 1368 3629 de
1416 3573 1693 3629 Plessiaco
1748 3575 1842 3630 III.

246 3648 427 3702 XXV.
466 3648 702 3701 Joannes
733 3647 801 3700 de
831 3644 978 3699 Bulla
1011 3647 1103 3699 llI.
1137 3646 1350 3702 XXVI.
1384 3646 1598 3701 Petrus.
1622 3647 1847 3701 XXVII.

250 3720 345 3772 Ivo
379 3719 446 3771 de
480 3719 669 3771 Fonte.
702 3718 1210 3771 XXVIII.Joannes
1227 3719 1295 3771 de
1326 3718 1621 3787 Villeraya.
1647 3719 1851 3772 XXIX.

257 3788 562 3843 Aimericus
593 3790 663 3842 de
693 3789 970 3842 Cosduno.
1003 3788 1184 3842 XXX.
1228 3789 1535 3843 Ludovicus
1589 3789 1657 3843 de
1715 3790 1853 3843 Cre-

256 3870 444 3914 vauto.
473 3861 678 3913 XXXI.
709 3861 977 3913 Antonius
1021 3860 1089 3913 de
1147 3860 1412 3914 Crevauto
1460 3860 1655 3914 doctor
1708 3860 1854 3914 Pari-

259 3932 431 3985 siens.
466 3931 697 3984 XXXII.
731 3932 1000 3984 Antonius
1025 3931 1336 4001 Sanguinus
1367 3931 1848 3987 card.ll.XVXlII.

258 4002 488 4057 Carolus
513 4004 581 4056 de
612 4003 880 4056 Borbonio
911 4002 1055 4055 card.
1097 4003 1346 4056 XXXIV.
1381 4005 1595 4056 Marcus
1654 4001 1852 4057 Silicus

262 4074 330 4126 ab
357 4074 641 4142 Altaemps
671 4074 825 4127 card.
860 4073 1096 4127 XXXV.
1117 4073 1423 4127 Ludovicus
1440 4074 1505 4126 de
1529 4073 1849 4127 Camera.II.

260 4144 527 4199 XXXVI.
561 4145 785 4198 Carolus
815 4144 883 4198 de
910 4145 1180 4199 Borbonio
1213 4144 1363 4199 card.
1397 4145 1445 4198 II
1481 4144 1785 4198 .XXXVII.

266 4216 498 4270 Michael
530 4215 785 4269 Subletus
816 4216 884 4269 II.

332 4289 482 4355 (154)
540 4288 745 4340 Eorum
800 4287 986 4341 abbati
1044 4285 1242 4351 Odoni,
1304 4285 1374 4339 ad
1437 4301 1597 4357 quem
1671 4294 1848 4340 exstat

254 4358 486 4427 epistola
518 4358 763 4427 Hugonis
798 4356 1118 4427 Pontiniaci,
1149 4366 1204 4410 et
1229 4356 1491 4411 Bernardi
1522 4357 1853 4411 Claraevallis

259 4430 541 4489 abbatum,
574 4426 628 4481 et
657 4429 825 4481 altera
857 4426 1086 4481 Gntl‘ridi
1120 4429 1287 4483 nostri
1324 4428 1424 4481 lib.
1461 4442 1539 4481 ιν.

330 4502 479 4568 (155)
511 4499 571 4552 In
592 4504 874 4570 pastorem
892 4500 1186 4570 praprium
1208 4502 1614 4570 ‘Turoncnsem
1659 4498 1852 4553 archi-

260 4568 601 4640 episcopum.
637 4569 832 4621 Gravis
861 4579 913 4640 et
929 4568 1177 4623 diuturna
1199 4568 1293 4622 fuit
1316 4571 1503 4637 Majori
1521 4570 1852 4624 Monasterio

262 4638 383 4694 cum
415 4638 648 4709 utroque
680 4638 909 4693 Radulfo
931 4641 1363 4709 metropolitanis
1393 4641 1505 4695 suis
1556 4640 1849 4698 contentio.

259 4712 341 4765 De
373 4727 476 4781 qua
508 4685 625 4763 false
645 4724 953 4779 anonymus
975 4685 1218 4778 ejusdem
1250 4712 1491 4767 coenobii
1529 4714 1848 4777 monachus,
1881 4685 1932 4744 D

261 4783 413 4850 cujus
446 4782 712 4852 prolixam
746 4782 1107 4835 narrationem
1141 4798 1206 4836 ex
1235 4784 1403 4837 veteri
1432 4783 1622 4838 codice
1650 4783 1862 4837 descri-

265 4854 340 4907 bit
379 4853 597 4907 Juretus
618 4853 685 4906 ad
719 4852 899 4906 Ivonis
924 4853 1213 4921 epistolam
1245 4858 1371 4907 108.

330 4926 480 4991 (156)
510 4926 664 4993 Papa
699 4924 985 4979 Cll/iactus.
1026 4925 1170 4977 Infra
1202 4925 1366 4993 epist.
1396 4928 1484 4977 30.

330 4998 481 5065 (157)
514 4997 632 5051 Νοη
668 4999 860 5049 noctes
894 4996 1200 5050 secundum
1218 4996 1657 5051 consuetudines
1680 4997 1856 5051 laico-

256 5083 407 5122 rum.
446 5066 562 5120 Lib.
594 5081 662 5130 LI,
681 5066 1044 5135 capitulorum
1070 5069 1139 5119 45
1161 5067 1228 5120 de
1247 5067 1588 5137 quadruplici
1618 5068 1856 5135 legitima

260 5139 567 5192 vocatione.
592 5139 789 5191 Prima
802 5140 1093 5191 mammia
1112 5154 1283 5209 super
1300 5144 1490 5193 noctes
1519 5143 1570 5191 2.
1600 5139 1853 5193 Secunda

257 5226 429 5279 super
452 5211 770 5272 noctes”;
807 5209 979 5263 tertia
1028 5225 1200 5279 super
1253 5214 1448 5264 noctes
1481 5211 1538 5262 21
1582 5228 1595 5272 ;
1650 5214 1854 5280 quarta

257 5296 425 5351 super
447 5282 533 5341 42,
558 5281 679 5347 ﬁat.
702 5281 834 5333 Item
861 5279 1029 5343 addit,
1063 5282 1112 5342 1,
1149 5284 1236 5333 83.
1272 5281 1581 5352 Postquam
1618 5279 1766 5335 cives
1798 5285 1856 5335 et

254 5367 525 5422 par/enses
555 5352 621 5404 de
650 5353 1027 5421 qualicunque
1049 5352 1410 5421 expeditione
1426 5353 1619 5406 hostili
1645 5353 1853 5405 reversi

258 5424 449 5489 fuerin
461 5427 581 5490 t,e.r
599 5437 658 5475 eo
682 5423 1028 5491 diesuperlio
1049 5426 1241 5477 noctes
1259 5425 1332 5477 sit
1350 5423 1572 5477 bamzus
1588 5425 1850 5486 rescisus,

256 5494 398 5563 quod
418 5495 498 5546 lin
509 5509 616 5561 qua
646 5493 942 5547 Tlicndisca
956 5499 1105 5546 scast
1116 5494 1242 5560 legi,
1267 5495 1325 5547 id
1336 5500 1421 5548 est
1432 5509 1739 5558 ,nrmorum
1755 5494 1853 5547 de-

254 5566 459 5635 positio
480 5564 881 5618 vocatur.Galli
896 5565 1112 5625 olim,ut
1134 5566 1201 5616 ad
1220 5565 1455 5633 priorem
1472 5564 1647 5618 locum
1667 5579 1729 5618 ex
1745 5564 1854 5617 Ca3-

258 5650 378 5688 sare
400 5635 752 5689 observatvir
777 5635 1326 5704 doctissimus,spatia
1346 5636 1607 5705 temporis
1627 5652 1733 5689 non
1753 5651 1852 5687 nu-

254 5721 412 5759 mero
441 5705 674 5777 dierum,
706 5705 802 5759 sed
835 5706 1070 5759 noctium
1107 5706 1365 5760 timebant
1401 5725 1413 5760 :
1472 5707 1615 5777 quod
1672 5706 1849 5777 ipsum

254 5777 322 5830 de
356 5776 643 5831 Germanis
701 5776 824 5829 item
860 5777 1383 5848 rscripsithacitus,
1443 5776 1737 5848 manetque
1795 5776 1849 5829 in

253 5848 546 5920 vernacula
578 5855 761 5902 nostra
792 5847 954 5920 prisci
984 5847 1153 5902 moris
1187 5848 1495 5920 vestigium,
1525 5847 1681 5920 cum:
1704 5864 1848 5916 prae-

254 5927 465 5972 sentem
496 5919 638 5972 diem
669 5919 940 5971 interdum
967 5920 1046 5971 sic
1073 5919 1433 5981 enuntiemus,
1453 5928 1512 5972 ut
1534 5934 1641 5973 non
1664 5919 1845 5981 hodie,

256 5990 353 6044 sed
387 5991 490 6045 hac
521 5995 684 6044 nocte
713 5989 898 6046 dicere
940 5988 1246 6044 videamur.
1290 5989 1669 6059 Goflridiergo
1690 5997 1846 6043 mtate

1961 3412 2128 3471 quam
2161 3413 2394 3454 censura
2417 3395 2640 3468 justitiae
2673 3394 2929 3467 respexit.
2964 3393 3223 3467 Acephali
3285 3410 3393 3449 non
3450 3409 3544 3449 su-

1962 3590 2085 3631 cum
2115 3574 2304 3631 dilatio
2336 3575 2387 3629 in
2415 3574 2635 3645 judiciis
2662 3573 2965 3644 petebatur,
2998 3572 3123 3629 laici
3153 3579 3342 3628 noctes
3371 3580 3553 3645 postu-

1961 3647 2167 3711 labant,
2202 3654 2256 3701 et
2283 3644 2468 3703 clerici
2497 3645 2769 3700 inducias.
2808 3644 2961 3698 Felix
2994 3645 3059 3705 ll,
3093 3645 3147 3698 in
3206 3645 3430 3714 epistola
3482 3644 3552 3701 ad

1961 3718 2241 3788 1Egyptios
2272 3736 2284 3771 :
2320 3721 2456 3774 Cum
2497 3721 2796 3773 accusatus
2820 3716 2890 3770 ad
2907 3716 3194 3785 judicium
3224 3717 3461 3778 venerit,
3502 3718 3552 3770 si

1961 3792 2202 3843 voluerit
2219 3793 2274 3843 et
2292 3805 2512 3844 necesse
2542 3790 2739 3859 fuerit,
2755 3789 3063 3841 ἰηιήισίωεὶ
3075 3790 3299 3859 petenti
3320 3804 3354 3841 α
3373 3788 3552 3841 Patri-

1964 3860 2065 3915 bus
2094 3863 2422 3915 constitutas
2441 3858 2643 3932 absque
2676 3858 3085 3929 impedimento
3128 3858 3538 3932 concedantur.

2000 3932 2147 3999 (158)
2164 3933 2224 3986 In
2238 3949 2339 3987 con
2347 3929 2593 3986 cessione
2610 3933 3077 3985 ornamentorum
3090 3929 3548 3984 sacerdota/ium.

1965 4002 2026 4055 Id
2056 3998 2138 4056 est
2166 4003 2584 4072 episcopalium.
2624 4001 2888 4072 Sacerdos
2917 4003 3059 4053 enim
3118 4000 3299 4072 primi»
3328 3998 3548 4072 ordinis

1961 4081 2045 4127 est
2072 4069 2367 4142 episcopus
2397 4091 2410 4136 ;
2443 4072 2667 4129 secundi
2701 4071 3004 4140 presbyter,
3055 4071 3200 4140 apud
3248 4069 3550 4131 Sidonium,

1965 4152 2018 4198 et
2039 4141 2192 4198 alios.
2227 4141 2576 4214 Episcopalia
2602 4158 2738 4214 ergo
2765 4141 3160 4214 insigniasunt
3207 4142 3386 4203 mitra,
3445 4156 3549 4214 an-

1963 4214 2141 4281 nulus,
2172 4212 2496 4269 sandalia‘et
2527 4212 2738 4275 caetera,
2772 4228 2894 4283 quae
2937 4212 3224 4266 abbatibus
3270 4212 3552 4266 nonnullis

1963 4300 1997 4339 a
2025 4286 2157 4340 sede
2186 4286 2487 4356 apostolica
2525 4283 2778 4356 concedi,
2810 4283 2977 4356 male
3006 4283 3283 4356 nimirum_
3318 4283 3555 4356 habebat

1963 4353 2283 4426 episcopus.
2332 4358 2520 4427 Neque
2541 4355 2815 4424 episcopis
2858 4354 3040 4427 modo,
3100 4355 3200 4408 sed
3238 4353 3360 4427 aliis
3416 4370 3548 4427 sane

1962 4425 2242 4495 permultis
2273 4425 2465 4498 parum
2494 4427 2621 4481 olim
2673 4442 2734 4479 ea
2782 4441 2896 4498 res
2925 4426 3191 4498 probata,
3238 4425 3303 4498 in
3351 4425 3548 4495 quibus

1962 4508 2182 4552 sanctus
2215 4495 2521 4552 Bernardus
2550 4498 2707 4567 epist.
2742 4498 2811 4549 4:2
2833 4496 2901 4549 ad
2933 4496 3226 4551 Henrieum
3272 4495 3555 4549 Senonen-

1962 4584 2095 4631 sem,
2132 4578 2179 4624 et
2214 4571 2403 4624 Petrus
2451 4568 2730 4623 Blesensis
2761 4568 2920 4636 epist.
2965 4571 3033 4621 90
3078 4569 3145 4620 ad
3198 4567 3549 4620 Guitlelmum

1964 4640 2240 4694 abbatem.
2280 4642 2346 4695 Et
2376 4648 2559 4694 tamen
2589 4638 2911 4693 incredibile
2940 4637 3085 4692 dictu
3118 4646 3201 4692 est
3230 4652 3394 4707 quam
3448 4637 3553 4692 late

1964 4711 2183 4765 tandem
2213 4712 2317 4767 hoc
2344 4710 2693 4781 priveligium
2740 4709 3024 4781 patuerit,
3068 4708 3554 4781 Viudocinensibus

1968 4783 2211 4852 quidem,
2269 4778 2452 4851 utpote
2507 4778 2894 4844 cardinalibus,
2957 4779 3155 4852 ιιιιιιιηἶ
3214 4778 3553 4852 aliorumque

1962 4849 2051 4920 jus
2082 4853 2250 4907 fuisse
2280 4849 2557 4907 Innocenti
2590 4852 2661 4905 III
2718 4852 2913 4905 litterae
2971 4866 3070 4903 nos
3127 4849 3428 4904 docuerunt
3480 4850 3550 4903 ad

1966 4923 2062 4976 lib.
2093 4939 2131 4986 ι,
2156 4924 2316 4994 epist.
2339 4927 2403 4977 '9.
2432 4924 2695 4979 Ceterum
2729 4938 2848 4977 cum
2872 4920 3285 4994 offenderentur
3309 4920 3550 4994 episcopi

1966 4995 2111 5065 quod
2141 4991 2205 5048 in.
2224 4996 2472 5051 conciliis
2500 5004 2549 5049 et
2582 4993 3084 5065 synodisabbates.
3140 4992 3335 5065 quibus
3379 4991 3552 5065 mitra:

1961 5062 2056 5135 jus
2085 5074 2218 5131 erat,
2250 5067 2319 5120 ab
2350 5062 2626 5135 episcopis
2657 5082 2763 5119 non
2793 5064 3278 5128 distinguereutur,
3310 5064 3415 5116 ltoc
3462 5062 3551 5135 die

1965 5134 2201 5191 acrimen
2230 5134 2455 5190 institUit
2483 5134 2734 5191 Clemens
2763 5136 2853 5197 IV,
2887 5144 2944 5188 ut
2973 5136 3025 5187 in
3057 5134 3280 5203 synodis
3320 5134 3554 5202 exempti

1961 5208 2134 5261 mitris
2171 5209 2286 5261 auri
2317 5208 2637 5279 phrygiatis,
2671 5208 2767 5261 sed
2796 5205 2914 5259 sine
2943 5206 3195 5276 gemmis,
3216 5205 3555 5279 laminisque

1963 5280 2146 5333 aureis
2168 5280 2251 5332 vel
2283 5276 2560 5349 argenteis
2592 5288 2807 5332 utantur
2838 5293 2945 5331 non
2994 5277 3227 5349 exempti
3283 5276 3552 5349 simplici-

1963 5349 2065 5403 bus
2094 5350 2233 5403 albis
2264 5359 2316 5404 et
2346 5351 2546 5419 planis.
2587 5350 2646 5403 In
2676 5349 2799 5403 aliis
2832 5363 2964 5401 vero
3006 5348 3139 5401 locis
3179 5349 3441 5419 utrisque
3488 5348 3556 5400 iis

1962 5421 2037 5474 uti
2070 5422 2243 5474 mitris
2274 5418 2454 5487 liceat,
2489 5437 2622 5491 quas
2653 5421 2802 5475 sedis
2829 5420 3143 5491 apostolica:
3173 5418 3383 5491 indulta
3423 5434 3556 5488 per-

1964 5492 2244 5545 miserint.
2288 5490 2519 5546 Viterbii
2544 5507 2641 5545 xxx
2674 5491 2830 5553 Kal.,
2873 5490 3157 5558 Septemb.
3198 5504 3342 5544 anno
3362 5490 3422 5543 ‘2.

2032 5566 2180 5632 (159)
2215 5564 2389 5630 Quam
2423 5565 2515 5618 illi
2535 5566 2629 5634 qui
2658 5565 2783 5617 sine
2803 5561 3098 5634 ordinibus
3141 5562 3343 5634 sacris.
3376 5559 3555 5634 Quod

1960 5630 2208 5687 Goﬂ‘rido
2240 5630 2561 5689 Carnotensi
2594 5634 2751 5688 tacite
2781 5632 2986 5697 objicit.
3019 5632 3162 5685 idem
3194 5633 3262 5686 de
3292 5630 3556 5685 Raiualdo

1958 5705 2346 5776 Andegavensi
2377 5714 2500 5759 ante
2531 5720 2719 5757 sacros
2748 5705 2968 5759 ordines
3012 5703 3190 5757 eleczo
3228 5704 3412 5776 scribit
3439 5703 3548 5776 lib.

1960 5791 2040 5843 ιιι,
2074 5774 2232 5844 epist.
2270 5780 2355 5839 11,
2380 5777 2475 5830 sed
2512 5776 2820 5831 Goliridnm
2873 5783 3136 5842 praeterea
3196 5774 3382 5827 humili
3438 5774 3556 5827 loco

1956 5857 2160 5918 natum,
2195 5857 2358 5918 atque
2389 5864 2450 5901 ex
2483 5848 2760 5918 nihilo,_ut
2790 5844 3102 5918 loquitur,_a
3134 5862 3268 5914 papa
3313 5854 3553 5899 creatum

1958 5916 2163 5973 indicat
2190 5915 2349 5989 epist.
2384 5921 2455 5973 30
2488 5919 2648 5988 hujus
2678 5916 2805 5972 libri
2837 5926 2890 5973 et
2919 5916 2988 5971 ω
3010 5915 3105 5969 lib.
3144 5931 3249 5969 in-
