3940 6464
515 411 583 464 95

1511 406 1843 463 GOFFRIDI
1883 404 2187 463 ABBATIS
2225 401 2803 463 VINDOCINENSIS.

3749 405 3823 461 96

515 550 639 588 mus
669 533 817 604 (160)
848 531 976 604 quia
1031 530 1306 587 Christum
1352 531 1693 588 Salvatorem
1751 540 1913 602 caput
1949 534 2113 589 habe-
2142 534 2197 594 A
2228 532 2504 588 bibemus.
2543 530 2600 588 Si
2628 529 2751 604 quis
2780 536 2964 587 autem
2999 528 3056 588 in
3107 537 3388 604 posterum
3450 532 3645 589 contra
3699 531 3822 588 hac

516 639 658 684 mus.
687 629 740 677 et
766 630 889 693 post
910 622 1106 693 ipsum,
1128 622 1431 678 Romanum
1453 619 1784 692 pontificem.
1808 623 1924 678 Hoc
1954 629 2120 692 caput

515 710 707 767 habuit
746 711 1130 767 monasterium
1160 718 1401 766 nostrum
1433 709 1487 765 in
1518 710 1671 765 initio
1702 710 1806 776 sui,
1840 719 1894 766 et
1941 712 2117 767 habe-

518 799 616 866 bit,
656 801 775 855 Deo
806 799 1126 866 auxiliante,
1159 815 1332 872 usque
1362 798 1416 853 in
1448 797 1614 854 finem
1645 800 1855 854 sa‘culi.
1894 799 2116 855 Profes—

516 888 749 954 sionem,
780 903 943 960 quam
972 886 1207 957 objicitis
1257 888 1431 959 (l6l),
1489 903 1521 941 a
1577 896 1778 944 sanctae
1836 889 2117 945 memoria:

516 992 657 1050 papa
686 976 928 1043 Urbano,
954 976 1381 1048 praedecessoris
1407 976 1572 1032 vestri
1603 984 1870 1048 tempore,
1904 978 2113 1032 irritam

517 1066 735 1139 penitus
764 1065 965 1123 factam
996 1066 1052 1120 in
1079 1067 1196 1121 haec
1223 1065 1392 1120 verba
1421 1066 1679 1121 noveritis
1711 1081 1724 1120 :
1784 1088 1806 1117 α
1859 1067 2115 1122 Urbanus

516 1155 828 1227 episcopus,
861 1170 1052 1211 servus
1081 1169 1366 1211 servorum
1394 1154 1513 1219 Dei,
1546 1155 1849 1211 venerabili
1877 1171 2113 1228 congre-

515 1244 722 1318 gationi
755 1243 1173 1299 Vindocinensis
1201 1243 1537 1310 monasterii,
1588 1244 1819 1300 salutem
1874 1252 1928 1299 et
1975 1259 2114 1315 apo-

520 1333 773 1389 stolicam
802 1332 1264 1389 benedictionem.
1317 1332 1565 1389 Relatum
1621 1332 1782 1388 nobis
1837 1342 1921 1389 est
1968 1334 2115 1405 quod

517 1421 875 1478 Carnotensis
920 1422 1218 1493 episcopus
1274 1435 1309 1476 a
1364 1422 1699 1478 cbarissimo
1755 1421 1871 1479 ﬁlio
1925 1430 2116 1479 nostro

518 1509 803 1567 Gauti'rido
835 1518 1021 1567 vestro
1071 1509 1288 1575 abbate,
1349 1510 1405 1564 in
1462 1512 1894 1578 consecratione,
1951 1527 2115 1583 quam

518 1600 696 1672 accpit
725 1598 793 1655 ab
822 1615 909 1666 eo,
934 1598 1333 1670 professionem
1380 1601 1696 1656 extorserit.
1763 1599 1939 1669 Quam
1990 1599 2117 1672 quia

517 1696 714 1746 contra
742 1689 1003 1745 Romana:
1032 1687 1296 1744 Ecclesia:
1315 1688 1690 1745 auctoritatem
1707 1687 1907 1745 factam
1935 1704 2115 1761 agno-

520 1776 721 1845 vimus,
760 1776 946 1833 abbati
976 1775 1197 1849 quidem
1219 1792 1323 1832 nos
1351 1776 1781 1834 misericorditer
1808 1776 2118 1848 bujusmodi

516 1881 717 1922 noxam
744 1864 1042 1922 indulsisse
1069 1865 1353 1932 noveritis,
1375 1865 1773 1937 professionem
1793 1882 1921 1922 vero
1940 1867 2113 1937 ipsam

515 1954 597 2012 ita
627 1955 977 2020 annulamus,
1035 1961 1095 2009 ut
1148 1954 1326 2009 nullas
1372 1954 1592 2026 penitus
1647 1956 1794 2011 vires
1850 1956 2112 2012 obtineat.

519 2045 755 2116 Insuper
781 2044 967 2111 etiam,
999 2059 1071 2100 ne
1091 2043 1262 2099 abbas
1292 2043 1609 2100 monasterii
1640 2044 1806 2099 vestri
1853 2044 2118 2115 deinceps

517 2134 781 2205 episcopo
802 2132 1212 2206 professionem
1240 2131 1428 2198 faciat,
1459 2140 1514 2188 et
1540 2140 1741 2190 nostrae
1783 2132 2119 2189 auctoritatis

514 2222 802 2296 privilegio
828 2220 1101 2278 firmatum
1128 2228 1232 2288 est,
1264 2228 1316 2277 et
1344 2220 1709 2294 praesentibus
1749 2220 1944 2280 litteris
1975 2236 2119 2296 pro-

587 2432 737 2506 (161))
769 2431 1038 2506 Acephali
1066 2449 1191 2506 non
1212 2448 1435 2506 sumus.
1475 2433 1731 2506 Svnodus
1788 2435 2118 2492 Parisiensis

518 2504 665 2576 apud
696 2504 939 2578 lvouem,
971 2520 1028 2575 p.
1057 2520 1133 2578 vi,
1164 2505 1233 2578 de
1258 2505 1473 2578 clericis
1502 2505 1594 2576 qui
1624 2506 1756 2560 nulli
1785 2516 1979 2577 parent
2005 2508 2118 2578 epi-

518 2575 688 2650 scopo
724 2593 742 2650 ς
778 2577 934 2632 Tales
955 2575 1276 2650 acephalos,
1302 2576 1360 2650 id
1380 2575 1637 2650 estsine
1664 2575 1895 2650 capite,_
1925 2575 2117 2650 prisca

521 2646 785 2719 Ecclesia
812 2646 1163 2719 consuetudo
1191 2647 1537 2719 nominavit.
1576 2646 1817 2719 Alterum
1848 2648 1900 2702 id
1925 2646 1937 2650 ⁷
1955 2658 2119 2719 caput

519 2716 721 2789 veteris
751 2718 1139 2789 episcoporum
1167 2717 1519 2789 querimonia:
1550 2718 1818 2773 adversus
1867 2716 2110 2789 abbates,

518 2788 772 2861 ipsorum
790 2787 1005 2844 scilicet
1024 2787 1330 2861 exemptio,
1362 2804 1512 2861 aegre
1540 2790 1686 2843 enim
1718 2789 1965 2846 ferebant
1994 2787 2116 2847 illos

520 2859 778 2931 potestati
809 2876 923 2916 sua:
951 2859 1209 2915 subduci.
1247 2860 1377 2915 Ideo
1404 2859 1699 2929 ecephalos
1729 2863 2107 2931 appellabant.

522 2928 683 2999 Quod
713 2946 912 2987 nomen
941 2939 998 3002 ut
1027 2931 1138 2985 illis
1174 2931 1447 2987 immerito
1476 2928 1658 2985 fersan
1691 2928 1978 3002 exprobari
2023 2934 2114 2987 vi-

521 3002 733 3075 deatur,
765 3001 871 3075 qui;
888 3001 1037 3075 sedis
1063 3003 1377 3075 apostolica:
1404 3003 1691 3075 privilegio
1733 3001 1997 3075 utuntur,
2058 3013 2116 3059 ut

524 3071 826 3146 Guil'ridus,
857 3072 933 3128 ita
954 3073 1075 3146 jure
1101 3071 1160 3128 in
1188 3072 1311 3146 illos
1341 3071 1646 3140 conveniat,
1680 3074 1773 3146 qui
1800 3075 2112 3130 libertatem

521 3143 626 3217 sibi
655 3144 779 3217 sine
809 3145 1133 3201 auctoritate
1163 3144 1439 3200 vindicant
1456 3153 1521 3217 et
1550 3143 1829 3217 usurpant.
1862 3148 1942 3201 De
1987 3146 2113 3217 qui-

522 3214 647 3288 bus,
677 3214 893 3288 opinor,
925 3224 980 3288 et
999 3231 1188 3288 prava,
1220 3231 1385 3288 quam
1414 3214 1785 3288 obtendebant
1811 3214 2112 3273 consuetu-

519 3285 666 3358 dine,
698 3285 1046 3342 Innocentius
1067 3288 1114 3342 ll
1146 3285 1381 3343 Henrico
1412 3287 1531 3356 regi
1561 3288 1859 3358 Anglorum
1910 3304 1923 3342 :
1976 3289 2109 3345 Ea:-

519 3357 678 3429 pedit
708 3361 773 3414 ut
799 3358 864 3413 in
894 3373 1065 3429 regno
1103 3359 1217 3413 sive
1246 3359 1461 3413 ducatu
1490 3357 1686 3414 divina
1732 3359 2111 3430 dispositione

524 3426 629 3483 tibi
642 3431 939 3484 commisso
958 3434 1055 3484 tuo
1072 3434 1320 3500 tempore
1337 3445 1528 3500 prava:
1546 3431 1984 3486 consuetudines
1998 3448 2113 3486 am-

517 3503 881 3571 putentur,et
902 3500 1472 3574 vitgiorumiradicibus
1489 3502 1928 3574 resecatis,bona
1955 3518 2111 3574 qure-

519 3585 625 3644 que
644 3586 743 3643 per
757 3575 872 3626 tua:
892 3572 1209 3626 nobilitatis
1223 3572 1478 3644 studium
1506 3571 1749 3628 Domino
1779 3571 2113 3644 cooperante

519 3641 882 3715 plantentur.
908 3643 1088 3697 Aliter
1104 3644 1257 3715 enim
1267 3642 1491 3697 abbates
1508 3647 1564 3698 et
1579 3644 1783 3715 reliqui
1798 3641 1993 3699 clerici
2007 3660 2111 3699 nec

517 3715 746 3783 gratum
774 3714 1004 3770 Domino
1030 3714 1383 3784 famulatum
1401 3714 1858 3786 impendere.nec
1878 3716 2111 3770 anima-

518 3798 649 3859 rum
660 3800 896 3859 suarum
911 3786 1090 3859 saluti
1102 3788 1376 3857 poterunt
1388 3784 1675 3859 providere
1694 3787 1817 3859 ilmo
1829 3788 2108 3859 acephali.

519 3853 579 3908 id
599 3859 683 3909 est
698 3857 824 3911 sine
836 3858 1025 3926 capite
1055 3853 1425 3926 reputantur,
1455 3858 1571 3911 nisi
1608 3858 1886 3927 episcopis
1906 3853 2023 3913 sui:
2054 3862 2111 3913 et

512 3928 774 3996 praelatis
799 3927 989 3983 debita
998 3928 1225 3995 fuerint
1244 3927 1573 3982 humilitate
1587 3929 1890 3997 subjecti.A
1902 3929 1975 3982 lio
1988 3945 2112 3983 sen-

516 4012 583 4070 su
619 4004 881 4070 tanquam
912 3997 1207 4069 acephalos
1241 3999 1432 4070 Petrus
1478 3998 1756 4070 Blesensis
1815 4001 2111 4055 monachos

515 4066 677 4193 gilxbit,
702 4066 798 4193 iiui
828 4066 1056 4141 segnem
1086 4077 1141 4124 et
1167 4070 1223 4123 in
1262 4067 1446 4125 officio
1476 4069 1795 4142 languidum
1824 4071 2112 4143 praesidem

630 4156 696 4193 en
732 4180 747 4193 .

556 4148 747 4195 abem.

583 4211 1191 4283 (161)μΡνοῙεςςεὶοηεηιΔ
1209 4211 1677 4283 ᾳυατηίοὸῙὶσὶιίε.
1700 4211 1924 4283 Ερίειδῖ
1947 4213 2112 4281 hujus

515 4278 668 4335 libri.
705 4282 800 4353 His
826 4278 966 4353 vero
996 4278 1233 4342 Urbani:
1256 4278 1640 4353 Paschalisque
1682 4278 1916 4339 decretis
1963 4278 2108 4339 atte-

514 4353 708 4423 xendm
727 4350 960 4407 Goﬂ'ridi
996 4354 1171 4423 ipsius
1195 4350 1568 4408 Carnotensis'
1593 4354 1839 4423 episcopi
1890 4356 2107 4420 littera-3,

513 4422 716 4494 quibus
746 4431 978 4478 testatur
1020 4422 1084 4478 se
1128 4434 1351 4494 propter
1400 4425 1710 4494 huiusmodi
1753 4422 2110 4493 diplomatum

514 4493 863 4549 interdictum
897 4495 1204 4551 Fromundo
1234 4493 1287 4550 et
1343 4493 1587 4551 Huberto
1642 4495 1874 4552 Golfridi
1937 4498 2108 4551 nostri

509 4565 941 4639 successoribus.
971 4566 1352 4639 cumabbates
1392 4567 1520 4621 illos
1576 4577 1841 4633 sacraret,
1898 4568 2111 4639 profes-

511 4637 722 4692 sionem
744 4639 1050 4693 remisisse.
1086 4638 1182 4693 Eae
1207 4638 1378 4711 igitur
1405 4639 1485 4694 sic
1516 4639 1716 4693 habent
1773 4655 1787 4691 :

512 4743 789 4815 Go/fridus
816 4744 923 4800 Dei
948 4746 1139 4817 gratia
1188 4744 1564 4817 Carnotensis_
1606 4747 1920 4817 episcOpus,
1964 4745 2113 4801 sedis

580 4816 907 4888 apostolica!
937 4815 1178 4887 legatus,
1204 4817 1443 4872 [luberto
1461 4815 1655 4872 eadem
1690 4815 1885 4887 gratia
1928 4818 2113 4873 Vindo-

580 4887 804 4944 cinensi
833 4887 1040 4953 abbati,
1061 4889 1307 4943 salutem
1336 4891 1394 4943 et
1418 4891 1692 4959 gratiam.

588 5016 611 5042 ι
642 4994 779 5049 Cum
828 4994 1159 5050 venerabilis
1214 4994 1597 5065 praedecessor
1641 5003 1768 5050 tuus
1836 4994 2115 5050 Goliridus

510 5066 649 5132 Deo,
679 5074 737 5121 ut
773 5067 1070 5131 credimus,
1103 5075 1354 5129 vocante,
1386 5067 1672 5136 praesentis
1720 5066 1844 5122 vita:
1892 5084 2111 5121 cursum

508 5135 878 5200 terminasset,
911 5140 1216 5194 communis
1238 5135 1470 5192 assensu
1505 5138 1728 5207 capituli
1775 5138 2115 5193 Fromundus

510 5223 633 5277 cum
666 5208 791 5263 vitae
819 5210 1107 5264 honestate
1137 5210 1418 5277 prudentia
1448 5209 1745 5264 decoratus
1772 5209 1825 5263 in
1857 5210 2113 5264 abbatem

512 5276 720 5333 electus
758 5287 866 5351 est.
903 5278 1012 5341 Qui
1044 5276 1169 5333 cum
1199 5282 1266 5333 ad
1308 5280 1741 5336 benedicendum
1777 5282 1935 5336 nobis
1965 5298 2110 5351 prae-

513 5357 759 5403 sentatus
791 5349 997 5415 fuisset,
1033 5351 1428 5420 professionem
1458 5352 1529 5406 ab
1558 5368 1625 5407 eo
1665 5353 1805 5407 sicut
1860 5363 1931 5406 ab
1968 5349 2113 5406 aliis

511 5420 1005 5493 nostrasidicecesis
1045 5422 1338 5476 abbatibus
1391 5424 1763 5493 quaesivimus.
1832 5424 1925 5477 llle
1979 5439 2113 5478 vero

515 5489 798 5561 respondit
846 5490 1244 5561 professionem
1277 5508 1337 5548 se
1385 5489 1534 5549 nullo
1571 5495 1735 5549 modo
1795 5494 2109 5559 facturum;

513 5562 768 5635 quoniam
794 5576 830 5616 a
859 5563 1267 5635 venerabilibus
1297 5564 1447 5619 sedis
1473 5566 1791 5634 apostolicae
1840 5564 2114 5635 pontiﬁci-

514 5630 615 5685 bus
644 5632 868 5688 Urbano
894 5641 951 5687 et
987 5634 1232 5690 Paschali
1260 5634 1361 5689 sub
1387 5630 1733 5691 anathemate
1763 5630 2113 5692 interdictum

514 5711 650 5766 erat,
682 5719 752 5757 ne
788 5704 961 5757 abbas
994 5704 1410 5760 Vindocinensis
1441 5722 1541 5772 pro
1584 5708 1962 5763 benedictione
2009 5723 2114 5762 sua

515 5772 917 5847 professionem
947 5773 1173 5847 faceret,
1198 5784 1349 5847 etne
1371 5776 1515 5832 ullus
1546 5792 1663 5831 eam
1694 5778 1764 5830 ab
1793 5794 1859 5831 eo
1889 5778 2111 5847 accipe-

515 5850 617 5908 ret,
651 5851 709 5898 et
738 5844 785 5898 si
815 5844 1167 5899 Carnotensis
1187 5861 1217 5899 e
1260 5845 1479 5915 iscOpus
1507 5863 1633 5901 eum
1665 5848 1833 5902 nollet
1884 5844 2112 5903 benedi-

516 5925 664 5969 cere.
698 5930 729 5968 a
771 5929 1097 5969 uuocunaue
1153 5862 1318 5969 veiiet
1381 5916 1644 5969 eniscono
1677 5918 2112 5969 benedictionem

516 5925 664 5982 cere,
698 5930 729 5968 a
771 5929 1097 5986 quocunque
1153 5914 1318 5971 vellet
1381 5914 1644 5987 episcopo
1677 5918 2114 5975 benedictionem

2144 1897 2197 1958 B

2141 4618 2194 4679 D

2226 621 2415 678 venire
2437 621 2744 690 tentaverit,
2786 637 2818 676 a
2847 629 3051 679 sanctte
3090 621 3338 678 ecclesiis
3391 618 3665 675 liminibus
3712 635 3818 676 ar-

2226 718 2433 776 ceatur,
2469 718 2523 766 et
2538 719 2759 766 manth
2772 710 3489 777 excommunicatus,donec
3508 709 3815 781 resipiscat,

2226 802 2282 855 et
2308 800 2566 856 Romanae
2614 801 2878 856 Ecclesia)
2934 799 3251 856 satisfaciat.
3295 822 3317 849 ιι
3377 800 3569 855 Datum
3629 799 3818 855 Roma

2226 904 2326 942 vm
2349 888 2585 945 Kalend.
2625 889 2972 945 Decembris.
3006 891 3115 957 33
3162 890 3277 945 lloc
3331 887 3509 959 ipsum
3563 887 3817 944 dominus

2224 991 2371 1048 papa
2403 976 2676 1033 Paschalis
2704 978 2856 1048 (165)
2885 993 2983 1033 sua
3015 976 3335 1033 auctoritate
3354 976 3605 1033 ﬁrmavit.
3655 975 3817 1045 Quod

2224 1081 2395 1136 super
2422 1066 2713 1138 quemlibet
2755 1066 3224 1123 Vindocinensem
3278 1066 3604 1122 monachum
3659 1067 3815 1136 (163)

2223 1155 2361 1209 nulli
2387 1156 2647 1227 episcopo
2686 1163 3012 1227 potestatem
3040 1156 3277 1228 aliquam
3317 1171 3573 1211 exercere
3628 1155 3811 1215 liceat.

2223 1244 2294 1299 ab
2326 1244 2443 1314 ipso
2467 1244 2660 1300 eodem
2691 1244 2867 1301 felicis
2912 1245 3190 1300 memoriae
3239 1259 3383 1316 papa
3435 1244 3649 1299 Urbano
3707 1244 3812 1299 hoc

2222 1333 2385 1389 modo
2415 1333 2741 1405 prohibetur
2766 1351 2779 1388 :
2807 1357 2828 1382 α
2864 1335 3112 1390 Urbanus
3142 1333 3448 1404 episcopus,
3472 1350 3663 1388 servus
3691 1349 3818 1388 ser-

2222 1437 2415 1478 vorum
2447 1422 2567 1490 Dei,
2598 1422 2854 1478 omnibus
2883 1432 3089 1480 sanctae
3109 1430 3163 1478 et
3189 1421 3503 1492 apostolicae
3552 1421 3818 1478 Ecclesiae

2224 1510 2368 1577 filiis,
2420 1512 2652 1566 salutem
2708 1521 2762 1566 et
2815 1511 3172 1582 apostolicam
3230 1510 3690 1567 benedictionem.
3756 1511 3818 1565 In

2223 1601 2561 1657 Arvernensi
2580 1599 2811 1657 concilio
2830 1600 3194 1656 residentibus
3214 1599 3498 1657 nobiscum
3511 1598 3815 1655 Galliarum

2224 1690 2515 1762 episcopis,
2540 1697 2889 1761 praeceptum,
2932 1698 2985 1745 et
3014 1690 3199 1746 Romte
3227 1696 3420 1760 postea
3449 1689 3700 1759 praesenti
3720 1689 3817 1744 de-

2224 1788 2376 1836 creto
2404 1778 2679 1834 firmatum
2705 1787 2786 1834 est
2817 1786 2875 1833 ut
2902 1778 3088 1833 nullus
3147 1778 3529 1849 episcoporum
3586 1777 3675 1832 vel
3721 1793 3815 1831 ar-

2225 1869 2704 1940 chiepiscoporum
2731 1884 2898 1940 super
2925 1868 3220 1940 quemlibet
3261 1868 3586 1923 monachum
3615 1866 3820 1922 Vindoo

2225 1957 2465 2015 cinensis
2505 1957 2832 2013 monasterii
2889 1964 3215 2027 potestatem
3269 1955 3508 2028 aliquam
3564 1971 3817 2011 exercere

2224 2054 2543 2120 praesumat.
2603 2047 2992 2102 Monasterium
3048 2045 3192 2101 enim
3233 2045 3432 2116 ipsum,
3489 2051 3541 2099 et
3620 2044 3816 2099 fratres

2225 2135 2474 2207 ejusdem
2501 2134 2610 2192 loci
2667 2135 2741 2190 ita
2793 2134 3107 2206 specialiter
3155 2134 3256 2189 sub
3303 2132 3615 2205 apostolicae
3669 2134 3819 2188 sedis

2224 2225 2563 2294 defensione,
2594 2238 2663 2281 ac
2687 2224 2932 2282 Romana
2959 2223 3211 2280 libertate
3234 2222 3400 2296 positi
3422 2229 3547 2278 sunt
3569 2228 3626 2278 ut
3683 2222 3823 2278 nulli

2223 2438 2527 2509 acciperet.
2567 2435 2830 2513 Quorum,
2872 2434 3005 2491 visis
3032 2432 3516 2513 privilegiis,_cum
3543 2431 3622 2513 eis
3667 2431 3812 2513 resi-

2225 2502 2372 2565 stere
2398 2523 2504 2566 nec
2528 2502 2823 2574 vellemus,
2846 2522 2953 2563 nec
2990 2502 3296 2578 pessemu's,
3328 2504 3448 2560 sine
3471 2502 3812 2575 professione

2223 2582 2375 2636 illum
2406 2579 2813 2636 benediximus.
2855 2578 2952 2634 lllo
2979 2580 3239 2633 defuncto
3264 2585 3322 2648 te
3351 2590 3577 2648 quoque
3617 2581 3812 2645 postea

2222 2651 2620 2718 benediximus,
2649 2649 2853 2705 nullam
2882 2665 2916 2704 a
2944 2656 2998 2704 te
3044 2645 3450 2720 professionem
3484 2645 3802 2716 exigentes.

2223 2725 2473 2795 Accepta
2500 2717 2880 2801 benedictione
2898 2717 3103 2801 rogasti
3132 2734 3235 2801 nos
3259 2717 3558 2801 humiliter,
3608 2724 3677 2801 ιιιΔ
3706 2724 3810 2771 tua:

2221 2804 2275 2849 et
2304 2788 2667 2850 antecessoris
2695 2792 2769 2847 tui
2804 2788 3197 2847 benedictionis
3227 2789 3309 2846 sic
3358 2788 3509 2844 facta:
3561 2793 3805 2842 nostrum

2221 2866 2318 2920 tibi
2348 2864 2586 2938 sigillum
2632 2863 2909 2938 daremus,
2952 2871 3006 2917 et
3040 2877 3122 2938 ine
3165 2860 3362 2938 aliquis
3420 2874 3807 2938 successorum

2221 2930 2534 2992 nostro'rum
2562 2950 2596 2991 a
2614 2934 2720 2990 tuis
2750 2932 3164 3010 successoribus
3199 2930 3624 3010 professionem"
3652 2945 3807 3000 quin-

2222 3015 2384 3073 reret,
2417 3013 2604 3063 nostra
2641 3005 2959 3061 auctoritate
2989 3001 3805 3076 prohiberemus.Perbibemus

2220 3071 2407 3154 itaque
2437 3077 2800 3154 testimonium
2831 3071 3066 3154 veriteti,
3089 3074 3241 3154 quod
3292 3071 3617 3154 venerabilis
3670 3087 3805 3154 prga-

2220 3142 2482 3206 decessor
2510 3157 2634 3204 tuus
2665 3147 3004 3204 Fromundus
3032 3153 3085 3201 et
3107 3142 3167 3200 tu
3199 3145 3279 3200 sic
3309 3159 3343 3199 a
3371 3142 3526 3199 nobis
3573 3142 3805 3197 benedi-

2220 3220 2456 3277 ctionem
2482 3219 2792 3290 accepistis,
2825 3218 2971 3290 quod
3000 3216 3203 3290 nullam
3247 3214 3405 3271 nobis
3431 3213 3551 3290 _vel
3606 3223 3809 3269 nostra:

2219 3291 2485 3365 Ecclesia:
2513 3286 2913 3365 professionem
2942 3287 3404 3357 fecistis.lnsuper
3431 3286 3529 3340 Dei
3542 3292 3608 3365 et.
3624 3292 3812 3365 nostra

2219 3356 2547 3419 auctoritate
2577 3362 2933 3433 prohibemus
2964 3376 3031 3414 ne
3061 3356 3408 3433 successores
3437 3356 3610 3433 nostri
3639 3371 3673 3409 a
3701 3356 3809 3409 tuis

2220 3427 2638 3490 successoribus
2667 3431 3066 3504 professionem
3086 3429 3358 3504 _exigant,_
3375 3444 3445 3483 ne
3474 3427 3809 3504 tui_succe_s-

2220 3522 2373 3560 sores
2401 3505 2603 3578 nostris
2628 3498 2747 3559 eam
2795 3498 3214 3578 successoribus
3262 3499 3479 3555 faciant.
3535 3498 3810 3578 Concedi-

2218 3592 2341 3631 mus
2370 3576 2537 3631 etiam
2559 3574 2909 3638 monasterio,
2962 3574 3056 3629 cui
3086 3574 3200 3627 Deo
3252 3579 3475 3626 auctore
3522 3568 3807 3638 prmsides.

2216 3663 2436 3703 omnem
2464 3647 2788 3719 dignitatem
2816 3654 2869 3700 et
2897 3645 3229 3719 libertatem,
3261 3657 3427 3719 quam
3475 3640 3639 3719 bonae
3686 3655 3809 3719 mei-

2217 3719 2407 3775 morite
2436 3710 2813 3790 praedecessor
2840 3724 3025 3772 noster
3047 3710 3412 3769 Theodericus
3441 3710 3490 3790 ei
3519 3711 3808 3790 concessit,

2219 3798 2273 3846 et
2299 3781 2562 3862 quidquid
2593 3790 2647 3862 in
2682 3789 3010 3862 episcopatu
3067 3794 3252 3862 nosti-9
3301 3792 3413 3838 tam
3469 3784 3524 3836 in
3578 3781 3806 3862 decimis

2220 3853 2383 3935 quam
2409 3853 2467 3915 in
2496 3853 2755 3935 ecclesiis
2773 3859 2860 3915 vel
2884 3853 2945 3935 in
3000 3856 3327 3935 quibuslibet
3370 3853 3805 3935 possessionibus

2217 3923 2383 3987 hodie
2410 3932 2677 4002 possidet,
2709 3930 2760 3986 ei
2782 3928 3275 4002 coniimnamus,_et
3300 3923 3563 4002 quidquid
3594 3923 3681 4002 vei
3721 3923 3807 3979 le-

2216 3994 2735 4076 gitima'emptione,
2766 3999 3126 4076 veltidelium
3176 3994 3470 4076 donatione
3523 3994 3807 4076 acquirere

2220 4066 2451 4149 poterit:
2480 4066 2547 4149 Et
2574 4066 2832 4145 quoniam
2863 4072 3009 4149 idem
3040 4069 3424 4149 monasterium
3454 4066 3643 4136 procul
3670 4078 3753 4119 est
3775 4082 3804 4119 a

2215 4140 2373 4217 nobis
2401 4140 2749 4217 disiunctum,
2782 4143 3137 4199 concedimus
3169 4140 3267 4217 tibi
3318 4140 3533 4217 tuisque
3580 4152 3805 4217 succes-

2214 4216 2451 4280 soribus,
2483 4210 2573 4271 'ut
2623 4216 2694 4270 ad
2742 4229 3102 4288 quoscunque
3161 4210 3439 4288 volueritis
3515 4210 3805 4288 episcopos

2215 4289 2518 4343 monachos
2545 4280 3381 4358 vestros'ordinan'dosmittatis
3423 4280 3645 4358 eosdem
3695 4280 3806 4358 epi-

2214 4374 2413 4427 scopos
2445 4367 2724 4427 rogantes,
2757 4365 2813 4411 ut
2837 4373 2934 4412 eos
2974 4356 3093 4410 sine
3140 4352 3477 4412 haesitatione
3531 4351 3803 4410 ordinent,

2216 4428 2417 4483 nullam
2469 4430 2596 4500 inde
2652 4428 2841 4500 nostri,
2880 4428 2997 4500 sive
3028 4439 3449 4500 successorum
3499 4430 3805 4500 nostrorum

2216 4510 2466 4556 verentes
2494 4499 2777 4555 offensam.
2813 4499 3007 4571 Gratia;
3026 4496 3121 4571 Dei
3162 4504 3217 4571 et
3237 4494 3452 4571 Domini
3475 4492 3646 4546 nostri
3664 4492 3807 4571 .iesu

2216 4572 2421 4626 Christi
2448 4572 2517 4626 sit
2537 4587 2661 4627 cum
2683 4570 2909 4626 omnibu
2933 4569 3141 4623 seidem
3173 4569 3293 4623 loco
3313 4566 3417 4619 ista
3439 4563 3804 4618 servantibus.

2216 4642 2654 4699 Contradictores
2682 4651 2882 4706 autem,
2914 4640 3019 4695 nisi
3058 4637 3403 4707 resipuerint,
3454 4635 3506 4688 in
3545 4642 3808 4688 internum

2216 4722 2464 4783 pereant,
2495 4724 2550 4769 et
2577 4714 2632 4768 in
2659 4722 2867 4769 aeterna
2906 4718 3078 4767 morte
3105 4719 3159 4766 et
3190 4708 3539 4763 damnatione
3598 4719 3807 4775 perma-

2214 4794 2397 4841 neant.
2436 4806 2459 4836 ι

2286 4858 2434 4929 (162)
2465 4859 2619 4929 Papa
2649 4855 2961 4929 Paschalis,
2996 4850 3267 4929 Exstat‘in
3306 4847 3573 4929 armariis.
3598 4845 3807 4929 Vindo-

2215 4916 2865 4999 cinensibus'exemplum
2887 4923 3158 4997 privilegii
3180 4924 3367 4978 Romae
3388 4918 3576 4990 scripti
3604 4933 3643 4970 ιι
3684 4916 3808 4970 ldus

2218 4998 2418 5053 Martii.

2294 5072 2443 5138 (163)
2463 5069 2615 5137 Quod
2625 5085 2791 5140 super
2801 5065 3584 5140 quemlibetl'indocinensem
3608 5076 3805 5140 rnonaf

2214 5135 2545 5197 chum.Huic
2559 5135 2896 5194 simillimum
2915 5138 3062 5193 aliud
3084 5136 3283 5193 Urbani
3297 5135 3571 5190 decretum
3592 5138 3810 5185 servant

2215 5214 2669 5275 Vindocinenses,
2693 5212 2879 5264 datum
2914 5211 3101 5282 Romae
3142 5223 3241 5282 vni
3289 5204 3514 5282 Kalend.
3550 5202 3805 5282 Decemb.

2213 5283 2374 5339 Aliud
2409 5284 2538 5356 item
2564 5282 2807 5356 ejusdem
2835 5280 3036 5356 Urbani
3068 5278 3397 5356 rescriptum
3427 5275 3809 5356 ad'episcOpos

2215 5357 2436 5410 lvonem
2458 5355 2735 5410 Carnot.et
2747 5352 3031 5408 [tantillum
3053 5354 3448 5425 Santonensem
3469 5363 3483 5399 :
3503 5351 3677 5425 inquo
3693 5351 3811 5425 post

2213 5426 2314 5480 alia
2329 5427 2446 5482 haec
2459 5425 2855 5498 legunturzlpsi‘
2865 5426 3017 5478 enim
3035 5420 3373 5498 Afrvernensi
3384 5417 3622 5498 concilio
3634 5415 3811 5498 adfui-

2213 5500 2411 5555 stis.in
2436 5491 2541 5569 que
2556 5491 2937 5551 residentibus
2950 5495 3243 5569 nobiscum
3262 5491 3809 5569 Galliarum‘episco-

2210 5569 2299 5641 pis
2317 5560 2538 5624 dictum
2548 5571 2721 5641 est,et
2731 5568 3103 5641 pi'wsentium
3118 5566 3447 5641 (itterarum
3468 5560 3811 5614 auctoritate

2212 5634 2526 5719 ᾕηιηρητιιε,
2552 5643 2617 5719 αξ
2635 5634 2879 5719 δρίὲςοοῃξ
2909 5638 2993 5719 vel
3012 5634 3422 5719 archiepiswpi
3441 5646 3610 5719 super
3635 5644 3815 5719 quem-

2215 5704 2349 5766 libet
2381 5704 2789 5766 monachorum
2823 5704 3246 5783 l’indocinensis
3267 5704 3603 5783 monasterii
3639 5704 3815 5783 pages:

2216 5786 2396 5855 tatem
2425 5782 2681 5855 aliquam
2709 5794 2998 5855 εἶτεν-σενι,
3023 5781 3137 5835 sive
3167 5778 3234 5832 de
3261 5771 3816 5855 rebusnejusdemloci

2212 5839 2533 5976 xiiiil‘quam'
2545 5852 2867 5907 distrahere
2888 5865 3001 5906 non
3023 5850 3399 5923 praesumant.
3416 5839 3621 5908 Romae,
3636 5858 3673 5896 ll
3698 5839 3813 5896 Kal.

2274 5937 2311 5976 a
2364 5939 2429 5976 ll.

2274 5932 2429 5979 artu.
