3940 6416
194 444 261 499 97
1434 437 1812 495 erismae.
1859 470 1928 479 —
1967 419 2100 492 Lin.
2150 416 2224 492 ll.
3423 430 3490 500 '98

190 566 410 624 omnino
464 568 766 634 hominum,
798 566 902 622 nisi
944 567 1190 622 Romano
1219 562 1460 635 pontiﬁci
1517 572 1570 620 et
1600 580 1796 620 eorum
1824 568 1879 626 A
1907 562 2107 618 merito
2140 569 2351 631 teneam
2410 567 2759 633 suspensum,
2792 563 2882 636 qui
2935 581 3024 621 me
3068 554 3338 622 immerito
3394 558 3502 626 ha-

193 657 396 722 abbati,
428 657 486 711 in
521 657 654 728 ipsis
702 665 1025 728 potestatem
1063 653 1297 726 aliquam
1327 661 1419 707 aut
1465 653 1798 708 dominatio-

193 761 318 800 nem
358 745 520 800 liceat
549 745 859 802 vindicare.
927 744 985 801 Si
1013 743 1138 816 quis
1170 749 1354 798 autem
1374 741 1480 797 ista
1532 750 1800 798 temerare

195 833 430 888 scienter
476 834 902 906 praesumpserit,
973 831 1476 889 excommunicatus
1560 837 1798 896 maneat,

196 920 301 974 nisi
355 923 663 993 resipuerit,
722 933 776 978 et
829 924 1084 978 Romana:
1139 919 1403 977 Ecclesiae
1449 920 1798 975 satisfecerit.

197 1010 393 1064 Datum
425 1011 632 1076 Romae,
664 1028 701 1065 ιι
733 1011 1013 1066 Kalendas
1040 1007 1266 1080 Aprilis.
1305 1033 1327 1056 ι
1363 1007 1653 1079 Privilegia
1669 1023 1801 1063 san-

196 1105 296 1154 cta:
327 1099 584 1155 Romamn
614 1099 895 1166 Ecclesiae,
929 1099 1124 1172 quibus
1147 1097 1537 1153 monasterium
1555 1105 1803 1152 nostrum

198 1187 455 1249 munitur,
514 1189 670 1242 vobis
709 1188 948 1242 videnda
991 1203 1136 1258 saepe
1165 1185 1484 1242 obtulimus.
1515 1186 1622 1241 Sed
1678 1187 1804 1257 quia

200 1275 507 1330 sublimitas
530 1285 716 1331 vestra
776 1276 984 1331 distulit
1014 1275 1221 1341 videre,
1277 1275 1364 1330 vel
1408 1273 1596 1340 noluit,
1657 1291 1805 1346 quae-

200 1363 328 1417 dam
360 1381 423 1418 ex
483 1365 614 1435 ipsis
635 1373 830 1420 vestra:
860 1364 1135 1420 dilectioni
1167 1363 1491 1435 transcripta
1518 1362 1800 1425 mittimus.

200 1468 270 1506 ne
300 1452 562 1523 deinceps
610 1453 764 1526 quasi
796 1470 862 1509 ex
919 1452 1224 1523 ignorantia
1245 1460 1438 1509 contra
1487 1451 1803 1523 apostolicae

202 1540 312 1608 89
345 1541 494 1594 sedis
526 1541 927 1612 benignitatem
957 1541 1177 1596 brachia
1207 1539 1447 1614 erigatis,
1483 1557 1604 1612 qua:
1634 1556 1732 1596 vos
1752 1547 1803 1594 et

204 1643 305 1681 nos
336 1629 563 1694 creavit,
623 1646 730 1685 non
764 1630 964 1684 nostris
1021 1630 1252 1698 meritis,
1302 1630 1401 1686 sed
1448 1644 1546 1684 sua
1593 1629 1796 1701 gratia.

205 1716 390 1772 Valete
411 1718 464 1771 in
496 1718 731 1773 Domino
765 1735 1003 1790 semper.

680 1850 1022 1907 EPISTOLA
1057 1851 1317 1907 XXVIII.

203 1957 352 2012 Bono
368 1957 590 2013 domino
612 1962 666 2013 et
678 1961 772 2030 pio
805 1959 966 2014 Patri
1017 1958 1302 2029 Cof/“ride,
1339 1958 1641 2014 laudabilis
1673 1959 1800 2013 vita:

276 2048 547 2118 ερὶδεθρο,
599 2050 786 2117 frater
820 2047 1142 2118 Cof/“rictus,
1178 2047 1450 2120 quidquid
1494 2047 1687 2102 haberi
1716 2047 1802 2102 vel

275 2137 540 2191 mandari
558 2140 742 2206 potest
773 2137 1076 2193 salubrius.

271 2251 414 2303 Dum
444 2251 583 2322 apud
617 2253 820 2307 Bonam
860 2251 1070 2307 Vallem
1099 2252 1248 2321 (164)
1280 2267 1378 2308 vos
1415 2260 1466 2307 et
1496 2268 1596 2308 nos
1643 2249 1804 2306 simul

206 2354 474 2406 essemus,
499 2357 612 2410 pl‘ZB
667 2339 1030 2395 amaritudine
1053 2341 1221 2395 animi
1277 2340 1602 2412 perturbati,
1658 2356 1803 2410 prae-

208 2443 340 2481 sens
368 2429 552 2484 dicere
583 2429 732 2484 nolui
776 2428 920 2500 quod
942 2430 1140 2485 absens
1180 2429 1336 2485 vobis
1384 2429 1592 2496 scribo,
1617 2445 1685 2484 ne
1707 2443 1805 2484 vos

280 2599 428 2666 (164)
463 2602 668 2654 Bonam
709 2600 936 2654 Vallem.
968 2599 1084 2653 Lib.
1111 2614 1186 2662 1v,
1220 2598 1378 2668 epist.
1411 2599 1504 2652 H.

284 2669 430 2736 (Itis)
462 2671 579 2724 Non
603 2671 900 2725 bullatum.
939 2671 1066 2724 Sine
1096 2670 1240 2723 bulla
1273 2679 1325 2724 et
1355 2669 1557 2740 sigillo.
1592 2670 1808 2725 Balbo-

211 2738 315 2792 dus
335 2742 784 2810 arcliiepiscorms
833 2741 1173 2795 Trevirensis
1203 2740 1256 2793 in
1285 2738 1514 2808 epistOla
1561 2757 1657 2795 sua
1688 2742 1808 2794 for-

209 2817 389 2882 mata,
413 2811 558 2865 hanc
576 2813 871 2882 epistolam
895 2812 1109 2866 ercis
1141 2812 1352 2866 litteris
1369 2813 1501 2866 hinc
1516 2812 1646 2866 inde
1676 2829 1810 2868 mu-

207 2882 336 2935 nire
359 2881 728 2947 decrevimus,
766 2888 820 2937 et
845 2885 1062 2937 annqu
1086 2884 1349 2937 Ecclesiae
1376 2887 1572 2938 nostra
1591 2883 1809 2938 buttare

215 2953 562 3006 censuimus.
581 2953 724 3008 Bulla
738 2970 796 3007 re
826 2953 992 3007 etiam
1023 2953 1229 3007 litteras
1241 2953 1370 3007 dixit
1391 2954 1580 3008 Petrus
1597 2953 1813 3007 Blesen-

216 3022 312 3086 sis,
346 3025 670 3092 obsngnare.
711 3023 851 3092 Quin
884 3033 936 3078 et
967 3023 1244 3078 Bullarum
1275 3024 1402 3078 inde
1432 3039 1628 3078 nomen
1647 3023 1813 3093 diplo-

217 3093 376 3164 matis
407 3093 720 3163 pontificum
773 3103 825 3149 et
856 3095 1262 3164 imperatorum,
1325 3103 1381 3148 ut
1439 3096 1812 3149 Formatarum

218 3163 604 3235 ecclesiasticis
660 3165 964 3219 antistitum
1029 3165 1292 3235 epistolis,
1367 3180 1401 3220 a
1459 3165 1652 3226 forma,
1713 3181 1812 3220 seu

217 3234 400 3308 sigillo
428 3237 572 3308 quod
603 3236 918 3308 addebatur,
952 3245 1009 3290 ut
1038 3234 1166 3290 alibi
1195 3236 1295 3305 (Ad
1324 3237 1491 3308 epist.
1533 3240 1584 3303 8,
1615 3236 1714 3290 lib.
1755 3252 1810 3290 γι

215 3305 398 3376 Apoll.
434 3305 666 3375 Sidon.),
694 3307 743 3360 si
777 3308 921 3361 Deus
953 3308 1114 3373 volet,
1137 3305 1509 3363 ostendemus.

289 3377 437 3450 (166)
460 3379 1096 3450 Paris_ius/actu1n_est.
1153 3378 1654 3450 Privilegiumhoc
1681 3379 1813 3450 Cal-

219 3446 349 3521 iisti,
377 3464 498 3521 non
554 3447 732 3521 solum
763 3457 821 3521 ut
849 3447 1246 3521 confirmentur
1275 3446 1396 3521 qua:
1418 3451 1486 3504 de
1507 3449 1600 3504 illo
1619 3449 1816 3505 scribit

218 3517 516 3583 Goﬂ'ridus,
549 3519 644 3574 sed
685 3520 808 3590 quia
849 3520 1152 3590 praecipuas
1181 3517 1496 3576 monasterii
1552 3521 1812 3577 Vindoci-

223 3590 408 3660 uensis
438 3591 829 3660 praerogativae
857 3598 908 3645 et
937 3591 1304 3646 immunitates
1359 3591 1621 3657 continet,
1653 3592 1730 3646 ita
1756 3599 1814 3646 ut

217 3658 388 3735 instar
419 3658 705 3716 multorum
725 3677 859 3735 esse
885 3662 1080 3735 possit,
1113 3662 1385 3735 integrum
1416 3663 1809 3718 describemus.

217 3731 330 3786 Hoc
364 3747 495 3787 vero
526 3740 608 3786 est
627 3731 1010 3804 antigrapbum
1045 3750 1057 3784 :

222 3838 450 3894 Callisti
476 3839 524 3893 Il
539 3839 1179 3914 privilegiam___Parisiis
1208 3841 1408 3914 datum
1451 3858 1552 3914 pro
1581 3858 1814 3898 monas-

704 3911 845 3965 terio
891 3910 1316 3967 Vindocinensi.

293 4017 548 4088 Callistus
579 4017 888 4088 episcopus,
926 4034 1116 4072 servus
1147 4034 1434 4074 servorum
1462 4019 1584 4085 Dei,
1617 4019 1816 4076 dilecto

221 4088 333 4144 ﬁlio
387 4087 649 4143 Gaufrido
730 4089 1149 4144 Vindocinensis
1233 4091 1550 4145 monasterii
1611 4091 1812 4157 abbati,

222 4161 452 4231 ejusque
496 4160 905 4215 successoribus
962 4160 1288 4231 regulariter
1316 4161 1705 4216 substituendis
1762 4162 1817 4216 in

225 4240 570 4304 perpetuum.

299 4300 336 4352 ι⁷
357 4303 488 4374 Cum
515 4300 788 4374 universis
815 4301 1074 4358 Ecclesiae
1101 4305 1302 4358 sancta:
1333 4301 1455 4357 ﬁliis
1499 4320 1562 4358 ex
1592 4311 1816 4374 aposto-

221 4373 342 4429 licae
371 4373 518 4428 sedis
538 4372 856 4428 auctoritate
886 4389 949 4428 ac
969 4374 1347 4429 benevolentia
1376 4372 1654 4430 debitores
1699 4375 1816 4429 exi-

223 4452 449 4517 stamus,
481 4443 586 4497 illis
617 4452 810 4517 tamen
850 4443 982 4517 locis
1003 4454 1165 4517 atque
1218 4445 1491 4517 personis,
1541 4461 1660 4517 qua:
1688 4462 1818 4517 spe-

221 4515 415 4571 cialius
443 4523 605 4584 atque
643 4514 967 4570 familiarius
1023 4514 1282 4570 Romanae
1302 4514 1576 4571 adhaerent
1628 4514 1821 4572 Eccle-

225 4587 342 4650 siae,
397 4585 741 4656 propensiori
815 4600 914 4639 nos
996 4586 1248 4641 convenit
1296 4587 1572 4640 charitatis
1636 4587 1818 4642 studio

224 4655 538 4711 imminere.
576 4655 961 4724 Quamobrem,
1021 4656 1343 4711 charissime
1392 4657 1447 4710 in
1477 4659 1688 4712 Christo
1745 4657 1820 4712 ﬁli

225 4727 489 4783 Gaufride
536 4728 727 4792 abbas,
795 4727 897 4781 tuis
968 4727 1322 4798 petitionibus
1360 4743 1467 4782 non
1551 4728 1818 4784 immerito

223 4799 570 4854 annuendum
615 4798 948 4864 censuimus,
1009 4807 1064 4852 ut
1094 4797 1494 4853 Vindocinense
1549 4807 1820 4854 monaste-

222 4871 386 4930 rium,
418 4870 505 4924 cui
565 4871 679 4924 Deo
710 4879 942 4940 auctore
959 4869 1248 4932 praesides,
1275 4869 1418 4940 quod
1447 4869 1704 4924 videlicet
1748 4870 1819 4924 ab

218 4941 354 5011 ipsis
386 4940 759 4996 fundator-ibus
799 4939 1063 4995 Gaufrido
1094 4939 1489 5010 Andegavensi
1513 4941 1711 4995 comite
1766 4949 1822 4995 et

219 5016 431 5083 Agnete
465 5011 785 5066 Pictaviensi
809 5011 1084 5066 comitissa
1097 5011 1212 5066 sedi
1231 5011 1547 5080 apostolicae
1575 5012 1818 5065 ablatum

219 5093 322 5148 est,
343 5084 408 5138 ad
442 5083 909 5152 praedecessorum
939 5091 1251 5138 nostrorum
1283 5091 1485 5136 sanctae
1540 5083 1820 5138 memorias

220 5154 540 5214 Alexandri,
578 5153 804 5217 Urbani,
837 5153 1112 5208 Paschalis
1169 5153 1536 5208 Romanorum
1593 5153 1816 5222 pontifi-

219 5242 343 5280 cum
367 5225 648 5294 exemplar
695 5225 1010 5294 apostolicze
1057 5225 1204 5279 sedis
1235 5224 1522 5294 privilegio
1579 5223 1818 5279 munire-

223 5313 373 5352 mus.
417 5296 573 5350 Sicut
595 5312 730 5364 ergo
765 5294 931 5348 iidem
962 5294 1281 5350 fundatores
1309 5296 1668 5359 devoverant,
1701 5295 1819 5349 etin

219 5367 795 5438 eorumchirographo
825 5366 1149 5426 continetur,
1183 5365 1284 5438 sub
1327 5365 1822 5438 apostoliczesedis

217 5437 537 5492 defensione
569 5436 631 5492 ac
661 5438 901 5492 Romana
939 5437 1186 5492 libertate
1218 5437 1288 5492 ab
1332 5436 1477 5490 omni
1509 5437 1820 5492 conditione

219 5509 450 5563 aliarum
509 5524 870 5577 personarum
901 5509 1207 5563 absolutum
1241 5525 1462 5578 semper
1510 5517 1562 5562 et
1590 5508 1820 5562 liberum

218 5580 366 5634 idem
395 5579 782 5634 monasterium
814 5595 1138 5648 permanere
1169 5579 1466 5635 sancimus.
1492 5579 1574 5633 Ita
1621 5578 1820 5632 videli-

219 5658 306 5706 cet
357 5657 415 5703 ut
467 5650 604 5704 inter
661 5650 968 5704 Romanum
1027 5649 1336 5721 pontificem
1369 5659 1422 5704 et
1451 5658 1524 5715 te,
1571 5658 1820 5721 tuosque

217 5736 586 5794 successores,
610 5720 1470 5794 nullacujuscunquedignitatis
1500 5720 1586 5794 vel
1613 5720 1822 5794 ordinis

219 5808 459 5864 persona
519 5791 606 5864 sit,
639 5791 816 5864 media
857 5791 1276 5864 liabeatur.iNeé
1308 5793 1427 5863 ipse
1453 5791 1822 5848 Vindocinen-

220 5861 297 5918 sia
326 5862 581 5935 abbasad
615 5861 909 5918 concilium
974 5863 1071 5930 ire,
1106 5862 1198 5917 ubi
1249 5861 1407 5935 papa:
1437 5878 1673 5935 persona
1712 5878 1821 5917 non

218 5935 412 6003 aderit,
445 5934 718 5992 ullatenus
768 5941 1012 6005 cogatur.
1068 5933 1268 5990 Porro‘
1299 5933 1586 5991 ecclesiam
1644 5935 1822 5990 Beata:

1842 3287 1892 3349 C

1908 659 2105 714 buistis
2135 668 2478 730 suspectum.
2518 662 2755 716 Animus
2768 661 2969 732 quippe
2984 679 3134 718 meus
3157 663 3310 736 juste
3326 664 3506 723 fuerat

1907 755 2280 827 perturbatus,
2311 756 2434 828 quia
2456 757 2592 813 mala
2616 775 2713 829 pro
2745 759 2920 824 bonis,
2955 760 3136 815 odium
3187 762 3372 834 utique
3401 779 3503 834 pro

1911 844 2201 901 dilectione
2230 861 2351 902 mea
2407 846 2709 903 sentiebam
2749 848 2885 902 mihi
2917 850 3158 914 retribui,
3193 852 3507 908 retributio-

1909 949 2034 988 nem
2067 933 2339 999 videlicet,
2400 952 2560 1007 quam
2607 937 2755 991 Deus
2789 953 2890 992 nec
2932 938 3100 1004 novit,
3137 954 3239 996 nec
3285 941 3496 997 docuit.

1912 1030 2189 1102 Quidquid
2219 1033 2580 1088 seminatores
2609 1033 3008 1090 discordiarum
3038 1035 3386 1109 subpungant
3416 1038 3506 1095 vel

1910 1127 2216 1194 mussitent,
2248 1138 2554 1199 praesentes
2582 1130 2775 1186 littera:
2804 1147 2910 1185 non
2954 1131 3260 1188 fabularum
3282 1134 3507 1192 relatio-

1912 1233 2060 1283 nem,
2093 1217 2190 1272 sed
2219 1234 2409 1288 puram
2443 1218 2737 1290 loquentur
2763 1219 3071 1287 veritatem,
3131 1239 3219 1278 me
3258 1223 3510 1280 videlicet

1911 1312 2045 1367 nihil
2075 1329 2313 1384 unquam
2344 1323 2531 1369 contra
2563 1329 2680 1383 vos,
2727 1313 2814 1370 vel
2842 1323 3027 1370 contra
3054 1316 3357 1372 Ecclesium
3413 1335 3506 1375 ve-

1913 1410 2077 1456 stram
2107 1418 2136 1456 a
2166 1402 2392 1457 domino
2438 1418 2576 1474 papa
2624 1403 2834 1459 Calixto
2883 1405 3182 1476 quaesiisse,
3213 1406 3301 1461 vel
3330 1406 3506 1478 ipsum

1912 1489 2130 1546 fecisse.
2183 1490 2540 1562 Privilegium
2600 1491 2820 1564 quidem
2874 1494 3018 1562 apud
3075 1495 3326 1566 Stampas
3370 1495 3510 1551 mihi

1913 1587 2031 1642 fieri
2060 1588 2265 1656 debuit,
2289 1597 2342 1644 et
2372 1589 2639 1660 scriptum
2690 1588 2818 1643 fuit.
2858 1590 2964 1646 Sed
2997 1591 3121 1662 quia
3150 1592 3206 1646 in
3233 1608 3299 1648 eo
3354 1610 3508 1665 quaa-

1913 1685 2036 1739 dam
2061 1693 2184 1740 sunt
2213 1685 2410 1756 posita,
2452 1701 2573 1758 quas
2604 1702 2782 1758 neque
2810 1687 3072 1745 Ecclesia
3098 1697 3293 1746 vestrae
3333 1690 3504 1759 utilia,

1913 1798 2088 1854 neque
2110 1782 2444 1838 monasterio
2470 1791 2660 1839 nostro
2707 1785 3022 1840 necessaria
3050 1785 3392 1854 videbantur,
3448 1786 3506 1844 in

1914 1872 2057 1938 loco,
2108 1887 2214 1943 quo
2271 1871 2534 1943 scriptum
2589 1871 2783 1940 fuerat,
2855 1874 3121 1930 remansit
3174 1891 3284 1930 non
3324 1875 3508 1932 bulla-

1830 1929 1880 1991 Β
1911 1969 2020 2015 tum
2043 1929 2228 2030 ’(165).
2295 1929 2490 2016 Postea
2537 1977 2671 2018 vero
2703 1929 2946 2018 Pa'risius
2982 1929 3180 2019 factum
3225 1929 3511 2037 (166)—"ewst

1907 2049 2276 2121 privilegium,
2309 2049 2365 2104 in
2423 2066 2532 2121 quo
2578 2051 2820 2122 dignitas
2877 2060 2929 2106 et
2963 2053 3137 2108 honor
3191 2055 3511 2111 monasterii

1909 2139 2082 2193 nostri
2140 2148 2477 2194 memoratur
2533 2139 2739 2210 pariter
2793 2147 2847 2195 et
2897 2139 3156 2209 ﬁrmatur,
3215 2159 3316 2199 nec
3340 2143 3396 2198 in
3443 2158 3509 2200 eo

1911 2228 2094 2283 honor
2122 2227 2385 2284 Ecclesiae
2413 2229 2522 2297 90
2552 2237 2745 2284 vestrae
2801 2228 3080 2302 minuitur,
3112 2231 3210 2286 sed
3252 2240 3506 2305 augetur.

1911 2329 2068 2399 Quod
2097 2337 2245 2401 patet
2276 2329 2550 2394 omnibus,
2606 2329 2701 2402 qui
2723 2329 2966 2386 invidum
2997 2333 3212 2389 oculum
3269 2351 3378 2390 non
3408 2335 3511 2391 ha-

1914 2421 2058 2486 bent,
2093 2435 2195 2476 nec
2225 2419 2448 2491 obliquo
2477 2419 2655 2474 sidere
2670 2435 2762 2475 res
2793 2419 2932 2476 bene
2945 2429 3132 2494 gestas
3159 2424 3511 2482 considerare

1987 2594 2192 2675 Prisce
2315 2603 2498 2676 monte
2527 2596 2804 2680 Aventino.
2835 2597 3012 2680 sitam,
3047 2615 3208 2680 quam
3241 2615 3361 2680 cum
3391 2599 3513 2680 uni-

1915 2665 2465 2737 versisportinentiis
2494 2667 2609 2721 suis
2640 2667 2884 2737 praedicti
2931 2665 3135 2725 domini
3156 2672 3330 2726 nostri
3375 2672 3510 2728 Ale-

1915 2736 2110 2791 xandri
2141 2752 2296 2808 papa:
2339 2736 2696 2816 concessione
2750 2740 3188 2816 przedecessores
3241 2744 3315 2797 tui
3342 2743 3510 2816 longo

1917 2817 2159 2884 tempore
2197 2808 2868 2884 possedisse_noscuntur,
2916 2811 3021 2884 tibi
3041 2812 3253 2884 tuisque
3285 2808 3512 2870 succe's-

1916 2879 2135 2953 soribus
2161 2893 2283 2953 cum
2312 2879 2460 2934 omni
2489 2879 2774 2953 dignitate,
2805 2898 2933 2953 quae
2958 2882 3024 2936 ad
3058 2879 3308 2938 eamdem
3340 2889 3514 2941 eccle-

1917 2950 2055 3025 siam
2075 2950 2331 3020 pertinet,
2382 2949 2767 3025 confirmamus
2815 2949 3255 3025 sanctiSpiritus
3304 2955 3512 3024 judicio

1917 3019 2298 3092 decernentes,
2359 3029 2417 3076 ut
2444 3019 2594 3076 nulla
2613 3022 2872 3092 deinceps
2904 3019 3280 3081 ecclesiastica
3305 3019 3512 3082 'saacu-

1917 3091 2120 3145 larisve
2158 3106 2394 3162 persona
2418 3092 2736 3162 praedictam
2767 3091 2949 3148 Beata:
2973 3095 3172 3150 Priscae
3221 3095 3512 3152 ecclesiam

1918 3161 2322 3234 seuhecclesite
2366 3161 2688 3234 dignitatem
2734 3163 2830 3218 tibi
2878 3163 3050 3220 tuisve
3098 3167 3513 3224 successoribus

1920 3231 2161 3308 qualibet
2193 3231 2553 3308 _aslutia'vel
2603 3235 2899 3308 occasione
2939 3235 3152 3308 auferre
3196 3247 3508 3308 praesumat.

1921 3304 2087 3379 Quod
2111 3304 2156 3358 si
2185 3303 2640 3379 fortecontigerit
2668 3305 2925 3361 Romanae
2946 3303 3213 3379 legatum'
3248 3309 3512 3366 Ecclesia:

1920 3374 2240 3451 praedictum
2273 3374 2727 3451 ___Vindocinense
2791 3374 3185 3451 monastErium
3270 3380 3511 3451 visitare,

1920 3445 2242 3522 charitative
2271 3445 2346 3500 ibi
2385 3445 2730 3517 suscipiatur,
2755 3448 2881 3522 etei
2901 3447 3186 3522 juxtaloci
3233 3445 3514 3522 possibili-'-

1920 3525 2088 3589 tatem
2143 3517 2438 3588 diligenter
2479 3533 2603 3589 quae
2669 3517 3134 3589 corpori'fuerint
3206 3517 3516 3579 necessaria

1920 3586 2532 3660 ministrentur._Porro
2577 3586 2796 3660 legatus
2846 3589 2964 3660 ipse
3020 3591 3075 3645 in
3134 3593 3329 3648 eodem
3383 3593 3515 3651 loco

1922 3658 2056 3712 nihil
2084 3675 2182 3739 per
2211 3657 2590 3739 sedisponere
2618 3657 2706 3714 vel
2753 3657 3030 3739 corrigere
3059 3663 3280 3739 audeat,
3336 3680 3515 3736 neque

1923 3729 2216 3802 occasione
2273 3729 2563 3802 legationis
2618 3739 2881 3802 rectorem
2903 3729 3018 3788 loci
3048 3733 3134 3788 vel
3163 3729 3362 3791 fratres
3392 3729 3515 3792 nio-

1923 3800 2120 3855 lestare
2175 3800 2468 3879 presumat
2526 3820 2540 3867 ;
2581 3801 2696 3879 _s_ed
2726 3801 2772 3857 si
2801 3802 2932 3879 quid
2953 3802 3517 3879 forteAcorrigendum

1924 3871 2264 3947 cognoverit,
2297 3871 2764 3947 papaenotiﬁcare
2805 3871 3015 3947 licebit.
3090 3875 3152 3947 Si,
3175 3871 3306 3947 quis
3332 3886 3517 3934 autem

1925 3947 2190 4014 adversus
2219 3942 2399 4014 locum
2454 3942 2608 3998 illum
2638 3958 2739 4014 pro
2771 3943 3040 4014 aliquibus
3085 3942 3247 4001 rebus
3302 3948 3518 4004 causari

1925 4013 2176 4079 voluerit,
2217 4013 2528 4068 nullatenus
2583 4013 2755 4068 abbas
2795 4013 2884 4070 vel
2937 4015 3134 4071 fratres
3186 4017 3239 4073 ei
3280 4035 3516 4079 respon-

1923 4084 2106 4157 deant,
2160 4093 2450 4157 antequam
2496 4085 2801 4157 Romanum
2851 4085 3164 4157 pontiﬁcem
3208 4084 3514 4152 consulant.

1925 4155 2050 4226 quia
2078 4156 2224 4226 quod
2253 4155 2372 4211 sine
2412 4164 2600 4211 nostro
2655 4156 2741 4212 vel
2771 4155 3157 4214 successorum
3205 4169 3518 4217 nostrorum

1919 4225 2132 4296 judicio
2151 4225 2475 4282 distractum
2505 4227 2590 4282 vel
2612 4226 2904 4282 difﬁnitum
2925 4227 3106 4295 fuerit,
3131 4229 3344 4286 irritum
3375 4232 3507 4289 erit.

1925 4297 2169 4371 Sanead
2194 4297 2451 4371 indicium
2489 4306 2768 4371 percepta:
2795 4298 2958 4371 hujus
2986 4315 3021 4356 a
3047 4301 3292 4358 Romana
3328 4303 3520 4362 Eccle-

1926 4371 2005 4446 sia
2033 4367 2321 4446 libertatis
2360 4367 2882 4446 d_uodecimsolido_s
2923 4380 3160 4446 monetae
3176 4381 3377 4446 vestra:
3427 4392 3520 4446 pa-

1927 4440 2042 4520 triae
2063 4439 2355 4520 quotannis
2386 4440 2672 4520 Lateranh
2703 4440 2897 4520 palatio
2926 4443 3264 4520 persolvetis.
3327 4445 3385 4502 Si
3413 4439 3522 4520 qua

1925 4509 2096 4588 igitur
2123 4511 2176 4564 in
2208 4511 2444 4566 futurum
2477 4509 2848 4588 ecclesiastica
2883 4509 3239 4588 saecularisve
3259 4509 3517 4588 persona,

1931 4583 2070 4637 hanc
2099 4589 2299 4637 nostra:
2341 4583 2745 4664 constitutionis
2802 4583 3062 4664 paginam
3084 4583 3284 4664 sciens,
3333 4596 3520 4664 contra

1849 4645 1900 4704 D
1932 4669 2054 4709 eam
2110 4661 2320 4708 temere
2395 4652 2580 4709 venire
2636 4645 2941 4718 tentaveiit,
2986 4658 3228 4712 secundo
3268 4645 3521 4716 'tertiove

1927 4723 2483 4798 commonita,_sinon
2516 4724 2887 4798 satisfactione
2917 4741 3159 4798 congrua
3189 4731 3524 4787 emendave-

1926 4796 2016 4860 rit,
2048 4795 2334 4868 potestatis
2365 4795 2696 4868 honorisque
2713 4796 2796 4850 sui
2825 4795 3094 4868 dignitate
3123 4809 3324 4865 careat,
3344 4815 3524 4857 ream-

1927 4884 2033 4938 que
2054 4882 2114 4921 se
2147 4866 2331 4922 divino
2373 4866 2578 4942 judicio
2611 4866 2688 4942 de
2744 4866 3050 4938 perpetrata
3096 4869 3377 4942 iniquitate
3423 4887 3524 4928 co-

1927 4937 2175 5014 gnoscat,
2212 4945 2350 5014 _et_a
2373 4937 2759 5014 sacratissimo
2783 4937 3013 5014 corpore
3043 4947 3097 4996 et
3111 4937 3396 5014 sanguine
3420 4943 3522 4999 Dei

1926 5017 1980 5080 et
2012 5008 2228 5062 Domini
2275 5008 2653 5080 Redemptoris
2707 5008 2891 5065 nostri
2915 5011 3042 5066 lesu
3098 5008 3293 5067 Christi
3346 5013 3527 5070 aliena

1927 5077 2044 5150 fiat,
2086 5079 2359 5150 atqueiin
2415 5077 2662 5135 extremo
2717 5082 2966 5137 examine
3013 5082 3274 5140 districta:
3331 5085 3526 5141 ultioni

1927 5149 2224 5219 subjaceat.
2253 5149 2472 5206 Cunctis
2495 5161 2674 5206 autem
2706 5151 2883 5208 eidem
2906 5152 3026 5210 loco
3055 5155 3155 5208 ista
3178 5156 3524 5212 servantibus

1928 5220 1994 5296 sit
2025 5235 2129 5289 pax
2160 5221 2378 5296 Domini
2409 5223 2581 5296 nostri
2609 5224 2764 5296 _Jesu
2795 5223 3014 5296 Christi,
3057 5235 3322 5296 rpialenus
3351 5236 3404 5282 et
3432 5227 3527 5284 hic

1927 5291 2163 5378 fructum
2200 5292 2376 5378 ‘bonas
2423 5293 2652 5375 actionis
2694 5294 3018 5378 percipiant.
3077 5291 3133 5378 et
3175 5299 3318 5378 apud
3343 5298 3528 5378 distri-

1929 5371 2074 5487 qtum
2110 5362 2356 5418 Judicem
2428 5364 2654 5434 praemia
2695 5362 2950 5422 ‘aetcr'nae
2994 5367 3147 5438 pacis
3210 5362 3516 5427 inveniant.

1929 5459 1944 5487 Α
1978 5449 2128 5487 men.

1927 5449 2100 5488 amen
2115 5474 2128 5486 .

2006 5528 2026 5552 ι.
2052 5505 2172 5583 Ego
2200 5503 2754 5583 Callistuscatbolicae
2784 5507 3048 5583 Ecclesiae
3089 5511 3383 5583 episcopus
3411 5511 3520 5570 SS.

2003 5598 2024 5623 α
2063 5575 2262 5654 Datum
2285 5576 2512 5654 Parisiis
2526 5593 2644 5654 _per
2670 5575 3300 5654 manumerysogonii'r
3323 5592 3528 5640 sanctae

1930 5647 2191 5702 Romanae
2220 5645 2480 5701 Ecclesia:
2509 5645 2725 5703 diaconi
2753 5645 3051 5706 cardinalis
3081 5645 3530 5710 ac'bibliotheca-

1928 5719 2019 5779 rii.
2082 5733 2182 5771 vm
2236 5717 2364 5771 ldus
2411 5717 2689 5786 Obtobris,
2725 5719 2919 5778 indict.
2958 5737 3077 5787 xm,
3105 5723 3403 5780 Dominicas
3430 5727 3528 5780 In-

1928 5787 2257 5845 carnationis
2321 5803 2465 5843 anno
2550 5789 2839 5847 millesimo
2923 5793 3226 5849 centesimo
3313 5795 3529 5852 decimo

1927 5876 2096 5927 nono,
2127 5858 2472 5940 pontificatus
2502 5869 2681 5917 autem
2733 5862 2950 5921 Domini
3000 5863 3209 5922 Callisti
3266 5866 3314 5918 ll
3368 5880 3528 5938 papae

1929 5948 2074 5990 anno
2101 5946 2314 6004 primo.
2364 5956 2384 5981 ιι
