3940 6432
511 358 578 409 99

1518 346 1852 404 GOFFRIDI
1889 344 2180 402 ABBATIS
2219 343 2793 404 VINDOCINENSIS.

3704 351 3799 403 100

511 486 801 536 conantur.
839 477 998 533 Absit
1047 478 1149 534 hoc
1178 493 1210 532 a
1239 475 1553 532 sinceritate
1611 475 1808 531 animae
1830 490 1986 542 meae,
2048 476 2110 527 ut
2136 475 2194 536 Α
2224 473 2456 528 concilio
2487 477 2636 544 (174)
2669 490 2835 545 super
2854 475 2960 530 hoc
2988 474 3292 539 diffinitam,
3332 479 3386 528 et
3431 473 3500 528 ab
3556 472 3801 528 omnibus

507 568 684 624 amico
707 568 795 623 vel
825 567 1045 623 inimico
1103 566 1248 621 aliud
1270 572 1580 636 promptum
1635 563 1692 618 in
1730 563 1920 635 lingua
1951 560 2110 618 exhi-

510 659 688 727 beam,
724 666 773 712 et
803 655 950 712 aliud
1006 665 1218 711 teneam
1269 654 1515 710 clausum
1571 654 1624 708 in
1657 662 1902 724 pectore.
1971 649 2108 706 Illud

509 747 774 804 veraciter
804 745 1042 801 credatis
1073 744 1218 815 quod
1241 743 1296 798 in
1329 742 1624 814 privilegio
1651 741 1770 812 ipso
1802 740 1949 795 nulla
1979 755 2110 795 con-

507 846 586 892 tra
615 835 914 892 Ecclesiam
953 841 1208 901 vestram,
1242 833 1332 888 vel
1363 833 1434 887 de
1464 831 1714 888 Ecclesia
1736 839 1920 886 vestra
1964 829 2112 884 facta

510 934 589 982 est
620 925 838 979 mentio.
864 921 1020 991 Quod
1071 921 1120 976 si
1171 921 1428 976 dominus
1456 936 1596 992 papa
1645 919 1849 990 aliquid
1880 919 1950 974 de
2007 933 2108 973 suo

507 1014 665 1069 nobis
684 1012 927 1074 contulit.
961 1026 1063 1066 nec
1091 1010 1250 1064 vobis
1294 1011 1441 1082 quod
1472 1018 1718 1065 vestrum
1749 1016 1834 1063 est
1864 1008 2105 1074 abstulit,

505 1119 602 1159 vos
625 1102 905 1157 dominum
928 1109 1173 1155 nostrum
1195 1107 1248 1154 et
1277 1098 1693 1170 praecordialem
1713 1098 1951 1153 amicum
1980 1097 2108 1156 inde

501 1191 677 1248 laetari
705 1189 1104 1246 desideramus.
1165 1187 1278 1244 Sed
1308 1187 1354 1244 si
1377 1187 1585 1243 inimici
1637 1185 1812 1242 nostri
1832 1186 1958 1240 inde
2015 1185 2104 1240 lu-

504 1289 633 1354 gent
663 1288 713 1336 et
743 1279 1149 1343 contristantur,
1198 1292 1305 1332 nos
1351 1276 1557 1332 idcirco
1604 1275 1750 1348 quod
1806 1274 2109 1346 apostolica

501 1369 822 1426 auctoritate
844 1365 1113 1422 ﬁrmatum
1143 1374 1245 1432 est,
1265 1374 1428 1439 atque
1451 1365 1553 1420 sub
1589 1365 1932 1420 anathemate
1961 1363 2104 1436 liga~

500 1466 636 1526 tum,
667 1473 770 1515 nec
815 1471 1106 1528 possumus
1154 1454 1389 1522 solvere,
1422 1471 1523 1512 nec
1552 1455 1840 1510 debemus.
1889 1453 2100 1524 Valete,

501 1556 556 1604 et
583 1548 629 1602 si
659 1548 798 1603 bene
828 1547 1038 1601 locutus
1069 1561 1209 1610 sum,
1257 1553 1312 1600 et
1344 1545 1483 1600 bene
1514 1551 1791 1615 operatus,
1850 1542 2102 1599 testimo-

497 1636 645 1692 nium
676 1635 987 1708 perhibete.
1027 1635 1150 1690 Non
1179 1633 1327 1690 enim
1348 1641 1536 1690 contra
1567 1633 1983 1704 memetispsum
2013 1631 2102 1688 fa-

493 1741 620 1784 cere
645 1725 929 1794 consuevi,
957 1739 1060 1782 nec
1089 1731 1338 1780 nostram
1367 1722 1623 1780 mordere
1667 1721 1940 1795 linguam,
1972 1735 2100 1777 cum

494 1813 643 1890 loqui
679 1813 870 1871 debui.

990 1945 1332 2005 EPISTOLA
1367 1943 1582 2002 XXIX.

494 2086 644 2144 Bono
661 2083 890 2142 domino
903 2089 958 2140 et
980 2098 1083 2139 suo
1101 2083 1368 2140 viscerali
1389 2083 1592 2148 amico,
1617 2079 1868 2152 GOITI'idO
1887 2079 2092 2136 lauda—

565 2176 692 2232 bilis
720 2176 850 2230 vitae
879 2173 1160 2244 episcOpo,
1199 2174 1390 2242 frater
1423 2170 1713 2242 Gof/‘ridus
1761 2186 1974 2242 puram
2003 2170 2094 2225 di-

565 2266 889 2330 lectionem,
918 2264 972 2317 et
987 2260 1478 2334 puraedileclionis
1509 2261 1869 2315 servitutem.

562 2399 771 2454 Doceat
798 2412 900 2452 nos
929 2395 1150 2451 decreta
1179 2402 1496 2449 sanctorum
1527 2393 1900 2449 Romanorum
1948 2409 2091 2464 pon-

492 2486 722 2556 tiiicum,
768 2485 964 2540 Leonis
1011 2483 1266 2539 videlicet
1310 2483 1457 2552 (167)
1514 2481 1720 2554 magni,
1781 2481 2092 2552 Symmachi

491 2575 666 2646 (168),
699 2573 898 2630 Felicis
927 2574 1075 2643 (169,
1101 2571 1358 2642 Gregorii
1379 2571 1549 2640 (1⁸70),
1588 2569 1890 2626 tlormisdae
1918 2571 2086 2642 (ΓΗ),

493 2664 626 2720 Sixti
655 2664 826 2732 (1'72),
850 2661 1076 2716 Eusebii
1107 2661 1278 2731 (173),
1308 2659 1514 2714 nullum
1547 2659 1660 2714 suis
1691 2659 1854 2714 rebus
1884 2675 2088 2730 exspo-

491 2751 700 2819 liatum,
762 2751 846 2808 vel
883 2767 913 2806 a
945 2749 1165 2822 propria
1211 2749 1342 2804 sede
1381 2747 1617 2819 pulsum,
1646 2745 1705 2802 in
1763 2747 1945 2820 aliquo
1979 2750 2081 2819 91

487 2841 744 2914 judicari,
761 2841 845 2898 vel
858 2840 928 2895 ad
951 2837 1237 2894 concilium
1255 2838 1461 2894 debere
1481 2837 1686 2904 vocari,
1705 2837 1881 2894 donec
1902 2838 2090 2894 omnia

488 2948 611 3003 quae
637 2930 742 2986 sibi
768 2929 946 2985 ablata
973 2927 1193 2984 fuerunt
1222 2943 1292 2982 cx
1323 2927 1539 2999 integro
1559 2927 1946 2992 restituantur;
1965 2944 2087 2999 quae

485 3028 635 3077 tanto
654 3027 898 3090 tempore
926 3017 1228 3089 possideat,
1262 3023 1470 3087 quanto
1495 3029 1562 3070 ea
1591 3015 1840 3071 amisisse
1871 3032 2083 3088 cogno-

485 3111 680 3168 scitur.
717 3108 772 3164 Si
803 3107 922 3181 quis
949 3105 1080 3162 dicit
1107 3121 1216 3161 non
1248 3105 1320 3160 ad
1345 3104 1617 3175 judicium
1657 3121 1855 3174 causae,
1889 3107 1986 3160 sed
2011 3106 2080 3162 ad

479 3198 744 3270 judicium
771 3194 1106 3252 investiturze
1135 3191 1498 3262 exspoliatum
1545 3207 1711 3264 posse
1732 3191 1817 3248 vel
1873 3192 2078 3250 debere
2109 3195 2160 3258 C

481 3287 682 3354 vocari,
705 3286 889 3343 claves
910 3291 1110 3338 sanctae
1133 3281 1400 3338 Ecclesiae
1420 3281 1629 3354 agitare
1649 3290 1702 3336 et
1721 3281 1878 3351 leges
1902 3283 2083 3338 catho-

482 3376 604 3433 licae
631 3383 684 3432 et
736 3373 1055 3446 apostolicae
1099 3371 1247 3426 sedis
1305 3370 1515 3424 violare
1556 3379 1782 3426 conatur
1823 3389 1838 3437 ;
1886 3371 2082 3442 quibus

479 3465 812 3538 prohibitum
842 3474 924 3519 est
970 3478 1040 3518 ne
1070 3459 1304 3532 quilibet
1336 3459 1673 3530 exspoliatus
1730 3467 1956 3515 vocetur
2010 3459 2082 3515 ad

473 3554 765 3624 judicium,
786 3553 902 3608 sive
929 3551 985 3606 in
1015 3550 1199 3621 aliquo
1240 3547 1536 3618 judicetur.
1569 3548 1626 3604 Si
1656 3547 1822 3620 igitur
1877 3565 2079 3620 exspo-

478 3642 706 3698 liatusin
735 3642 918 3713 aliquo
933 3638 1167 3709 judicari
1197 3653 1314 3692 non
1343 3637 1527 3702 debet,
1592 3638 1946 3694 manifestum
1977 3646 2082 3713 est,

478 3747 580 3790 nec
601 3747 766 3803 super
793 3731 898 3786 hoc
921 3729 1193 3784 ullatenus
1216 3725 1612 3782 rationabiliter
1637 3726 1869 3781 dubitari
1899 3735 2080 3798 potest

478 3820 626 3894 quod
645 3836 756 3876 non
789 3819 966 3874 solum
1003 3815 1266 3886 judicium
1299 3829 1481 3871 causae
1537 3821 1590 3869 et
1619 3813 1954 3872 investiturze
2011 3817 2078 3872 ab

474 3910 786 3981 exspoliato
837 3915 1172 3971 removetur,
1222 3920 1408 3961 verum
1465 3903 1627 3959 etiam
1683 3903 1836 3959 nulla
1890 3914 2078 3962 contra

471 4015 595 4054 eum
623 3998 813 4068 judicii
845 3996 1061 4052 vocatio
1086 3994 1203 4050 fieri
1223 3993 1570 4064 permittitur,
1603 3993 1862 4063 quoniam
1915 3995 2078 4052 inane

471 4096 615 4145 esset
647 4096 700 4144 et
727 4103 959 4144 vacuum
989 4101 1111 4140 eum
1141 4083 1209 4138 ad
1231 4082 1494 4151 judicium
1526 4081 1707 4138 vocari
1739 4082 1830 4138 cui
1860 4083 1914 4138 in
1927 4084 2076 4140 nullo

462 4176 698 4248 judicari
727 4175 1064 4233 conceditur.
1099 4175 1368 4228 Prtrterca
1402 4169 1682 4240 novimus,
1707 4171 1800 4244 qui
1826 4189 2076 4243 praesen-

470 4274 554 4323 tes
569 4280 816 4334 eramus,
831 4263 1108 4320 dominum
1121 4277 1328 4334 papam
1346 4259 1719 4330 Urbanum,in
1734 4261 2075 4318 Arvernensi

538 4443 688 4514 (16"!)
719 4443 918 4498 Leonis
948 4439 1228 4514 videlicet.
1292 4438 1410 4494 Huc
1441 4437 1735 4514 facit‘quod
1785 4447 1874 4514 est
1905 4439 1960 4494 in
2004 4441 2073 4514 4⁸7

466 4509 584 4586 ejus
602 4509 833 4591 epistola
888 4513 958 4591 ad
997 4512 1265 4591 synodum
1324 4509 1730 4591 ae-cumenicam,
1765 4511 1835 4566 de
1891 4511 2059 4566 resti-

461 4582 680 4642 tuendis
709 4584 980 4656 episcopis
1009 4582 1139 4656 sede
1166 4582 1486 4656 suapulsis.

537 4659 686 4731 (:68)
719 4652 1066 4731 Symmachi.
1107 4655 1166 4731 In
1195 4655 1382 4725 quinta
1402 4652 1612 4724 synodo
1634 4654 1892 4731 Romana=

537 4660 661 4728 (:68
719 4660 1066 4731 Symmachi.
1108 4660 1166 4708 In
1195 4660 1382 4725 quinta
1402 4660 1612 4724 synodo
1635 4660 1892 4710 Romana.

535 4660 686 4799 (169g
715 4729 915 4799 Felicis
946 4728 1012 4794 ll,
1059 4726 1218 4797 cujus
1273 4732 1355 4780 est
1382 4739 1558 4799 canon
1603 4741 1666 4780 ex
1700 4726 1934 4799 epistola
1987 4725 2058 4782 ad

460 4793 748 4874 episcopos
777 4793 1060 4874 .Egypti},
1095 4793 1500 4874 q‘._2._-_Tandiu
1533 4793 1598 4874 in
1619 4793 1766 4874 sede.

529 4867 678 4946 (170')
712 4867 979 4946 Gregorii.
997 4867 1198 4941 Magni,
1230 4867 1330 4922 lib.
1355 4867 1643 4938 vm,epist.
1672 4868 1738 4920 24
1760 4867 2054 4925 Fortunato

459 4941 719 5015 episcopo
747 4941 1135 5015 Neapolitano.

528 5008 674 5086 (171)
705 5008 1035 5086 Ηονγηίεάιε.
1066 5011 1241 5080 Quem
1288 5025 1389 5086 pro
1419 5008 1618 5086 Heliae,
1640 5009 1938 5086 Thomatis.
1966 5017 2054 5086 _et

452 5081 773 5144 Niscostrati
801 5085 1198 5156 episcoporum
1213 5081 1553 5137 restitutione
1601 5081 1892 5156 laborasse
1943 5081 2050 5138 do-

453 5165 575 5213 cent
606 5153 853 5228 epistolaé
878 5161 945 5211 56
975 5153 1096 5211 cum
1120 5153 1338 5228 aliquot
1365 5153 1742 5228 sequentibus,
1773 5161 1826 5208 et
1849 5156 1942 5228 73.

527 5223 870 5300 (17%)Sixti.
891 5228 1098 5299 Xystus
1119 5225 1188 5292 Il,
1220 5226 1276 5280 in
1293 5223 1544 5296 epistﬁad
1564 5224 1852 5296 episcopos
1863 5225 2056 5298 Hispa-

453 5313 676 5442 n06“
706 5369 945 5442 Eusebii.
968 5370 1030 5423 In
1043 5367 1202 5439 epist.
1221 5367 1293 5442 ad
1308 5366 1592 5442 Aigyptios
1611 5370 1669 5421 et
1709 5365 2012 5442 Alexandri
2025 5395 2049 5410 -

451 5439 573 5497 nos.
606 5439 808 5496 Horum
837 5441 1119 5512 pleraque,
1147 5447 1195 5494 et
1211 5439 1334 5512 alia
1354 5439 1770 5512 ejusdcmnotm
1812 5439 2046 5512 pontifi-

450 5525 574 5568 cum
605 5507 1044 5568 decreta'videre
1069 5519 1152 5565 est
1210 5509 1264 5564 in
1293 5508 1649 5564 Collectaneis
1671 5507 1916 5564 Gratiani
1970 5512 2041 5578 Il,

451 5598 512 5653 q.
540 5586 574 5639 2
605 5590 727 5649 ettt,
762 5599 823 5655 q.
865 5587 916 5648 1,
940 5585 1085 5648 et2;
1115 5590 1165 5636 et
1189 5580 1678 5636 Decretaliumtib.
1707 5579 2042 5645 u,dcre.sti-

454 5656 671 5710 tutione
697 5657 1089 5710 sootiatorum.

479 5669 671 5710 unone
697 5669 1089 5710 sootwwrum.

521 5671 671 5710 none
697 5671 1089 5727 sponawrum.

521 5726 667 5796 (7174)
699 5726 760 5781 In
785 5725 1126 5781 Arvernensi
1177 5723 1440 5796 concilio.
1477 5723 1737 5796 Epistola‘
1771 5723 2038 5796 sequenti,

451 5795 554 5879 sed
582 5796 750 5879 nulla,
785 5796 933 5879 quod
959 5795 1146 5879 sciam,
1177 5794 1446 5879 hujusnrei
1473 5793 1679 5852 mentio
1725 5793 1781 5849 in
1825 5793 1892 5850 iis
1921 5793 2042 5868 quae

451 5876 746 5939 supersunt
773 5864 891 5938 ejus
924 5864 1123 5938 synodi
1151 5864 1416 5936 reliquiis.

2220 561 2310 634 qui
2341 562 2564 616 aderant
2593 562 2869 634 episcopis
2898 571 2950 618 et
2970 563 3256 618 abbatibus
3285 561 3560 618 laudatam
3590 562 3804 617 dedisse

2218 651 2570 718 sententiam,
2603 659 2660 706 ut
2690 653 3002 724 quicunque
3038 653 3156 708 sine
3185 652 3469 708 vocatione
3519 659 3572 708 et
3601 650 3802 720 judicio

2217 740 2670 811 exspoliarentur,
2703 740 2864 796 etiam
2913 742 3030 796 sine
3075 740 3358 798 vocatione
3379 748 3434 796 et
3455 739 3658 810 judicio
3710 740 3800 794 in-

2218 829 2562 886 vestirentur.
2591 830 2779 885 Valeat
2807 830 3061 886 dominus
3093 845 3268 896 meus,
3306 839 3359 885 et
3385 829 3584 901 vigeat,
3635 837 3688 884 et
3723 829 3802 884 sic

2215 926 2521 974 sanctarum
2557 919 2960 990 Scripturarum
3014 920 3242 976 veritate
3279 927 3529 990 pascatur
3586 934 3654 973 ne
3679 918 3800 974 cibo

2213 1005 2456 1078 indigeat
2493 1007 2691 1076 alieno,
2718 1008 2809 1081 qui
2841 1025 2986 1081 saepe
3017 1008 3324 1066 famelicum
3353 1008 3499 1076 facit,
3541 1015 3593 1064 et
3624 1009 3799 1064 nemi-

2213 1109 2340 1149 nem
2361 1097 2545 1152 satiat.

2634 1215 2740 1284 92
2787 1213 3138 1270 EPISTOLA
3184 1214 3370 1270 xxx.

2214 1327 2466 1399 συηνίάο
2491 1331 2798 1388 venerabili
2817 1333 3092 1404 episcopo,
3108 1334 3292 1401 frater
3315 1329 3622 1404 Cof/rictus,
3635 1331 3797 1387 salu-

2658 1424 2774 1476 tem
2802 1424 2857 1477 et
2894 1418 3364 1478 benedictionem.

2279 1553 2455 1628 Leges
2507 1555 2874 1614 Romanorum
2928 1557 3245 1630 pontificum
3275 1558 3616 1631 exposuistis,
3675 1573 3799 1632 qua:

2206 1651 2384 1698 vestra
2415 1646 2682 1716 expositio
2712 1648 2889 1716 magis
2918 1648 3256 1719 exspoliandi
3312 1649 3532 1704 vestitos
3561 1648 3799 1704 occasio-

2205 1749 2330 1788 nem
2360 1735 2602 1805 przebere
2630 1736 2894 1802 noscitur,
2929 1736 3431 1808 quaminvestiendi
3450 1736 3794 1808 exspoliatos,

2128 1837 2179 1897 Β
2205 1821 2333 1877 dum
2362 1823 2754 1894 exspoliatores
2777 1825 3073 1882 defendere
3102 1826 3310 1882 nititur.
3347 1826 3493 1883 Licet
3520 1827 3638 1897 ipsa
3664 1826 3796 1880 mihi

2205 1911 2426 1968 minime
2481 1913 2797 1984 placuisset,
2853 1913 3080 1969 forsitan
3136 1915 3444 1984 tacuissem,
3495 1915 3596 1970 nisi
3636 1915 3798 1970 aliter

2203 2000 2400 2072 exponi
2431 2011 2484 2058 et
2505 2002 2677 2058 teneri
2704 2003 2773 2057 ab
2803 2003 3104 2074 apostolica
3125 2005 3256 2060 sede
3277 2003 3532 2060 vidissem
3550 2012 3600 2058 et
3614 2004 3799 2059 audis-

2203 2105 2318 2144 sem
2333 2131 2346 2144 .
2382 2090 2544 2145 Bonae
2576 2092 2857 2147 memorize
2875 2091 3139 2147 dominus
3157 2096 3344 2148 noster
3373 2108 3508 2164 papa
3525 2093 3794 2156 Urbanus,

2201 2194 2313 2234 non
2342 2178 2398 2233 in
2425 2179 2658 2244 occulto,
2691 2183 2787 2235 sed
2819 2180 2874 2234 in
2900 2181 3147 2251 generali
3177 2180 3430 2246 concilio,
3463 2180 3797 2250 adjudicavit

2201 2282 2298 2322 eos
2324 2266 2536 2338 absque
2559 2268 2766 2337 judicio
2796 2276 2850 2324 et
2882 2269 3173 2325 vocatione
3194 2270 3398 2325 debere
3425 2268 3672 2324 investiri
3701 2269 3799 2341 qui

2201 2355 2316 2410 sine
2341 2356 2546 2426 judicio
2577 2363 2630 2412 et
2661 2357 2944 2412 vocatione
2980 2362 3109 2414 sunt
3141 2358 3444 2430 exspoliati,
3475 2374 3542 2414 ne
3571 2357 3672 2412 sub
3702 2373 3797 2414 oc-

2199 2445 2419 2500 casione
2449 2446 2753 2502 vocationis
2783 2455 2835 2502 et
2860 2446 3050 2514 judicii
3099 2447 3447 2504 interveniret
3494 2447 3696 2511 dilatio,
3740 2456 3798 2503 et

2199 2548 2298 2603 per
2318 2533 2628 2590 dilationem
2651 2541 2741 2588 aut
2771 2534 3146 2600 diuturna,aut
3167 2538 3494 2606 sempiterna
3546 2544 3797 2591 maneret

2199 2618 2547 2688 exspoliatio.
2585 2619 2764 2690 Leges
2794 2619 2976 2691 itaque
3006 2619 3136 2674 istas
3177 2621 3425 2691 exposuit
3463 2619 3620 2676 sedes
3650 2635 3792 2691 apo-

2197 2705 2409 2775 stolica,
2443 2723 2565 2779 quae
2591 2707 2714 2763 illas
2739 2707 2906 2774 dedit,
2939 2717 2993 2763 et
3014 2708 3196 2780 legum
3213 2709 3430 2765 datores
3445 2710 3560 2778 ejus
3587 2708 3793 2764 debent

2197 2811 2321 2850 esse
2350 2796 2536 2868 legum
2569 2797 2947 2867 expositorcs.
2988 2799 3103 2854 Hoc
3132 2798 3318 2870 utique
3345 2799 3475 2854 etin
3506 2799 3716 2863 Vetere,
3737 2807 3792 2853 et

2195 2883 2250 2938 in
2280 2885 2436 2940 Novo
2456 2886 2803 2941 Testamento
2829 2887 3128 2957 reperitur.
3160 2888 3297 2941 Nam
3326 2887 3477 2958 leges
3524 2887 3796 2942 dederunt

2197 2971 2444 3026 Christus
2475 2979 2528 3027 et
2556 2973 2793 3044 Moyses,
2828 2982 2880 3028 et
2910 2982 3304 3046 exposuerunt.
3342 2974 3399 3029 Si
3421 2973 3512 3046 qui
3528 2990 3656 3029 vero
3669 2983 3797 3044 post

2191 3059 2344 3132 ipsos
2371 3061 2554 3132 legum
2602 3061 2940 3134 expositores
2998 3063 3270 3128 dicuntur,
3316 3063 3372 3118 in
3422 3063 3528 3120 hoc
3586 3071 3790 3118 tantum

2191 3158 2320 3204 sunt
2342 3150 2661 3222 recipiendi,
2696 3151 2790 3206 ubi
2816 3151 2949 3206 nihil
2979 3168 3333 3223 perversum,
3367 3152 3500 3207 nihil
3549 3153 3628 3208 eis
3657 3169 3792 3208 sen—

2191 3255 2314 3294 sere
2336 3240 2690 3296 contrarium.
2749 3241 2957 3296 Eodem
3015 3241 3204 3312 Spiritu
3235 3242 3404 3312 (175),
3427 3256 3534 3313 quo
3551 3241 3792 3297 dictante

2189 3336 2243 3383 et
2273 3328 2359 3384 lex
2389 3329 2563 3399 prima
2593 3345 2694 3400 per
2724 3329 2949 3400 Moysen
3005 3329 3132 3385 data
3166 3339 3251 3386 est
3281 3339 3333 3385 et
3364 3346 3461 3401 per
3514 3330 3789 3385 Christum

2189 3416 2451 3484 secunda,
2483 3425 2674 3472 sancta
2685 3418 2984 3488 apostolica
3003 3418 3163 3473 sedes
3182 3418 3356 3490 leges,
3376 3433 3528 3489 quas,
3549 3433 3794 3474 canones

2189 3506 2530 3576 appellamus
2560 3507 2727 3575 (176),
2759 3507 2907 3561 dedit
2937 3515 2990 3562 et
3017 3507 3139 3577 ipso
3169 3507 3468 3578 inspirante
3511 3509 3788 3578 exposuit.

2188 3595 2244 3650 Si
2273 3595 2396 3667 quis
2428 3595 2595 3668 igitur
2624 3595 2937 3667 apostolica:
2969 3597 3105 3664 sedi,
3141 3597 3247 3665 93
3273 3612 3392 3668 quae
3439 3595 3592 3668 leges
3619 3611 3793 3652 cano-

2187 3700 2319 3740 num
2350 3684 2518 3752 dedit,
2550 3686 2607 3738 in
2634 3699 2905 3740 canonum
2949 3684 3285 3756 expositione
3315 3684 3646 3740 contrarium
3661 3701 3796 3740 sen-

2189 3773 2273 3841 tit,
2305 3789 2413 3829 non
2448 3772 2609 3844 sapit,
2657 3773 2967 3846 quicunque
3012 3783 3093 3829 est
3149 3773 3260 3841 ille,
3313 3775 3408 3830 sed
3455 3773 3672 3846 desipit,
3734 3784 3794 3830 et

2186 3862 2313 3934 quia
2343 3879 2440 3918 suo
2469 3862 2662 3933 spiritu
2702 3863 2967 3934 loquitur,
2999 3878 3108 3918 non
3137 3862 3332 3930 cultor,
3393 3861 3478 3919 vel
3507 3863 3793 3934 expositor

2186 3951 2385 4008 divinae
2412 3951 2576 4024 legis,
2613 3950 2710 4005 sed
2748 3951 3038 4006 insidiator
3067 3960 3120 4006 et
3150 3967 3450 4023 Oppressor
3481 3952 3796 4007 indubitan-

2186 4047 2267 4097 ter
2295 4041 2641 4114 agnoscitur.
2676 4037 2821 4095 Olim
2854 4041 3204 4096 Carnotensis
3237 4040 3485 4097 Ecclesia
3528 4041 3700 4097 boves
3733 4051 3792 4098 et

2183 4147 2338 4196 oves,
2374 4129 2458 4186 vel
2487 4145 2829 4202 quaecunque
2876 4129 3250 4186 Ecclesiarum
3306 4129 3486 4202 praeda
3515 4130 3560 4184 si
3618 4146 3790 4202 cape-

2182 4240 2391 4300 rentur,
2418 4232 2576 4288 reddi
2606 4240 2700 4288 aut
2727 4233 2942 4289 recredi
2987 4234 3135 4304 (177)
3169 4233 3421 4301 faciebat,
3453 4241 3546 4289 aut
3597 4235 3784 4291 statim

2254 4412 2380 4486 175)
2412 4411 2613 4468 Eodem
2629 4409 3098 4486 spiritu.Damasi
3115 4419 3198 4486 est
3219 4411 3487 4469 sententia
3502 4417 3593 4484 25,
3626 4416 3730 4486 (μ
3763 4433 3778 4470 :

2186 4485 2488 4541 Violatores
2531 4500 2815 4538 canonum
2856 4484 3169 4540 voluntarii
3215 4486 3464 4554 graviter
3494 4503 3528 4541 a
3557 4484 3782 4542 sancti:

2085 4563 2138 4622 D
2167 4556 2434 4612 Patribus
2476 4555 2839 4628 judicaritur,
2892 4559 2946 4609 et
2989 4573 3024 4610 a
3074 4557 3296 4627 Spiritu
3351 4562 3563 4625 smcto,
3602 4560 3778 4628 cujus

2166 4630 2456 4684 instinctu
2485 4640 2551 4681 ac
2581 4627 2724 4680 dono
2756 4627 2965 4682 ἀίδιαιὶ
2991 4633 3156 4682 sunt.

2237 4699 2394 4773 (Πῥῖ
2415 4699 2454 4752 Α
2461 4698 2734 4773 postolica
2763 4697 2920 4753 sedes
2933 4698 3076 4767 leges
3093 4716 3230 4770 quas
3241 4716 3484 4756 canones
3501 4701 3768 4773 appella-

2165 4766 2313 4835 mus.
2347 4767 2576 4837 Κανόνες
2603 4766 3046 4841 ἐκκλησιατσικὸιν
3090 4766 3298 4850 regulae
3353 4766 3770 4845 ecclesiasticae,

2162 4851 2462 4922 Athanasio
2493 4851 2548 4922 in
2578 4851 2772 4922 "epist.
2811 4850 2882 4905 ad
2909 4850 3283 4906 Orthodoxos.
3325 4850 3483 4920 Quod
3539 4853 3772 4922 proprie

2163 4930 2290 4977 sunt
2317 4921 2374 4975 in
2403 4920 2686 4992 republica‘
2709 4921 2885 4992 leges,
2925 4923 3030 4978 hoc
3075 4921 3130 4976 in
3188 4923 3434 4978 Ecclesia
3489 4920 3759 4978 canones.

2165 5003 2292 5072 Ideo
2315 5017 2460 5070 saepe
2479 5008 2885 5071 comparantur,
2910 5010 2968 5056 ut
2988 5017 3113 5056 cum
3143 4993 3561 5070 dicuntur,rt$Etv
3585 4993 3770 5072 νόμων

2160 5071 2371 5156 ἐπέχειν
2405 5072 2681 5147 οίκανόνες,
2703 5091 2757 5138 et
2781 5072 3108 5140 τοῖςκακόσιν
3130 5075 3198 5156 γοὶ
3242 5073 3396 5154 νόμοι
3443 5075 3770 5136 ἀκολουθεῖν.

2159 5155 2362 5210 Noster
2375 5171 2564 5226 Opusc.
2593 5170 2684 5209 iv:
2709 5157 2972 5224 Quamvis
2993 5171 3096 5210 nec
3119 5155 3181 5210 in
3205 5157 3623 5225 tegibus,necin
3654 5174 3766 5213 ca—

2158 5228 2400 5282 nonibus
2428 5227 2781 5300 inveniatur.
2798 5237 2851 5280 et
2869 5227 2963 5283 lib.
2987 5241 3063 5289 ιιι,
3085 5227 3243 5296 epist.
3261 5232 3328 5281 39
3351 5246 3364 5282 :
3384 5228 3588 5285 δίκαιΙί
3610 5231 3764 5300 leges

2155 5301 2324 5354 nulla
2339 5301 2564 5353 ratione
2595 5299 3160 5368 ﬁeripermittunt,et
3178 5300 3324 5354 sacri
3341 5314 3582 5355 canones
3631 5299 3764 5354 orn-

2155 5372 2295 5426 nino
2315 5386 2388 5425 ne
2402 5371 2507 5439 ﬁat
2528 5369 2908 5424 interdicunt.
2954 5369 3086 5440 Inde
3102 5376 3154 5424 et
3185 5371 3405 5440 Photius
3447 5372 3761 5440 patriarcha

2154 5455 2603 5514 nomocanonum
2633 5456 2774 5510 opus
2829 5455 2988 5494 suum
3046 5439 3362 5514 inscripsit,.
3416 5439 3480 5496 ex
3534 5441 3763 5514 legibus

2155 5512 2366 5566 scilicet
2394 5511 2802 5582 canonibusque
2821 5511 3207 5581 compositum.

2225 5583 2374 5652 (177)
2393 5583 2564 5638 Reddi
2585 5587 2687 5638 aut
2712 5583 3058 5638 recrediJvo
3071 5583 3230 5652 epist.
3263 5585 3387 5638 2³75.
3411 5583 3618 5640 Reddet
3656 5588 3768 5639 aut

2153 5655 2406 5710 recredet
2416 5655 2682 5709 comitem
2698 5655 3117 5710 Nivcmemcm.
3129 5653 3446 5724 Synonyma
3462 5656 3766 5719 sunt,Nam

2153 5726 2449 5798 recredere
2478 5725 2828 5798 pragmaticis
2849 5733 2932 5780 est
2950 5727 3263 5798 restituere.
3295 5725 3458 5781 Unde
3487 5734 3541 5781 et
3572 5742 3767 5783 recre—

2152 5793 2355 5866 dentia,
2380 5793 2495 5866 pro
2512 5793 2762 5852 vindiciis
2791 5811 2890 5850 seu
2905 5796 3258 5866 possessione
3286 5798 3542 5854 restituta
3561 5807 3767 5858 natum

2152 5865 2443 5926 Gallicanis
2462 5865 2598 5924 foris
2631 5865 2979 5927 vocabulum.

2913 6405 3502 6428 ..-ηρ-ω-
