3940 6440
252 348 379 419 tot

1506 345 1889 413 EPIS’I‘OL/E.
1928 382 1997 391 —
2020 352 2154 409 LlB.
2195 348 2270 408 II.

3450 365 3556 426 102

246 477 304 531 in
335 477 648 550 rapinarum
678 484 928 534 auctores
956 476 1216 535 ultionem
1247 476 1673 534 ecclesiasticam
1691 492 1844 535 exer.
1870 478 1925 539 A
1957 475 2047 549 qui
2079 492 2180 549 per
2203 476 2485 534 charitatis
2514 479 2796 537 veritatem
2825 482 3038 554 dilexit,
3067 501 3172 543 nec
3216 504 3312 544 sua
3351 497 3556 547 tantum

243 566 421 622 cebat.
469 568 631 623 Nunc
685 573 865 622 autem
922 566 1174 623 Ecclesia
1220 567 1317 622 Dei
1376 566 1845 640 quinquagenaria

244 665 595 734 possessione
622 665 738 719 sine
770 663 978 720 ultione
1008 663 1270 735 privatur,
1303 670 1356 719 et
1381 671 1606 719 vocatur
1635 664 1706 719 ad
1749 664 1844 732 ju-

242 756 466 824 dicium,
499 775 618 830 quae
648 757 987 826 sinejudicio
1017 765 1069 813 et
1097 756 1405 824 vocatione,
1440 774 1538 812 seu
1603 757 1846 828 qualibet

240 854 629 910 reclamatione
658 854 961 925 exspoliata
1000 854 1370 927 dignoscitur.
1442 855 1559 910 Hoc
1620 862 1843 910 sanctus

240 951 684 1025 Eusebius(f78)
717 969 825 1006 non
865 952 1070 1020 docuit,
1134 953 1289 1022 cujus
1346 952 1614 1008 sententia
1664 952 1841 1005 minus

241 1041 525 1112 sapientis,
551 1059 716 1115 quam
746 1041 864 1114 ipse
896 1040 1012 1107 fuit,
1047 1041 1390 1112 expositione
1433 1056 1543 1097 non
1587 1040 1793 1113 indiget
1823 1055 1839 1102 ;

242 1139 335 1209 qui
365 1138 725 1210 exspoliatum
752 1138 822 1193 ad
848 1138 1124 1207 judicium
1152 1138 1345 1193 vocari
1391 1138 1609 1209 penitus
1666 1138 1841 1193 inter-

241 1226 401 1282 dixit.
440 1228 507 1282 Et
530 1227 879 1283 beatissimus
910 1227 1104 1283 doctor
1160 1234 1215 1282 et
1267 1236 1474 1298 martyr
1533 1227 1839 1298 Cyprianus

238 1324 369 1381 dicit
404 1342 520 1381 rem
548 1326 885 1382 manifestam
916 1342 1026 1382 non
1057 1325 1320 1382 dilatione
1350 1325 1583 1392 consilii,
1624 1324 1712 1382 vel
1749 1325 1838 1381 di-

236 1410 579 1481 sceptatione
608 1411 811 1467 debere
835 1408 1062 1466 differri.
1102 1411 1171 1465 Et
1199 1412 1470 1465 Damasus
1500 1426 1642 1481 papa
1687 1410 1836 1479 (179)

234 1499 556 1569 exspoliatis
586 1516 708 1571 quae
736 1507 861 1555 ante
892 1499 1253 1570 possidebant
1281 1500 1431 1570 prius
1493 1515 1559 1554 ex
1618 1499 1837 1570 integro

232 1595 409 1662 reddi,
429 1604 482 1651 et
508 1605 701 1667 postea
729 1597 1065 1668 respondere
1087 1596 1368 1669 prtecepit.
1389 1594 1492 1666 Qui
1509 1595 1833 1667 exspoliato,

232 1700 354 1756 quae
384 1692 510 1740 ante
537 1686 856 1757 possidebat
892 1685 1143 1757 primitus
1172 1685 1348 1752 reddi,
1382 1694 1436 1741 et
1465 1701 1591 1741 eum
1645 1694 1838 1757 postea

230 1774 575 1844 respondere
606 1774 907 1840 admonuit,
937 1782 1337 1846 praeposterum
1366 1773 1614 1830 ordinem
1635 1773 1691 1829 in
1720 1774 1833 1831 Ec—

1955 565 2006 621 ei
2033 581 2197 637 quem
2225 566 2467 623 amicum
2496 569 2754 627 credebat
2782 572 2837 626 in
2868 590 2967 629 sua
3010 576 3339 634 necessitate
3396 581 3554 636 exhi—

1954 662 2094 729 buit,
2127 665 2224 719 sed
2258 665 2421 720 etiam
2452 682 2550 737 per
2577 670 2936 740 semetipsum
2993 690 3191 746 magna
3248 676 3553 735 humilitate

1952 752 2308 821 servivit.Qui
2325 755 2506 810 debita
2529 757 2686 811 etiam
2710 759 2930 817 inimico
2955 762 3341 821 ecclesiasticae
3378 769 3554 839 aqui-

1952 849 2076 903 tatis
2105 851 2303 905 auxilia
2334 855 2675 922 memoravit,
2710 857 2933 912 servitia
2976 860 3084 914 sibi
3131 862 3373 917 exhibita
3432 880 3553 919 cum

1949 952 2167 1009 magna:
2197 940 2504 995 dilectionis
2534 944 2800 1015 obsequio
2824 947 2983 1003 silere
3012 964 3122 1003 non
3142 950 3349 1006 debuit.
3366 954 3553 1010 Tutius

1949 1035 2032 1080 est
2059 1028 2199 1081 enim
2230 1030 2461 1084 aliorum
2493 1032 2760 1088 beneficia
2788 1036 3067 1105 pub!icare
3097 1055 3258 1110 quam
3310 1057 3425 1108 sua,
3480 1059 3550 1100 ne

1948 1123 2087 1180 forte
2111 1125 2164 1180 in
2198 1128 2452 1196 prmsenti
2501 1130 2700 1187 sarculo
2754 1133 2984 1204 recipiat
3022 1138 3333 1192 mercedem
3381 1156 3548 1210 quam

1946 1214 2197 1285 recipere
2218 1215 2488 1272 debuerat
2518 1219 2573 1273 in
2600 1219 2801 1277 futuro.
2823 1222 2929 1290 Qui
2961 1224 3100 1279 bene
3128 1225 3376 1297 vigilavit
3396 1237 3450 1284 et
3472 1230 3551 1286 vi-

1945 1307 2100 1399 gilat,
2132 1318 2189 1365 ut
2235 1312 2435 1369 melius
2484 1316 2695 1388 vigilet,
2724 1317 3006 1376 admoneri
3055 1322 3237 1378 debet.
3272 1326 3411 1380 Nam
3455 1328 3550 1399 qui

1947 1397 2123 1453 bonus
2154 1408 2257 1468 est,
2287 1402 2667 1460 admonendus
2698 1415 2778 1461 est
2802 1414 2862 1461 ut
2886 1409 3080 1465 melior
3102 1410 3211 1466 fiat.
3236 1413 3339 1481 Qui
3364 1397 3549 1472 tamen

1946 1494 2243 1568 aliquando
2274 1499 2413 1556 bene
2444 1501 2713 1574 vigilavit,
2748 1505 2906 1560 etiam
2949 1510 3170 1580 quando
3217 1512 3404 1580 voluit,
3453 1515 3549 1570 ob-

1946 1585 2224 1674 dormivit,
2257 1596 2312 1643 et
2340 1589 2435 1661 qui
2463 1592 2767 1649 voluntarie
2798 1595 3070 1664 subvenit,
3105 1598 3296 1655 iterum
3326 1604 3547 1674 quando

1944 1673 2132 1740 voluit,
2165 1677 2462 1734 subvenire
2494 1679 2725 1737 distulit.
2766 1684 3043 1740 Ducentas
3073 1689 3275 1744 etenim
3318 1673 3548 1750 libratas

1946 1762 2113 1834 (181),
2147 1772 2349 1837 praeter
2375 1769 2608 1825 amissas
2637 1774 3026 1843 possessiones
3043 1785 3096 1832 et
3116 1782 3542 1840 consuetudines

235 1842 412 1918 elegi,
440 1861 563 1919 εει-ί
592 1879 703 1918 non
730 1842 1000 1936 pel-misit,
1029 1842 1084 1918 ιίι
1113 1862 1373 1919 videlicet
1401 1862 1554 1934 prius
1592 1862 1658 1917 ad
1678 1862 1832 1932 judi-
1861 1842 1913 1902 Β
1944 1850 2106 1907 rebus
2134 1855 2338 1910 nostris
2369 1842 2979 1931 violenteriimprcssas.
3015 1864 3071 1919 in
3104 1875 3286 1923 vestro
3317 1870 3541 1940 episco-

238 1950 384 2007 cium
415 1959 701 2010 vocaretur
729 1951 1087 2023 cxspoliatus,
1118 1959 1171 2007 et
1200 1959 1323 2023 post
1357 1951 1624 2021 judicium
1677 1952 1837 2009 inve-

230 2039 480 2097 stiretur.
514 2043 651 2098 Item
680 2057 746 2097 ex
773 2040 1033 2098 Africano
1062 2041 1296 2098 concilio
1327 2058 1341 2098 :
1377 2041 1448 2096 Si
1483 2043 1607 2114 quis
1634 2040 1837 2098 absens

230 2132 589 2202 exspoliatus
619 2130 1000 2201 est,quidquid
1020 2135 1077 2186 et
1106 2147 1141 2186 a
1158 2129 1409 2204 qualibet
1428 2146 1670 2202 persona
1692 2130 1837 2187 abla-

232 2231 358 2283 tum
369 2230 570 2300 fuerit,
586 2229 709 2285 sine
726 2229 884 2285 omni
902 2228 1179 2286 dilatione
1192 2226 1602 2296 reddatur.Qui
1616 2242 1834 2284 omnem

225 2322 547 2382 dilationem
568 2325 860 2397 prohibuit,
896 2324 1261 2395 exspoliatum
1289 2324 1359 2380 ad
1404 2324 1672 2393 judicium
1730 2341 1831 2381 vo-

230 2424 350 2480 cari
378 2439 489 2479 non
514 2422 783 2495 permisit,
808 2438 931 2479 cum
963 2422 1089 2494 ipsa
1113 2422 1303 2492 judicii
1343 2422 1555 2479 vocatio
1579 2424 1689 2491 94
1712 2422 1832 2479 sine

229 2524 490 2581 dilatione
517 2522 636 2581 fieri
664 2540 775 2581 non
803 2524 1004 2597 possit.
1042 2525 1166 2597 Ego
1194 2523 1465 2596 siquidem
1494 2524 1697 2580 absens
1728 2540 1829 2579 ex-

230 2622 492 2693 spoliatus
524 2620 598 2676 fui
631 2639 645 2685 ;
682 2621 778 2677 sed
808 2638 896 2677 me
925 2621 1137 2693 privata
1165 2637 1330 2679 causa
1357 2637 1468 2677 non
1511 2622 1831 2678 absentave-

226 2718 330 2777 rat,
355 2711 448 2766 sed
482 2711 686 2767 domini
715 2726 868 2782 papae
897 2710 1323 2767 obedientia.De
1345 2711 1831 2782 exspoliatis,san-

224 2806 433 2855 ctorum
458 2800 677 2855 Patrum
706 2799 895 2870 plures
927 2800 1229 2855 sententias
1284 2800 1659 2871 protulissem,
1721 2800 1828 2855 nisi

217 2888 469 2944 timerem
500 2890 756 2962 paginam
790 2888 974 2945 facere
1002 2889 1339 2962 longiorem.
1405 2890 1585 2945 Unum
1644 2897 1827 2945 tamen

219 2994 492 3050 propono,
526 2979 671 3049 quod
704 2994 939 3049 expono,
973 2978 1406 3035 ecclesiasticum
1440 2979 1650 3034 scilicet
1680 2979 1827 3050 rigo-

222 3091 338 3131 rem
368 3074 641 3130 immutari
668 3091 834 3147 posse
853 3074 1194 3148 malignitate
1224 3076 1666 3133 odiorum.Valde
1688 3076 1827 3131 dura

223 3181 275 3228 et
305 3172 561 3244 pertinax
591 3181 673 3228 est
700 3172 1027 3246 indignatio,
1062 3190 1184 3246 quze
1213 3183 1303 3229 aut
1346 3174 1675 3245 culpabilem
1715 3175 1825 3229 hu-

221 3268 422 3326 militer
441 3270 659 3340 culpam
681 3284 1009 3342 agnoscere,
1029 3278 1122 3326 aut
1141 3269 1533 3341 inculpabilem
1563 3287 1622 3325 se
1651 3270 1820 3326 ratio-

220 3357 473 3414 nabiliter
501 3374 765 3415 excusare
795 3375 904 3415 non
925 3359 1153 3432 patitur.
1193 3361 1308 3416 Hoc
1355 3360 1691 3431 permaxima
1744 3360 1818 3414 ab

220 3447 346 3503 illiis
373 3446 434 3503 fit
463 3447 555 3521 qui
582 3448 814 3505 aliorum
844 3448 1151 3505 humilitate
1180 3448 1529 3519 superbiunt,
1561 3457 1615 3504 et
1643 3448 1815 3505 domi-

219 3537 462 3603 natione,
519 3552 629 3594 non
680 3537 1039 3593 miseratione
1094 3537 1420 3611 gloriantur.
1481 3536 1817 3594 Charissime

221 3624 389 3681 Pater
409 3634 463 3681 et
490 3625 732 3691 domine,
765 3641 866 3697 per
895 3626 1088 3698 prima
1119 3626 1573 3700 regenerationis,
1623 3635 1676 3682 et
1721 3643 1821 3698 per

219 3714 534 3771 monasticae
554 3715 842 3789 religionis
866 3724 1268 3772 sacramentum
1298 3724 1544 3773 veterem
1602 3716 1819 3772 exuisse

218 3813 513 3881 hominem,
546 3822 595 3870 et
620 3813 863 3869 induisse
887 3828 1086 3870 novum
1098 3831 1186 3871 me
1207 3814 1488 3886 profiteor,
1510 3815 1609 3871 sed
1628 3824 1818 3886 postea

217 3912 414 3969 veteris
444 3911 672 3984 vestigia
701 3919 939 3978 secutus,
959 3927 1159 3968 novum
1204 3910 1506 3968 offendisse
1561 3928 1652 3969 me
1706 3929 1818 3969 non

216 3999 468 4057 diffiteor.
499 4001 642 4056 Nam
662 4009 849 4057 contra
877 4001 1002 4057 vitae
1048 4000 1246 4057 merita
1299 4002 1588 4057 ordinatus
1652 4002 1815 4057 levita

219 4091 387 4164 (t80),
408 4091 667 4163 deinceps
697 4105 847 4158 vero,
871 4106 983 4147 non
1008 4091 1222 4163 quidem
1242 4091 1528 4162 sapientiae
1543 4091 1811 4158 doctrina,

217 4181 392 4235 abbas
416 4180 611 4246 factus,
646 4188 699 4236 et
731 4180 919 4236 Romae
974 4181 1271 4252 presbyter
1326 4189 1700 4246 consecratus,
1759 4181 1816 4235 in

215 4277 403 4326 sancto
432 4277 483 4325 et
514 4284 674 4326 sacro
701 4269 893 4326 ordine
920 4269 989 4325 de
1038 4285 1161 4325 mea
1209 4269 1390 4324 minus
1430 4284 1597 4341 quam
1626 4270 1812 4338 debui,

218 4374 272 4423 et
296 4367 365 4422 de
401 4367 632 4422 aliorum
661 4367 834 4423 salute
866 4365 1129 4422 sollicitus
1158 4366 1253 4422 fui.
1286 4368 1372 4422 Me
1412 4366 1692 4436 miserum,
1726 4383 1815 4423 me

211 4455 484 4512 infelicem
510 4472 742 4529 prorsus
770 4454 1052 4512 confiteor.
1090 4457 1150 4511 In
1190 4458 1295 4513 hoc
1323 4464 1505 4511 tamen
1534 4457 1815 4512 miseratio

213 4552 394 4610 divina
422 4569 509 4608 me
541 4552 798 4620 servavit,
831 4554 979 4625 quod
1008 4568 1185 4625 neque
1216 4552 1607 4618 Ecclesiarum,
1634 4568 1814 4624 neque
1839 4573 1893 4634 Β

212 4642 707 4699 ecclesiasticorum
737 4643 1009 4698 honorum
1041 4641 1289 4697 occultus
1321 4639 1395 4697 fui
1426 4641 1510 4697 vel
1558 4641 1812 4713 publicus

211 4739 437 4802 emptor.
459 4730 622 4786 Nulla
653 4731 862 4786 ratione
893 4731 962 4786 ab
992 4729 1083 4785 illa
1114 4730 1315 4787 arbore
1346 4730 1471 4786 volo
1501 4729 1681 4797 evelli,
1701 4729 1811 4786 imo

208 4819 479 4876 desiderio
533 4820 785 4875 desidero
838 4820 955 4889 ejus
1001 4819 1241 4875 radicem
1297 4818 1517 4880 colere.
1563 4827 1617 4875 et
1664 4819 1809 4874 illius

209 4908 593 4983 qualiscunque
624 4907 864 4965 ramulus
896 4908 1013 4964 fieri
1069 4924 1231 4981 quam
1296 4922 1329 4963 a
1386 4908 1549 4963 Patre
1598 4906 1808 4964 cmlesti

207 4998 504 5071 plantatam
534 5013 872 5074 cognovero.
912 4997 968 5053 Si
996 4997 1089 5053 ille
1121 4997 1393 5053 timendus
1425 5004 1522 5064 est,
1560 4996 1652 5052 ille
1711 5012 1806 5053 ca-

206 5087 429 5154 vendus,
473 5086 618 5160 quod
649 5088 789 5142 bene
821 5084 1053 5152 dixistis,
1090 5085 1183 5158 qui
1219 5103 1321 5158 per
1350 5086 1806 5159 pacisimaginem

210 5177 311 5247 95
345 5176 581 5248 decipit;
614 5175 707 5231 ille
730 5175 889 5232 valde
921 5175 1234 5248 diligendus
1264 5183 1348 5232 est
1376 5182 1430 5231 et
1451 5174 1805 5231 honorandus

272 5375 417 5443 (1’78)
446 5374 501 5430 S.
526 5373 821 5430 Eusebius.
861 5372 930 5437 II,
1011 5414 1023 5426 .
1061 5376 1116 5440 2,
1150 5372 1215 5427 in
1243 5374 1356 5429 seri
1399 5372 1565 5429 turis.

272 5445 417 5498 (l79l
449 5446 727 5498 Damasus
756 5460 932 5498 vana.
964 5388 1150 5498 ginist.
1179 5445 1231 5498 4.
1258 5444 1328 5498 ad
1349 5391 1565 5498 gtenhat

271 5445 417 5517 (I79)
449 5446 727 5500 Damasus
755 5460 932 5517 papa.
970 5444 1150 5516 Epist.
1179 5445 1231 5514 4,
1258 5444 1328 5501 ad
1349 5444 1688 5516 Stephanum
1716 5457 1804 5499 ca-

203 5528 308 5655 pita
449 5587 759 5643 Ordinatus
801 5585 991 5643 levita.
1023 5585 1302 5643 Diaconus
1350 5592 1469 5641 erat
1503 5584 1796 5655 Gofi‘ridus,

203 5673 318 5715 cum
349 5659 525 5714 abbas
573 5666 796 5713 creatus
855 5665 971 5722 est;
1027 5658 1153 5713 exin
1210 5668 1456 5713 sacratus
1511 5659 1687 5713 abbas
1730 5658 1800 5712 ab

203 5731 378 5794 lvone,
412 5737 527 5783 tum
556 5729 744 5784 Romae
776 5728 1064 5800 presbyter
1091 5735 1160 5784 ab
1190 5729 1442 5785 Urbano.

268 5800 415 5875 (ist)
446 5801 742 5863 Ducentas
772 5801 985 5857 etenim
1003 5802 1258 5857 libratus.
1290 5800 1408 5856 Lib.
1443 5815 1525 5869 ιιι,
1551 5800 1710 5873 epist.
1733 5800 1799 5854 1ο

202 5881 249 5931 et
276 5876 363 5931 15.

1947 1950 2096 2013 patu,
2127 1951 2314 1999 vestro
2342 1944 2398 1999 in
2428 1953 2693 2019 tempore,
2726 1951 2885 2006 nobis
2907 1954 3051 2024 apud
3071 1970 3166 2011 vos
3190 1972 3542 2031 conqueren-

1945 2032 2109 2099 tibus,
2144 2036 2536 2090 monasterium
2569 2046 2822 2095 nostrum
2853 2042 3092 2112 perdidit
3124 2062 3136 2098 :
3171 2046 3316 2102 unde
3346 2056 3544 2117 postea

1946 2122 2093 2192 quod
2124 2123 2333 2178 valeret
2362 2125 2569 2181 solidos
2608 2128 2916 2200 sexaginta.
2949 2148 3283 2205 recuperare
3313 2152 3419 2193 non
3442 2155 3542 2209 po-

1944 2209 2064 2265 tuit.
2096 2211 2212 2267 Nec
2242 2228 2345 2267 vos
2378 2213 2583 2270 idcirco
2609 2218 2883 2287 pulsatum
2911 2220 3129 2278 aliunde
3161 2224 3245 2279 vel
3290 2236 3540 2282 coactum

1943 2297 2213 2367 existimo,
2252 2301 2300 2355 si
2329 2301 2583 2358 dominus
2614 2320 2753 2376 papa
2781 2307 2932 2379 (182)
2985 2311 3126 2381 apud
3177 2316 3538 2372 reverentiam

1942 2396 2182 2476 vestram
2212 2391 2525 2460 apostolicae
2556 2393 2703 2448 sedis
2733 2394 2979 2464 injuriam
3036 2399 3307 2471 deposuit,
3370 2422 3533 2476 quam

1940 2475 2109 2532 silere
2134 2493 2245 2532 non
2274 2479 2453 2546 debui,
2490 2496 2592 2537 nec
2615 2482 2809 2552 silebo,
2843 2492 2896 2540 et
2926 2502 3089 2559 quam
3112 2488 3230 2559 ipse
3283 2475 3400 2561 per?
3437 2511 3535 2550 se—

1937 2572 2240 2655 metipsum
2264 2576 2407 2647 juste
2428 2576 2707 2636 vindicare
2727 2583 3029 2653 potuisset;
3063 2594 3114 2641 et
3140 2587 3341 2656 adhuc,
3366 2591 3412 2645 si
3444 2609 3539 2649 ne-

1938 2673 2212 2728 cesarium
2260 2672 2440 2742 fuerit,
2500 2678 2618 2734 Deo
2668 2680 2981 2752 auxiliante,
3040 2685 3354 2743 vindicabit.
3415 2691 3532 2763 Ille,

1936 2765 2181 2859 inquam,
2214 2774 2568 2831 vehementer
2598 2786 2685 2833 est
2715 2779 2970 2853 ingratus
2991 2784 3186 2855 gratiae
3217 2788 3324 2857 96
3344 2790 3538 2847 Roma-

1934 2884 2021 2926 nae
2048 2871 2345 2939 Ecclesiae,
2379 2873 2426 2927 si
2453 2874 2505 2929 ei
2531 2875 2757 2934 obedire
2781 2878 3122 2945 dissimulat;
3148 2896 3245 2954 pro
3274 2903 3384 2957 quo
3413 2887 3537 2959 ipsa

1934 2974 2222 3015 censuram
2247 2962 2473 3029 justitiae
2527 2965 2685 3035 quasi
2738 2966 2998 3040 ignorare
3055 2972 3246 3039 voluit,
3307 2984 3361 3031 et
3407 2994 3533 3035 eum

1933 3049 2176 3119 respexit
2204 3049 2324 3106 solo
2351 3050 2546 3107 intuitu
2576 3055 2998 3114 misericordiae.
3030 3060 3148 3116 Nec
3178 3062 3319 3118 bene
3350 3078 3531 3125 servat

1933 3137 2239 3194 Romanum
2269 3140 2577 3210 pontificem
2603 3142 2850 3214 juratum
2884 3145 3155 3204 fidelitatis
3211 3167 3527 3211 sacramen-

1853 3205 1903 3269 Ο
1931 3243 2065 3301 tum,
2097 3236 2190 3308 qui
2212 3253 2368 3293 suum
2400 3239 2451 3293 ei
2481 3240 2696 3297 auferre
2726 3243 3072 3300 machinatur
3128 3248 3404 3308 alodium.
3469 3256 3526 3310 Si

1925 3323 2143 3396 legatus
2170 3327 2485 3397 apostolicae
2513 3330 2660 3385 sedis
2681 3332 2852 3403 (183),
2886 3333 3027 3390 sicut
3083 3337 3398 3411 scripsistis,
3458 3360 3528 3402 ne

1926 3424 2090 3479 nobis
2123 3423 2359 3481 feceritis
2386 3426 2669 3496 justitiam,
2702 3433 2980 3502 praecepit,
3014 3443 3211 3491 contra
3255 3441 3526 3497 constitu-

1928 3511 2133 3568 tionem
2164 3515 2291 3582 Dei,
2323 3523 2377 3571 et
2405 3517 2610 3572 domini
2639 3535 2792 3590 papas
2833 3523 3253 3594 praeceptionem
3292 3528 3435 3597 fecit,
3472 3541 3527 3588 et

1928 3601 1982 3655 in
2015 3602 2253 3674 seipsum
2284 3620 2435 3659 suam
2465 3605 2634 3677 ipsius
2662 3609 2921 3681 sagittam
2950 3613 3186 3681 retorsit,
3217 3616 3348 3672 dum
3375 3628 3527 3690 pote-

1928 3701 2070 3768 stati,
2101 3717 2203 3773 pro
2234 3720 2336 3776 qua
2368 3704 2474 3759 sibi
2504 3706 2775 3775 obeditur,
2802 3709 3028 3766 obedire
3049 3713 3354 3783 prohibuit.
3382 3719 3523 3775 Nam

1929 3805 2053 3846 cum
2084 3792 2355 3848 adversus
2385 3801 2733 3865 potestatem,
2762 3814 2866 3869 qua
2890 3798 2992 3855 sibi
3023 3803 3328 3875 praecipere
3344 3823 3516 3866 conce

1927 3889 2092 3957 ditur,
2118 3892 2397 3964 praecepit,
2431 3893 2782 3965 praecipiendi
2811 3904 3134 3967 potestatem
3170 3903 3369 3959 amisit.
3402 3907 3523 3963 Pri-

1926 3987 2183 4061 vilegium
2212 3990 2378 4057 enim,
2412 4006 2519 4063 quo
2550 3992 2782 4065 quisque
2810 3994 2992 4064 utitur,
3018 4007 3259 4054 meretur
3273 4003 3524 4062 amittere

1927 4077 2096 4147 (184),
2129 4078 2221 4151 qui
2254 4079 2357 4133 sibi
2388 4096 2654 4136 concessa
2682 4082 2922 4139 abutitur
2940 4092 3227 4156 potestate.
3254 4090 3349 4146 Ille
3373 4110 3522 4149 vera-

1924 4174 2065 4229 citer
2091 4176 2193 4229 sibi
2223 4191 2486 4232 concessa
2514 4186 2779 4249 potestate
2810 4180 3070 4249 abutitur,
3106 4185 3196 4259 qui
3228 4188 3520 4249 occasione

1922 4263 2213 4336 legationis
2240 4265 2472 4321 Romani
2503 4268 2775 4337 pontificis
2805 4279 2998 4328 contra
3027 4273 3329 4333 Romanum
3374 4296 3519 4351 pon-

1924 4360 2124 4419 tiﬁcem
2153 4379 2321 4435 agere
2352 4373 2601 4432 conatur,
2633 4367 2752 4435 sed,
2786 4368 2916 4425 dum
2971 4381 3161 4429 contra
3217 4384 3519 4437 torrentem

1923 4451 2148 4507 brachia
2175 4453 2354 4525 erigit,
2389 4453 2592 4510 frustra
2622 4455 2903 4529 fatigatur.
2942 4461 3010 4516 Et
3038 4465 3239 4537 angelo
3295 4470 3519 4540 quidem

1922 4540 2064 4596 male
2091 4541 2453 4615 contigit,qui
2484 4544 2602 4600 Deo
2631 4548 2839 4620 aequari
2869 4550 3038 4607 voluit
3069 4571 3083 4615 ;
3108 4562 3163 4609 et
3191 4555 3393 4629 legato,
3425 4563 3520 4634 qui

1917 4639 2041 4730 ipso
2069 4640 2325 4730 pontifice
2380 4642 2633 4698 Romano
2699 4646 2875 4715 major
2930 4648 3101 4705 videri
3150 4657 3514 4730 concupiscit,

1917 4728 2060 4784 male
2083 4729 2523 4803 continget;qui
2550 4732 2681 4787 dum
2737 4735 2864 4806 plus
2916 4736 3033 4794 fieri
3085 4744 3292 4813 appetit
3348 4728 3513 4818 quam

1918 4824 2252 4896 apostolicus
2280 4828 2616 4898 apostaticus
2646 4826 2763 4886 fiet.
2802 4833 2872 4887 Et
2901 4836 3182 4906 quoniam,
3217 4840 3354 4897 sicut
3383 4844 3517 4901 dici-

1919 4923 2020 4981 tur,
2052 4915 2105 4969 in
2134 4914 2254 4981 ipso
2283 4918 2565 4987 praecessit
2600 4922 2848 4992 quaedam
2880 4922 3043 4981 elatio
3070 4928 3436 5000 reprimenda,
3459 4944 3519 4991 ut

1915 5011 2170 5069 videlicet
2191 5013 2260 5068 de
2293 5013 2513 5070 domino
2544 5031 2705 5088 papa,
2740 5019 3063 5078 charissimo
3093 5025 3252 5083 Patre
3299 5038 3511 5101 nostro,

1914 5117 2040 5156 cum
2070 5102 2304 5173 quodam
2336 5103 2616 5175 episcopo,
2638 5123 2797 5179 quem
2823 5109 3065 5167 Romana
3094 5113 3341 5172 Ecclesia
3359 5134 3514 5175 crea-

1914 5189 1990 5247 vit
2017 5184 2299 5258 ex‘hihilo,
2334 5207 2593 5263 perverse
2624 5195 2963 5267 loqueretur,
2996 5202 3066 5255 ab
3110 5204 3365 5262 Ecclesia
3412 5209 3514 5266 Dei

1986 5369 2130 5453 (182)
2148 5370 2492 5453 Sidam-irtus
2512 5389 2678 5445 papa.
2705 5375 2992 5453 (ζειιιίειιξει,⁸
3006 5379 3226 5453 opinor.
3253 5384 3386 5442 Vide
3411 5388 3508 5444 lib.

1912 5454 1951 5505 I,
1986 5442 2145 5528 epist.
2175 5442 2365 5528 12_ubi
2396 5442 2606 5528 litteras
2632 5447 2845 5528 petita
2903 5442 3124 5528 Qallisto
3170 5456 3245 5510 ad
3296 5442 3512 5528 episco;

1912 5528 2048 5598 pum
2072 5513 2466 5598 Gagnotensem
2487 5513 2751 5598 adversus
2780 5520 3122 5598 Nivelonem,
3142 5534 3197 5598 et
3225 5513 3383 5598 hujus
3403 5513 3507 5587 lib.

1911 5584 2081 5709 Epist.
2116 5583 2185 5641 2'1
2218 5584 2311 5639 ubi
2339 5586 2513 5641 semel
2546 5593 2708 5659 atque
2736 5589 2936 5647 iterum
2965 5583 3251 5666 scripsisse
3288 5583 3510 5674 signifi-v

1912 5669 2021 5709 cat.

2238 5726 2356 5811 ζερᾳ
2367 5730 2460 5811 tus
2483 5732 3167 5811 apostoliewsedisﬁono,
3188 5750 3247 5797 ut
3264 5743 3503 5801 videtur.

1909 5801 2138 5941 εἰ)ξέ
2152 5800 2533 5927 .Privilegiuni
2556 5808 2813 5862 meretur
2851 5810 3138 5870 amittere.
3155 5800 3503 5890 Simplicius

2003 5885 2072 5925 SI.
2106 5885 2167 5927 δ.
