3940 6454
487 426 587 492 illi

1509 417 1843 486 GOFFRIDI
1887 428 2176 487 ABBATIS
2215 429 2766 510 VthocmE-NSIS

3703 433 3802 488 1οι

486 554 828 629 respuendus
856 563 1000 612 esset
1031 563 1081 610 et
1113 553 1491 621 detestandus,
1524 563 1581 610 ut
1623 553 1710 610 vel
1769 554 1850 612 sic
1898 557 2086 626 posset
2113 553 2168 614 A
2198 556 2559 630 dignoscitur,
2591 574 2704 615 non
2731 557 3068 627 contradico,
3103 557 3200 614 sed
3233 557 3475 615 concedo
3505 565 3577 625 et,
3619 574 3798 629 quaa-

484 662 789 719 agnoscere
821 660 982 717 quam
1015 660 1185 715 grave
1215 644 1284 698 sit
1316 643 1370 698 in
1395 660 1518 699 eum
1551 643 1645 715 qui
1677 643 1780 698 soli
1810 644 1951 700 cmlo
1999 645 2088 700 in-

485 735 792 792 nocentiam
823 735 989 789 debet
1023 750 1086 788 os
1116 749 1342 804 ponere.
1380 735 1484 802 97
1511 733 1676 788 Novit
1709 742 1977 804 praeterea
1999 750 2087 790 ve-

486 833 602 880 stra
630 823 851 880 dilectio
879 823 1009 893 quid
1033 821 1296 894 magistro
1317 821 1583 887 debeatis,
1631 830 1686 876 et
1724 821 1857 892 quid
1911 822 2085 878 disci-

487 913 638 986 pulo.
669 913 808 968 Nam
831 910 1134 967 secundum
1161 910 1458 966 Sulvatoris
1506 910 1876 966 testimonium
1910 929 1923 966 :
1966 913 2088 968 Non

489 1007 572 1060 est
591 1002 904 1074 discipulus
921 1017 1094 1072 supra
1113 1002 1454 1071 magistram
1469 1000 1688 1068 (Matth.
1705 1016 1762 1067 x,
1781 1001 1896 1070 24),
1909 1016 2088 1071 neque

487 1090 766 1162 apostolus
796 1093 966 1159 major
990 1104 1056 1144 eo
1086 1089 1178 1160 qui
1209 1089 1352 1142 misit
1383 1087 1560 1142 illum.
1597 1089 1654 1144 Si
1687 1105 1818 1144 vero
1849 1104 1952 1159 pro
1980 1089 2087 1144 do-

488 1180 622 1235 mini
654 1195 812 1251 papaa
847 1177 1159 1233 obedientia
1204 1176 1336 1231 mihi
1385 1177 1581 1246 injuria
1632 1177 1898 1242 redditur,
1934 1177 2090 1234 laetor

492 1286 600 1324 non
632 1267 980 1324 mediocriter
1009 1275 1062 1322 et
1089 1266 1332 1322 delector
1361 1281 1462 1337 pro
1495 1273 1646 1321 tanto
1677 1266 1898 1322 domino
1941 1266 2088 1336 inju-

490 1357 632 1427 τίω-ἰ,
665 1373 765 1429 pro
794 1371 903 1428 quo
933 1371 1043 1411 non
1073 1355 1256 1411 solum
1287 1354 1587 1427 quamlibet
1618 1355 1872 1424 injuriam
1917 1354 2090 1410 susti-

490 1461 643 1517 nere,
675 1446 770 1502 sed
802 1444 965 1500 etiam
996 1460 1094 1516 pro
1138 1444 1263 1515 ipso
1318 1459 1540 1500 crucem
1587 1452 1810 1514 portare
1864 1451 2088 1515 paratus

490 1552 610 1591 sum
644 1553 658 1599 ;
690 1550 723 1589 a
754 1534 909 1603 cujus
939 1541 1130 1589 sancta
1159 1532 1472 1588 obedientia
1511 1541 1564 1588 et
1619 1530 1878 1588 fidelitate
1925 1548 2087 1589 nemo

489 1640 730 1696 unquam
758 1622 940 1679 vivum
970 1621 1056 1678 vel
1084 1630 1356 1679 mortuum
1411 1636 1500 1678 me
1553 1620 1758 1693 poterit
1795 1636 2078 1692 separare.

491 1715 627 1769 Cum
656 1711 924 1768 Nivelone
945 1727 1053 1767 non
1071 1727 1297 1768 causam
1319 1709 1587 1783 agendam
1605 1710 1748 1781 apud
1771 1709 2083 1777 Carnotum,

489 1803 587 1858 sed
617 1801 905 1858 terminum
937 1800 1225 1856 audientim
1257 1800 1325 1855 de
1354 1799 1693 1866 investitura,
1727 1807 1911 1856 vestro
1955 1815 2087 1856 con-

2195 647 2290 702 diu
2320 647 2522 715 vixero,
2546 647 2714 703 velint
2743 646 2914 702 nolint
2964 645 3147 718 angeli
3205 646 3618 713 discordiarum,
3677 646 3802 702 dili-

2195 744 2390 808 genter
2415 736 2742 792 observabo.
2776 736 3042 805 Injustum
3096 742 3180 790 est
3233 735 3378 790 enim
3433 743 3487 791 et
3546 735 3792 807 impium,

2196 825 2342 898 quod
2365 825 2513 894 justa
2534 832 2588 881 et
2614 826 2707 896 pia
2735 824 3101 895 dispositione
3123 823 3389 880 bonorum
3417 823 3791 895 praedecesso-

2196 930 2318 968 rum
2350 921 2656 969 vestrorum
2688 919 2746 968 et
2775 911 3123 968 fundatorum
3145 912 3466 968 monasterii
3491 911 3660 968 nostri
3693 913 3797 981 99

2197 1000 2396 1058 factum
2429 1009 2483 1058 et
2513 1019 2611 1073 per
2666 1001 2818 1073 ipsos
2857 1000 3245 1058 irretractabili
3284 1000 3598 1072 apostolica:
3653 1000 3800 1055 sedis

2195 1091 2514 1147 auctoritate
2545 1089 2816 1145 ﬁrmatum
2845 1091 3120 1155 novimus,
3151 1089 3380 1145 violare.
3430 1090 3512 1146 Ea
3566 1105 3684 1161 quae
3727 1089 3794 1144 ab

2197 1179 2641 1236 antecessoribus
2671 1179 2870 1235 vestris
2903 1179 3063 1235 nobis
3092 1187 3218 1234 sunt
3247 1179 3472 1250 scripta,
3503 1179 3659 1234 vobis
3683 1179 3800 1232 An-

2198 1269 2428 1343 degavis
2457 1277 2809 1326 monastrare
2837 1267 3006 1335 volui,
3038 1267 3134 1323 sed
3154 1283 3251 1323 vos
3274 1283 3383 1323 non
3404 1266 3668 1322 habuistis
3685 1281 3802 1338 spa-

2196 1359 2335 1414 tium
2365 1357 2607 1414 videndi.
2635 1357 2714 1412 Ibi
2742 1356 2887 1413 enim
2919 1365 3196 1428 praecepta
3254 1364 3308 1412 et
3367 1355 3652 1428 privilegia
3687 1356 3799 1423 jam

2196 1463 2298 1519 per
2315 1451 2432 1503 tres
2479 1462 2658 1502 annos
2717 1453 3092 1515 reservantur,
3130 1453 3358 1518 propter
3403 1444 3799 1516 superﬂuitates

2195 1552 2480 1608 aquarum,
2512 1553 2633 1608 quae
2670 1534 2903 1590 armaria
2935 1542 3146 1603 nostra,
3181 1551 3303 1605 qua
3332 1541 3455 1588 sunt
3486 1533 3584 1590 Vin
3598 1532 3797 1600 docini,

2195 1626 2334 1680 adeo
2363 1623 2761 1680 inundaverant
2781 1632 2834 1680 et
2870 1638 3074 1695 aquosa
3115 1623 3470 1695 reliquerunt,
3531 1621 3674 1694 quod
3732 1637 3793 1677 ex

2195 1722 2345 1785 parte
2365 1712 2491 1768 libri
2525 1714 2721 1780 nostri,
2754 1713 2846 1785 qui
2873 1712 2947 1766 ibi
2977 1712 3210 1781 fuerant,
3245 1710 3549 1782 perierunt.
3571 1711 3639 1766 Et
3667 1725 3790 1782 quo-

2194 1802 2340 1857 niam
2379 1801 2448 1857 ad
2478 1817 2720 1873 przesens
2750 1801 2951 1872 partim
2975 1799 3226 1870 corporis
3279 1797 3602 1865 infirmitate,
3657 1813 3786 1869 par-

491 1891 615 1948 silio
646 1891 920 1957 inductus,
951 1905 1066 1946 non
1093 1898 1280 1946 nostra
1309 1889 1504 1946 ductus
1529 1888 1798 1944 voluntate
1820 1889 2078 1959 suscepit,
2111 1913 2166 1973 B
2197 1890 2294 1945 tim
2342 1890 2659 1946 monasterii
2713 1890 3043 1946 necessitate
3099 1888 3368 1956 detentus,
3445 1887 3798 1943 Vindocinum

487 1981 633 2052 quod
661 1988 831 2036 totum
860 1978 1146 2035 occasione
1168 1985 1344 2034 vestra
1373 1977 1584 2033 credidi
1615 1984 1667 2032 et
1719 1976 1886 2033 credo
1931 1993 2079 2049 pra-

489 2069 723 2126 teriisse.
758 2069 893 2123 Nam
917 2067 1047 2122 dum
1081 2067 1260 2123 adhuc
1289 2066 1433 2138 apud
1455 2065 1862 2122 Bonamvallem
1904 2083 2085 2122 essem

488 2157 792 2225 vobiscum,
815 2155 1048 2226 dixistis,
1080 2157 1225 2228 quod
1254 2155 1550 2212 Carnotum
1583 2171 1671 2210 me
1701 2154 1922 2210 minime
1943 2171 2083 2210 con-

489 2246 694 2303 ducere
725 2245 1016 2318 poteratis,
1051 2251 1104 2300 et
1132 2245 1258 2301 ideo
1274 2244 1426 2309 utile,
1455 2243 1563 2300 imo
1581 2243 1953 2300 necessarium
1967 2250 2088 2299 erat

488 2343 548 2388 ut
577 2335 867 2390 terminum
899 2333 1181 2389 mutaretis
1212 2337 1266 2388 et
1284 2333 1488 2398 locum,
1521 2332 1673 2388 sicut
1703 2331 1933 2387 fecistis.
1990 2335 2090 2387 Per

489 2423 773 2494 llugonem
803 2423 1004 2479 etenim
1024 2422 1290 2478 decanum
1309 2428 1551 2478 vestrum
1576 2423 1618 2487 (1
1631 2422 1721 2489 Βῦ)
1749 2420 1878 2475 mihi
1901 2429 2090 2492 postea

485 2511 785 2566 mandastis
814 2527 883 2566 ne
913 2510 1144 2566 termino
1171 2509 1314 2565 inter
1343 2525 1429 2565 me
1457 2517 1509 2564 et
1538 2508 1864 2566 Nivelonem
1889 2516 2089 2564 statuto

487 2601 784 2657 Carnotum
816 2600 1082 2668 venirem,
1118 2601 1247 2672 quia
1278 2600 1353 2654 ibi
1393 2599 1592 2655 adesse
1651 2614 1760 2656 non
1818 2599 2080 2671 possetis.

490 2691 762 2746 Praeterea
790 2705 892 2761 per
918 2689 1118 2745 fratres
1145 2692 1365 2744 nostros
1399 2689 1677 2760 Paganum
1702 2696 1754 2743 et
1791 2687 2090 2744 Galterium

490 2795 663 2851 usque
692 2779 760 2834 ad
793 2778 1134 2850 Rogationes
1167 2795 1264 2834 vos
1292 2777 1357 2832 ad
1411 2786 1593 2849 partes
1649 2786 1863 2834 nostras
1903 2785 2090 2834 ventu-

489 2885 608 2924 rum
629 2867 1004 2942 significastis,
1037 2867 1128 2922 ubi
1161 2883 1356 2923 secure
1386 2874 1439 2922 et
1467 2874 1620 2922 certo
1647 2866 1736 2922 die
1765 2866 1837 2922 de
1867 2865 2094 2922 investi-

487 2964 613 3012 tura
639 2964 1018 3022 tractaremus,
1047 2969 1099 3011 et
1127 2955 1340 3010 interim
1370 2955 1710 3022 Nivelonem,
1736 2963 1792 3010 ut
1821 2971 1923 3011 nos
1945 2955 2094 3011 inve-

488 3044 661 3112 stiret,
686 3044 982 3117 rogaretis.
1023 3044 1476 3116 Exspectavimus
1502 3045 1730 3117 quidem
1779 3043 2091 3111 terminum,

484 3123 583 3189 sed
612 3148 796 3205 neque
817 3148 916 3189 vos
947 3147 1124 3205 neque
1153 3132 1392 3204 aliquem
1421 3148 1488 3187 ex
1525 3140 1710 3204 partes
1733 3139 1913 3188 vestra
1955 3132 2095 3188 vidi-

485 3237 628 3289 mus,
660 3229 714 3278 et
740 3222 918 3278 adhuc
937 3220 1242 3292 exspoliati,
1266 3229 1320 3276 et
1341 3222 1449 3291 98
1471 3219 1788 3293 multiplicis
1823 3221 2096 3277 dilationis

483 3311 730 3383 pondere
754 3310 1098 3384 prmgravati,
1131 3317 1187 3365 ut
1221 3310 1602 3376 investiamur,
1627 3317 1681 3365 et
1707 3308 1912 3364 domini
1943 3326 2100 3381 papas

485 3407 820 3473 praeceptum
847 3400 1193 3465 observetur,
1241 3398 1540 3470 diligenter
1607 3413 1904 3470 rogamus.
1952 3399 2101 3456 Alio-

489 3488 639 3561 quim
668 3505 790 3544 cum
815 3488 1038 3544 Naboth
1059 3487 1326 3552 Israelita,
1359 3495 1414 3543 et
1441 3487 1604 3558 plebe
1649 3486 1948 3543 Israelitica
1991 3487 2097 3544 ad-

491 3581 742 3630 vocatum
760 3573 829 3630 de
854 3572 1018 3638 coelo,
1042 3580 1102 3628 ut
1128 3571 1289 3628 nobis
1332 3571 1642 3640 subveniat,
1692 3570 2088 3643 imploramus.

980 3764 1331 3822 EPISTOLA
1368 3727 1596 3820 xxxx:

487 3903 868 3961 Dilectissimo
898 3903 1071 3960 Patri
1099 3907 1159 3961 et
1189 3903 1418 3960 domino
1451 3901 1714 3975 Goﬁ'rido,
1753 3899 2097 3958 honorabilis

561 4008 693 4063 vitae
714 4008 985 4080 episcOpo,
1014 4009 1201 4078 frater
1230 4005 1530 4077 Go/‘fridus
1558 4021 1720 4079 puro:
1767 4004 2098 4062 dilectionis

557 4112 841 4182 affectum
869 4111 1092 4184 pariter
1111 4113 1170 4166 et
1197 4111 1496 4181 effectum.

558 4263 762 4320 Nescio
789 4264 950 4336 cujus
972 4264 1332 4338 suggestione
1361 4271 1414 4320 et
1433 4262 1661 4320 consilio
1705 4261 1836 4317 mihi
1892 4261 2093 4333 saepius

487 4351 705 4408 dixistis
734 4352 788 4407 in
819 4353 925 4410 hoc
943 4369 1104 4419 anno,
1129 4356 1276 4426 quod
1307 4351 1568 4409 Ecclesia
1585 4360 1787 4408 vestrae
1808 4367 1919 4408 non
1944 4350 2097 4408 tolle-

490 4457 608 4497 rem
625 4442 774 4512 quod
803 4442 1014 4510 habuit,
1044 4450 1098 4498 et
1127 4443 1325 4498 habere
1349 4441 1515 4498 debet
1540 4442 1596 4496 in
1624 4439 1963 4498 monasterio
1993 4455 2099 4495 no-

490 4540 623 4588 stro.
652 4531 722 4585 Et
753 4546 860 4604 ego
889 4530 1051 4588 vobis
1073 4531 1187 4600 jam
1215 4530 1346 4591 dixi.
1375 4538 1430 4585 et
1459 4530 1663 4601 scripto
1692 4529 1947 4601 praesenti
1996 4528 2101 4584 ad—

2192 1978 2440 2035 fortassis
2469 1979 2658 2035 venire
2688 1995 2798 2034 non
2828 1987 3037 2050 potero,
3069 1993 3209 2050 rogo
3240 1976 3558 2048 suppliciter
3586 1983 3646 2031 ut
3694 1975 3795 2031 do-

2193 2068 2397 2124 minum
2430 2067 2785 2134 Bernardum,
2812 2077 2865 2123 et
2895 2069 3155 2122 domnum
3181 2065 3539 2132 Rainardum,
3573 2063 3659 2120 vel
3698 2079 3792 2120 eo-

2194 2175 2317 2214 rum
2344 2157 2578 2214 alterum
2609 2157 2679 2212 ad
2709 2173 2810 2212 nos
2847 2155 3092 2224 mittatis,
3112 2163 3166 2211 et
3181 2170 3285 2227 ego
3313 2170 3436 2210 eum
3459 2171 3488 2209 a
3506 2153 3806 2210 Vindocino

2195 2263 2370 2319 usque
2399 2245 2750 2319 Andagavim
2782 2244 3013 2301 conduci
3044 2243 3241 2300 faciam
3269 2251 3322 2299 et
3350 2243 3422 2298 ad
3470 2258 3567 2298 vos
3613 2241 3797 2298 reduci

2197 2335 2290 2408 qui
2320 2345 2505 2392 nostra
2534 2334 2717 2390 videat
2744 2333 2968 2406 scripta,
3002 2341 3056 2388 et
3084 2333 3152 2389 ad
3184 2348 3301 2399 vos,
3333 2331 3378 2387 si
3401 2331 3599 2403 placet,
3621 2346 3807 2402 repor-

2196 2432 2273 2480 tet
2301 2423 2640 2495 transcripta.
2675 2423 2844 2479 Vobis
2873 2423 3090 2489 iterum,
3123 2421 3170 2476 si
3199 2420 3540 2494 quaesieritis,
3591 2419 3807 2491 quando

2199 2512 2561 2570 Vindocinum
2594 2511 2931 2578 venerimus,
2962 2527 3029 2567 ea
3072 2510 3302 2566 libenter
3358 2507 3805 2565 monstrabimus.

2199 2601 2299 2668 Ibi,
2334 2603 2449 2658 Deo
2495 2600 2812 2670 auxiliante,
2839 2598 3095 2658 videbitis
3150 2599 3295 2654 unde
3338 2596 3561 2670 reprimi
3614 2597 3813 2657 debeat

2199 2689 2506 2762 importuna
2532 2689 2838 2763 loquacitas
2866 2689 3186 2745 aemulorum
3239 2686 3352 2760 qui,
3410 2701 3629 2743 suorum
3677 2701 3812 2740 ven-

2202 2778 2420 2836 tositate
2451 2779 2769 2845 verborum,
2813 2785 3192 2849 tempestatem
3240 2775 3508 2832 suscitare
3549 2781 3812 2831 conantur

2201 2867 2256 2922 in
2289 2867 2598 2941 tranquilla
2626 2876 2808 2924 mente
2846 2867 3142 2923 bonorum.

2604 3073 2772 3142 100
2802 3067 3144 3126 EPISTOLA
3174 3067 3414 3124 XXXII.

2208 3216 2550 3272 Dulcissimo
2580 3215 2806 3272 domino
2823 3217 2882 3270 et
2899 3213 3213 3269 amicorum
3235 3207 3811 3284 pracipuo,Go/Trido

2282 3305 2620 3361 venerabilis
2650 3304 2781 3358 vitae
2797 3303 3071 3374 episcopo,
3099 3303 3286 3372 frater
3309 3297 3605 3371 Goffridus
3627 3299 3814 3354 dictus

2276 3392 2463 3460 abbas,
2496 3397 2552 3449 et
2582 3391 3139 3463 omniscongregatio
3167 3388 3583 3444 Vindocincnsis
3603 3401 3810 3442 mona-

2277 3482 2460 3550 sterii,
2491 3481 2635 3555 quod
2651 3483 2910 3554 possunt,
2953 3477 3097 3552 quod
3125 3477 3378 3550 sapiunt,
3403 3481 3460 3533 et
3488 3477 3722 3550 seipsos.

2275 3634 2441 3700 Bene,
2470 3632 2599 3700 imo,
2631 3631 2858 3706 Optime,
2886 3629 3211 3688 charissima
3241 3629 3428 3695 Pater,
3479 3627 3550 3684 de
3601 3626 3812 3696 justitia

2204 3723 2365 3778 nobis
2394 3721 2640 3778 facienda
2668 3720 2933 3793 precepit
2961 3727 3143 3776 vestra
3197 3717 3419 3774 dilectio
3451 3734 3466 3784 ;
3521 3716 3618 3772 sed
3667 3715 3816 3788 quod

2205 3813 2346 3869 bene
2374 3818 2711 3884 praeceptum
2741 3817 2845 3876 est,
2879 3825 2989 3864 non
3019 3815 3104 3864 est
3132 3807 3273 3863 bene
3314 3813 3616 3862 servatum.
3638 3805 3815 3860 Theo-

2205 3901 2401 3957 baldus
2421 3898 2569 3956 enim
2608 3899 2678 3955 de
2737 3898 2941 3954 Gravia
2993 3895 3246 3952 homines
3297 3893 3813 3961 excommunicatos,

2207 4005 2346 4063 quos
2375 4006 2506 4047 suos
2535 4004 2660 4045 esse
2689 3987 2944 4060 negabat,
2982 4001 3168 4042 secum
3195 3983 3361 4040 habet
3387 3983 3456 4039 ad
3491 3999 3734 4039 mensam
3767 3999 3820 4048 et

2207 4079 2264 4135 in
2293 4077 2518 4135 servitio
2547 4093 2692 4133 suo:
2736 4076 2880 4149 quod
2935 4077 3215 4130 noverunt
3272 4071 3447 4140 multi,
3501 4080 3555 4128 et
3608 4071 3816 4128 fortas-

2207 4168 2285 4224 sis
2303 4168 2538 4224 domnus
2567 4166 2810 4223 decanus
2838 4179 2946 4220 non
2969 4163 3205 4237 ignorat.
3235 4162 3438 4218 Praeter
3455 4160 3561 4217 ista
3581 4168 3634 4218 et
3651 4159 3820 4216 multa

2207 4257 2314 4312 alia
2341 4257 2539 4313 damna
2568 4255 2805 4311 domnus
2831 4255 3072 4309 Joannes
3120 4250 3264 4306 titius
3319 4250 3535 4308 comitis
3591 4249 3815 4304 Vendo-

2209 4345 2450 4404 cinensis
2477 4345 2628 4415 (186)
2664 4354 2870 4400 etcum
2899 4357 2964 4397 eo
3007 4340 3231 4414 quidam
3288 4355 3607 4396 vavassores
3663 4339 3816 4407 (187)

2209 4435 2412 4491 milites
2468 4434 2540 4490 de
2599 4433 2789 4488 Castro
2843 4429 3152 4496 Vindocini,
3213 4429 3507 4501 quamdam
3561 4426 3818 4498 optimam

2209 4522 2582 4581 obedientiam
2612 4529 2855 4578 nostram
2886 4519 3030 4575 adeo
3059 4517 3359 4588 deprmdati
3388 4524 3513 4572 sunt
3541 4523 3591 4572 et
3643 4515 3818 4569 deva-

487 4623 596 4680 huc
615 4623 762 4691 dico,
787 4602 932 4696 quod
953 4620 1217 4677 Ecclesiae
1241 4628 1436 4675 vestrae
1463 4619 1764 4692 quidquam
1786 4617 1981 4674 tollere
2001 4633 2107 4675 nec
2132 4635 2186 4695 D
2215 4619 2502 4669 staverunt
2531 4611 2678 4683 quod
2709 4624 2937 4665 necesse
2969 4615 3053 4662 est
3079 4607 3401 4696 monachos,
3433 4605 3524 4677 qui
3555 4619 3677 4696 eam
3732 4602 3822 4658 in-

487 4728 732 4784 possum,
764 4727 866 4767 nec
894 4709 1020 4766 volo
1052 4728 1067 4777 ;
1098 4709 1209 4765 imo
1239 4708 1408 4775 illam,
1433 4715 1488 4764 et
1525 4707 1584 4763 in
1614 4716 1862 4779 tempore
1913 4710 2100 4763 vestro

487 4802 742 4868 maxime,
779 4799 1012 4873 diligere
1043 4807 1094 4855 et
1135 4799 1408 4854 honorare
1442 4805 1553 4854 toto
1603 4796 1775 4854 corde
1821 4795 2099 4862 desidero,

489 4890 536 4945 si
566 4889 882 4964 malignitas
910 4885 1224 4943 invidorum
1251 4885 1602 4957 permiserit;
1636 4884 1682 4940 si
1712 4899 1822 4940 non
1844 4883 2100 4956 amplius,

487 4995 599 5036 non
627 4988 809 5035 tamen
840 4976 1020 5032 minus
1050 4991 1212 5048 quam
1242 4973 1466 5046 quilibet
1496 4973 1957 5043 praedecessorum
2007 4987 2103 5028 no-

490 5076 730 5125 strorum
759 5075 884 5124 ante
915 5081 1002 5121 me
1031 5064 1238 5121 fecerit.
1275 5064 1339 5118 Et.
1395 5062 1660 5135 quidquid
1706 5060 1951 5118 Ecclesia
2010 5077 2104 5118 ve-

493 5175 608 5223 stra
635 5167 691 5222 in
718 5165 997 5222 creatione
1028 5161 1351 5219 monasterii
1381 5160 1552 5216 nostri
1578 5159 1682 5214 sibi
1715 5158 1768 5213 in
1833 5158 1953 5230 ipso
2010 5175 2101 5215 re-

493 5256 750 5324 servavit,
783 5255 870 5312 vel
890 5253 1150 5324 deinceps
1173 5251 1320 5321 juste
1363 5257 1416 5305 et
1457 5247 1799 5321 regulariter
1845 5247 2104 5304 habuisse

569 5431 717 5501 (185)
730 5431 1023 5502 Hugonem
1052 5430 1331 5486 decanum
1352 5431 1623 5485 vestrum.
1641 5426 1865 5482 Ernaldi
1888 5441 2101 5484 succes‘

512 5517 694 5557 sorem
707 5542 720 5556 .

567 5574 714 5642 (186)
731 5573 979 5629 Domnus
996 5573 1242 5628 Joannes
1265 5571 1424 5642 ﬁlius
1445 5569 1672 5642 comitis
1704 5567 2096 5642 Vindocinen-

497 5639 596 5700 sis.
621 5639 814 5715 De'quo
834 5642 1038 5715 dictum
1056 5651 1139 5698 est
1155 5643 1222 5697 ad
1235 5639 1486 5715 epist.l3_
1501 5639 2102 5715 li_b._t._Comes_fuitpost

502 5711 745 5801 l’atrem',
762 5711 1430 5801 bellumque‘gegsitpum'
1456 5712 1686 5793 Sulpitio
1714 5711 1940 5767 domino
1957 5714 2098 5801 Am-

501 5783 686 5853 basiae,
717 5798 842 5839 cum
863 5799 969 5853 quo
1001 5792 1057 5853 et
1086 5783 1366 5838 Gotfridus
1403 5783 1628 5837 Joannis
1682 5798 1882 5852 parens
1937 5791 2099 5837 antea

503 5852 992 5920 bellarat,uterque
1009 5852 1212 5908 infelici
1231 5854 1402 5920 exitu,
1434 5860 1492 5908 ut
1515 5861 1695 5908 narrat
1725 5859 1884 5910 vetus
1908 5860 2099 5909 auctor

502 5923 760 5981 Historiae
787 5922 1196 5979 Ambasiensis.

2211 4701 2551 4768 habitabant,
2583 4708 2634 4756 et
2663 4698 2904 4755 cultores
2935 4696 3049 4765 ejus
3076 4695 3384 4762 discedere,
3419 4710 3646 4766 eamque
3665 4691 3720 4747 in
3743 4706 3822 4746 so-

2209 4791 2489 4846 litudinem
2516 4788 2717 4860 redigi.
2759 4788 2873 4842 Hoc
2903 4785 3056 4842 novit
3082 4785 3318 4841 domnus
3347 4784 3585 4839 decanus
3613 4789 3820 4837 vester.

2211 4881 2446 4936 Locutus
2475 4886 2558 4934 est
2585 4876 2714 4932 inde
2745 4891 2868 4932 cum
2897 4873 3121 4943 comite,
3171 4882 3358 4928 nostra
3417 4870 3810 4928 admonitione.

2212 4968 2322 5024 Sed
2353 4983 2544 5024 comes
2576 4965 2711 5021 nihil
2733 4964 2954 5036 penitus
2999 4962 3128 5020 fecit
3157 4961 3302 5034 quod
3330 4961 3492 5016 nobis
3547 4959 3614 5014 sit
3662 4959 3817 5014 utile.

2209 5066 2366 5124 Unde
2395 5064 2678 5122 dilectioni
2726 5071 2920 5120 vestrae
2977 5060 3257 5116 humiliter
3315 5058 3706 5132 supplicamus,
3762 5065 3822 5112 ut

2211 5155 2358 5229 quod
2388 5161 2580 5212 contra
2609 5169 2711 5209 nos
2731 5161 2908 5209 actum
2941 5159 3043 5217 est,
3074 5158 3128 5205 et
3158 5149 3401 5222 quotidie
3443 5147 3678 5220 pessime
3706 5146 3826 5216 agi-

2213 5253 2323 5316 tur,
2366 5245 2447 5301 sic
2492 5242 2801 5315 corrigatis,
2861 5248 3136 5312 quatenus
3188 5237 3572 5294 malefactores
3623 5235 3820 5300 nostri,

2283 5424 2434 5496 (I87)
2463 5415 3248 5496 l’avassores._VassaliLInter
3267 5415 3528 5496 epistolas
3558 5412 3812 5486 Sugerii:

2210 5487 2442 5568 Suberib
2462 5490 2906 5568 abbatiaornino
2929 5504 3028 5545 suo
3049 5488 3132 5554 0.,
3155 5487 3361 5568 iunior,
3387 5491 3816 5568 etoavassores,

2211 5573 2269 5625 et
2289 5556 2413 5622 tota
2434 5565 2624 5621 sancti
2653 5562 2903 5618 Richarii
2939 5561 3284 5617 communia.
3311 5558 3469 5626 Quod
3493 5557 3653 5612 hodie
3684 5556 3819 5612 dici-

2210 5654 2353 5703 mus,
2371 5636 2582 5707 nobiles
2597 5633 2990 5707 atquaincoltp
3006 5630 3194 5707 oppidi
3211 5628 3820 5707 alicujusNalvasores

2208 5700 2458 5782 appellat
2478 5700 2719 5782 Qbertus
2748 5705 2844 5782 lib.
2869 5719 2908 5756 ιι
2940 5701 3008 5782 de
3039 5700 3243 5782 feudis,
3267 5700 3345 5782 tit.
3369 5701 3434 5755 10
3464 5713 3818 5782 ξοςιιυςερτοτ

2207 5769 2325 5852 prie
2354 5778 2461 5834 dici
2489 5777 2649 5832 docet
2663 5775 2768 5852 Aqui
2801 5791 2831 5852 a
2861 5773 3170 5852 capitoneis
3198 5771 3416 5852 fetidum
3471 5769 3658 5826 tenent
3676 5769 3820 5852 {qui

2208 5841 2341 5909 vero
2370 5866 2404 5906 a
2430 5841 2784 5906 vavasoribus
2805 5841 3029 5915 habent,
3063 5842 3382 5901 valvasinos
3409 5841 3755 5914 nuncupari.
