3940 6428
238 403 344 459 105

1483 396 1868 456 EPISTOLE.
1916 429 1984 442 —
2013 399 2146 456 LIB.
2185 399 2283 456 IlI.

3435 420 3537 474 106

231 527 550 599 parochiani
581 527 771 594 vestri,
803 533 856 582 et
873 525 1055 582 ablata
1078 525 1238 582 nobls
1256 525 1564 590 restituant,
1598 533 1650 580 et
1681 525 1828 598 quie-
1857 524 1912 583 A
1943 541 2058 594 eos,
2105 527 2349 598 quandiu
2407 528 2623 600 placuit,
2681 537 3162 595 tormentaverunt.
3223 540 3542 613 Rapuerunt

228 625 344 672 tros
364 617 624 689 deinceps
650 631 752 673 nos
781 631 902 672 esse
929 615 1263 686 permittant.
1295 615 1442 670 Bone
1473 622 1524 670 et
1553 615 1641 685 pie
1676 616 1832 684 101

231 705 470 773 domine,
503 713 582 761 tot
609 714 662 762 et
689 713 864 760 tantas
892 720 1198 776 pressuras,
1235 703 1608 759 tribulationes
1639 711 1691 758 et
1735 717 1838 757 an-

231 795 439 867 gustias
469 810 503 850 a
531 793 1027 850 Vindocinensibus
1057 792 1369 848 hominibus
1414 791 1573 846 nobis
1628 791 1827 856 illatas,

233 895 460 950 quarum
477 880 638 934 etiam
665 887 874 950 partem
905 876 1261 947 praesentibus
1292 876 1489 931 comite
1537 883 1588 931 et
1649 875 1830 931 homi-

231 969 393 1022 nibus
423 971 558 1038 ejus,
589 968 745 1023 vobis
775 965 1028 1032 diximus,
1061 965 1196 1019 ultra
1246 964 1516 1020 sustinere
1571 963 1677 1018 ulla
1735 981 1828 1017 ra-

231 1056 378 1112 tione
405 1071 512 1111 non
541 1071 857 1126 possumus.
898 1055 1044 1109 Inter
1071 1061 1284 1114 castera,
1317 1069 1439 1124 qua;
1488 1059 1674 1108 contra
1727 1067 1826 1107 nos

229 1160 418 1200 eorum
449 1143 809 1200 intolerabilis
838 1144 1022 1198 rabies
1050 1144 1183 1215 egit,
1205 1142 1456 1198 homines
1486 1142 1544 1196 B.
1588 1141 1825 1208 Martini,

231 1243 282 1288 et
336 1234 519 1290 Sancti
579 1232 896 1288 Launomari
939 1240 1128 1301 captos
1177 1239 1232 1286 et
1273 1230 1495 1303 ligatos,
1546 1245 1720 1300 nuper
1771 1230 1827 1283 in

230 1337 395 1378 unam
424 1322 492 1378 de
521 1321 845 1378 obedientiis
877 1319 1022 1391 (188)
1047 1320 1246 1375 nostris
1273 1318 1646 1385 adduxerunt,
1680 1326 1735 1373 et
1751 1318 1825 1372 ibi

1258 1459 1417 1528 102
1453 1459 1822 1562 LIBER

702 1656 1041 1712 EPISTOLA
1073 1653 1298 1709 PRIMA
1312 1693 1325 1707 .

225 1757 476 1830 Gof/‘rido
498 1757 991 1827 Andegavensium
1010 1754 1263 1825 episcopo
1280 1751 1450 1821 (189),
1475 1750 1700 1806 domino
1721 1765 1819 1804 suo

1948 632 2068 688 quae
2097 624 2254 670 erant
2281 616 2334 670 in
2363 617 2544 681 domo,
2579 626 2632 673 et
2660 623 3049 680 monachorum
3081 627 3323 684 claustra
3351 646 3541 688 carce-

1949 719 2064 758 rem
2090 704 2334 761 fecerunt
2364 706 2724 776 captivorum.
2757 711 2868 766 Hac
2900 713 3081 786 itaque
3109 716 3276 773 nimia
3306 719 3537 777 etinau-

1943 792 2055 847 dita
2086 793 2412 849 necessitate
2441 805 2694 866 cogente,
2725 799 2975 856 dominus
2997 820 3137 875 papa
3168 821 3201 861 a
3227 808 3386 864 nobis
3444 827 3536 866 re-

1942 880 2238 952 quirendus
2257 889 2358 938 est.
2382 883 2545 949 Cujus
2574 887 2893 944 auctoritate
2921 894 3211 951 etconsilio
3225 900 3536 968 opportebit

1938 984 2038 1024 nos
2067 978 2157 1024 aut
2187 979 2397 1025 mutare
2427 971 2624 1039 locum,
2650 982 2738 1029 aut
2768 975 2823 1030 in
2852 977 2974 1034 loco
3029 998 3149 1053 quae
3195 983 3354 1040 decet
3407 1004 3533 1044 mo-

1936 1058 2142 1114 nacbos
2171 1059 2404 1130 quietem
2447 1060 2670 1117 habere.
2731 1065 2931 1120 Horum
2993 1068 3223 1126 alterum
3279 1091 3534 1132 necessa-

1935 1146 2076 1200 rium
2107 1146 2371 1215 imminet,
2404 1148 2490 1203 vel
2519 1164 2620 1204 nos
2657 1151 2725 1204 ab
2770 1152 3002 1211 invicem
3066 1162 3309 1230 separari
3358 1171 3410 1218 et
3458 1167 3529 1221 ad

1935 1235 2044 1289 alia
2072 1237 2400 1292 monasteria
2432 1239 2837 1310 transmigrare.

1935 1451 2478 1558 TERTIUS

1931 1658 2052 1698 rum
2078 1643 2170 1715 qui
2200 1644 2491 1700 carnaliter
2519 1645 2706 1704 vivere
2741 1649 2943 1718 volunt,
2977 1667 3166 1710 aurem
3214 1660 3395 1716 cordis
3439 1661 3527 1717 in-

1930 1743 2175 1811 clinare;
2209 1743 2376 1800 nolite
2407 1760 2440 1800 a
2472 1746 2558 1802 via
2587 1747 2817 1818 justitia:
2864 1752 3058 1821 pedem
3109 1758 3408 1828 retrahere,
3459 1777 3528 1817 ne

292 1828 361 1903 ut
383 1847 584 1911 amico,
623 1844 913 1916 Gof/ridus
951 1840 1370 1898 Vindocincnsis
1390 1839 1823 1896 monasteriiin-
1855 1828 1904 1888 Β
1934 1831 2186 1888 incidatis
2215 1832 2271 1887 in
2309 1833 2520 1890 Satanae
2578 1837 2957 1909 muscipulam,
3014 1842 3069 1896 in
3124 1861 3233 1915 qua
3288 1847 3530 1918 capiatur

292 1937 497 2009 dignus
522 1936 807 2001 minister,
837 1934 1103 1989 salutem.

291 2026 520 2081 Litteras
545 2031 756 2079 vestras
785 2019 993 2093 accepi,
1023 2019 1220 2093 quibus
1252 2016 1402 2072 nullo
1433 2017 1596 2072 modo
1629 2014 1814 2072 credi-

217 2114 444 2180 dissem,
472 2111 580 2167 nisi
609 2127 705 2167 eas
734 2109 1001 2183 sigillatas
1041 2107 1223 2178 sigillo
1241 2114 1423 2161 vestro
1438 2105 1714 2160 vidissem.
1733 2104 1816 2158 Ibi

217 2203 366 2260 enim
395 2202 593 2258 dicitur
623 2215 719 2257 vos
748 2197 1002 2255 electioni
1049 2195 1192 2251 Petri
1237 2193 1609 2250 Bellilocensis
1663 2193 1812 2263 (190)

215 2291 593 2357 consensisse,
623 2297 675 2346 et
704 2287 828 2343 ideo
855 2301 998 2342 nunc
1025 2299 1257 2340 necesse
1277 2281 1493 2337 habetis
1523 2289 1576 2336 ut
1607 2297 1728 2336 eum
1757 2281 1812 2335 in

216 2382 470 2438 abbatem
492 2375 853 2436 consecratis.
892 2373 1052 2444 Quod
1078 2373 1123 2428 si
1147 2373 1216 2426 ita
1246 2379 1348 2438 est,
1380 2369 1661 2441 parvitatis
1705 2383 1808 2424 no-

215 2479 348 2528 strae
375 2467 607 2526 consilio
623 2481 790 2538 super
801 2467 906 2520 hoc
924 2462 1155 2533 amplius
1172 2477 1280 2517 non
1307 2458 1584 2532 indigetis,
1609 2457 1808 2529 quippe

215 2561 342 2633 quia
371 2575 483 2615 rem
506 2559 620 2628 jam
649 2555 846 2612 factam
875 2552 1108 2608 habetis.
1159 2551 1365 2606 Tamen
1425 2548 1472 2603 si
1523 2547 1704 2617 placet
1757 2556 1808 2601 et

214 2650 418 2704 bonum
451 2646 606 2703 vobis
633 2643 867 2708 videtur,
900 2649 960 2696 ut
981 2639 1050 2694 ad
1078 2640 1184 2695 hoc
1212 2654 1299 2692 me
1347 2644 1669 2708 exspectare
1717 2635 1805 2688 di-

211 2736 477 2810 gnemini,
511 2734 742 2792 termino
769 2745 875 2804 quo
904 2727 1296 2784 mandaveritis
1325 2726 1394 2781 ad
1425 2741 1523 2782 vos
1568 2724 1801 2790 veniam,

211 2836 266 2882 et
297 2824 561 2900 quidquid
593 2821 784 2878 melius
799 2819 1086 2876 consulere
1106 2817 1261 2873 vobis
1297 2817 1456 2884 103
1487 2821 1676 2885 potero
1705 2814 1806 2866 mi-

206 2916 355 2971 nime
370 2912 747 2971 dissimulabo.
770 2911 946 2966 Unum
966 2915 1164 2962 tamem
1180 2905 1336 2961 vobis
1351 2903 1534 2960 celare
1554 2917 1656 2958 nec
1672 2916 1805 2972 pos-

207 3020 348 3072 sum,
381 3019 483 3059 nec
513 3002 708 3067 debeo,
741 2998 886 3071 quod
906 3011 1029 3054 cum
1052 2993 1346 3051 Guillelmo
1361 2991 1807 3048 communionem

206 3093 457 3150 habuerit
493 3100 547 3147 et
590 3089 754 3145 habet
795 3083 1266 3143 excommunicato
1323 3084 1541 3137 nostro.
1607 3078 1802 3146 Quem,

1931 1921 2109 1975 anima
2138 1930 2343 1992 vestra,
2372 1924 2466 1977 ubi
2496 1934 2704 1994 pereat,
2739 1935 2791 1982 et
2822 1927 2938 1984 sine
2980 1929 3110 1997 line,
3176 1936 3322 2005 quod
3381 1937 3528 1994 Deus

1927 2005 2131 2060 abnuat
2164 2008 2175 2060 l
2211 2015 2550 2078 torqueatur.
2593 2010 2890 2081 Propterea
2915 2015 3212 2070 verendum
3245 2020 3406 2076 vobis
3446 2031 3530 2077 est

1925 2110 1994 2148 ne
2024 2094 2091 2148 de
2114 2094 2348 2164 incoepta
2372 2095 2579 2164 justitia
2607 2098 2663 2152 in
2711 2110 3008 2171 conspectu
3059 2104 3338 2162 hominum
3384 2110 3526 2166 vile-

1925 2184 2090 2239 scatis
2124 2203 2138 2249 ;
2180 2184 2325 2256 quod
2354 2185 2538 2257 utique
2575 2187 2697 2253 erit,
2736 2188 2786 2242 si
2827 2189 3158 2261 defeceritis,
3220 2196 3528 2256 defectione

1922 2280 2100 2328 vestra
2132 2272 2387 2328 Ecclesia
2419 2274 2538 2341 Dei,
2573 2291 2694 2347 quas
2723 2285 2872 2333 casta
2891 2287 2944 2333 et
2972 2279 3141 2337 libera
3172 2285 3324 2340 vobis
3370 2303 3531 2344 com-

1921 2361 2090 2416 missa
2119 2361 2478 2434 dignoscitur,
2514 2365 2774 2420 meretrix
2805 2365 3070 2424 efﬁcietur
3098 2380 3151 2426 et
3206 2375 3429 2432 ancilla.
3469 2376 3527 2433 Si

1920 2457 2103 2505 autem
2134 2459 2446 2506 constanter
2472 2453 2712 2525 egeritis,
2748 2455 2794 2509 si
2837 2456 3127 2526 incoeptam
3168 2461 3313 2530 juste
3366 2465 3525 2536 justi-

1921 2542 2050 2596 tiam
2092 2540 2254 2608 104
2284 2540 2489 2610 optimo
2520 2541 2630 2597 ﬁne
2660 2549 3184 2615 consummaveritis,
3216 2552 3378 2610 totius
3408 2555 3520 2610 for-

1925 2623 2152 2682 itudinis
2183 2635 2236 2684 et
2262 2628 2575 2684 sanctitatis
2605 2633 2917 2704 exemplum
2957 2636 3278 2710 relinquetis
3323 2645 3518 2699 vestris

1936 2716 2347 2772 successoribus
2381 2735 2393 2782 ;
2436 2727 2488 2773 et
2515 2718 2696 2791 gloria
2724 2729 2777 2776 et
2805 2738 2906 2793 pax
2935 2725 3096 2780 vobis
3124 2727 3244 2795 erit,
3268 2737 3321 2784 et
3343 2731 3531 2790 Eccle-

1936 2804 2033 2860 sia
2059 2813 2252 2862 vestrae
2269 2804 2548 2863 dilectioni
2589 2810 2898 2866 commissae
2943 2814 3158 2870 castitas
3204 2818 3527 2891 multiplica-

1914 2892 2058 2948 bitur
2089 2903 2140 2949 et
2167 2895 2414 2950 libertas.
2464 2895 2520 2952 Si
2549 2897 2672 2968 quis
2699 2913 2829 2956 vero
2869 2916 3057 2958 amore
3100 2907 3342 2975 pecunias
3388 2925 3519 2978 suae,

1907 2981 1995 3038 vel
2023 2982 2312 3052 cujuslibet
2340 2983 2422 3039 rei
2449 2986 2760 3057 occasione,
2798 2988 2956 3044 vobis
2987 2995 3241 3064 suggerit
3271 2997 3335 3049 ut'
3373 2996 3514 3052 deti-

1915 3071 2091 3139 ciatis,
2124 3070 2286 3128 dicite
2317 3072 2455 3128 sibi:
2489 3074 2547 3130 Si
2567 3076 2692 3146 quis
2716 3082 2803 3131 est
2821 3079 3067 3145 Domini,
3075 3083 3518 3153 jungatur-mihi

205 3184 337 3257 quia
365 3198 456 3238 res
491 3177 751 3237 Ecclesiae
771 3183 968 3231 nostrae
1012 3173 1360 3228 subtraxerat
1407 3176 1460 3225 et
1507 3167 1664 3223 fratri
1703 3181 1804 3222 suo
1836 3181 1884 3244 C
1915 3160 2116 3255 (Exod.
2150 3175 2336 3255 xxxu,
2362 3164 2460 3256 .26)
2496 3180 2521 3256 .;
2556 3170 2616 3257 et.
2645 3162 2771 3234 quia
2815 3167 3126 3224 esurientes
3160 3178 3214 3226 et
3269 3172 3513 3230 sitientes

204 3271 529 3337 contulerat,
562 3269 612 3323 in
648 3273 905 3339 quantum
937 3264 1020 3318 tas
1046 3269 1129 3317 est
1159 3268 1212 3316 et
1250 3257 1620 3316 ecclesiastica
1667 3270 1802 3311 cen-

204 3376 334 3418 sura
362 3358 547 3430 exigit,
581 3350 1066 3412 excommunicavi.
1099 3347 1259 3413 Quod
1288 3349 1474 3403 Petrus
1504 3345 1651 3400 idem
1689 3359 1801 3399 non

200 3452 440 3525 ignorat.
481 3446 689 3511 Valete,
731 3450 785 3500 et
813 3440 956 3514 quod
987 3437 1287 3495 secundum
1318 3437 1492 3492 Deum
1551 3434 1620 3489 de
1682 3433 1798 3503 ejus

196 3539 540 3615 promotione
568 3535 748 3591 facere
779 3529 1027 3604 potestis,
1060 3529 1166 3584 hoc
1195 3525 1379 3582 facite.

755 3627 1100 3687 EPISTOLA
1142 3628 1187 3680 Il
1202 3667 1215 3680 .

193 3736 478 3798 Rainaldo
502 3708 928 3806 Andegavorum
947 3729 1200 3800 episcopo
1224 3724 1394 3795 (191),
1428 3722 1653 3779 domino
1692 3735 1790 3776 suo

259 3825 620 3898 prwcordiali
640 3821 841 3885 amico,
853 3817 1139 3889 Gof/ridus
1164 3811 1587 3870 Vindocinensis
1600 3826 1791 3866 mona-

260 3917 426 3974 sterii
455 3913 690 3969 humilis
719 3923 932 3978 servus,
963 3906 1211 3961 salutem
1239 3906 1295 3959 et
1324 3902 1386 3957 in
1441 3899 1786 3956 adversitate

257 4005 666 4066 constantiam.

257 4106 315 4162 Si
345 4103 638 4174 Scriptura:
670 4111 846 4154 sacras
876 4091 1102 4148 ﬁrmiter
1132 4089 1427 4160 credimus,
1460 4088 1664 4146 scimus
1684 4102 1782 4144 ve-

181 4195 382 4253 raciter
399 4191 715 4264 episcopum
746 4201 856 4241 non
885 4198 1025 4248 esse,
1060 4180 1152 4252 qui
1181 4180 1336 4235 timet
1376 4177 1650 4244 exsilium,
1688 4177 1780 4231 do-

177 4286 374 4351 lorem,
407 4281 494 4338 vel
524 4284 775 4343 mortem,
804 4281 896 4328 aut
922 4270 1014 4342 qui
1044 4285 1130 4337 ea,
1166 4285 1285 4341 quae
1306 4275 1429 4323 sunt
1461 4267 1551 4322 his
1573 4275 1780 4323 contra-

174 4375 282 4442 ria,
313 4367 552 4444 aequitati
579 4363 877 4436 anteponit.
912 4359 1089 4416 Nolite
1131 4357 1298 4431 igitur
1345 4357 1400 4412 in
1460 4356 1778 4413 defensione

175 4469 385 4521 sanctae
414 4456 662 4518 ecclesia:
685 4453 830 4524 (192)
859 4448 1094 4506 deﬁcere
1126 4466 1142 4516 ;
1173 4447 1341 4504 nolite
1387 4445 1631 4503 consiliis
1675 4461 1774 4503 eo-

1806 4547 1859 4606 D

247 4641 398 4710 (188)
432 4639 611 4710 Unam
636 4627 1098 4710 _de_obedienlits:
1139 4624 1256 4679 Lib.
1289 4639 1366 4710 iv,
1399 4623 1572 4710 epist;
1605 4626 1659 4680 7.

245 4695 394 4784 (1895
431 4695 682 4784 Cor/“cito
703 4697 1494 4784 Αηςιεθαιξεηείαῖῖιξρίξςρρρς
1517 4695 1771 4784 ῌξιεορίε

173 4767 541 4842 de\Meduana'
563 4776 695 4843 filio,
729 4772 821 4842 qui
852 4767 1039 4843 postea
1068 4767 1265 4843 relicto
1315 4767 1638 4843 epiScopatu
1681 4767 1768 4843 fg-

175 4836 296 4913 ctus
314 4836 394 4910 est
411 4836 713 4906 monachus
743 4836 1138 4900 Cluniacensis.
1157 4836 1621 4913 ‘Chronicumns.
1666 4838 1770 4913 At-

173 4907 292 4984 ὖίιῖἰ
309 4907 508 4980 ι’ληηο
528 4921 663 4974 1093
694 4915 990 4984 ordinatus
1020 4915 1104 4984 est
1135 4907 1623 4984 Gau/"r‘idusﬁlius
1656 4912 1771 4966 Hu-

175 4981 338 5072 ponis
366 4996 430 5072 de
456 4991 726 5072 Meduana
757 5000 854 5039 Vltl
885 4983 1008 5072 Kal:
1048 4982 1364 5072 ρεειηηὸγέι
1398 4981 1499 5036 Vix
1555 4986 1772 5072 septeni.

175 5051 347 5126 annis
365 5068 425 5122 in
440 5063 766 5136 episcOpatu
789 5051 1437 5136 mansitdc'cusantibus
1455 5051 1696 5136 namque
1713 5057 1770 5108 et

175 5122 644 5211 con-querentibus
670 5122 1115 5211 plurimisppud
1140 5140 1370 5211 papﬁar'n,
1403 5122 1639 5211 quodeo
1664 5125 1770 5211 ju—

172 5193 344 5271 iéhle
360 5193 740 5280 neophytus'et
757 5213 902 5280 pene
910 5197 952 5251 il
961 5193 1227 5280 literatus
1239 5193 1767 5280 fuisse’tordinatus,

171 5264 399 5340 monitu
427 5264 679 5350 ejusdem
699 5264 1279 5350 Urbani‘pahpaz‘sedcm
1295 5265 1556 5350 deserens
1575 5281 1772 5350 mena.-

173 5336 312 5412 illa:
346 5336 613 5407 Cluniaco
626 5347 816 5415 factus
833 5336 938 5415 est:
967 5336 1094 5391 Post
1119 5336 1279 5415 cujus
1301 5336 1618 5415 abscessum
1631 5337 1771 5415 ordi-

173 5407 350 5483 natus
380 5425 463 5476 est
481 5407 795 5486 Andégavis
823 5410 1114 5482 episcopus
1137 5407 1449 5462 Rainaldus
1482 5407 1636 5480 prid.
1677 5408 1759 5463 Id.

207 5513 327 5559 an.,
356 5507 508 5548 anno
538 5490 695 5541 110i.

173 5501 327 5559 Jan.,
356 5507 508 5548 anno
538 5501 695 5541 nus.

245 5566 398 5637 (190)
431 5557 712 5637 εἰει)ιίρηὶ
735 5548 1769 5637 Petri.Bellilocensis.‘liuj-usnomini's

175 5620 507 5696 monasteria
537 5629 701 5683 multa
733 5633 857 5696 sunt
885 5623 1173 5696 in_Galli_a,
1207 5628 1262 5675 ut
1303 5620 1543 5696 dubitari
1597 5621 1770 5696 possit

175 5690 470 5780 5135mm;
509 5700 682 5779 abbas
710 5696 797 5751 hic
817 5694 1012 5780 fuerit;
1040 5693 1216 5747 Labor
1240 5692 1429 5780 ut‘de‘
1468 5690 1769 5780 Luca‘oensi

173 5762 719 5854 fnw'p‘agojl‘uronico
736 5767 854 5854 agi,
889 5765 1128 5854 credam,
1173 5762 1333 5854 Lquod
1391 5762 1553 5854 Falco
1571 5763 1768 5854 “Nerra

171 5832 364 5914 66:33;
388 5832 1062 5909 Hierosolymis'reversus
1089 5836 1144 5891 in
1173 5832 1434 5890 honorem
1469 5833 1526 5890 S.
1570 5832 1770 5906 Sepul-

529 5939 780 5998 Pnaon.
817 5934 1022 5995 CLVII.

1910 3245 2201 3316 pecuniam
2243 3245 2467 3301 minime
2487 3246 2620 3315 justi
2652 3256 2778 3302 sunt
2822 3251 2965 3320 apud
3006 3252 3202 3322 Deum,
3261 3257 3362 3312 sed
3418 3260 3511 3329 qui

1907 3333 2142 3407 diligunt
2165 3334 2423 3402 justitiam
2468 3343 2522 3390 et
2576 3336 2703 3391 odio
2744 3337 2947 3394 habent
2996 3339 3357 3413 iniquitatem,
3415 3347 3505 3402 isti

1907 3422 2273 3478 satiabuntur.
2312 3424 2433 3496 Ego
2464 3440 2590 3479 sum
2619 3424 2731 3493 ille,
2764 3428 3072 3485 certissime
3120 3432 3379 3503 credatis,
3415 3437 3509 3507 qui

1904 3511 2213 3568 anxietates
2243 3519 2296 3567 et
2324 3513 2694 3569 tribulationes
2725 3523 2938 3572 vestras
2985 3534 3137 3575 meas
3184 3521 3326 3578 facio
3366 3523 3505 3581 affe-

1903 3604 1992 3652 ctu
2022 3597 2437 3668 compassionis,
2463 3605 2518 3652 et
2537 3597 2875 3656 adversariis
2894 3602 3158 3661 Ecclesiae
3187 3606 3288 3662 Dei
3320 3609 3504 3665 vobis-

1901 3701 2025 3742 cum
2056 3685 2313 3742 resistere
2341 3694 2490 3757 opto,
2524 3689 2706 3756 etiam,
2737 3689 2783 3744 si
2817 3705 3046 3749 necesse
3091 3692 3270 3764 fuerit,
3321 3715 3498 3770 usque

1898 3775 1963 3829 ad
1995 3772 2315 3832 effusionem
2345 3777 2625 3850 sanguinis
2639 3820 2652 3832 .

2467 3889 2820 3948 EPISTOLA
2859 3893 2951 3948 III.

1893 3987 2167 4044 Rainaldo
2184 3988 2665 4044 excellentissimo
2693 3990 2962 4064 episcopo,
2984 3992 3278 4064 Goffridus
3300 3998 3494 4055 Vindo-

1963 4079 2209 4132 cinensis
2230 4078 2567 4133 monasterii
2595 4078 2828 4134 humilis
2850 4097 3060 4148 servus,
3086 4084 3331 4140 salutem
3362 4104 3495 4144 cum

1959 4181 2119 4236 parce
2149 4165 2473 4222 dilectionis
2503 4168 2748 4237 affectu.

1961 4264 2055 4319 Vir
2085 4264 2207 4319 vitae
2238 4263 2561 4320 venerabilis
2590 4265 3007 4324 archidiaconus
3035 4277 3219 4326 vester
3265 4272 3487 4330 Huber-

1886 4360 1973 4410 tus
2010 4354 2172 4424 (193),
2208 4353 2295 4426 qui
2329 4369 2424 4410 vos
2447 4353 2667 4410 multum
2698 4355 2890 4426 diligit,
2927 4374 3029 4415 nec
3087 4377 3175 4415 me
3231 4362 3482 4432 multum,

1883 4451 1941 4500 ut
1970 4443 2218 4511 arbitror,
2253 4442 2384 4510 odit,
2419 4443 2488 4498 de
2516 4446 2700 4501 vestro
2730 4445 2963 4516 honore,
3005 4456 3056 4505 et
3086 4456 3277 4506 nostra
3331 4453 3488 4510 utili-

1880 4623 1964 4696 cri
1987 4621 2131 4676 ultra
2181 4624 2457 4696 Augerem
2514 4620 2736 4696 ﬂuvium
2763 4623 3123 4696 _B_ello-Loco
3154 4627 3484 4696 construxit,

1878 4693 1968 4750 ubi
1996 4701 2049 4747 et
2086 4691 2376 4763 sepultura
2405 4691 2585 4765 locum
2614 4693 2716 4747 sibi
2746 4693 2973 4765 delegit.

1951 4765 2098 4835 (191)
2133 4765 2406 4837 Bainaldo
2429 4764 2858 4837 Andegavorum
2875 4764 3150 4837 episcopo.
3187 4769 3484 4826 Rainaldus

1878 4835 2104 4908 hicuseu‘
2139 4835 2488 4908 Reginaldus
2526 4835 2594 4890 de
2651 4835 2986 4904 Martiniaco,
3049 4835 3270 4894 Brientii
3314 4838 3478 4908 ﬁlius,

1878 4905 2110 4980 Goffridi
2142 4906 2522 4980 llieduanensis
2553 4921 2858 4980 successor,
2883 4916 2938 4962 ut
2963 4909 3123 4964 modo
3145 4911 3348 4966 dictum
3374 4905 3479 4980 est,

1877 4978 1948 5052 ad
1978 4993 2139 5052 quem
2170 4978 2263 5052 lvo
2292 4976 2676 5052 epi_st_ol_a_272
2735 4985 2788 5032 et
2842 4979 3132 5052 Marbodus
3184 4976 3474 5052 episcopus

1879 5046 2219 5104 Redonensis
2247 5049 2389 5118 apud
2423 5046 2755 5101 lldebertum
2786 5049 2943 5118 epist.
2992 5055 3078 5106 80.
3127 5046 3480 5108 Trénslatum

1878 5119 2105 5193 indeed
2129 5119 2473 5193 metrOpolim
2530 5119 2854 5193 Remensem
2909 5121 3095 5193 docuit
3142 5139 3244 5178 nos
3301 5125 3470 5193 epist.

1879 5195 1938 5247 31
1979 5191 2123 5266 lib._l
2153 5189 2538 5266 Kalendarium
2572 5189 2773 5266 Sancti
2791 5192 3026 5266 Mauricii
3083 5189 3479 5266 Andegavens.

1878 5277 1977 5316 XIX
1996 5261 2225 5338 Kalend.
2253 5260 2551 5338 Februarii.
2580 5261 2722 5338 Obiit
2743 5263 3053 5338 Rainaldus
3071 5260 3274 5320 Junqu
3291 5268 3475 5338 primo

1876 5337 2068 5389 noster
2083 5334 2393 5406 episc0pus,
2398 5333 2747 5406 postmodum
2767 5333 3220 5406 archiepiscopus
3238 5333 3480 5394 Remen-

1877 5407 1974 5480 sis,
1994 5405 2056 5458 in
2075 5405 2241 5480 cujus
2255 5404 2647 5480 anniversario
2661 5404 2911 5480 singulis
2923 5404 3095 5480 annis
3113 5404 3147 5460 ‘1
3159 5411 3188 5461 3
3202 5425 3481 5480 pauperes

1877 5477 2030 5531 alere
2051 5474 2393 5538 debemus,et
2425 5473 2592 5545 signa
2606 5474 2856 5545 pulsare.
2885 5475 3165 5532 Juuiorem
3197 5473 3374 5545 vocat,
3409 5482 3482 5536 ad

1876 5546 2165 5601 discrimen
2197 5545 2417 5599 alterius
2438 5544 2710 5609 Bainaldi,
2741 5560 2769 5597 a
2801 5561 2909 5616 quo
2936 5548 3023 5604 hic
3055 5559 3261 5604 sextus.

1951 5617 2100 5686 (192)
2125 5617 2185 5670 1η
2203 5618 2530 5687 defensione
2541 5619 2756 5671 sancta:
2776 5617 3056 5674 Ecclesia.
3077 5621 3281 5677 Contra
3303 5623 3482 5678 comi-

1876 5697 1984 5744 tem
2016 5689 2467 5758 Andegavensem
2495 5688 2652 5757 epist.
2685 5689 2743 5741 ’7.

1945 5761 2092 5840 (199)
2115 5758 2554 5840 Archidiaconus
2584 5762 2766 5815 vcster
2791 5760 3085 5833 Habertus,
3125 5766 3224 5822 cui
3247 5769 3480 5840 scripta:

1878 5830 2123 5903 epistolae
2151 5830 2352 5903 aliquot
2379 5829 2454 5884 lib
2468 5870 2480 5884 .
2523 5845 2580 5886 v.

3230 5937 3264 5997 ι
