  <div class='ocr_page' id='page_1' title='image "/cluster/home/n/w/nwhite01/storage/ocr_20150623/156-157/uc1.31175010662024/695.png"; bbox 0 0 3940 6428; ppageno 0'>
   <div class='ocr_carea' id='block_1_1' title="bbox 587 376 694 431">
    <p class='ocr_par' dir='ltr' id='par_1_1' title="bbox 587 376 694 431">
     <span class='ocr_line' id='line_1_1' title="bbox 587 376 694 431; baseline -0.019 0"><span class='ocrx_word' id='word_1_1' title='bbox 587 376 694 431; x_wconf 78' lang='grc'><strong>10⁸7</strong></span> 
     </span>
    </p>
   </div>
   <div class='ocr_carea' id='block_1_2' title="bbox 1625 370 2864 431">
    <p class='ocr_par' dir='ltr' id='par_1_2' title="bbox 1625 370 2864 431">
     <span class='ocr_line' id='line_1_2' title="bbox 1625 370 2864 431; baseline -0.001 0"><span class='ocrx_word' id='word_1_2' title='bbox 1625 372 1955 431; x_wconf 83' lang='lat' dir='ltr'><strong>GOFFRIDI</strong></span> <span class='ocrx_word' id='word_1_3' title='bbox 1993 372 2281 429; x_wconf 83' lang='lat' dir='ltr'><strong>ABBATIS</strong></span> <span class='ocrx_word' id='word_1_4' title='bbox 2320 370 2864 430; x_wconf 78' lang='lat' dir='ltr'><strong>VINDOCINENSIS</strong></span> 
     </span>
    </p>
   </div>
   <div class='ocr_carea' id='block_1_3' title="bbox 3785 381 3886 440">
    <p class='ocr_par' dir='ltr' id='par_1_3' title="bbox 3785 381 3886 440">
     <span class='ocr_line' id='line_1_3' title="bbox 3785 381 3886 440; baseline -0.02 -1"><span class='ocrx_word' id='word_1_5' title='bbox 3785 381 3886 440; x_wconf 74' lang='lat'><strong>103</strong></span> 
     </span>
    </p>
   </div>
   <div class='ocr_carea' id='block_1_4' title="bbox 588 495 3888 574">
    <p class='ocr_par' dir='ltr' id='par_1_4' title="bbox 588 495 3888 574">
     <span class='ocr_line' id='line_1_4' title="bbox 588 495 3888 574; baseline 0.002 -21"><span class='ocrx_word' id='word_1_6' title='bbox 588 503 699 553; x_wconf 87' lang='lat' dir='ltr'><strong>tate</strong></span> <span class='ocrx_word' id='word_1_7' title='bbox 730 497 1013 569; x_wconf 86' lang='lat' dir='ltr'><strong>sollicitus,</strong></span> <span class='ocrx_word' id='word_1_8' title='bbox 1048 514 1173 555; x_wconf 91' lang='lat' dir='ltr'><strong>cum</strong></span> <span class='ocrx_word' id='word_1_9' title='bbox 1201 498 1352 554; x_wconf 90' lang='lat' dir='ltr'><strong>audit</strong></span> <span class='ocrx_word' id='word_1_10' title='bbox 1390 512 1512 570; x_wconf 82' lang='lat' dir='ltr'><strong>quae</strong></span> <span class='ocrx_word' id='word_1_11' title='bbox 1549 514 1651 553; x_wconf 91' lang='lat' dir='ltr'><strong>nos</strong></span> <span class='ocrx_word' id='word_1_12' title='bbox 1691 513 1725 553; x_wconf 90' lang='lat' dir='ltr'><strong>a</strong></span> <span class='ocrx_word' id='word_1_13' title='bbox 1765 504 1956 553; x_wconf 86' lang='lat' dir='ltr'><strong>mutua</strong></span> <span class='ocrx_word' id='word_1_14' title='bbox 2004 496 2182 552; x_wconf 87' lang='lat' dir='ltr'><strong>chari-</strong></span> <span class='ocrx_word' id='word_1_15' title='bbox 2211 498 2268 559; x_wconf 87' lang='grc' dir='ltr'><strong>Α</strong></span> <span class='ocrx_word' id='word_1_16' title='bbox 2298 495 2521 563; x_wconf 83' lang='lat' dir='ltr'><strong>debere,</strong></span> <span class='ocrx_word' id='word_1_17' title='bbox 2549 495 2721 552; x_wconf 89' lang='lat' dir='ltr'><strong>multo</strong></span> <span class='ocrx_word' id='word_1_18' title='bbox 2748 496 2930 553; x_wconf 89' lang='lat' dir='ltr'><strong>minus</strong></span> <span class='ocrx_word' id='word_1_19' title='bbox 2957 498 3125 570; x_wconf 78' lang='lat' dir='ltr'><strong>igitur</strong></span> <span class='ocrx_word' id='word_1_20' title='bbox 3152 499 3368 556; x_wconf 84' lang='lat' dir='ltr'><strong>Domini</strong></span> <span class='ocrx_word' id='word_1_21' title='bbox 3387 502 3754 574; x_wconf 74' lang='lat' dir='ltr'><strong>sacerdotem,</strong></span> <span class='ocrx_word' id='word_1_22' title='bbox 3776 522 3888 561; x_wconf 88' lang='lat' dir='ltr'><strong>ma-</strong></span> 
     </span>
    </p>
   </div>
   <div class='ocr_carea' id='block_1_5' title="bbox 586 586 2188 660">
    <p class='ocr_par' dir='ltr' id='par_1_5' title="bbox 586 586 2188 660">
     <span class='ocr_line' id='line_1_5' title="bbox 586 586 2188 660; baseline -0.002 -17"><span class='ocrx_word' id='word_1_23' title='bbox 586 592 699 643; x_wconf 83' lang='lat' dir='ltr'><strong>tate</strong></span> <span class='ocrx_word' id='word_1_24' title='bbox 719 586 960 643; x_wconf 80' lang='lat' dir='ltr'><strong>debeant</strong></span> <span class='ocrx_word' id='word_1_25' title='bbox 983 603 1262 660; x_wconf 87' lang='lat' dir='ltr'><strong>separare,</strong></span> <span class='ocrx_word' id='word_1_26' title='bbox 1311 586 1490 642; x_wconf 88' lang='lat' dir='ltr'><strong>statim</strong></span> <span class='ocrx_word' id='word_1_27' title='bbox 1531 594 1625 641; x_wconf 89' lang='lat' dir='ltr'><strong>aut</strong></span> <span class='ocrx_word' id='word_1_28' title='bbox 1670 601 1771 657; x_wconf 90' lang='lat' dir='ltr'><strong>per</strong></span> <span class='ocrx_word' id='word_1_29' title='bbox 1812 601 1892 652; x_wconf 91' lang='lat' dir='ltr'><strong>se,</strong></span> <span class='ocrx_word' id='word_1_30' title='bbox 1943 592 2036 639; x_wconf 90' lang='lat' dir='ltr'><strong>aut</strong></span> <span class='ocrx_word' id='word_1_31' title='bbox 2091 600 2188 656; x_wconf 91' lang='lat' dir='ltr'><strong>per</strong></span> 
     </span>
    </p>
   </div>
   <div class='ocr_carea' id='block_1_6' title="bbox 588 674 2189 746">
    <p class='ocr_par' dir='ltr' id='par_1_6' title="bbox 588 674 2189 746">
     <span class='ocr_line' id='line_1_6' title="bbox 588 674 2189 746; baseline -0.001 -17"><span class='ocrx_word' id='word_1_32' title='bbox 588 675 810 732; x_wconf 88' lang='lat' dir='ltr'><strong>nuntios</strong></span> <span class='ocrx_word' id='word_1_33' title='bbox 839 692 968 732; x_wconf 90' lang='lat' dir='ltr'><strong>suos</strong></span> <span class='ocrx_word' id='word_1_34' title='bbox 997 692 1215 733; x_wconf 90' lang='lat' dir='ltr'><strong>omnem</strong></span> <span class='ocrx_word' id='word_1_35' title='bbox 1245 674 1463 746; x_wconf 83' lang='lat' dir='ltr'><strong>culpam</strong></span> <span class='ocrx_word' id='word_1_36' title='bbox 1493 674 1551 730; x_wconf 91' lang='lat' dir='ltr'><strong>in</strong></span> <span class='ocrx_word' id='word_1_37' title='bbox 1569 674 1791 729; x_wconf 88' lang='lat' dir='ltr'><strong>animan</strong></span> <span class='ocrx_word' id='word_1_38' title='bbox 1811 688 1990 730; x_wconf 87' lang='lat' dir='ltr'><strong>meam</strong></span> <span class='ocrx_word' id='word_1_39' title='bbox 2013 681 2189 728; x_wconf 88' lang='lat' dir='ltr'><strong>trans-</strong></span> 
     </span>
    </p>
   </div>
   <div class='ocr_carea' id='block_1_7' title="bbox 588 763 2188 836">
    <p class='ocr_par' dir='ltr' id='par_1_7' title="bbox 588 763 2188 836">
     <span class='ocr_line' id='line_1_7' title="bbox 588 763 2188 836; baseline -0.003 -15"><span class='ocrx_word' id='word_1_40' title='bbox 588 764 785 832; x_wconf 84' lang='lat' dir='ltr'><strong>fundit,</strong></span> <span class='ocrx_word' id='word_1_41' title='bbox 816 764 953 821; x_wconf 89' lang='lat' dir='ltr'><strong>adeo</strong></span> <span class='ocrx_word' id='word_1_42' title='bbox 980 781 1069 821; x_wconf 90' lang='lat' dir='ltr'><strong>me</strong></span> <span class='ocrx_word' id='word_1_43' title='bbox 1098 765 1416 836; x_wconf 78' lang='lat' dir='ltr'><strong>increpans,</strong></span> <span class='ocrx_word' id='word_1_44' title='bbox 1449 763 1597 836; x_wconf 90' lang='lat' dir='ltr'><strong>quod</strong></span> <span class='ocrx_word' id='word_1_45' title='bbox 1628 763 1863 819; x_wconf 89' lang='lat' dir='ltr'><strong>verbera</strong></span> <span class='ocrx_word' id='word_1_46' title='bbox 1891 763 2188 819; x_wconf 75' lang='lat' dir='ltr'><strong>verborum</strong></span> 
     </span>
    </p>
   </div>
   <div class='ocr_carea' id='block_1_8' title="bbox 591 850 2190 924">
    <p class='ocr_par' dir='ltr' id='par_1_8' title="bbox 591 850 2190 924">
     <span class='ocr_line' id='line_1_8' title="bbox 591 850 2190 924; baseline -0.003 -15"><span class='ocrx_word' id='word_1_47' title='bbox 591 869 814 910; x_wconf 88' lang='lat' dir='ltr'><strong>suorum</strong></span> <span class='ocrx_word' id='word_1_48' title='bbox 846 854 931 909; x_wconf 83' lang='lat' dir='ltr'><strong>vix</strong></span> <span class='ocrx_word' id='word_1_49' title='bbox 978 853 1249 909; x_wconf 88' lang='lat' dir='ltr'><strong>sustinere</strong></span> <span class='ocrx_word' id='word_1_50' title='bbox 1297 853 1465 908; x_wconf 83' lang='lat' dir='ltr'><strong>valeo</strong></span> <span class='ocrx_word' id='word_1_51' title='bbox 1519 851 1816 924; x_wconf 83' lang='lat' dir='ltr'><strong>patienter.</strong></span> <span class='ocrx_word' id='word_1_52' title='bbox 1881 850 2190 906; x_wconf 82' lang='lat' dir='ltr'><strong>Novissime</strong></span> 
     </span>
    </p>
   </div>
   <div class='ocr_carea' id='block_1_9' title="bbox 593 940 2189 1014">
    <p class='ocr_par' dir='ltr' id='par_1_9' title="bbox 593 940 2189 1014">
     <span class='ocr_line' id='line_1_9' title="bbox 593 940 2189 1014; baseline -0.003 -17"><span class='ocrx_word' id='word_1_53' title='bbox 593 949 775 998; x_wconf 89' lang='lat' dir='ltr'><strong>autem</strong></span> <span class='ocrx_word' id='word_1_54' title='bbox 804 942 997 997; x_wconf 87' lang='lat' dir='ltr'><strong>diebus</strong></span> <span class='ocrx_word' id='word_1_55' title='bbox 1024 942 1148 997; x_wconf 85' lang='lat' dir='ltr'><strong>istis</strong></span> <span class='ocrx_word' id='word_1_56' title='bbox 1177 942 1247 997; x_wconf 90' lang='lat' dir='ltr'><strong>ita</strong></span> <span class='ocrx_word' id='word_1_57' title='bbox 1285 942 1468 1014; x_wconf 88' lang='lat' dir='ltr'><strong>gladio</strong></span> <span class='ocrx_word' id='word_1_58' title='bbox 1515 942 1629 996; x_wconf 90' lang='lat' dir='ltr'><strong>oris</strong></span> <span class='ocrx_word' id='word_1_59' title='bbox 1671 941 1754 995; x_wconf 90' lang='lat' dir='ltr'><strong>sui</strong></span> <span class='ocrx_word' id='word_1_60' title='bbox 1799 940 2010 996; x_wconf 84' lang='lat' dir='ltr'><strong>viscera</strong></span> <span class='ocrx_word' id='word_1_61' title='bbox 2064 954 2189 994; x_wconf 88' lang='lat' dir='ltr'><strong>mea</strong></span> 
     </span>
    </p>
   </div>
   <div class='ocr_carea' id='block_1_10' title="bbox 590 1027 2186 1103">
    <p class='ocr_par' dir='ltr' id='par_1_10' title="bbox 590 1027 2186 1103">
     <span class='ocr_line' id='line_1_10' title="bbox 590 1027 2186 1103; baseline -0.003 -16"><span class='ocrx_word' id='word_1_62' title='bbox 590 1031 897 1103; x_wconf 88' lang='lat' dir='ltr'><strong>penetravit</strong></span> <span class='ocrx_word' id='word_1_63' title='bbox 923 1030 1071 1103; x_wconf 85' lang='lat' dir='ltr'><strong>quod</strong></span> <span class='ocrx_word' id='word_1_64' title='bbox 1109 1032 1268 1101; x_wconf 87' lang='lat'><strong>105</strong></span> <span class='ocrx_word' id='word_1_65' title='bbox 1302 1030 1356 1086; x_wconf 92' lang='lat' dir='ltr'><strong>in</strong></span> <span class='ocrx_word' id='word_1_66' title='bbox 1379 1030 1457 1087; x_wconf 89' lang='lat' dir='ltr'><strong>eis</strong></span> <span class='ocrx_word' id='word_1_67' title='bbox 1486 1030 1624 1085; x_wconf 86' lang='lat' dir='ltr'><strong>nihil</strong></span> <span class='ocrx_word' id='word_1_68' title='bbox 1654 1044 1795 1101; x_wconf 92' lang='lat' dir='ltr'><strong>pene</strong></span> <span class='ocrx_word' id='word_1_69' title='bbox 1823 1027 2071 1084; x_wconf 79' lang='lat' dir='ltr'><strong>sanitatis</strong></span> <span class='ocrx_word' id='word_1_70' title='bbox 2091 1043 2186 1083; x_wconf 89' lang='lat' dir='ltr'><strong>re-</strong></span> 
     </span>
    </p>
   </div>
   <div class='ocr_carea' id='block_1_11' title="bbox 589 1117 2186 1192">
    <p class='ocr_par' dir='ltr' id='par_1_11' title="bbox 589 1117 2186 1192">
     <span class='ocr_line' id='line_1_11' title="bbox 589 1117 2186 1192; baseline -0.003 -17"><span class='ocrx_word' id='word_1_71' title='bbox 589 1120 765 1192; x_wconf 87' lang='lat' dir='ltr'><strong>liquit.</strong></span> <span class='ocrx_word' id='word_1_72' title='bbox 798 1120 1011 1175; x_wconf 81' lang='lat' dir='ltr'><strong>Asserit</strong></span> <span class='ocrx_word' id='word_1_73' title='bbox 1038 1120 1142 1175; x_wconf 89' lang='lat' dir='ltr'><strong>sibi</strong></span> <span class='ocrx_word' id='word_1_74' title='bbox 1172 1120 1396 1187; x_wconf 92' lang='lat' dir='ltr'><strong>dictum,</strong></span> <span class='ocrx_word' id='word_1_75' title='bbox 1429 1119 1616 1175; x_wconf 91' lang='lat' dir='ltr'><strong>nescio</strong></span> <span class='ocrx_word' id='word_1_76' title='bbox 1647 1134 1680 1173; x_wconf 89' lang='lat' dir='ltr'><strong>a</strong></span> <span class='ocrx_word' id='word_1_77' title='bbox 1707 1118 1883 1183; x_wconf 82' lang='lat' dir='ltr'><strong>vobis,</strong></span> <span class='ocrx_word' id='word_1_78' title='bbox 1914 1117 2061 1173; x_wconf 91' lang='lat' dir='ltr'><strong>vela</strong></span> <span class='ocrx_word' id='word_1_79' title='bbox 2080 1131 2186 1188; x_wconf 90' lang='lat' dir='ltr'><strong>quo</strong></span> 
     </span>
    </p>
   </div>
   <div class='ocr_carea' id='block_1_12' title="bbox 592 1204 2182 1279">
    <p class='ocr_par' dir='ltr' id='par_1_12' title="bbox 592 1204 2182 1279">
     <span class='ocr_line' id='line_1_12' title="bbox 592 1204 2182 1279; baseline -0.003 -16"><span class='ocrx_word' id='word_1_80' title='bbox 592 1209 661 1264; x_wconf 91' lang='lat' dir='ltr'><strong>de</strong></span> <span class='ocrx_word' id='word_1_81' title='bbox 689 1208 908 1277; x_wconf 78' lang='lat' dir='ltr'><strong>vestris,</strong></span> <span class='ocrx_word' id='word_1_82' title='bbox 941 1224 1029 1264; x_wconf 92' lang='lat' dir='ltr'><strong>me</strong></span> <span class='ocrx_word' id='word_1_83' title='bbox 1054 1209 1112 1264; x_wconf 92' lang='lat' dir='ltr'><strong>in</strong></span> <span class='ocrx_word' id='word_1_84' title='bbox 1140 1209 1393 1276; x_wconf 90' lang='lat' dir='ltr'><strong>concilio,</strong></span> <span class='ocrx_word' id='word_1_85' title='bbox 1445 1223 1555 1265; x_wconf 91' lang='lat' dir='ltr'><strong>non</strong></span> <span class='ocrx_word' id='word_1_86' title='bbox 1602 1207 1823 1279; x_wconf 86' lang='lat' dir='ltr'><strong>quidem</strong></span> <span class='ocrx_word' id='word_1_87' title='bbox 1871 1204 2182 1272; x_wconf 78' lang='lat' dir='ltr'><strong>manifeste,</strong></span> 
     </span>
    </p>
   </div>
   <div class='ocr_carea' id='block_1_13' title="bbox 590 1296 2182 1368">
    <p class='ocr_par' dir='ltr' id='par_1_13' title="bbox 590 1296 2182 1368">
     <span class='ocr_line' id='line_1_13' title="bbox 590 1296 2182 1368; baseline -0.003 -16"><span class='ocrx_word' id='word_1_88' title='bbox 590 1296 689 1353; x_wconf 90' lang='lat' dir='ltr'><strong>sed</strong></span> <span class='ocrx_word' id='word_1_89' title='bbox 717 1297 774 1351; x_wconf 91' lang='lat' dir='ltr'><strong>in</strong></span> <span class='ocrx_word' id='word_1_90' title='bbox 801 1298 1147 1367; x_wconf 89' lang='lat' dir='ltr'><strong>abscondito,</strong></span> <span class='ocrx_word' id='word_1_91' title='bbox 1181 1305 1369 1354; x_wconf 89' lang='lat' dir='ltr'><strong>contra</strong></span> <span class='ocrx_word' id='word_1_92' title='bbox 1397 1312 1592 1368; x_wconf 89' lang='lat' dir='ltr'><strong>pacem</strong></span> <span class='ocrx_word' id='word_1_93' title='bbox 1613 1305 1665 1352; x_wconf 92' lang='lat' dir='ltr'><strong>et</strong></span> <span class='ocrx_word' id='word_1_94' title='bbox 1694 1296 1919 1351; x_wconf 85' lang='lat' dir='ltr'><strong>salutem</strong></span> <span class='ocrx_word' id='word_1_95' title='bbox 1942 1303 2182 1351; x_wconf 85' lang='lat' dir='ltr'><strong>vestram</strong></span> 
     </span>
    </p>
   </div>
   <div class='ocr_carea' id='block_1_14' title="bbox 586 1384 2184 1453">
    <p class='ocr_par' dir='ltr' id='par_1_14' title="bbox 586 1384 2184 1453">
     <span class='ocr_line' id='line_1_14' title="bbox 586 1384 2184 1453; baseline 0.001 -12"><span class='ocrx_word' id='word_1_96' title='bbox 586 1384 755 1441; x_wconf 89' lang='lat' dir='ltr'><strong>fuisse</strong></span> <span class='ocrx_word' id='word_1_97' title='bbox 782 1385 1044 1442; x_wconf 90' lang='lat' dir='ltr'><strong>locutum.</strong></span> <span class='ocrx_word' id='word_1_98' title='bbox 1078 1386 1136 1442; x_wconf 85' lang='lat' dir='ltr'><strong>Si</strong></span> <span class='ocrx_word' id='word_1_99' title='bbox 1168 1402 1267 1442; x_wconf 90' lang='lat' dir='ltr'><strong>vos</strong></span> <span class='ocrx_word' id='word_1_100' title='bbox 1294 1385 1495 1453; x_wconf 79' lang='lat' dir='ltr'><strong>dicitis,</strong></span> <span class='ocrx_word' id='word_1_101' title='bbox 1528 1384 1691 1441; x_wconf 91' lang='lat' dir='ltr'><strong>verba</strong></span> <span class='ocrx_word' id='word_1_102' title='bbox 1716 1392 1898 1441; x_wconf 87' lang='lat' dir='ltr'><strong>vestra</strong></span> <span class='ocrx_word' id='word_1_103' title='bbox 1928 1386 2184 1442; x_wconf 78' lang='lat' dir='ltr'><strong>refellere</strong></span> 
     </span>
    </p>
   </div>
   <div class='ocr_carea' id='block_1_15' title="bbox 588 1473 2186 1547">
    <p class='ocr_par' dir='ltr' id='par_1_15' title="bbox 588 1473 2186 1547">
     <span class='ocr_line' id='line_1_15' title="bbox 588 1473 2186 1547; baseline 0 -16"><span class='ocrx_word' id='word_1_104' title='bbox 588 1491 699 1531; x_wconf 91' lang='lat' dir='ltr'><strong>non</strong></span> <span class='ocrx_word' id='word_1_105' title='bbox 727 1474 925 1541; x_wconf 87' lang='lat' dir='ltr'><strong>audeo,</strong></span> <span class='ocrx_word' id='word_1_106' title='bbox 960 1474 1090 1547; x_wconf 90' lang='lat' dir='ltr'><strong>quia</strong></span> <span class='ocrx_word' id='word_1_107' title='bbox 1120 1476 1412 1547; x_wconf 88' lang='lat' dir='ltr'><strong>episcopus</strong></span> <span class='ocrx_word' id='word_1_108' title='bbox 1443 1474 1599 1530; x_wconf 84' lang='lat' dir='ltr'><strong>estis.</strong></span> <span class='ocrx_word' id='word_1_109' title='bbox 1640 1473 1791 1529; x_wconf 73' lang='lat' dir='ltr'><strong>Alter</strong></span> <span class='ocrx_word' id='word_1_110' title='bbox 1812 1490 1942 1531; x_wconf 88' lang='lat' dir='ltr'><strong>vero</strong></span> <span class='ocrx_word' id='word_1_111' title='bbox 1962 1475 2186 1547; x_wconf 81' lang='lat' dir='ltr'><strong>quicun-</strong></span> 
     </span>
    </p>
   </div>
   <div class='ocr_carea' id='block_1_16' title="bbox 587 1562 2178 1636">
    <p class='ocr_par' dir='ltr' id='par_1_16' title="bbox 587 1562 2178 1636">
     <span class='ocr_line' id='line_1_16' title="bbox 587 1562 2178 1636; baseline 0 -18"><span class='ocrx_word' id='word_1_112' title='bbox 587 1579 693 1636; x_wconf 80' lang='lat' dir='ltr'><strong>que</strong></span> <span class='ocrx_word' id='word_1_113' title='bbox 724 1579 895 1635; x_wconf 88' lang='lat' dir='ltr'><strong>super</strong></span> <span class='ocrx_word' id='word_1_114' title='bbox 932 1564 1035 1620; x_wconf 88' lang='lat' dir='ltr'><strong>hoc</strong></span> <span class='ocrx_word' id='word_1_115' title='bbox 1059 1580 1119 1619; x_wconf 91' lang='lat' dir='ltr'><strong>se</strong></span> <span class='ocrx_word' id='word_1_116' title='bbox 1151 1563 1338 1620; x_wconf 89' lang='lat' dir='ltr'><strong>fecerit</strong></span> <span class='ocrx_word' id='word_1_117' title='bbox 1368 1572 1714 1633; x_wconf 83' lang='lat' dir='ltr'><strong>assertorem,</strong></span> <span class='ocrx_word' id='word_1_118' title='bbox 1758 1562 1941 1618; x_wconf 83' lang='lat' dir='ltr'><strong>veniat</strong></span> <span class='ocrx_word' id='word_1_119' title='bbox 1976 1563 2178 1634; x_wconf 85' lang='lat' dir='ltr'><strong>palam,</strong></span> 
     </span>
    </p>
   </div>
   <div class='ocr_carea' id='block_1_17' title="bbox 584 1650 2179 1709">
    <p class='ocr_par' dir='ltr' id='par_1_17' title="bbox 584 1650 2179 1709">
     <span class='ocr_line' id='line_1_17' title="bbox 584 1650 2179 1709; baseline -0.001 -1"><span class='ocrx_word' id='word_1_120' title='bbox 584 1660 639 1709; x_wconf 91' lang='lat' dir='ltr'><strong>et</strong></span> <span class='ocrx_word' id='word_1_121' title='bbox 668 1668 779 1707; x_wconf 66' lang='lat' dir='ltr'><strong>suae</strong></span> <span class='ocrx_word' id='word_1_122' title='bbox 810 1651 1060 1708; x_wconf 77' lang='lat' dir='ltr'><strong>falsitatis</strong></span> <span class='ocrx_word' id='word_1_123' title='bbox 1082 1668 1169 1708; x_wconf 92' lang='lat' dir='ltr'><strong>me</strong></span> <span class='ocrx_word' id='word_1_124' title='bbox 1190 1650 1428 1709; x_wconf 89' lang='lat' dir='ltr'><strong>inveniet</strong></span> <span class='ocrx_word' id='word_1_125' title='bbox 1451 1651 1746 1708; x_wconf 88' lang='lat' dir='ltr'><strong>veridicum</strong></span> <span class='ocrx_word' id='word_1_126' title='bbox 1790 1660 2179 1707; x_wconf 87' lang='lat' dir='ltr'><strong>correctorem.</strong></span> 
     </span>
    </p>
   </div>
   <div class='ocr_carea' id='block_1_18' title="bbox 586 1739 2179 1813">
    <p class='ocr_par' dir='ltr' id='par_1_18' title="bbox 586 1739 2179 1813">
     <span class='ocr_line' id='line_1_18' title="bbox 586 1739 2179 1813; baseline 0.001 -18"><span class='ocrx_word' id='word_1_127' title='bbox 586 1740 789 1796; x_wconf 77' lang='lat' dir='ltr'><strong>Contra</strong></span> <span class='ocrx_word' id='word_1_128' title='bbox 809 1741 1240 1813; x_wconf 79' lang='lat' dir='ltr'><strong>magnitudinem</strong></span> <span class='ocrx_word' id='word_1_129' title='bbox 1271 1749 1532 1811; x_wconf 86' lang='lat' dir='ltr'><strong>vestram,</strong></span> <span class='ocrx_word' id='word_1_130' title='bbox 1566 1741 1706 1797; x_wconf 84' lang='lat' dir='ltr'><strong>sicut</strong></span> <span class='ocrx_word' id='word_1_131' title='bbox 1747 1739 1881 1808; x_wconf 85' lang='lat' dir='ltr'><strong>dixi,</strong></span> <span class='ocrx_word' id='word_1_132' title='bbox 1925 1740 2179 1812; x_wconf 90' lang='lat' dir='ltr'><strong>proferre</strong></span> 
     </span>
    </p>
   </div>
   <div class='ocr_carea' id='block_1_19' title="bbox 2299 584 3885 665">
    <p class='ocr_par' dir='ltr' id='par_1_19' title="bbox 2299 584 3885 665">
     <span class='ocr_line' id='line_1_19' title="bbox 2299 584 3885 665; baseline 0.007 -26"><span class='ocrx_word' id='word_1_133' title='bbox 2299 584 2409 640; x_wconf 90' lang='lat' dir='ltr'><strong>lum</strong></span> <span class='ocrx_word' id='word_1_134' title='bbox 2436 601 2538 657; x_wconf 91' lang='lat' dir='ltr'><strong>pro</strong></span> <span class='ocrx_word' id='word_1_135' title='bbox 2566 584 2712 640; x_wconf 92' lang='lat' dir='ltr'><strong>malo</strong></span> <span class='ocrx_word' id='word_1_136' title='bbox 2743 586 2992 657; x_wconf 83' lang='lat' dir='ltr'><strong>reddere,</strong></span> <span class='ocrx_word' id='word_1_137' title='bbox 3026 587 3112 643; x_wconf 90' lang='lat' dir='ltr'><strong>vel</strong></span> <span class='ocrx_word' id='word_1_138' title='bbox 3142 588 3381 661; x_wconf 88' lang='lat' dir='ltr'><strong>qualibet</strong></span> <span class='ocrx_word' id='word_1_139' title='bbox 3421 593 3708 649; x_wconf 86' lang='lat' dir='ltr'><strong>occasione</strong></span> <span class='ocrx_word' id='word_1_140' title='bbox 3758 612 3885 665; x_wconf 85' lang='lat' dir='ltr'><strong>pro-</strong></span> 
     </span>
    </p>
   </div>
   <div class='ocr_carea' id='block_1_20' title="bbox 2296 674 3884 752">
    <p class='ocr_par' dir='ltr' id='par_1_20' title="bbox 2296 674 3884 752">
     <span class='ocr_line' id='line_1_20' title="bbox 2296 674 3884 752; baseline 0.008 -24"><span class='ocrx_word' id='word_1_141' title='bbox 2296 674 2447 745; x_wconf 90' lang='lat' dir='ltr'><strong>prias</strong></span> <span class='ocrx_word' id='word_1_142' title='bbox 2476 674 2699 743; x_wconf 88' lang='lat' dir='ltr'><strong>injurias</strong></span> <span class='ocrx_word' id='word_1_143' title='bbox 2736 677 2897 746; x_wconf 89' lang='lat'><strong>107</strong></span> <span class='ocrx_word' id='word_1_144' title='bbox 2931 676 3230 734; x_wconf 85' lang='lat' dir='ltr'><strong>vindicare.</strong></span> <span class='ocrx_word' id='word_1_145' title='bbox 3263 678 3399 734; x_wconf 88' lang='lat' dir='ltr'><strong>Cum</strong></span> <span class='ocrx_word' id='word_1_146' title='bbox 3428 680 3610 752; x_wconf 86' lang='lat' dir='ltr'><strong>itaque</strong></span> <span class='ocrx_word' id='word_1_147' title='bbox 3660 683 3884 740; x_wconf 87' lang='lat' dir='ltr'><strong>reddere</strong></span> 
     </span>
    </p>
   </div>
   <div class='ocr_carea' id='block_1_21' title="bbox 2296 762 3881 844">
    <p class='ocr_par' dir='ltr' id='par_1_21' title="bbox 2296 762 3881 844">
     <span class='ocr_line' id='line_1_21' title="bbox 2296 762 3881 844; baseline 0.007 -27"><span class='ocrx_word' id='word_1_148' title='bbox 2296 762 2498 818; x_wconf 88' lang='lat' dir='ltr'><strong>malum</strong></span> <span class='ocrx_word' id='word_1_149' title='bbox 2529 780 2629 834; x_wconf 88' lang='lat' dir='ltr'><strong>pro</strong></span> <span class='ocrx_word' id='word_1_150' title='bbox 2658 764 2821 835; x_wconf 87' lang='lat' dir='ltr'><strong>malo,</strong></span> <span class='ocrx_word' id='word_1_151' title='bbox 2854 772 2906 820; x_wconf 91' lang='lat' dir='ltr'><strong>et</strong></span> <span class='ocrx_word' id='word_1_152' title='bbox 2935 781 3088 820; x_wconf 91' lang='lat' dir='ltr'><strong>suam</strong></span> <span class='ocrx_word' id='word_1_153' title='bbox 3114 766 3388 823; x_wconf 88' lang='lat' dir='ltr'><strong>vindicare</strong></span> <span class='ocrx_word' id='word_1_154' title='bbox 3419 768 3671 839; x_wconf 88' lang='lat' dir='ltr'><strong>injuriam</strong></span> <span class='ocrx_word' id='word_1_155' title='bbox 3702 771 3774 827; x_wconf 93' lang='lat' dir='ltr'><strong>sit</strong></span> <span class='ocrx_word' id='word_1_156' title='bbox 3792 789 3881 844; x_wconf 83' lang='lat' dir='ltr'><strong>pe-</strong></span> 
     </span>
    </p>
   </div>
   <div class='ocr_carea' id='block_1_22' title="bbox 2297 851 3879 932">
    <p class='ocr_par' dir='ltr' id='par_1_22' title="bbox 2297 851 3879 932">
     <span class='ocr_line' id='line_1_22' title="bbox 2297 851 3879 932; baseline 0.006 -26"><span class='ocrx_word' id='word_1_157' title='bbox 2297 851 2615 920; x_wconf 90' lang='lat' dir='ltr'><strong>riculosum,</strong></span> <span class='ocrx_word' id='word_1_158' title='bbox 2648 853 2852 909; x_wconf 91' lang='lat' dir='ltr'><strong>malum</strong></span> <span class='ocrx_word' id='word_1_159' title='bbox 2880 869 2982 925; x_wconf 91' lang='lat' dir='ltr'><strong>pro</strong></span> <span class='ocrx_word' id='word_1_160' title='bbox 3013 854 3157 911; x_wconf 92' lang='lat' dir='ltr'><strong>bono</strong></span> <span class='ocrx_word' id='word_1_161' title='bbox 3213 855 3465 924; x_wconf 88' lang='lat' dir='ltr'><strong>reddere,</strong></span> <span class='ocrx_word' id='word_1_162' title='bbox 3526 858 3612 915; x_wconf 85' lang='lat' dir='ltr'><strong>vel</strong></span> <span class='ocrx_word' id='word_1_163' title='bbox 3638 860 3879 932; x_wconf 77' lang='lat' dir='ltr'><strong>diligenti</strong></span> 
     </span>
    </p>
   </div>
   <div class='ocr_carea' id='block_1_23' title="bbox 2298 940 3880 1021">
    <p class='ocr_par' dir='ltr' id='par_1_23' title="bbox 2298 940 3880 1021">
     <span class='ocr_line' id='line_1_23' title="bbox 2298 940 3880 1021; baseline 0.006 -26"><span class='ocrx_word' id='word_1_164' title='bbox 2298 956 2357 995; x_wconf 90' lang='lat' dir='ltr'><strong>se</strong></span> <span class='ocrx_word' id='word_1_165' title='bbox 2403 940 2652 1010; x_wconf 85' lang='lat' dir='ltr'><strong>proximo</strong></span> <span class='ocrx_word' id='word_1_166' title='bbox 2700 941 2817 997; x_wconf 90' lang='lat' dir='ltr'><strong>sine</strong></span> <span class='ocrx_word' id='word_1_167' title='bbox 2857 957 3022 999; x_wconf 89' lang='lat' dir='ltr'><strong>causa</strong></span> <span class='ocrx_word' id='word_1_168' title='bbox 3061 943 3284 1014; x_wconf 85' lang='lat' dir='ltr'><strong>injurias</strong></span> <span class='ocrx_word' id='word_1_169' title='bbox 3339 945 3608 1021; x_wconf 85' lang='lat' dir='ltr'><strong>irrogare,</strong></span> <span class='ocrx_word' id='word_1_170' title='bbox 3664 950 3880 1005; x_wconf 86' lang='lat' dir='ltr'><strong>minime</strong></span> 
     </span>
    </p>
   </div>
   <div class='ocr_carea' id='block_1_24' title="bbox 2295 1028 3873 1105">
    <p class='ocr_par' dir='ltr' id='par_1_24' title="bbox 2295 1028 3873 1105">
     <span class='ocr_line' id='line_1_24' title="bbox 2295 1028 3873 1105; baseline 0.006 -22"><span class='ocrx_word' id='word_1_171' title='bbox 2295 1028 2576 1085; x_wconf 85' lang='lat' dir='ltr'><strong>dubitatur</strong></span> <span class='ocrx_word' id='word_1_172' title='bbox 2603 1030 2953 1087; x_wconf 90' lang='lat' dir='ltr'><strong>damnosum.</strong></span> <span class='ocrx_word' id='word_1_173' title='bbox 2994 1032 3122 1089; x_wconf 75' lang='lat' dir='ltr'><strong>Haec</strong></span> <span class='ocrx_word' id='word_1_174' title='bbox 3152 1033 3379 1101; x_wconf 87' lang='lat' dir='ltr'><strong>idcirco,</strong></span> <span class='ocrx_word' id='word_1_175' title='bbox 3412 1035 3493 1091; x_wconf 89' lang='lat' dir='ltr'><strong>vir</strong></span> <span class='ocrx_word' id='word_1_176' title='bbox 3529 1040 3873 1105; x_wconf 85' lang='lat' dir='ltr'><strong>venerabilis,</strong></span> 
     </span>
    </p>
   </div>
   <div class='ocr_carea' id='block_1_25' title="bbox 2294 1118 3879 1198">
    <p class='ocr_par' dir='ltr' id='par_1_25' title="bbox 2294 1118 3879 1198">
     <span class='ocr_line' id='line_1_25' title="bbox 2294 1118 3879 1198; baseline 0.006 -26"><span class='ocrx_word' id='word_1_177' title='bbox 2294 1118 2704 1190; x_wconf 87' lang='lat' dir='ltr'><strong>proposuimus,</strong></span> <span class='ocrx_word' id='word_1_178' title='bbox 2735 1127 2813 1187; x_wconf 89' lang='lat' dir='ltr'><strong>ut,</strong></span> <span class='ocrx_word' id='word_1_179' title='bbox 2847 1121 2972 1175; x_wconf 91' lang='lat' dir='ltr'><strong>siin</strong></span> <span class='ocrx_word' id='word_1_180' title='bbox 2998 1120 3175 1178; x_wconf 91' lang='lat' dir='ltr'><strong>altero</strong></span> <span class='ocrx_word' id='word_1_181' title='bbox 3207 1122 3421 1192; x_wconf 86' lang='lat' dir='ltr'><strong>horum,</strong></span> <span class='ocrx_word' id='word_1_182' title='bbox 3454 1124 3558 1193; x_wconf 86' lang='lat' dir='ltr'><strong>vel,</strong></span> <span class='ocrx_word' id='word_1_183' title='bbox 3604 1127 3753 1198; x_wconf 90' lang='lat' dir='ltr'><strong>quod</strong></span> <span class='ocrx_word' id='word_1_184' title='bbox 3798 1138 3879 1184; x_wconf 89' lang='lat' dir='ltr'><strong>est</strong></span> 
     </span>
    </p>
   </div>
   <div class='ocr_carea' id='block_1_26' title="bbox 2292 1207 3873 1281">
    <p class='ocr_par' dir='ltr' id='par_1_26' title="bbox 2292 1207 3873 1281">
     <span class='ocr_line' id='line_1_26' title="bbox 2292 1207 3873 1281; baseline 0.008 -21"><span class='ocrx_word' id='word_1_185' title='bbox 2292 1207 2538 1280; x_wconf 78' lang='lat' dir='ltr'><strong>gravius,</strong></span> <span class='ocrx_word' id='word_1_186' title='bbox 2571 1208 2625 1263; x_wconf 92' lang='lat' dir='ltr'><strong>in</strong></span> <span class='ocrx_word' id='word_1_187' title='bbox 2657 1216 2884 1281; x_wconf 91' lang='lat' dir='ltr'><strong>utroque</strong></span> <span class='ocrx_word' id='word_1_188' title='bbox 2911 1210 3276 1281; x_wconf 82' lang='lat' dir='ltr'><strong>peccavimus,</strong></span> <span class='ocrx_word' id='word_1_189' title='bbox 3307 1220 3584 1281; x_wconf 88' lang='lat' dir='ltr'><strong>peccatum</strong></span> <span class='ocrx_word' id='word_1_190' title='bbox 3610 1232 3721 1271; x_wconf 91' lang='lat' dir='ltr'><strong>non</strong></span> <span class='ocrx_word' id='word_1_191' title='bbox 3748 1233 3873 1273; x_wconf 91' lang='lat' dir='ltr'><strong>eru-</strong></span> 
     </span>
    </p>
   </div>
   <div class='ocr_carea' id='block_1_27' title="bbox 2294 1296 3863 1371">
    <p class='ocr_par' dir='ltr' id='par_1_27' title="bbox 2294 1296 3863 1371">
     <span class='ocr_line' id='line_1_27' title="bbox 2294 1296 3863 1371; baseline 0.007 -21"><span class='ocrx_word' id='word_1_192' title='bbox 2294 1296 2583 1352; x_wconf 89' lang='lat' dir='ltr'><strong>bescamus</strong></span> <span class='ocrx_word' id='word_1_193' title='bbox 2610 1298 2915 1371; x_wconf 83' lang='lat' dir='ltr'><strong>corrigere,</strong></span> <span class='ocrx_word' id='word_1_194' title='bbox 2947 1299 3094 1371; x_wconf 90' lang='lat' dir='ltr'><strong>quod</strong></span> <span class='ocrx_word' id='word_1_195' title='bbox 3123 1299 3331 1358; x_wconf 88' lang='lat' dir='ltr'><strong>utiliter</strong></span> <span class='ocrx_word' id='word_1_196' title='bbox 3361 1302 3528 1360; x_wconf 91' lang='lat' dir='ltr'><strong>vitare</strong></span> <span class='ocrx_word' id='word_1_197' title='bbox 3555 1303 3863 1361; x_wconf 88' lang='lat' dir='ltr'><strong>debuimus.</strong></span> 
     </span>
    </p>
   </div>
   <div class='ocr_carea' id='block_1_28' title="bbox 2291 1384 3872 1459">
    <p class='ocr_par' dir='ltr' id='par_1_28' title="bbox 2291 1384 3872 1459">
     <span class='ocr_line' id='line_1_28' title="bbox 2291 1384 3872 1459; baseline 0.007 -20"><span class='ocrx_word' id='word_1_198' title='bbox 2291 1384 2486 1440; x_wconf 84' lang='lat' dir='ltr'><strong>Divina</strong></span> <span class='ocrx_word' id='word_1_199' title='bbox 2514 1386 2712 1457; x_wconf 86' lang='lat' dir='ltr'><strong>gratia,</strong></span> <span class='ocrx_word' id='word_1_200' title='bbox 2744 1386 2921 1458; x_wconf 90' lang='lat' dir='ltr'><strong>magis</strong></span> <span class='ocrx_word' id='word_1_201' title='bbox 2953 1402 3117 1459; x_wconf 89' lang='lat' dir='ltr'><strong>quam</strong></span> <span class='ocrx_word' id='word_1_202' title='bbox 3147 1389 3344 1445; x_wconf 89' lang='lat' dir='ltr'><strong>nostris</strong></span> <span class='ocrx_word' id='word_1_203' title='bbox 3373 1392 3599 1459; x_wconf 88' lang='lat' dir='ltr'><strong>meritis,</strong></span> <span class='ocrx_word' id='word_1_204' title='bbox 3632 1393 3731 1449; x_wconf 90' lang='lat' dir='ltr'><strong>Dei</strong></span> <span class='ocrx_word' id='word_1_205' title='bbox 3772 1395 3872 1451; x_wconf 85' lang='lat' dir='ltr'><strong>Ee-</strong></span> 
     </span>
    </p>
   </div>
   <div class='ocr_carea' id='block_1_29' title="bbox 2292 1472 3873 1553">
    <p class='ocr_par' dir='ltr' id='par_1_29' title="bbox 2292 1472 3873 1553">
     <span class='ocr_line' id='line_1_29' title="bbox 2292 1472 3873 1553; baseline 0.005 -24"><span class='ocrx_word' id='word_1_206' title='bbox 2292 1472 2475 1529; x_wconf 69' lang='lat' dir='ltr'><strong>clesiae</strong></span> <span class='ocrx_word' id='word_1_207' title='bbox 2503 1475 2707 1545; x_wconf 61' lang='lat' dir='ltr'><strong>praelati</strong></span> <span class='ocrx_word' id='word_1_208' title='bbox 2729 1492 2940 1531; x_wconf 86' lang='lat' dir='ltr'><strong>sumus.</strong></span> <span class='ocrx_word' id='word_1_209' title='bbox 2982 1475 3143 1545; x_wconf 86' lang='lat' dir='ltr'><strong>Quod</strong></span> <span class='ocrx_word' id='word_1_210' title='bbox 3170 1477 3219 1533; x_wconf 90' lang='lat' dir='ltr'><strong>si</strong></span> <span class='ocrx_word' id='word_1_211' title='bbox 3249 1477 3303 1532; x_wconf 93' lang='lat' dir='ltr'><strong>in</strong></span> <span class='ocrx_word' id='word_1_212' title='bbox 3332 1486 3475 1534; x_wconf 89' lang='lat' dir='ltr'><strong>tanta</strong></span> <span class='ocrx_word' id='word_1_213' title='bbox 3504 1481 3663 1552; x_wconf 88' lang='lat' dir='ltr'><strong>positi</strong></span> <span class='ocrx_word' id='word_1_214' title='bbox 3693 1481 3873 1553; x_wconf 88' lang='lat' dir='ltr'><strong>digni-</strong></span> 
     </span>
    </p>
   </div>
   <div class='ocr_carea' id='block_1_30' title="bbox 2293 1561 3873 1639">
    <p class='ocr_par' dir='ltr' id='par_1_30' title="bbox 2293 1561 3873 1639">
     <span class='ocr_line' id='line_1_30' title="bbox 2293 1561 3873 1639; baseline 0.008 -24"><span class='ocrx_word' id='word_1_215' title='bbox 2293 1568 2400 1617; x_wconf 89' lang='lat' dir='ltr'><strong>tate</strong></span> <span class='ocrx_word' id='word_1_216' title='bbox 2430 1561 2570 1617; x_wconf 90' lang='lat' dir='ltr'><strong>alter</strong></span> <span class='ocrx_word' id='word_1_217' title='bbox 2596 1562 2829 1618; x_wconf 88' lang='lat' dir='ltr'><strong>alterum</strong></span> <span class='ocrx_word' id='word_1_218' title='bbox 2857 1564 2982 1619; x_wconf 91' lang='lat' dir='ltr'><strong>odio</strong></span> <span class='ocrx_word' id='word_1_219' title='bbox 3010 1564 3220 1620; x_wconf 89' lang='lat' dir='ltr'><strong>habens</strong></span> <span class='ocrx_word' id='word_1_220' title='bbox 3249 1565 3632 1639; x_wconf 90' lang='lat' dir='ltr'><strong>delinquimus,</strong></span> <span class='ocrx_word' id='word_1_221' title='bbox 3665 1586 3774 1626; x_wconf 89' lang='lat' dir='ltr'><strong>non</strong></span> <span class='ocrx_word' id='word_1_222' title='bbox 3791 1587 3873 1627; x_wconf 89' lang='lat' dir='ltr'><strong>so-</strong></span> 
     </span>
    </p>
   </div>
   <div class='ocr_carea' id='block_1_31' title="bbox 2290 1650 3871 1726">
    <p class='ocr_par' dir='ltr' id='par_1_31' title="bbox 2290 1650 3871 1726">
     <span class='ocr_line' id='line_1_31' title="bbox 2290 1650 3871 1726; baseline 0.007 -22"><span class='ocrx_word' id='word_1_223' title='bbox 2290 1650 2400 1705; x_wconf 91' lang='lat' dir='ltr'><strong>lum</strong></span> <span class='ocrx_word' id='word_1_224' title='bbox 2427 1659 2641 1707; x_wconf 91' lang='lat' dir='ltr'><strong>nostras</strong></span> <span class='ocrx_word' id='word_1_225' title='bbox 2670 1651 2952 1724; x_wconf 90' lang='lat' dir='ltr'><strong>lampades</strong></span> <span class='ocrx_word' id='word_1_226' title='bbox 2971 1669 3082 1709; x_wconf 93' lang='lat' dir='ltr'><strong>non</strong></span> <span class='ocrx_word' id='word_1_227' title='bbox 3096 1653 3480 1726; x_wconf 91' lang='lat' dir='ltr'><strong>illuminamus,</strong></span> <span class='ocrx_word' id='word_1_228' title='bbox 3514 1673 3695 1714; x_wconf 90' lang='lat' dir='ltr'><strong>verum</strong></span> <span class='ocrx_word' id='word_1_229' title='bbox 3712 1660 3871 1715; x_wconf 90' lang='lat' dir='ltr'><strong>etiam</strong></span> 
     </span>
    </p>
   </div>
   <div class='ocr_carea' id='block_1_32' title="bbox 2288 1748 3869 1829">
    <p class='ocr_par' dir='ltr' id='par_1_32' title="bbox 2288 1748 3869 1829">
     <span class='ocr_line' id='line_1_32' title="bbox 2288 1748 3869 1829; baseline 0.006 -26"><span class='ocrx_word' id='word_1_230' title='bbox 2288 1748 2519 1805; x_wconf 88' lang='lat' dir='ltr'><strong>aliorum</strong></span> <span class='ocrx_word' id='word_1_231' title='bbox 2550 1750 2808 1806; x_wconf 90' lang='lat' dir='ltr'><strong>ardentes</strong></span> <span class='ocrx_word' id='word_1_232' title='bbox 2837 1750 3074 1808; x_wconf 66' lang='lat' dir='ltr'><strong>sinistras</strong></span> <span class='ocrx_word' id='word_1_233' title='bbox 3101 1753 3437 1823; x_wconf 85' lang='lat' dir='ltr'><strong>operationis</strong></span> <span class='ocrx_word' id='word_1_234' title='bbox 3478 1757 3724 1829; x_wconf 83' lang='lat' dir='ltr'><strong>exemplo</strong></span> <span class='ocrx_word' id='word_1_235' title='bbox 3772 1776 3869 1815; x_wconf 85' lang='lat' dir='ltr'><strong>ex-</strong></span> 
     </span>
    </p>
   </div>
   <div class='ocr_carea' id='block_1_33' title="bbox 580 1828 3867 1913">
    <p class='ocr_par' dir='ltr' id='par_1_33' title="bbox 580 1828 3867 1913">
     <span class='ocr_line' id='line_1_33' title="bbox 580 1828 3867 1913; baseline 0.005 -28"><span class='ocrx_word' id='word_1_236' title='bbox 580 1829 874 1902; x_wconf 89' lang='lat' dir='ltr'><strong>quidquam</strong></span> <span class='ocrx_word' id='word_1_237' title='bbox 899 1846 1000 1886; x_wconf 91' lang='lat' dir='ltr'><strong>nec</strong></span> <span class='ocrx_word' id='word_1_238' title='bbox 1028 1846 1257 1902; x_wconf 91' lang='lat' dir='ltr'><strong>possum</strong></span> <span class='ocrx_word' id='word_1_239' title='bbox 1284 1845 1386 1885; x_wconf 91' lang='lat' dir='ltr'><strong>nec</strong></span> <span class='ocrx_word' id='word_1_240' title='bbox 1416 1830 1615 1886; x_wconf 80' lang='lat' dir='ltr'><strong>debeo.</strong></span> <span class='ocrx_word' id='word_1_241' title='bbox 1658 1828 1764 1884; x_wconf 89' lang='lat' dir='ltr'><strong>Sed</strong></span> <span class='ocrx_word' id='word_1_242' title='bbox 1794 1844 1968 1884; x_wconf 91' lang='lat' dir='ltr'><strong>unum</strong></span> <span class='ocrx_word' id='word_1_243' title='bbox 1990 1835 2173 1885; x_wconf 88' lang='lat' dir='ltr'><strong>tamen</strong></span> <span class='ocrx_word' id='word_1_244' title='bbox 2203 1847 2257 1908; x_wconf 82' lang='lat' dir='ltr'>B</span> <span class='ocrx_word' id='word_1_245' title='bbox 2287 1837 2645 1911; x_wconf 85' lang='lat' dir='ltr'><strong>stinguimus.</strong></span> <span class='ocrx_word' id='word_1_246' title='bbox 2687 1839 2935 1911; x_wconf 89' lang='lat' dir='ltr'><strong>Cumque</strong></span> <span class='ocrx_word' id='word_1_247' title='bbox 2962 1840 3173 1896; x_wconf 85' lang='lat' dir='ltr'><strong>trabem</strong></span> <span class='ocrx_word' id='word_1_248' title='bbox 3203 1849 3485 1913; x_wconf 89' lang='lat' dir='ltr'><strong>portamus</strong></span> <span class='ocrx_word' id='word_1_249' title='bbox 3514 1844 3568 1899; x_wconf 89' lang='lat' dir='ltr'><strong>in</strong></span> <span class='ocrx_word' id='word_1_250' title='bbox 3590 1828 3749 1902; x_wconf 85' lang='lat' dir='ltr'><strong>oculo</strong></span> <span class='ocrx_word' id='word_1_251' title='bbox 3767 1862 3867 1901; x_wconf 88' lang='lat' dir='ltr'><strong>no-</strong></span> 
     </span>
    </p>
   </div>
   <div class='ocr_carea' id='block_1_34' title="bbox 578 1917 2171 1992">
    <p class='ocr_par' dir='ltr' id='par_1_34' title="bbox 578 1917 2171 1992">
     <span class='ocr_line' id='line_1_34' title="bbox 578 1917 2171 1992; baseline -0.001 -19"><span class='ocrx_word' id='word_1_252' title='bbox 578 1917 807 1973; x_wconf 86' lang='lat' dir='ltr'><strong>firmiter</strong></span> <span class='ocrx_word' id='word_1_253' title='bbox 838 1927 1017 1985; x_wconf 89' lang='lat' dir='ltr'><strong>teneo,</strong></span> <span class='ocrx_word' id='word_1_254' title='bbox 1051 1918 1197 1992; x_wconf 91' lang='lat' dir='ltr'><strong>quod</strong></span> <span class='ocrx_word' id='word_1_255' title='bbox 1226 1918 1282 1973; x_wconf 92' lang='lat' dir='ltr'><strong>in</strong></span> <span class='ocrx_word' id='word_1_256' title='bbox 1303 1917 1525 1991; x_wconf 81' lang='lat' dir='ltr'><strong>legibus</strong></span> <span class='ocrx_word' id='word_1_257' title='bbox 1543 1917 1893 1974; x_wconf 89' lang='lat' dir='ltr'><strong>criminosum</strong></span> <span class='ocrx_word' id='word_1_258' title='bbox 1921 1918 2171 1984; x_wconf 91' lang='lat' dir='ltr'><strong>habetur,</strong></span> 
     </span>
    </p>
   </div>
   <div class='ocr_carea' id='block_1_35' title="bbox 577 2005 2175 2079">
    <p class='ocr_par' dir='ltr' id='par_1_35' title="bbox 577 2005 2175 2079">
     <span class='ocr_line' id='line_1_35' title="bbox 577 2005 2175 2079; baseline -0.001 -17"><span class='ocrx_word' id='word_1_259' title='bbox 577 2008 810 2063; x_wconf 87' lang='lat' dir='ltr'><strong>amicum</strong></span> <span class='ocrx_word' id='word_1_260' title='bbox 842 2008 1060 2064; x_wconf 88' lang='lat' dir='ltr'><strong>causari</strong></span> <span class='ocrx_word' id='word_1_261' title='bbox 1090 2008 1379 2074; x_wconf 89' lang='lat' dir='ltr'><strong>immerito,</strong></span> <span class='ocrx_word' id='word_1_262' title='bbox 1414 2007 1563 2062; x_wconf 91' lang='lat' dir='ltr'><strong>illum</strong></span> <span class='ocrx_word' id='word_1_263' title='bbox 1595 2005 1925 2079; x_wconf 63' lang='lat' dir='ltr'><strong>praesertim,</strong></span> <span class='ocrx_word' id='word_1_264' title='bbox 1959 2008 2049 2078; x_wconf 90' lang='lat' dir='ltr'><strong>qui</strong></span> <span class='ocrx_word' id='word_1_265' title='bbox 2080 2023 2175 2062; x_wconf 72' lang='lat' dir='ltr'><strong>eos</strong></span> 
     </span>
    </p>
   </div>
   <div class='ocr_carea' id='block_1_36' title="bbox 575 2094 2172 2170">
    <p class='ocr_par' dir='ltr' id='par_1_36' title="bbox 575 2094 2172 2170">
     <span class='ocr_line' id='line_1_36' title="bbox 575 2094 2172 2170; baseline -0.001 -18"><span class='ocrx_word' id='word_1_266' title='bbox 575 2097 668 2170; x_wconf 90' lang='lat' dir='ltr'><strong>qui</strong></span> <span class='ocrx_word' id='word_1_267' title='bbox 699 2113 758 2153; x_wconf 91' lang='lat' dir='ltr'><strong>se</strong></span> <span class='ocrx_word' id='word_1_268' title='bbox 790 2097 1025 2170; x_wconf 66' lang='lat' dir='ltr'><strong>diligunt</strong></span> <span class='ocrx_word' id='word_1_269' title='bbox 1055 2097 1239 2153; x_wconf 91' lang='lat' dir='ltr'><strong>colere</strong></span> <span class='ocrx_word' id='word_1_270' title='bbox 1269 2096 1419 2153; x_wconf 91' lang='lat' dir='ltr'><strong>novit</strong></span> <span class='ocrx_word' id='word_1_271' title='bbox 1465 2096 1625 2152; x_wconf 85' lang='lat' dir='ltr'><strong>valde</strong></span> <span class='ocrx_word' id='word_1_272' title='bbox 1676 2094 1921 2162; x_wconf 82' lang='lat' dir='ltr'><strong>feliciter,</strong></span> <span class='ocrx_word' id='word_1_273' title='bbox 1978 2104 2029 2151; x_wconf 91' lang='lat' dir='ltr'><strong>et</strong></span> <span class='ocrx_word' id='word_1_274' title='bbox 2085 2097 2172 2151; x_wconf 91' lang='lat' dir='ltr'><strong>cui</strong></span> 
     </span>
    </p>
   </div>
   <div class='ocr_carea' id='block_1_37' title="bbox 576 2184 2170 2259">
    <p class='ocr_par' dir='ltr' id='par_1_37' title="bbox 576 2184 2170 2259">
     <span class='ocr_line' id='line_1_37' title="bbox 576 2184 2170 2259; baseline -0.001 -18"><span class='ocrx_word' id='word_1_275' title='bbox 576 2202 799 2259; x_wconf 88' lang='lat' dir='ltr'><strong>semper</strong></span> <span class='ocrx_word' id='word_1_276' title='bbox 828 2185 1199 2242; x_wconf 88' lang='lat' dir='ltr'><strong>verecundum</strong></span> <span class='ocrx_word' id='word_1_277' title='bbox 1229 2185 1437 2241; x_wconf 83' lang='lat' dir='ltr'><strong>exstitit</strong></span> <span class='ocrx_word' id='word_1_278' title='bbox 1466 2186 1535 2241; x_wconf 92' lang='lat' dir='ltr'><strong>de</strong></span> <span class='ocrx_word' id='word_1_279' title='bbox 1577 2184 1788 2241; x_wconf 74' lang='lat' dir='ltr'><strong>aemulis</strong></span> <span class='ocrx_word' id='word_1_280' title='bbox 1837 2185 1948 2239; x_wconf 90' lang='lat' dir='ltr'><strong>suis</strong></span> <span class='ocrx_word' id='word_1_281' title='bbox 2007 2184 2170 2257; x_wconf 89' lang='lat' dir='ltr'><strong>quid-</strong></span> 
     </span>
    </p>
   </div>
   <div class='ocr_carea' id='block_1_38' title="bbox 575 2274 1593 2349">
    <p class='ocr_par' dir='ltr' id='par_1_38' title="bbox 575 2274 1593 2349">
     <span class='ocr_line' id='line_1_38' title="bbox 575 2274 1593 2349; baseline -0.002 -19"><span class='ocrx_word' id='word_1_282' title='bbox 575 2291 737 2348; x_wconf 89' lang='lat' dir='ltr'><strong>quam</strong></span> <span class='ocrx_word' id='word_1_283' title='bbox 767 2291 1069 2349; x_wconf 77' lang='lat' dir='ltr'><strong>suggerere</strong></span> <span class='ocrx_word' id='word_1_284' title='bbox 1096 2275 1345 2331; x_wconf 90' lang='lat' dir='ltr'><strong>latenter.</strong></span> <span class='ocrx_word' id='word_1_285' title='bbox 1378 2274 1593 2331; x_wconf 85' lang='lat' dir='ltr'><strong>Valete.</strong></span> 
     </span>
    </p>
   </div>
   <div class='ocr_carea' id='block_1_39' title="bbox 1128 2424 1602 2480">
    <p class='ocr_par' dir='ltr' id='par_1_39' title="bbox 1128 2424 1602 2480">
     <span class='ocr_line' id='line_1_39' title="bbox 1128 2424 1602 2480; baseline -0.004 0"><span class='ocrx_word' id='word_1_286' title='bbox 1128 2424 1467 2480; x_wconf 81' lang='lat' dir='ltr'><strong>EPISTOLA</strong></span> <span class='ocrx_word' id='word_1_287' title='bbox 1511 2424 1602 2479; x_wconf 80' lang='grc' dir='ltr'><strong>ιν.</strong></span> 
     </span>
    </p>
   </div>
   <div class='ocr_carea' id='block_1_40' title="bbox 575 2546 2170 2620">
    <p class='ocr_par' dir='ltr' id='par_1_40' title="bbox 575 2546 2170 2620">
     <span class='ocr_line' id='line_1_40' title="bbox 575 2546 2170 2620; baseline -0.001 -15"><span class='ocrx_word' id='word_1_288' title='bbox 575 2549 848 2606; x_wconf 80' lang='lat' dir='ltr'><strong>Rainaldo</strong></span> <span class='ocrx_word' id='word_1_289' title='bbox 886 2564 1090 2620; x_wconf 85' lang='lat' dir='ltr'><strong>magno</strong></span> <span class='ocrx_word' id='word_1_290' title='bbox 1121 2552 1175 2603; x_wconf 80' lang='lat' dir='ltr'><strong>et</strong></span> <span class='ocrx_word' id='word_1_291' title='bbox 1234 2548 1473 2618; x_wconf 74' lang='lat' dir='ltr'><strong>glorioso</strong></span> <span class='ocrx_word' id='word_1_292' title='bbox 1538 2548 1812 2618; x_wconf 80' lang='lat' dir='ltr'><strong>episcopo,</strong></span> <span class='ocrx_word' id='word_1_293' title='bbox 1894 2546 2170 2617; x_wconf 56' lang='grc' dir='ltr'><strong>θοῷ-ἐάας</strong></span> 
     </span>
    </p>
   </div>
   <div class='ocr_carea' id='block_1_41' title="bbox 647 2635 2169 2708">
    <p class='ocr_par' dir='ltr' id='par_1_41' title="bbox 647 2635 2169 2708">
     <span class='ocr_line' id='line_1_41' title="bbox 647 2635 2169 2708; baseline -0.002 -14"><span class='ocrx_word' id='word_1_294' title='bbox 647 2638 1072 2695; x_wconf 79' lang='lat' dir='ltr'><strong>Vindocinensis</strong></span> <span class='ocrx_word' id='word_1_295' title='bbox 1088 2636 1427 2692; x_wconf 79' lang='lat' dir='ltr'><strong>monasterii</strong></span> <span class='ocrx_word' id='word_1_296' title='bbox 1443 2651 1652 2698; x_wconf 77' lang='lat' dir='ltr'><strong>servus,</strong></span> <span class='ocrx_word' id='word_1_297' title='bbox 1672 2652 1832 2708; x_wconf 70' lang='lat' dir='ltr'><strong>purae</strong></span> <span class='ocrx_word' id='word_1_298' title='bbox 1847 2635 2169 2691; x_wconf 75' lang='lat' dir='ltr'><strong>dilectionis</strong></span> 
     </span>
    </p>
   </div>
   <div class='ocr_carea' id='block_1_42' title="bbox 635 2728 922 2800">
    <p class='ocr_par' dir='ltr' id='par_1_42' title="bbox 635 2728 922 2800">
     <span class='ocr_line' id='line_1_42' title="bbox 635 2728 922 2800; baseline -0.007 -17"><span class='ocrx_word' id='word_1_299' title='bbox 635 2728 922 2800; x_wconf 70' lang='lat' dir='ltr'><strong>affectum.</strong></span> 
     </span>
    </p>
   </div>
   <div class='ocr_carea' id='block_1_43' title="bbox 636 2845 2167 2916">
    <p class='ocr_par' dir='ltr' id='par_1_43' title="bbox 636 2845 2167 2916">
     <span class='ocr_line' id='line_1_43' title="bbox 636 2845 2167 2916; baseline -0.003 -13"><span class='ocrx_word' id='word_1_300' title='bbox 636 2847 871 2916; x_wconf 86' lang='lat' dir='ltr'><strong>Quidam</strong></span> <span class='ocrx_word' id='word_1_301' title='bbox 899 2863 1089 2904; x_wconf 91' lang='lat' dir='ltr'><strong>servus</strong></span> <span class='ocrx_word' id='word_1_302' title='bbox 1118 2845 1381 2903; x_wconf 62' lang='lat' dir='ltr'><strong>Ecclesiae</strong></span> <span class='ocrx_word' id='word_1_303' title='bbox 1429 2852 1647 2909; x_wconf 70' lang='lat' dir='ltr'><strong>nostrae,</strong></span> <span class='ocrx_word' id='word_1_304' title='bbox 1699 2859 1882 2915; x_wconf 90' lang='lat' dir='ltr'><strong>quem,</strong></span> <span class='ocrx_word' id='word_1_305' title='bbox 1944 2852 2167 2915; x_wconf 84' lang='lat' dir='ltr'><strong>prapter</strong></span> 
     </span>
    </p>
   </div>
   <div class='ocr_carea' id='block_1_44' title="bbox 563 2932 2161 3009">
    <p class='ocr_par' dir='ltr' id='par_1_44' title="bbox 563 2932 2161 3009">
     <span class='ocr_line' id='line_1_44' title="bbox 563 2932 2161 3009; baseline -0.003 -16"><span class='ocrx_word' id='word_1_306' title='bbox 563 2932 916 3009; x_wconf 65' lang='lat' dir='ltr'><strong>sacrilegium</strong></span> <span class='ocrx_word' id='word_1_307' title='bbox 947 2935 1093 3009; x_wconf 93' lang='lat' dir='ltr'><strong>quod</strong></span> <span class='ocrx_word' id='word_1_308' title='bbox 1124 2936 1346 3002; x_wconf 86' lang='lat' dir='ltr'><strong>fecerat,</strong></span> <span class='ocrx_word' id='word_1_309' title='bbox 1379 2950 1410 2989; x_wconf 91' lang='lat' dir='ltr'><strong>a</strong></span> <span class='ocrx_word' id='word_1_310' title='bbox 1441 2933 1673 2990; x_wconf 90' lang='lat' dir='ltr'><strong>servitio</strong></span> <span class='ocrx_word' id='word_1_311' title='bbox 1702 2942 1896 2989; x_wconf 91' lang='lat' dir='ltr'><strong>nostro</strong></span> <span class='ocrx_word' id='word_1_312' title='bbox 1926 2933 2019 2987; x_wconf 92' lang='lat' dir='ltr'><strong>diu</strong></span> <span class='ocrx_word' id='word_1_313' title='bbox 2068 2951 2161 2990; x_wconf 92' lang='lat' dir='ltr'><strong>re-</strong></span> 
     </span>
    </p>
   </div>
   <div class='ocr_carea' id='block_1_45' title="bbox 560 3020 2162 3097">
    <p class='ocr_par' dir='ltr' id='par_1_45' title="bbox 560 3020 2162 3097">
     <span class='ocr_line' id='line_1_45' title="bbox 560 3020 2162 3097; baseline -0.002 -17"><span class='ocrx_word' id='word_1_314' title='bbox 560 3041 933 3092; x_wconf 88' lang='lat' dir='ltr'><strong>moveramus,</strong></span> <span class='ocrx_word' id='word_1_315' title='bbox 966 3025 1321 3097; x_wconf 69' lang='lat' dir='ltr'><strong>quaestionem</strong></span> <span class='ocrx_word' id='word_1_316' title='bbox 1355 3023 1647 3095; x_wconf 82' lang='lat' dir='ltr'><strong>quamdam</strong></span> <span class='ocrx_word' id='word_1_317' title='bbox 1676 3020 1898 3077; x_wconf 89' lang='lat' dir='ltr'><strong>sinistra</strong></span> <span class='ocrx_word' id='word_1_318' title='bbox 1927 3022 2162 3077; x_wconf 86' lang='lat' dir='ltr'><strong>admira-</strong></span> 
     </span>
    </p>
   </div>
   <div class='ocr_carea' id='block_1_46' title="bbox 560 3111 2159 3186">
    <p class='ocr_par' dir='ltr' id='par_1_46' title="bbox 560 3111 2159 3186">
     <span class='ocr_line' id='line_1_46' title="bbox 560 3111 2159 3186; baseline -0.004 -16"><span class='ocrx_word' id='word_1_319' title='bbox 560 3115 711 3172; x_wconf 88' lang='lat' dir='ltr'><strong>tione</strong></span> <span class='ocrx_word' id='word_1_320' title='bbox 763 3115 1143 3186; x_wconf 78' lang='lat' dir='ltr'><strong>dignissimam</strong></span> <span class='ocrx_word' id='word_1_321' title='bbox 1200 3112 1360 3169; x_wconf 85' lang='lat' dir='ltr'><strong>nobis</strong></span> <span class='ocrx_word' id='word_1_322' title='bbox 1411 3111 1716 3183; x_wconf 80' lang='lat' dir='ltr'><strong>proposuit,</strong></span> <span class='ocrx_word' id='word_1_323' title='bbox 1776 3120 2067 3183; x_wconf 80' lang='lat' dir='ltr'><strong>postquam</strong></span> <span class='ocrx_word' id='word_1_324' title='bbox 2128 3127 2159 3164; x_wconf 89' lang='lat' dir='ltr'><strong>a</strong></span> 
     </span>
    </p>
   </div>
   <div class='ocr_carea' id='block_1_47' title="bbox 563 3200 2237 3273">
    <p class='ocr_par' dir='ltr' id='par_1_47' title="bbox 563 3200 2237 3273">
     <span class='ocr_line' id='line_1_47' title="bbox 563 3200 2237 3273; baseline -0.004 -11"><span class='ocrx_word' id='word_1_325' title='bbox 563 3205 717 3262; x_wconf 76' lang='lat' dir='ltr'><strong>vobis</strong></span> <span class='ocrx_word' id='word_1_326' title='bbox 747 3204 1098 3261; x_wconf 57' lang='lat' dir='ltr'><strong>recesgimus.</strong></span> <span class='ocrx_word' id='word_1_327' title='bbox 1132 3204 1211 3258; x_wconf 92' lang='lat' dir='ltr'><strong>De</strong></span> <span class='ocrx_word' id='word_1_328' title='bbox 1236 3201 1451 3257; x_wconf 82' lang='lat' dir='ltr'><strong>duobus</strong></span> <span class='ocrx_word' id='word_1_329' title='bbox 1481 3201 1613 3258; x_wconf 90' lang='lat' dir='ltr'><strong>viris</strong></span> <span class='ocrx_word' id='word_1_330' title='bbox 1641 3200 1990 3273; x_wconf 83' lang='lat' dir='ltr'><strong>loquebatur,</strong></span> <span class='ocrx_word' id='word_1_331' title='bbox 2017 3216 2156 3271; x_wconf 92' lang='lat' dir='ltr'><strong>quo-</strong></span> <span class='ocrx_word' id='word_1_332' title='bbox 2188 3204 2237 3266; x_wconf 87' lang='lat' dir='ltr'>C</span> 
     </span>
    </p>
   </div>
   <div class='ocr_carea' id='block_1_48' title="bbox 558 3288 2153 3360">
    <p class='ocr_par' dir='ltr' id='par_1_48' title="bbox 558 3288 2153 3360">
     <span class='ocr_line' id='line_1_48' title="bbox 558 3288 2153 3360; baseline -0.005 -10"><span class='ocrx_word' id='word_1_333' title='bbox 558 3311 681 3350; x_wconf 88' lang='lat' dir='ltr'><strong>rum</strong></span> <span class='ocrx_word' id='word_1_334' title='bbox 727 3310 871 3349; x_wconf 90' lang='lat' dir='ltr'><strong>unus</strong></span> <span class='ocrx_word' id='word_1_335' title='bbox 929 3293 1252 3357; x_wconf 87' lang='lat' dir='ltr'><strong>monachus,</strong></span> <span class='ocrx_word' id='word_1_336' title='bbox 1313 3290 1447 3345; x_wconf 87' lang='lat' dir='ltr'><strong>alter</strong></span> <span class='ocrx_word' id='word_1_337' title='bbox 1503 3290 1796 3360; x_wconf 85' lang='lat' dir='ltr'><strong>episcOpus</strong></span> <span class='ocrx_word' id='word_1_338' title='bbox 1851 3288 2153 3344; x_wconf 87' lang='lat' dir='ltr'><strong>dicebatur.</strong></span> 
     </span>
    </p>
   </div>
   <div class='ocr_carea' id='block_1_49' title="bbox 556 3377 2157 3455">
    <p class='ocr_par' dir='ltr' id='par_1_49' title="bbox 556 3377 2157 3455">
     <span class='ocr_line' id='line_1_49' title="bbox 556 3377 2157 3455; baseline -0.004 -16"><span class='ocrx_word' id='word_1_339' title='bbox 556 3384 866 3455; x_wconf 87' lang='lat' dir='ltr'><strong>Episcopus</strong></span> <span class='ocrx_word' id='word_1_340' title='bbox 887 3381 956 3437; x_wconf 89' lang='lat' dir='ltr'><strong>ad</strong></span> <span class='ocrx_word' id='word_1_341' title='bbox 987 3382 1169 3438; x_wconf 90' lang='lat' dir='ltr'><strong>locum</strong></span> <span class='ocrx_word' id='word_1_342' title='bbox 1199 3379 1453 3436; x_wconf 89' lang='lat' dir='ltr'><strong>monachi</strong></span> <span class='ocrx_word' id='word_1_343' title='bbox 1479 3378 1728 3445; x_wconf 87' lang='lat' dir='ltr'><strong>veniens,</strong></span> <span class='ocrx_word' id='word_1_344' title='bbox 1751 3393 1877 3433; x_wconf 91' lang='lat' dir='ltr'><strong>cum</strong></span> <span class='ocrx_word' id='word_1_345' title='bbox 1909 3377 2028 3449; x_wconf 92' lang='lat' dir='ltr'><strong>ipso</strong></span> <span class='ocrx_word' id='word_1_346' title='bbox 2059 3379 2157 3433; x_wconf 91' lang='lat' dir='ltr'><strong>ho-</strong></span> 
     </span>
    </p>
   </div>
   <div class='ocr_carea' id='block_1_50' title="bbox 556 3466 2157 3543">
    <p class='ocr_par' dir='ltr' id='par_1_50' title="bbox 556 3466 2157 3543">
     <span class='ocr_line' id='line_1_50' title="bbox 556 3466 2157 3543; baseline -0.003 -16"><span class='ocrx_word' id='word_1_347' title='bbox 556 3472 745 3543; x_wconf 89' lang='lat' dir='ltr'><strong>spitari</strong></span> <span class='ocrx_word' id='word_1_348' title='bbox 773 3470 974 3534; x_wconf 84' lang='lat' dir='ltr'><strong>voluit;</strong></span> <span class='ocrx_word' id='word_1_349' title='bbox 1000 3485 1162 3542; x_wconf 91' lang='lat' dir='ltr'><strong>quem</strong></span> <span class='ocrx_word' id='word_1_350' title='bbox 1187 3468 1487 3524; x_wconf 88' lang='lat' dir='ltr'><strong>monachus</strong></span> <span class='ocrx_word' id='word_1_351' title='bbox 1501 3482 1623 3523; x_wconf 91' lang='lat' dir='ltr'><strong>cum</strong></span> <span class='ocrx_word' id='word_1_352' title='bbox 1640 3466 1848 3537; x_wconf 87' lang='lat' dir='ltr'><strong>gaudio</strong></span> <span class='ocrx_word' id='word_1_353' title='bbox 1874 3474 1928 3522; x_wconf 92' lang='lat' dir='ltr'><strong>et</strong></span> <span class='ocrx_word' id='word_1_354' title='bbox 1948 3466 2157 3522; x_wconf 91' lang='lat' dir='ltr'><strong>honore</strong></span> 
     </span>
    </p>
   </div>
   <div class='ocr_carea' id='block_1_51' title="bbox 555 3555 2157 3632">
    <p class='ocr_par' dir='ltr' id='par_1_51' title="bbox 555 3555 2157 3632">
     <span class='ocr_line' id='line_1_51' title="bbox 555 3555 2157 3632; baseline -0.004 -16"><span class='ocrx_word' id='word_1_355' title='bbox 555 3560 818 3632; x_wconf 77' lang='lat' dir='ltr'><strong>suscepit,</strong></span> <span class='ocrx_word' id='word_1_356' title='bbox 841 3575 943 3616; x_wconf 89' lang='lat' dir='ltr'><strong>nec</strong></span> <span class='ocrx_word' id='word_1_357' title='bbox 957 3574 1056 3614; x_wconf 87' lang='lat' dir='ltr'><strong>sua</strong></span> <span class='ocrx_word' id='word_1_358' title='bbox 1078 3562 1291 3614; x_wconf 88' lang='lat' dir='ltr'><strong>tantum</strong></span> <span class='ocrx_word' id='word_1_359' title='bbox 1319 3558 1503 3626; x_wconf 86' lang='lat'><strong>106,</strong></span> <span class='ocrx_word' id='word_1_360' title='bbox 1527 3571 1715 3612; x_wconf 89' lang='lat' dir='ltr'><strong>verum</strong></span> <span class='ocrx_word' id='word_1_361' title='bbox 1727 3556 1894 3611; x_wconf 87' lang='lat' dir='ltr'><strong>etiam</strong></span> <span class='ocrx_word' id='word_1_362' title='bbox 1916 3555 2157 3626; x_wconf 89' lang='lat' dir='ltr'><strong>seipsum</strong></span> 
     </span>
    </p>
   </div>
   <div class='ocr_carea' id='block_1_52' title="bbox 554 3643 2155 3721">
    <p class='ocr_par' dir='ltr' id='par_1_52' title="bbox 554 3643 2155 3721">
     <span class='ocr_line' id='line_1_52' title="bbox 554 3643 2155 3721; baseline -0.003 -16"><span class='ocrx_word' id='word_1_363' title='bbox 554 3650 611 3705; x_wconf 91' lang='lat' dir='ltr'><strong>in</strong></span> <span class='ocrx_word' id='word_1_364' title='bbox 639 3648 885 3721; x_wconf 87' lang='lat' dir='ltr'><strong>episcopi</strong></span> <span class='ocrx_word' id='word_1_365' title='bbox 911 3647 1198 3704; x_wconf 88' lang='lat' dir='ltr'><strong>servitium</strong></span> <span class='ocrx_word' id='word_1_366' title='bbox 1231 3653 1338 3702; x_wconf 89' lang='lat' dir='ltr'><strong>tota</strong></span> <span class='ocrx_word' id='word_1_367' title='bbox 1356 3644 1650 3701; x_wconf 89' lang='lat' dir='ltr'><strong>dilectione</strong></span> <span class='ocrx_word' id='word_1_368' title='bbox 1671 3643 1937 3700; x_wconf 83' lang='lat' dir='ltr'><strong>exhibuit.</strong></span> <span class='ocrx_word' id='word_1_369' title='bbox 1960 3646 2155 3700; x_wconf 80' lang='lat' dir='ltr'><strong>Iliona-</strong></span> 
     </span>
    </p>
   </div>
   <div class='ocr_carea' id='block_1_53' title="bbox 557 3732 2155 3809">
    <p class='ocr_par' dir='ltr' id='par_1_53' title="bbox 557 3732 2155 3809">
     <span class='ocr_line' id='line_1_53' title="bbox 557 3732 2155 3809; baseline -0.004 -15"><span class='ocrx_word' id='word_1_370' title='bbox 557 3740 694 3795; x_wconf 88' lang='lat' dir='ltr'><strong>chus</strong></span> <span class='ocrx_word' id='word_1_371' title='bbox 721 3740 1041 3809; x_wconf 89' lang='lat' dir='ltr'><strong>episcopum</strong></span> <span class='ocrx_word' id='word_1_372' title='bbox 1072 3736 1148 3790; x_wconf 86' lang='lat' dir='ltr'><strong>ibi</strong></span> <span class='ocrx_word' id='word_1_373' title='bbox 1177 3735 1378 3790; x_wconf 92' lang='lat' dir='ltr'><strong>diutius</strong></span> <span class='ocrx_word' id='word_1_374' title='bbox 1409 3748 1636 3790; x_wconf 89' lang='lat' dir='ltr'><strong>manere</strong></span> <span class='ocrx_word' id='word_1_375' title='bbox 1665 3732 1946 3799; x_wconf 90' lang='lat' dir='ltr'><strong>voluisset,</strong></span> <span class='ocrx_word' id='word_1_376' title='bbox 1971 3732 2018 3787; x_wconf 88' lang='lat' dir='ltr'><strong>si</strong></span> <span class='ocrx_word' id='word_1_377' title='bbox 2033 3734 2155 3805; x_wconf 90' lang='lat' dir='ltr'><strong>epi-</strong></span> 
     </span>
    </p>
   </div>
   <div class='ocr_carea' id='block_1_54' title="bbox 556 3822 2155 3900">
    <p class='ocr_par' dir='ltr' id='par_1_54' title="bbox 556 3822 2155 3900">
     <span class='ocr_line' id='line_1_54' title="bbox 556 3822 2155 3900; baseline -0.005 -16"><span class='ocrx_word' id='word_1_378' title='bbox 556 3843 762 3900; x_wconf 78' lang='lat' dir='ltr'><strong>accpus</strong></span> <span class='ocrx_word' id='word_1_379' title='bbox 793 3824 1188 3883; x_wconf 91' lang='lat' dir='ltr'><strong>consensisset.</strong></span> <span class='ocrx_word' id='word_1_380' title='bbox 1228 3823 1326 3879; x_wconf 88' lang='lat' dir='ltr'><strong>Ille</strong></span> <span class='ocrx_word' id='word_1_381' title='bbox 1356 3822 1582 3879; x_wconf 83' lang='lat' dir='ltr'><strong>recessit</strong></span> <span class='ocrx_word' id='word_1_382' title='bbox 1614 3841 1627 3885; x_wconf 91' lang='lat'><strong>;</strong></span> <span class='ocrx_word' id='word_1_383' title='bbox 1658 3822 1939 3877; x_wconf 90' lang='lat' dir='ltr'><strong>recedenti</strong></span> <span class='ocrx_word' id='word_1_384' title='bbox 1959 3837 2155 3878; x_wconf 88' lang='lat' dir='ltr'><strong>mona-</strong></span> 
     </span>
    </p>
   </div>
   <div class='ocr_carea' id='block_1_55' title="bbox 560 3909 2152 3982">
    <p class='ocr_par' dir='ltr' id='par_1_55' title="bbox 560 3909 2152 3982">
     <span class='ocr_line' id='line_1_55' title="bbox 560 3909 2152 3982; baseline -0.006 -8"><span class='ocrx_word' id='word_1_385' title='bbox 560 3919 697 3975; x_wconf 89' lang='lat' dir='ltr'><strong>chus</strong></span> <span class='ocrx_word' id='word_1_386' title='bbox 727 3932 896 3972; x_wconf 88' lang='lat' dir='ltr'><strong>unum</strong></span> <span class='ocrx_word' id='word_1_387' title='bbox 927 3914 997 3970; x_wconf 90' lang='lat' dir='ltr'><strong>de</strong></span> <span class='ocrx_word' id='word_1_388' title='bbox 1048 3912 1269 3969; x_wconf 88' lang='lat' dir='ltr'><strong>famulis</strong></span> <span class='ocrx_word' id='word_1_389' title='bbox 1327 3912 1444 3967; x_wconf 91' lang='lat' dir='ltr'><strong>suis</strong></span> <span class='ocrx_word' id='word_1_390' title='bbox 1501 3909 1821 3975; x_wconf 89' lang='lat' dir='ltr'><strong>associavit,</strong></span> <span class='ocrx_word' id='word_1_391' title='bbox 1874 3910 1967 3982; x_wconf 91' lang='lat' dir='ltr'><strong>qui</strong></span> <span class='ocrx_word' id='word_1_392' title='bbox 2025 3910 2152 3981; x_wconf 91' lang='lat' dir='ltr'><strong>sibi,</strong></span> 
     </span>
    </p>
   </div>
   <div class='ocr_carea' id='block_1_56' title="bbox 558 3997 2153 4080">
    <p class='ocr_par' dir='ltr' id='par_1_56' title="bbox 558 3997 2153 4080">
     <span class='ocr_line' id='line_1_56' title="bbox 558 3997 2153 4080; baseline -0.006 -17"><span class='ocrx_word' id='word_1_393' title='bbox 558 4005 800 4080; x_wconf 83' lang='lat' dir='ltr'><strong>quandiu</strong></span> <span class='ocrx_word' id='word_1_394' title='bbox 830 4002 1021 4070; x_wconf 88' lang='lat' dir='ltr'><strong>voluit,</strong></span> <span class='ocrx_word' id='word_1_395' title='bbox 1052 3999 1342 4059; x_wconf 86' lang='lat' dir='ltr'><strong>servientis</strong></span> <span class='ocrx_word' id='word_1_396' title='bbox 1373 3999 1610 4071; x_wconf 84' lang='lat' dir='ltr'><strong>explevit</strong></span> <span class='ocrx_word' id='word_1_397' title='bbox 1638 3997 1895 4055; x_wconf 75' lang='lat' dir='ltr'><strong>ofﬁcium.</strong></span> <span class='ocrx_word' id='word_1_398' title='bbox 1920 3998 2153 4070; x_wconf 85' lang='lat' dir='ltr'><strong>Episco-</strong></span> 
     </span>
    </p>
   </div>
   <div class='ocr_carea' id='block_1_57' title="bbox 557 4087 2155 4168">
    <p class='ocr_par' dir='ltr' id='par_1_57' title="bbox 557 4087 2155 4168">
     <span class='ocr_line' id='line_1_57' title="bbox 557 4087 2155 4168; baseline -0.005 -16"><span class='ocrx_word' id='word_1_399' title='bbox 557 4113 659 4168; x_wconf 90' lang='lat' dir='ltr'><strong>pus</strong></span> <span class='ocrx_word' id='word_1_400' title='bbox 688 4110 813 4152; x_wconf 90' lang='lat' dir='ltr'><strong>cum</strong></span> <span class='ocrx_word' id='word_1_401' title='bbox 844 4092 1043 4148; x_wconf 74' lang='lat' dir='ltr'><strong>famulo</strong></span> <span class='ocrx_word' id='word_1_402' title='bbox 1074 4092 1308 4159; x_wconf 90' lang='lat' dir='ltr'><strong>locutus,</strong></span> <span class='ocrx_word' id='word_1_403' title='bbox 1340 4089 1507 4160; x_wconf 75' lang='lat' dir='ltr'><strong>C(Bpit</strong></span> <span class='ocrx_word' id='word_1_404' title='bbox 1561 4088 1632 4144; x_wconf 90' lang='lat' dir='ltr'><strong>ab</strong></span> <span class='ocrx_word' id='word_1_405' title='bbox 1674 4088 1796 4159; x_wconf 91' lang='lat' dir='ltr'><strong>ipso</strong></span> <span class='ocrx_word' id='word_1_406' title='bbox 1844 4087 2155 4144; x_wconf 87' lang='lat' dir='ltr'><strong>innocentis</strong></span> 
     </span>
    </p>
   </div>
   <div class='ocr_carea' id='block_1_58' title="bbox 557 4176 2149 4256">
    <p class='ocr_par' dir='ltr' id='par_1_58' title="bbox 557 4176 2149 4256">
     <span class='ocr_line' id='line_1_58' title="bbox 557 4176 2149 4256; baseline -0.006 -16"><span class='ocrx_word' id='word_1_407' title='bbox 557 4184 787 4256; x_wconf 87' lang='lat' dir='ltr'><strong>hospitis</strong></span> <span class='ocrx_word' id='word_1_408' title='bbox 811 4182 975 4237; x_wconf 85' lang='lat' dir='ltr'><strong>vitam</strong></span> <span class='ocrx_word' id='word_1_409' title='bbox 1003 4196 1113 4236; x_wconf 91' lang='lat' dir='ltr'><strong>non</strong></span> <span class='ocrx_word' id='word_1_410' title='bbox 1145 4178 1518 4251; x_wconf 88' lang='lat' dir='ltr'><strong>approbando,</strong></span> <span class='ocrx_word' id='word_1_411' title='bbox 1540 4186 1701 4249; x_wconf 92' lang='lat' dir='ltr'><strong>prout</strong></span> <span class='ocrx_word' id='word_1_412' title='bbox 1714 4176 1940 4249; x_wconf 89' lang='lat' dir='ltr'><strong>dignum</strong></span> <span class='ocrx_word' id='word_1_413' title='bbox 1959 4176 2149 4245; x_wconf 87' lang='lat' dir='ltr'><strong>fuerat,</strong></span> 
     </span>
    </p>
   </div>
   <div class='ocr_carea' id='block_1_59' title="bbox 558 4266 2151 4343">
    <p class='ocr_par' dir='ltr' id='par_1_59' title="bbox 558 4266 2151 4343">
     <span class='ocr_line' id='line_1_59' title="bbox 558 4266 2151 4343; baseline -0.005 -14"><span class='ocrx_word' id='word_1_414' title='bbox 558 4274 657 4329; x_wconf 92' lang='lat' dir='ltr'><strong>sed</strong></span> <span class='ocrx_word' id='word_1_415' title='bbox 687 4270 1031 4343; x_wconf 88' lang='lat' dir='ltr'><strong>reprobando</strong></span> <span class='ocrx_word' id='word_1_416' title='bbox 1054 4269 1351 4341; x_wconf 86' lang='lat' dir='ltr'><strong>inquirere,</strong></span> <span class='ocrx_word' id='word_1_417' title='bbox 1384 4276 1456 4333; x_wconf 90' lang='lat' dir='ltr'><strong>et,</strong></span> <span class='ocrx_word' id='word_1_418' title='bbox 1481 4266 1678 4339; x_wconf 90' lang='lat' dir='ltr'><strong>quibus</strong></span> <span class='ocrx_word' id='word_1_419' title='bbox 1704 4273 1918 4338; x_wconf 90' lang='lat' dir='ltr'><strong>poterat</strong></span> <span class='ocrx_word' id='word_1_420' title='bbox 1950 4267 2151 4333; x_wconf 90' lang='lat' dir='ltr'><strong>verbis,</strong></span> 
     </span>
    </p>
   </div>
   <div class='ocr_carea' id='block_1_60' title="bbox 556 4353 2152 4430">
    <p class='ocr_par' dir='ltr' id='par_1_60' title="bbox 556 4353 2152 4430">
     <span class='ocr_line' id='line_1_60' title="bbox 556 4353 2152 4430; baseline -0.005 -11"><span class='ocrx_word' id='word_1_421' title='bbox 556 4378 655 4418; x_wconf 89' lang='lat' dir='ltr'><strong>vas</strong></span> <span class='ocrx_word' id='word_1_422' title='bbox 683 4359 943 4417; x_wconf 85' lang='lat' dir='ltr'><strong>charitate</strong></span> <span class='ocrx_word' id='word_1_423' title='bbox 970 4358 1198 4430; x_wconf 89' lang='lat' dir='ltr'><strong>plenum</strong></span> <span class='ocrx_word' id='word_1_424' title='bbox 1230 4357 1533 4413; x_wconf 88' lang='lat' dir='ltr'><strong>conabatur</strong></span> <span class='ocrx_word' id='word_1_425' title='bbox 1560 4355 1889 4412; x_wconf 86' lang='lat' dir='ltr'><strong>incrustare.</strong></span> <span class='ocrx_word' id='word_1_426' title='bbox 1939 4353 2152 4423; x_wconf 85' lang='lat' dir='ltr'><strong>Quibus</strong></span> 
     </span>
    </p>
   </div>
   <div class='ocr_carea' id='block_1_61' title="bbox 556 4443 2150 4518">
    <p class='ocr_par' dir='ltr' id='par_1_61' title="bbox 556 4443 2150 4518">
     <span class='ocr_line' id='line_1_61' title="bbox 556 4443 2150 4518; baseline -0.003 -12"><span class='ocrx_word' id='word_1_427' title='bbox 556 4449 774 4515; x_wconf 89' lang='lat' dir='ltr'><strong>auditis,</strong></span> <span class='ocrx_word' id='word_1_428' title='bbox 809 4447 1192 4518; x_wconf 86' lang='lat' dir='ltr'><strong>respondimus</strong></span> <span class='ocrx_word' id='word_1_429' title='bbox 1223 4446 1326 4502; x_wconf 91' lang='lat' dir='ltr'><strong>hoc</strong></span> <span class='ocrx_word' id='word_1_430' title='bbox 1357 4461 1483 4501; x_wconf 89' lang='lat' dir='ltr'><strong>esse</strong></span> <span class='ocrx_word' id='word_1_431' title='bbox 1523 4460 1727 4500; x_wconf 89' lang='lat' dir='ltr'><strong>novum</strong></span> <span class='ocrx_word' id='word_1_432' title='bbox 1777 4443 2001 4499; x_wconf 89' lang='lat' dir='ltr'><strong>sceleris</strong></span> <span class='ocrx_word' id='word_1_433' title='bbox 2045 4461 2150 4517; x_wconf 87' lang='lat' dir='ltr'><strong>ge-</strong></span> 
     </span>
    </p>
   </div>
   <div class='ocr_carea' id='block_1_62' title="bbox 556 4533 2227 4625">
    <p class='ocr_par' dir='ltr' id='par_1_62' title="bbox 556 4533 2227 4625">
     <span class='ocr_line' id='line_1_62' title="bbox 556 4533 2227 4625; baseline -0.005 -29"><span class='ocrx_word' id='word_1_434' title='bbox 556 4556 679 4607; x_wconf 88' lang='lat' dir='ltr'><strong>nus,</strong></span> <span class='ocrx_word' id='word_1_435' title='bbox 712 4546 766 4594; x_wconf 92' lang='lat' dir='ltr'><strong>et</strong></span> <span class='ocrx_word' id='word_1_436' title='bbox 796 4538 849 4592; x_wconf 91' lang='lat' dir='ltr'><strong>in</strong></span> <span class='ocrx_word' id='word_1_437' title='bbox 870 4536 998 4593; x_wconf 91' lang='lat' dir='ltr'><strong>novi</strong></span> <span class='ocrx_word' id='word_1_438' title='bbox 1028 4534 1254 4591; x_wconf 90' lang='lat' dir='ltr'><strong>sceleris</strong></span> <span class='ocrx_word' id='word_1_439' title='bbox 1286 4533 1447 4597; x_wconf 86' lang='lat' dir='ltr'><strong>facto,</strong></span> <span class='ocrx_word' id='word_1_440' title='bbox 1478 4533 1748 4602; x_wconf 88' lang='lat' dir='ltr'><strong>majorum</strong></span> <span class='ocrx_word' id='word_1_441' title='bbox 1778 4547 2008 4589; x_wconf 92' lang='lat' dir='ltr'><strong>necesse</strong></span> <span class='ocrx_word' id='word_1_442' title='bbox 2029 4541 2148 4588; x_wconf 89' lang='lat' dir='ltr'><strong>erat</strong></span> <span class='ocrx_word' id='word_1_443' title='bbox 2175 4564 2227 4625; x_wconf 83' lang='lat' dir='ltr'><strong>D</strong></span> 
     </span>
    </p>
   </div>
   <div class='ocr_carea' id='block_1_63' title="bbox 554 4620 2144 4696">
    <p class='ocr_par' dir='ltr' id='par_1_63' title="bbox 554 4620 2144 4696">
     <span class='ocr_line' id='line_1_63' title="bbox 554 4620 2144 4696; baseline -0.005 -11"><span class='ocrx_word' id='word_1_444' title='bbox 554 4629 631 4685; x_wconf 88' lang='lat' dir='ltr'><strong>uti</strong></span> <span class='ocrx_word' id='word_1_445' title='bbox 659 4625 919 4686; x_wconf 91' lang='lat' dir='ltr'><strong>consilio.</strong></span> <span class='ocrx_word' id='word_1_446' title='bbox 956 4624 1112 4681; x_wconf 85' lang='lat' dir='ltr'><strong>Unde</strong></span> <span class='ocrx_word' id='word_1_447' title='bbox 1144 4640 1242 4680; x_wconf 90' lang='lat' dir='ltr'><strong>vos</strong></span> <span class='ocrx_word' id='word_1_448' title='bbox 1272 4622 1551 4696; x_wconf 65' lang='lat' dir='ltr'><strong>praecipue</strong></span> <span class='ocrx_word' id='word_1_449' title='bbox 1580 4620 1925 4695; x_wconf 81' lang='lat' dir='ltr'><strong>interrogare</strong></span> <span class='ocrx_word' id='word_1_450' title='bbox 1983 4622 2144 4678; x_wconf 87' lang='lat' dir='ltr'><strong>volu-</strong></span> 
     </span>
    </p>
   </div>
   <div class='ocr_carea' id='block_1_64' title="bbox 551 4711 2144 4786">
    <p class='ocr_par' dir='ltr' id='par_1_64' title="bbox 551 4711 2144 4786">
     <span class='ocr_line' id='line_1_64' title="bbox 551 4711 2144 4786; baseline -0.006 -11"><span class='ocrx_word' id='word_1_451' title='bbox 551 4735 693 4785; x_wconf 91' lang='lat' dir='ltr'><strong>mus,</strong></span> <span class='ocrx_word' id='word_1_452' title='bbox 728 4715 935 4786; x_wconf 89' lang='lat' dir='ltr'><strong>etquid</strong></span> <span class='ocrx_word' id='word_1_453' title='bbox 965 4729 1131 4785; x_wconf 89' lang='lat' dir='ltr'><strong>super</strong></span> <span class='ocrx_word' id='word_1_454' title='bbox 1160 4714 1264 4769; x_wconf 92' lang='lat' dir='ltr'><strong>hoc</strong></span> <span class='ocrx_word' id='word_1_455' title='bbox 1321 4712 1519 4769; x_wconf 85' lang='lat' dir='ltr'><strong>sentiat</strong></span> <span class='ocrx_word' id='word_1_456' title='bbox 1575 4719 1756 4767; x_wconf 86' lang='lat' dir='ltr'><strong>vestra</strong></span> <span class='ocrx_word' id='word_1_457' title='bbox 1802 4711 2144 4783; x_wconf 78' lang='lat' dir='ltr'><strong>magnitudo,</strong></span> 
     </span>
    </p>
   </div>
   <div class='ocr_carea' id='block_1_65' title="bbox 550 4799 2145 4872">
    <p class='ocr_par' dir='ltr' id='par_1_65' title="bbox 550 4799 2145 4872">
     <span class='ocr_line' id='line_1_65' title="bbox 550 4799 2145 4872; baseline -0.006 -7"><span class='ocrx_word' id='word_1_458' title='bbox 550 4807 740 4866; x_wconf 89' lang='lat' dir='ltr'><strong>audire</strong></span> <span class='ocrx_word' id='word_1_459' title='bbox 768 4804 1173 4861; x_wconf 78' lang='lat' dir='ltr'><strong>desideramus.</strong></span> <span class='ocrx_word' id='word_1_460' title='bbox 1211 4802 1427 4856; x_wconf 78' lang='lat' dir='ltr'><strong>Nostrae</strong></span> <span class='ocrx_word' id='word_1_461' title='bbox 1456 4808 1638 4856; x_wconf 86' lang='lat' dir='ltr'><strong>autem</strong></span> <span class='ocrx_word' id='word_1_462' title='bbox 1676 4799 1932 4872; x_wconf 89' lang='lat' dir='ltr'><strong>parvitati</strong></span> <span class='ocrx_word' id='word_1_463' title='bbox 1989 4800 2145 4859; x_wconf 89' lang='lat' dir='ltr'><strong>vide-</strong></span> 
     </span>
    </p>
   </div>
   <div class='ocr_carea' id='block_1_66' title="bbox 549 4888 2147 4969">
    <p class='ocr_par' dir='ltr' id='par_1_66' title="bbox 549 4888 2147 4969">
     <span class='ocr_line' id='line_1_66' title="bbox 549 4888 2147 4969; baseline -0.005 -15"><span class='ocrx_word' id='word_1_464' title='bbox 549 4907 639 4954; x_wconf 92' lang='lat' dir='ltr'><strong>tur</strong></span> <span class='ocrx_word' id='word_1_465' title='bbox 695 4894 846 4969; x_wconf 90' lang='lat' dir='ltr'><strong>quod</strong></span> <span class='ocrx_word' id='word_1_466' title='bbox 894 4908 1003 4949; x_wconf 90' lang='lat' dir='ltr'><strong>non</strong></span> <span class='ocrx_word' id='word_1_467' title='bbox 1051 4898 1168 4947; x_wconf 89' lang='lat' dir='ltr'><strong>erat</strong></span> <span class='ocrx_word' id='word_1_468' title='bbox 1215 4888 1436 4947; x_wconf 89' lang='lat' dir='ltr'><strong>omnino</strong></span> <span class='ocrx_word' id='word_1_469' title='bbox 1492 4889 1793 4960; x_wconf 88' lang='lat' dir='ltr'><strong>episcopus</strong></span> <span class='ocrx_word' id='word_1_470' title='bbox 1836 4890 1929 4961; x_wconf 90' lang='lat' dir='ltr'><strong>qui</strong></span> <span class='ocrx_word' id='word_1_471' title='bbox 1984 4896 2147 4946; x_wconf 76' lang='lat' dir='ltr'><strong>tantae</strong></span> 
     </span>
    </p>
   </div>
   <div class='ocr_carea' id='block_1_67' title="bbox 548 4977 2145 5060">
    <p class='ocr_par' dir='ltr' id='par_1_67' title="bbox 548 4977 2145 5060">
     <span class='ocr_line' id='line_1_67' title="bbox 548 4977 2145 5060; baseline -0.005 -17"><span class='ocrx_word' id='word_1_472' title='bbox 548 4984 827 5060; x_wconf 85' lang='lat' dir='ltr'><strong>pravitatis</strong></span> <span class='ocrx_word' id='word_1_473' title='bbox 855 4981 1170 5039; x_wconf 89' lang='lat' dir='ltr'><strong>sectabatur</strong></span> <span class='ocrx_word' id='word_1_474' title='bbox 1197 4994 1355 5051; x_wconf 91' lang='lat' dir='ltr'><strong>opus.</strong></span> <span class='ocrx_word' id='word_1_475' title='bbox 1390 4979 1507 5034; x_wconf 91' lang='lat' dir='ltr'><strong>Nec</strong></span> <span class='ocrx_word' id='word_1_476' title='bbox 1535 4978 1684 5034; x_wconf 89' lang='lat' dir='ltr'><strong>circa</strong></span> <span class='ocrx_word' id='word_1_477' title='bbox 1723 4977 2029 5049; x_wconf 86' lang='lat' dir='ltr'><strong>proximum</strong></span> <span class='ocrx_word' id='word_1_478' title='bbox 2085 4995 2145 5035; x_wconf 89' lang='lat' dir='ltr'><strong>se</strong></span> 
     </span>
    </p>
   </div>
   <div class='ocr_carea' id='block_1_68' title="bbox 545 5067 2145 5148">
    <p class='ocr_par' dir='ltr' id='par_1_68' title="bbox 545 5067 2145 5148">
     <span class='ocr_line' id='line_1_68' title="bbox 545 5067 2145 5148; baseline -0.005 -16"><span class='ocrx_word' id='word_1_479' title='bbox 545 5076 838 5148; x_wconf 78' lang='lat' dir='ltr'><strong>diligenter</strong></span> <span class='ocrx_word' id='word_1_480' title='bbox 890 5070 1145 5137; x_wconf 88' lang='lat' dir='ltr'><strong>habebat,</strong></span> <span class='ocrx_word' id='word_1_481' title='bbox 1193 5075 1317 5141; x_wconf 84' lang='lat' dir='ltr'><strong>post</strong></span> <span class='ocrx_word' id='word_1_482' title='bbox 1355 5068 1508 5138; x_wconf 86' lang='lat' dir='ltr'><strong>cujus</strong></span> <span class='ocrx_word' id='word_1_483' title='bbox 1549 5067 1703 5124; x_wconf 90' lang='lat' dir='ltr'><strong>cibos</strong></span> <span class='ocrx_word' id='word_1_484' title='bbox 1741 5075 1850 5122; x_wconf 89' lang='lat' dir='ltr'><strong>tam</strong></span> <span class='ocrx_word' id='word_1_485' title='bbox 1896 5067 2145 5140; x_wconf 89' lang='lat' dir='ltr'><strong>nequiter</strong></span> 
     </span>
    </p>
   </div>
   <div class='ocr_carea' id='block_1_69' title="bbox 548 5163 855 5222">
    <p class='ocr_par' dir='ltr' id='par_1_69' title="bbox 548 5163 855 5222">
     <span class='ocr_line' id='line_1_69' title="bbox 548 5163 855 5222; baseline -0.016 0"><span class='ocrx_word' id='word_1_486' title='bbox 548 5163 827 5222; x_wconf 86' lang='lat' dir='ltr'><strong>eructabat</strong></span> <span class='ocrx_word' id='word_1_487' title='bbox 842 5204 855 5217; x_wconf 94' lang='lat'><strong>.</strong></span> 
     </span>
    </p>
   </div>
   <div class='ocr_carea' id='block_1_70' title="bbox 1112 5255 1562 5314">
    <p class='ocr_par' dir='ltr' id='par_1_70' title="bbox 1112 5255 1562 5314">
     <span class='ocr_line' id='line_1_70' title="bbox 1112 5255 1562 5314; baseline -0.007 0"><span class='ocrx_word' id='word_1_488' title='bbox 1112 5255 1452 5314; x_wconf 83' lang='lat' dir='ltr'><strong>EPISTOLA</strong></span> <span class='ocrx_word' id='word_1_489' title='bbox 1493 5255 1536 5311; x_wconf 89' lang='lat' dir='ltr'><strong>V</strong></span> <span class='ocrx_word' id='word_1_490' title='bbox 1549 5298 1562 5311; x_wconf 96' lang='lat'><strong>.</strong></span> 
     </span>
    </p>
   </div>
   <div class='ocr_carea' id='block_1_71' title="bbox 546 5381 2137 5456">
    <p class='ocr_par' dir='ltr' id='par_1_71' title="bbox 546 5381 2137 5456">
     <span class='ocr_line' id='line_1_71' title="bbox 546 5381 2137 5456; baseline -0.002 -12"><span class='ocrx_word' id='word_1_491' title='bbox 546 5385 823 5444; x_wconf 80' lang='lat' dir='ltr'><strong>Rainaldo</strong></span> <span class='ocrx_word' id='word_1_492' title='bbox 846 5383 1057 5456; x_wconf 78' lang='lat' dir='ltr'><strong>egregio</strong></span> <span class='ocrx_word' id='word_1_493' title='bbox 1090 5381 1516 5454; x_wconf 79' lang='lat' dir='ltr'><strong>Andegavorum</strong></span> <span class='ocrx_word' id='word_1_494' title='bbox 1546 5382 1819 5454; x_wconf 76' lang='lat' dir='ltr'><strong>episcopo,</strong></span> <span class='ocrx_word' id='word_1_495' title='bbox 1855 5382 2137 5454; x_wconf 77' lang='lat' dir='ltr'><strong>Go/fridus</strong></span> 
     </span>
    </p>
   </div>
   <div class='ocr_carea' id='block_1_72' title="bbox 625 5470 2130 5543">
    <p class='ocr_par' dir='ltr' id='par_1_72' title="bbox 625 5470 2130 5543">
     <span class='ocr_line' id='line_1_72' title="bbox 625 5470 2130 5543; baseline -0.001 -11"><span class='ocrx_word' id='word_1_496' title='bbox 625 5472 1044 5533; x_wconf 74' lang='lat' dir='ltr'><strong>l’indocinensis</strong></span> <span class='ocrx_word' id='word_1_497' title='bbox 1088 5471 1423 5526; x_wconf 80' lang='lat' dir='ltr'><strong>monasterii</strong></span> <span class='ocrx_word' id='word_1_498' title='bbox 1463 5470 1886 5543; x_wconf 80' lang='lat' dir='ltr'><strong>qualiscumque</strong></span> <span class='ocrx_word' id='word_1_499' title='bbox 1918 5488 2130 5538; x_wconf 78' lang='lat' dir='ltr'><strong>servus,</strong></span> 
     </span>
    </p>
   </div>
   <div class='ocr_carea' id='block_1_73' title="bbox 606 5559 2130 5633">
    <p class='ocr_par' dir='ltr' id='par_1_73' title="bbox 606 5559 2130 5633">
     <span class='ocr_line' id='line_1_73' title="bbox 606 5559 2130 5633; baseline -0.003 -12"><span class='ocrx_word' id='word_1_500' title='bbox 606 5564 1015 5629; x_wconf 77' lang='lat' dir='ltr'><strong>humilitatem,</strong></span> <span class='ocrx_word' id='word_1_501' title='bbox 1023 5560 1365 5633; x_wconf 79' lang='lat' dir='ltr'><strong>patientiam</strong></span> <span class='ocrx_word' id='word_1_502' title='bbox 1378 5574 1444 5614; x_wconf 85' lang='lat' dir='ltr'><strong>ac</strong></span> <span class='ocrx_word' id='word_1_503' title='bbox 1455 5559 1856 5631; x_wconf 80' lang='lat' dir='ltr'><strong>benignitatem</strong></span> <span class='ocrx_word' id='word_1_504' title='bbox 1876 5560 2130 5633; x_wconf 78' lang='lat' dir='ltr'><strong>diligere,</strong></span> 
     </span>
    </p>
   </div>
   <div class='ocr_carea' id='block_1_74' title="bbox 608 5646 1907 5724">
    <p class='ocr_par' dir='ltr' id='par_1_74' title="bbox 608 5646 1907 5724">
     <span class='ocr_line' id='line_1_74' title="bbox 608 5646 1907 5724; baseline -0.005 -15"><span class='ocrx_word' id='word_1_505' title='bbox 608 5658 663 5709; x_wconf 80' lang='lat' dir='ltr'><strong>et</strong></span> <span class='ocrx_word' id='word_1_506' title='bbox 695 5670 760 5710; x_wconf 79' lang='lat' dir='ltr'><strong>ea</strong></span> <span class='ocrx_word' id='word_1_507' title='bbox 791 5668 912 5724; x_wconf 68' lang='lat' dir='ltr'><strong>quae</strong></span> <span class='ocrx_word' id='word_1_508' title='bbox 928 5653 1065 5706; x_wconf 81' lang='lat' dir='ltr'><strong>sunt</strong></span> <span class='ocrx_word' id='word_1_509' title='bbox 1098 5650 1184 5704; x_wconf 82' lang='lat' dir='ltr'><strong>his</strong></span> <span class='ocrx_word' id='word_1_510' title='bbox 1208 5646 1506 5705; x_wconf 79' lang='lat' dir='ltr'><strong>contraria</strong></span> <span class='ocrx_word' id='word_1_511' title='bbox 1526 5648 1650 5705; x_wconf 78' lang='lat' dir='ltr'><strong>odio</strong></span> <span class='ocrx_word' id='word_1_512' title='bbox 1681 5649 1907 5705; x_wconf 75' lang='lat' dir='ltr'><strong>habere.</strong></span> 
     </span>
    </p>
   </div>
   <div class='ocr_carea' id='block_1_75' title="bbox 608 5763 2125 5843">
    <p class='ocr_par' dir='ltr' id='par_1_75' title="bbox 608 5763 2125 5843">
     <span class='ocr_line' id='line_1_75' title="bbox 608 5763 2125 5843; baseline -0.003 -23"><span class='ocrx_word' id='word_1_513' title='bbox 608 5765 867 5838; x_wconf 84' lang='lat' dir='ltr'><strong>Magistra</strong></span> <span class='ocrx_word' id='word_1_514' title='bbox 938 5763 1337 5833; x_wconf 88' lang='lat' dir='ltr'><strong>Scripturarum</strong></span> <span class='ocrx_word' id='word_1_515' title='bbox 1390 5763 1735 5843; x_wconf 73' lang='lat' dir='ltr'><strong>auctoritate</strong></span> <span class='ocrx_word' id='word_1_516' title='bbox 1818 5764 2125 5830; x_wconf 70' lang='lat' dir='ltr'><strong>didicimus,</strong></span> 
     </span>
    </p>
   </div>
   <div class='ocr_carea' id='block_1_76' title="bbox 534 5850 2126 5929">
    <p class='ocr_par' dir='ltr' id='par_1_76' title="bbox 534 5850 2126 5929">
     <span class='ocr_line' id='line_1_76' title="bbox 534 5850 2126 5929; baseline 0.001 -21"><span class='ocrx_word' id='word_1_517' title='bbox 534 5854 737 5929; x_wconf 66' lang='lat' dir='ltr'><strong>praesul</strong></span> <span class='ocrx_word' id='word_1_518' title='bbox 765 5854 821 5909; x_wconf 89' lang='lat' dir='ltr'><strong>in</strong></span> <span class='ocrx_word' id='word_1_519' title='bbox 849 5853 1070 5906; x_wconf 85' lang='lat' dir='ltr'><strong>Christo</strong></span> <span class='ocrx_word' id='word_1_520' title='bbox 1100 5850 1444 5923; x_wconf 85' lang='lat' dir='ltr'><strong>charissime,</strong></span> <span class='ocrx_word' id='word_1_521' title='bbox 1494 5850 1702 5907; x_wconf 89' lang='lat' dir='ltr'><strong>nullum</strong></span> <span class='ocrx_word' id='word_1_522' title='bbox 1755 5853 2126 5909; x_wconf 82' lang='lat' dir='ltr'><strong>Christianum</strong></span> 
     </span>
    </p>
   </div>
   <div class='ocr_carea' id='block_1_77' title="bbox 2286 1926 3862 2001">
    <p class='ocr_par' dir='ltr' id='par_1_77' title="bbox 2286 1926 3862 2001">
     <span class='ocr_line' id='line_1_77' title="bbox 2286 1926 3862 2001; baseline 0.006 -22"><span class='ocrx_word' id='word_1_523' title='bbox 2286 1933 2417 1989; x_wconf 90' lang='lat' dir='ltr'><strong>stro,</strong></span> <span class='ocrx_word' id='word_1_524' title='bbox 2449 1926 2713 1983; x_wconf 88' lang='lat' dir='ltr'><strong>festucam</strong></span> <span class='ocrx_word' id='word_1_525' title='bbox 2745 1927 3096 1985; x_wconf 90' lang='lat' dir='ltr'><strong>considerare</strong></span> <span class='ocrx_word' id='word_1_526' title='bbox 3123 1945 3233 1985; x_wconf 94' lang='lat' dir='ltr'><strong>non</strong></span> <span class='ocrx_word' id='word_1_527' title='bbox 3264 1946 3554 2001; x_wconf 82' lang='lat' dir='ltr'><strong>possumus</strong></span> <span class='ocrx_word' id='word_1_528' title='bbox 3584 1933 3639 1987; x_wconf 90' lang='lat' dir='ltr'><strong>in</strong></span> <span class='ocrx_word' id='word_1_529' title='bbox 3669 1933 3862 1990; x_wconf 90' lang='lat' dir='ltr'><strong>alieno.</strong></span> 
     </span>
    </p>
   </div>
   <div class='ocr_carea' id='block_1_78' title="bbox 2282 2014 3865 2094">
    <p class='ocr_par' dir='ltr' id='par_1_78' title="bbox 2282 2014 3865 2094">
     <span class='ocr_line' id='line_1_78' title="bbox 2282 2014 3865 2094; baseline 0.005 -24"><span class='ocrx_word' id='word_1_530' title='bbox 2282 2014 2337 2070; x_wconf 89' lang='lat' dir='ltr'><strong>Si</strong></span> <span class='ocrx_word' id='word_1_531' title='bbox 2368 2015 2582 2087; x_wconf 89' lang='lat' dir='ltr'><strong>quando</strong></span> <span class='ocrx_word' id='word_1_532' title='bbox 2611 2015 2756 2071; x_wconf 90' lang='lat' dir='ltr'><strong>bona</strong></span> <span class='ocrx_word' id='word_1_533' title='bbox 2783 2032 2906 2087; x_wconf 62' lang='lat' dir='ltr'><strong>qum</strong></span> <span class='ocrx_word' id='word_1_534' title='bbox 2935 2018 3213 2081; x_wconf 79' lang='lat' dir='ltr'><strong>novimus.</strong></span> <span class='ocrx_word' id='word_1_535' title='bbox 3243 2019 3554 2076; x_wconf 89' lang='lat' dir='ltr'><strong>hominibus</strong></span> <span class='ocrx_word' id='word_1_536' title='bbox 3574 2021 3865 2094; x_wconf 88' lang='lat' dir='ltr'><strong>loquimur,</strong></span> 
     </span>
    </p>
   </div>
   <div class='ocr_carea' id='block_1_79' title="bbox 2283 2106 3868 2184">
    <p class='ocr_par' dir='ltr' id='par_1_79' title="bbox 2283 2106 3868 2184">
     <span class='ocr_line' id='line_1_79' title="bbox 2283 2106 3868 2184; baseline 0.005 -25"><span class='ocrx_word' id='word_1_537' title='bbox 2283 2119 2389 2159; x_wconf 90' lang='lat' dir='ltr'><strong>non</strong></span> <span class='ocrx_word' id='word_1_538' title='bbox 2421 2111 2723 2176; x_wconf 88' lang='lat' dir='ltr'><strong>sequuntur</strong></span> <span class='ocrx_word' id='word_1_539' title='bbox 2764 2106 2935 2160; x_wconf 89' lang='lat' dir='ltr'><strong>verba</strong></span> <span class='ocrx_word' id='word_1_540' title='bbox 2978 2122 3101 2177; x_wconf 68' lang='lat' dir='ltr'><strong>qua:</strong></span> <span class='ocrx_word' id='word_1_541' title='bbox 3136 2107 3376 2175; x_wconf 89' lang='lat' dir='ltr'><strong>audiunt,</strong></span> <span class='ocrx_word' id='word_1_542' title='bbox 3437 2110 3534 2165; x_wconf 90' lang='lat' dir='ltr'><strong>sed</strong></span> <span class='ocrx_word' id='word_1_543' title='bbox 3593 2111 3710 2166; x_wconf 89' lang='lat' dir='ltr'><strong>sola</strong></span> <span class='ocrx_word' id='word_1_544' title='bbox 3754 2127 3868 2184; x_wconf 75' lang='lat' dir='ltr'><strong>qua:</strong></span> 
     </span>
    </p>
   </div>
   <div class='ocr_carea' id='block_1_80' title="bbox 2281 2193 3869 2265">
    <p class='ocr_par' dir='ltr' id='par_1_80' title="bbox 2281 2193 3869 2265">
     <span class='ocr_line' id='line_1_80' title="bbox 2281 2193 3869 2265; baseline 0.005 -17"><span class='ocrx_word' id='word_1_545' title='bbox 2281 2193 2622 2264; x_wconf 84' lang='lat' dir='ltr'><strong>conspiciunt</strong></span> <span class='ocrx_word' id='word_1_546' title='bbox 2664 2194 2911 2265; x_wconf 84' lang='lat' dir='ltr'><strong>exempla</strong></span> <span class='ocrx_word' id='word_1_547' title='bbox 2951 2195 3234 2265; x_wconf 88' lang='lat' dir='ltr'><strong>pravitatis</strong></span> <span class='ocrx_word' id='word_1_548' title='bbox 3278 2196 3577 2255; x_wconf 87' lang='lat' dir='ltr'><strong>imitantur.</strong></span> <span class='ocrx_word' id='word_1_549' title='bbox 3643 2200 3869 2257; x_wconf 90' lang='lat' dir='ltr'><strong>Pronior</strong></span> 
     </span>
    </p>
   </div>
   <div class='ocr_carea' id='block_1_81' title="bbox 2280 2281 3863 2361">
    <p class='ocr_par' dir='ltr' id='par_1_81' title="bbox 2280 2281 3863 2361">
     <span class='ocr_line' id='line_1_81' title="bbox 2280 2281 3863 2361; baseline 0.005 -25"><span class='ocrx_word' id='word_1_550' title='bbox 2280 2289 2363 2336; x_wconf 88' lang='lat' dir='ltr'><strong>est</strong></span> <span class='ocrx_word' id='word_1_551' title='bbox 2391 2282 2535 2337; x_wconf 90' lang='lat' dir='ltr'><strong>enim</strong></span> <span class='ocrx_word' id='word_1_552' title='bbox 2564 2282 2632 2336; x_wconf 88' lang='lat' dir='ltr'><strong>ad</strong></span> <span class='ocrx_word' id='word_1_553' title='bbox 2668 2281 3023 2339; x_wconf 86' lang='lat' dir='ltr'><strong>imitationem</strong></span> <span class='ocrx_word' id='word_1_554' title='bbox 3071 2284 3198 2339; x_wconf 83' lang='lat' dir='ltr'><strong>mali</strong></span> <span class='ocrx_word' id='word_1_555' title='bbox 3254 2285 3498 2341; x_wconf 85' lang='lat' dir='ltr'><strong>humana</strong></span> <span class='ocrx_word' id='word_1_556' title='bbox 3546 2287 3863 2361; x_wconf 75' lang='lat' dir='ltr'><strong>fragilitas;</strong></span> 
     </span>
    </p>
   </div>
   <div class='ocr_carea' id='block_1_82' title="bbox 2280 2370 3867 2449">
    <p class='ocr_par' dir='ltr' id='par_1_82' title="bbox 2280 2370 3867 2449">
     <span class='ocr_line' id='line_1_82' title="bbox 2280 2370 3867 2449; baseline 0.005 -24"><span class='ocrx_word' id='word_1_557' title='bbox 2280 2386 2400 2443; x_wconf 51' lang='lat' dir='ltr'><strong>quae</strong></span> <span class='ocrx_word' id='word_1_558' title='bbox 2428 2370 2475 2425; x_wconf 90' lang='lat' dir='ltr'><strong>si</strong></span> <span class='ocrx_word' id='word_1_559' title='bbox 2505 2370 2709 2426; x_wconf 88' lang='lat' dir='ltr'><strong>nostris</strong></span> <span class='ocrx_word' id='word_1_560' title='bbox 2737 2371 3002 2437; x_wconf 88' lang='lat' dir='ltr'><strong>moribus,</strong></span> <span class='ocrx_word' id='word_1_561' title='bbox 3036 2372 3181 2444; x_wconf 93' lang='lat' dir='ltr'><strong>quod</strong></span> <span class='ocrx_word' id='word_1_562' title='bbox 3215 2373 3387 2430; x_wconf 84' lang='lat' dir='ltr'><strong>absit!</strong></span> <span class='ocrx_word' id='word_1_563' title='bbox 3421 2375 3731 2445; x_wconf 88' lang='lat' dir='ltr'><strong>destruitur,</strong></span> <span class='ocrx_word' id='word_1_564' title='bbox 3751 2380 3867 2449; x_wconf 89' lang='lat' dir='ltr'><strong>ejus</strong></span> 
     </span>
    </p>
   </div>
   <div class='ocr_carea' id='block_1_83' title="bbox 2279 2459 3867 2537">
    <p class='ocr_par' dir='ltr' id='par_1_83' title="bbox 2279 2459 3867 2537">
     <span class='ocr_line' id='line_1_83' title="bbox 2279 2459 3867 2537; baseline 0.004 -23"><span class='ocrx_word' id='word_1_565' title='bbox 2279 2459 2503 2531; x_wconf 80' lang='lat' dir='ltr'><strong>sanguis</strong></span> <span class='ocrx_word' id='word_1_566' title='bbox 2530 2459 2690 2516; x_wconf 89' lang='lat' dir='ltr'><strong>nobis</strong></span> <span class='ocrx_word' id='word_1_567' title='bbox 2720 2474 2752 2514; x_wconf 90' lang='lat' dir='ltr'><strong>a</strong></span> <span class='ocrx_word' id='word_1_568' title='bbox 2779 2460 3016 2517; x_wconf 92' lang='lat' dir='ltr'><strong>Domino</strong></span> <span class='ocrx_word' id='word_1_569' title='bbox 3045 2461 3370 2533; x_wconf 74' lang='lat' dir='ltr'><strong>requiratur.</strong></span> <span class='ocrx_word' id='word_1_570' title='bbox 3395 2462 3738 2537; x_wconf 82' lang='lat' dir='ltr'><strong>QuaprOpter</strong></span> <span class='ocrx_word' id='word_1_571' title='bbox 3756 2482 3867 2523; x_wconf 91' lang='lat' dir='ltr'><strong>non</strong></span> 
     </span>
    </p>
   </div>
   <div class='ocr_carea' id='block_1_84' title="bbox 2277 2548 3869 2628">
    <p class='ocr_par' dir='ltr' id='par_1_84' title="bbox 2277 2548 3869 2628">
     <span class='ocr_line' id='line_1_84' title="bbox 2277 2548 3869 2628; baseline 0.004 -24"><span class='ocrx_word' id='word_1_572' title='bbox 2277 2548 2551 2604; x_wconf 91' lang='lat' dir='ltr'><strong>odibiliter</strong></span> <span class='ocrx_word' id='word_1_573' title='bbox 2604 2548 2765 2604; x_wconf 88' lang='lat' dir='ltr'><strong>nobis</strong></span> <span class='ocrx_word' id='word_1_574' title='bbox 2817 2549 3089 2620; x_wconf 81' lang='lat' dir='ltr'><strong>agendum</strong></span> <span class='ocrx_word' id='word_1_575' title='bbox 3142 2558 3245 2619; x_wconf 90' lang='lat' dir='ltr'><strong>est,</strong></span> <span class='ocrx_word' id='word_1_576' title='bbox 3300 2551 3667 2622; x_wconf 89' lang='lat' dir='ltr'><strong>dilectissime,</strong></span> <span class='ocrx_word' id='word_1_577' title='bbox 3726 2571 3869 2628; x_wconf 92' lang='lat' dir='ltr'><strong>quos</strong></span> 
     </span>
    </p>
   </div>
   <div class='ocr_carea' id='block_1_85' title="bbox 2276 2638 3869 2709">
    <p class='ocr_par' dir='ltr' id='par_1_85' title="bbox 2276 2638 3869 2709">
     <span class='ocr_line' id='line_1_85' title="bbox 2276 2638 3869 2709; baseline 0.006 -18"><span class='ocrx_word' id='word_1_578' title='bbox 2276 2638 2454 2709; x_wconf 86' lang='lat' dir='ltr'><strong>magis</strong></span> <span class='ocrx_word' id='word_1_579' title='bbox 2479 2638 2739 2708; x_wconf 89' lang='lat' dir='ltr'><strong>prodesse</strong></span> <span class='ocrx_word' id='word_1_580' title='bbox 2761 2653 2923 2709; x_wconf 90' lang='lat' dir='ltr'><strong>quam</strong></span> <span class='ocrx_word' id='word_1_581' title='bbox 2944 2654 3185 2709; x_wconf 64' lang='lat' dir='ltr'><strong>praeesse</strong></span> <span class='ocrx_word' id='word_1_582' title='bbox 3222 2640 3397 2704; x_wconf 84' lang='lat' dir='ltr'><strong>decet,</strong></span> <span class='ocrx_word' id='word_1_583' title='bbox 3419 2649 3474 2698; x_wconf 89' lang='lat' dir='ltr'><strong>et</strong></span> <span class='ocrx_word' id='word_1_584' title='bbox 3492 2644 3559 2700; x_wconf 92' lang='lat' dir='ltr'><strong>de</strong></span> <span class='ocrx_word' id='word_1_585' title='bbox 3589 2643 3869 2700; x_wconf 85' lang='lat' dir='ltr'><strong>reddenda</strong></span> 
     </span>
    </p>
   </div>
   <div class='ocr_carea' id='block_1_86' title="bbox 2277 2726 3870 2804">
    <p class='ocr_par' dir='ltr' id='par_1_86' title="bbox 2277 2726 3870 2804">
     <span class='ocr_line' id='line_1_86' title="bbox 2277 2726 3870 2804; baseline 0.004 -23"><span class='ocrx_word' id='word_1_586' title='bbox 2277 2726 2488 2782; x_wconf 88' lang='lat' dir='ltr'><strong>ratione</strong></span> <span class='ocrx_word' id='word_1_587' title='bbox 2518 2726 2827 2781; x_wconf 88' lang='lat' dir='ltr'><strong>animarum</strong></span> <span class='ocrx_word' id='word_1_588' title='bbox 2855 2735 3058 2784; x_wconf 71' lang='lat' dir='ltr'><strong>nostrae</strong></span> <span class='ocrx_word' id='word_1_589' title='bbox 3086 2726 3212 2785; x_wconf 82' lang='lat' dir='ltr'><strong>fidei</strong></span> <span class='ocrx_word' id='word_1_590' title='bbox 3233 2730 3648 2787; x_wconf 85' lang='lat' dir='ltr'><strong>commissarum</strong></span> <span class='ocrx_word' id='word_1_591' title='bbox 3691 2731 3870 2804; x_wconf 89' lang='lat' dir='ltr'><strong>pluri-</strong></span> 
     </span>
    </p>
   </div>
   <div class='ocr_carea' id='block_1_87' title="bbox 2274 2814 3869 2888">
    <p class='ocr_par' dir='ltr' id='par_1_87' title="bbox 2274 2814 3869 2888">
     <span class='ocr_line' id='line_1_87' title="bbox 2274 2814 3869 2888; baseline 0.005 -19"><span class='ocrx_word' id='word_1_592' title='bbox 2274 2832 2421 2870; x_wconf 91' lang='lat' dir='ltr'><strong>mum</strong></span> <span class='ocrx_word' id='word_1_593' title='bbox 2449 2831 2573 2871; x_wconf 90' lang='lat' dir='ltr'><strong>esse</strong></span> <span class='ocrx_word' id='word_1_594' title='bbox 2603 2814 2890 2871; x_wconf 90' lang='lat' dir='ltr'><strong>sollicitos.</strong></span> <span class='ocrx_word' id='word_1_595' title='bbox 2930 2816 2998 2871; x_wconf 87' lang='lat' dir='ltr'><strong>Et</strong></span> <span class='ocrx_word' id='word_1_596' title='bbox 3017 2817 3271 2888; x_wconf 87' lang='lat' dir='ltr'><strong>quoniam</strong></span> <span class='ocrx_word' id='word_1_597' title='bbox 3314 2819 3622 2876; x_wconf 90' lang='lat' dir='ltr'><strong>sanctitatis</strong></span> <span class='ocrx_word' id='word_1_598' title='bbox 3663 2837 3869 2877; x_wconf 88' lang='lat' dir='ltr'><strong>nomen</strong></span> 
     </span>
    </p>
   </div>
   <div class='ocr_carea' id='block_1_88' title="bbox 2273 2904 3867 2975">
    <p class='ocr_par' dir='ltr' id='par_1_88' title="bbox 2273 2904 3867 2975">
     <span class='ocr_line' id='line_1_88' title="bbox 2273 2904 3867 2975; baseline 0.005 -15"><span class='ocrx_word' id='word_1_599' title='bbox 2273 2913 2326 2960; x_wconf 90' lang='lat' dir='ltr'><strong>et</strong></span> <span class='ocrx_word' id='word_1_600' title='bbox 2353 2905 2600 2960; x_wconf 86' lang='lat' dir='ltr'><strong>ordinem</strong></span> <span class='ocrx_word' id='word_1_601' title='bbox 2627 2904 2960 2975; x_wconf 88' lang='lat' dir='ltr'><strong>accepimus,</strong></span> <span class='ocrx_word' id='word_1_602' title='bbox 2992 2921 3170 2962; x_wconf 57' lang='lat' dir='ltr'><strong>caecos</strong></span> <span class='ocrx_word' id='word_1_603' title='bbox 3225 2905 3552 2975; x_wconf 88' lang='lat' dir='ltr'><strong>illuminare,</strong></span> <span class='ocrx_word' id='word_1_604' title='bbox 3609 2925 3715 2965; x_wconf 90' lang='lat' dir='ltr'><strong>non</strong></span> <span class='ocrx_word' id='word_1_605' title='bbox 3766 2928 3867 2968; x_wconf 89' lang='lat' dir='ltr'><strong>eos</strong></span> 
     </span>
    </p>
   </div>
   <div class='ocr_carea' id='block_1_89' title="bbox 2272 2993 3863 3068">
    <p class='ocr_par' dir='ltr' id='par_1_89' title="bbox 2272 2993 3863 3068">
     <span class='ocr_line' id='line_1_89' title="bbox 2272 2993 3863 3068; baseline 0.004 -20"><span class='ocrx_word' id='word_1_606' title='bbox 2272 2994 2363 3065; x_wconf 89' lang='lat' dir='ltr'><strong>qui</strong></span> <span class='ocrx_word' id='word_1_607' title='bbox 2395 2994 2596 3058; x_wconf 86' lang='lat' dir='ltr'><strong>vident,</strong></span> <span class='ocrx_word' id='word_1_608' title='bbox 2629 3008 2908 3049; x_wconf 60' lang='lat' dir='ltr'><strong>exerceare</strong></span> <span class='ocrx_word' id='word_1_609' title='bbox 2933 2993 3200 3050; x_wconf 86' lang='lat' dir='ltr'><strong>debemus</strong></span> <span class='ocrx_word' id='word_1_610' title='bbox 3231 3014 3245 3061; x_wconf 90' lang='lat'><strong>;</strong></span> <span class='ocrx_word' id='word_1_611' title='bbox 3277 2996 3407 3052; x_wconf 91' lang='lat' dir='ltr'><strong>dum</strong></span> <span class='ocrx_word' id='word_1_612' title='bbox 3455 3014 3556 3054; x_wconf 90' lang='lat' dir='ltr'><strong>nos</strong></span> <span class='ocrx_word' id='word_1_613' title='bbox 3602 2999 3863 3068; x_wconf 86' lang='lat' dir='ltr'><strong>invicem,</strong></span> 
     </span>
    </p>
   </div>
   <div class='ocr_carea' id='block_1_90' title="bbox 2270 3082 3865 3161">
    <p class='ocr_par' dir='ltr' id='par_1_90' title="bbox 2270 3082 3865 3161">
     <span class='ocr_line' id='line_1_90' title="bbox 2270 3082 3865 3161; baseline 0.006 -25"><span class='ocrx_word' id='word_1_614' title='bbox 2270 3083 2416 3155; x_wconf 89' lang='lat' dir='ltr'><strong>quod</strong></span> <span class='ocrx_word' id='word_1_615' title='bbox 2446 3082 2799 3138; x_wconf 85' lang='lat' dir='ltr'><strong>criminaliter</strong></span> <span class='ocrx_word' id='word_1_616' title='bbox 2827 3098 3061 3153; x_wconf 86' lang='lat' dir='ltr'><strong>peccare</strong></span> <span class='ocrx_word' id='word_1_617' title='bbox 3091 3092 3194 3150; x_wconf 88' lang='lat' dir='ltr'><strong>est,</strong></span> <span class='ocrx_word' id='word_1_618' title='bbox 3226 3084 3353 3140; x_wconf 91' lang='lat' dir='ltr'><strong>odio</strong></span> <span class='ocrx_word' id='word_1_619' title='bbox 3380 3095 3434 3141; x_wconf 89' lang='lat' dir='ltr'><strong>et</strong></span> <span class='ocrx_word' id='word_1_620' title='bbox 3454 3086 3653 3160; x_wconf 65' lang='lat' dir='ltr'><strong>linguae</strong></span> <span class='ocrx_word' id='word_1_621' title='bbox 3671 3088 3865 3161; x_wconf 86' lang='lat' dir='ltr'><strong>gladio</strong></span> 
     </span>
    </p>
   </div>
   <div class='ocr_carea' id='block_1_91' title="bbox 2268 3171 3865 3249">
    <p class='ocr_par' dir='ltr' id='par_1_91' title="bbox 2268 3171 3865 3249">
     <span class='ocr_line' id='line_1_91' title="bbox 2268 3171 3865 3249; baseline 0.006 -25"><span class='ocrx_word' id='word_1_622' title='bbox 2268 3171 2782 3244; x_wconf 69' lang='lat' dir='ltr'><strong>prosequimur-,pro</strong></span> <span class='ocrx_word' id='word_1_623' title='bbox 2810 3172 2931 3228; x_wconf 90' lang='lat' dir='ltr'><strong>luce</strong></span> <span class='ocrx_word' id='word_1_624' title='bbox 2951 3172 3209 3228; x_wconf 83' lang='lat' dir='ltr'><strong>tenebras</strong></span> <span class='ocrx_word' id='word_1_625' title='bbox 3237 3175 3440 3231; x_wconf 89' lang='lat' dir='ltr'><strong>mundo</strong></span> <span class='ocrx_word' id='word_1_626' title='bbox 3462 3175 3865 3249; x_wconf 89' lang='lat' dir='ltr'><strong>relinquentes,</strong></span> 
     </span>
    </p>
   </div>
   <div class='ocr_carea' id='block_1_92' title="bbox 2267 3261 3867 3338">
    <p class='ocr_par' dir='ltr' id='par_1_92' title="bbox 2267 3261 3867 3338">
     <span class='ocr_line' id='line_1_92' title="bbox 2267 3261 3867 3338; baseline 0.005 -22"><span class='ocrx_word' id='word_1_627' title='bbox 2267 3261 2648 3333; x_wconf 87' lang='lat' dir='ltr'><strong>p0pulum,qui</strong></span> <span class='ocrx_word' id='word_1_628' title='bbox 2669 3276 2770 3332; x_wconf 92' lang='lat' dir='ltr'><strong>per</strong></span> <span class='ocrx_word' id='word_1_629' title='bbox 2790 3276 2851 3316; x_wconf 90' lang='lat' dir='ltr'><strong>se</strong></span> <span class='ocrx_word' id='word_1_630' title='bbox 2873 3261 3103 3317; x_wconf 88' lang='lat' dir='ltr'><strong>nimium</strong></span> <span class='ocrx_word' id='word_1_631' title='bbox 3127 3263 3374 3332; x_wconf 86' lang='lat' dir='ltr'><strong>108.ut</strong></span> <span class='ocrx_word' id='word_1_632' title='bbox 3393 3263 3867 3338; x_wconf 81' lang='lat' dir='ltr'><strong>diximus.pronus</strong></span> 
     </span>
    </p>
   </div>
   <div class='ocr_carea' id='block_1_93' title="bbox 2266 3349 3867 3421">
    <p class='ocr_par' dir='ltr' id='par_1_93' title="bbox 2266 3349 3867 3421">
     <span class='ocr_line' id='line_1_93' title="bbox 2266 3349 3867 3421; baseline 0.004 -16"><span class='ocrx_word' id='word_1_633' title='bbox 2266 3356 2348 3406; x_wconf 90' lang='lat' dir='ltr'><strong>est</strong></span> <span class='ocrx_word' id='word_1_634' title='bbox 2377 3350 2443 3404; x_wconf 89' lang='lat' dir='ltr'><strong>ad</strong></span> <span class='ocrx_word' id='word_1_635' title='bbox 2475 3356 2780 3421; x_wconf 88' lang='lat' dir='ltr'><strong>peccatum,</strong></span> <span class='ocrx_word' id='word_1_636' title='bbox 2812 3365 2936 3406; x_wconf 89' lang='lat' dir='ltr'><strong>cum</strong></span> <span class='ocrx_word' id='word_1_637' title='bbox 2966 3349 3209 3421; x_wconf 88' lang='lat' dir='ltr'><strong>periculo</strong></span> <span class='ocrx_word' id='word_1_638' title='bbox 3238 3351 3543 3408; x_wconf 88' lang='lat' dir='ltr'><strong>animarum</strong></span> <span class='ocrx_word' id='word_1_639' title='bbox 3558 3362 3867 3412; x_wconf 89' lang='lat' dir='ltr'><strong>nostrarum</strong></span> 
     </span>
    </p>
   </div>
   <div class='ocr_carea' id='block_1_94' title="bbox 2266 3438 3864 3510">
    <p class='ocr_par' dir='ltr' id='par_1_94' title="bbox 2266 3438 3864 3510">
     <span class='ocr_line' id='line_1_94' title="bbox 2266 3438 3864 3510; baseline 0.005 -17"><span class='ocrx_word' id='word_1_640' title='bbox 2266 3439 2331 3493; x_wconf 90' lang='lat' dir='ltr'><strong>ad</strong></span> <span class='ocrx_word' id='word_1_641' title='bbox 2362 3439 2697 3510; x_wconf 88' lang='lat' dir='ltr'><strong>peccandum</strong></span> <span class='ocrx_word' id='word_1_642' title='bbox 2728 3438 2960 3510; x_wconf 88' lang='lat' dir='ltr'><strong>amplius</strong></span> <span class='ocrx_word' id='word_1_643' title='bbox 2985 3438 3294 3496; x_wconf 76' lang='lat' dir='ltr'><strong>incitemus.</strong></span> <span class='ocrx_word' id='word_1_644' title='bbox 3323 3441 3482 3497; x_wconf 90' lang='lat' dir='ltr'><strong>Certe</strong></span> <span class='ocrx_word' id='word_1_645' title='bbox 3520 3443 3575 3497; x_wconf 92' lang='lat' dir='ltr'><strong>in</strong></span> <span class='ocrx_word' id='word_1_646' title='bbox 3616 3443 3864 3501; x_wconf 89' lang='lat' dir='ltr'><strong>minimis</strong></span> 
     </span>
    </p>
   </div>
   <div class='ocr_carea' id='block_1_95' title="bbox 2264 3526 3864 3606">
    <p class='ocr_par' dir='ltr' id='par_1_95' title="bbox 2264 3526 3864 3606">
     <span class='ocr_line' id='line_1_95' title="bbox 2264 3526 3864 3606; baseline 0.002 -22"><span class='ocrx_word' id='word_1_647' title='bbox 2264 3527 2553 3584; x_wconf 89' lang='lat' dir='ltr'><strong>Dominum</strong></span> <span class='ocrx_word' id='word_1_648' title='bbox 2585 3526 2811 3600; x_wconf 86' lang='lat' dir='ltr'><strong>gravius</strong></span> <span class='ocrx_word' id='word_1_649' title='bbox 2840 3527 3235 3584; x_wconf 85' lang='lat' dir='ltr'><strong>exacerbamus</strong></span> <span class='ocrx_word' id='word_1_650' title='bbox 3261 3531 3521 3600; x_wconf 86' lang='lat' dir='ltr'><strong>peccatis,</strong></span> <span class='ocrx_word' id='word_1_651' title='bbox 3552 3547 3715 3604; x_wconf 88' lang='lat' dir='ltr'><strong>quam</strong></span> <span class='ocrx_word' id='word_1_652' title='bbox 3754 3550 3864 3606; x_wconf 86' lang='lat' dir='ltr'><strong>po-</strong></span> 
     </span>
    </p>
   </div>
   <div class='ocr_carea' id='block_1_96' title="bbox 2266 3615 3867 3689">
    <p class='ocr_par' dir='ltr' id='par_1_96' title="bbox 2266 3615 3867 3689">
     <span class='ocr_line' id='line_1_96' title="bbox 2266 3615 3867 3689; baseline 0.004 -17"><span class='ocrx_word' id='word_1_653' title='bbox 2266 3616 2424 3689; x_wconf 88' lang='lat' dir='ltr'><strong>pulus</strong></span> <span class='ocrx_word' id='word_1_654' title='bbox 2456 3616 2619 3673; x_wconf 84' lang='lat' dir='ltr'><strong>faciat</strong></span> <span class='ocrx_word' id='word_1_655' title='bbox 2645 3615 2701 3671; x_wconf 93' lang='lat' dir='ltr'><strong>in</strong></span> <span class='ocrx_word' id='word_1_656' title='bbox 2732 3616 2980 3672; x_wconf 90' lang='lat' dir='ltr'><strong>summis.</strong></span> <span class='ocrx_word' id='word_1_657' title='bbox 3010 3617 3151 3673; x_wconf 88' lang='lat' dir='ltr'><strong>Nam</strong></span> <span class='ocrx_word' id='word_1_658' title='bbox 3178 3633 3320 3689; x_wconf 89' lang='lat' dir='ltr'><strong>pene</strong></span> <span class='ocrx_word' id='word_1_659' title='bbox 3341 3625 3488 3675; x_wconf 89' lang='lat' dir='ltr'><strong>tanta</strong></span> <span class='ocrx_word' id='word_1_660' title='bbox 3502 3619 3762 3678; x_wconf 88' lang='lat' dir='ltr'><strong>distantia</strong></span> <span class='ocrx_word' id='word_1_661' title='bbox 3778 3632 3867 3680; x_wconf 90' lang='lat' dir='ltr'><strong>est</strong></span> 
     </span>
    </p>
   </div>
   <div class='ocr_carea' id='block_1_97' title="bbox 2265 3704 3863 3782">
    <p class='ocr_par' dir='ltr' id='par_1_97' title="bbox 2265 3704 3863 3782">
     <span class='ocr_line' id='line_1_97' title="bbox 2265 3704 3863 3782; baseline 0.006 -23"><span class='ocrx_word' id='word_1_662' title='bbox 2265 3704 2408 3761; x_wconf 91' lang='lat' dir='ltr'><strong>inter</strong></span> <span class='ocrx_word' id='word_1_663' title='bbox 2435 3712 2719 3776; x_wconf 90' lang='lat' dir='ltr'><strong>peccatum</strong></span> <span class='ocrx_word' id='word_1_664' title='bbox 2747 3705 2983 3777; x_wconf 90' lang='lat' dir='ltr'><strong>pastoris</strong></span> <span class='ocrx_word' id='word_1_665' title='bbox 3012 3713 3063 3761; x_wconf 89' lang='lat' dir='ltr'><strong>et</strong></span> <span class='ocrx_word' id='word_1_666' title='bbox 3091 3714 3377 3777; x_wconf 87' lang='lat' dir='ltr'><strong>peccatum</strong></span> <span class='ocrx_word' id='word_1_667' title='bbox 3402 3708 3606 3780; x_wconf 86' lang='lat' dir='ltr'><strong>populi,</strong></span> <span class='ocrx_word' id='word_1_668' title='bbox 3653 3721 3863 3782; x_wconf 87' lang='lat' dir='ltr'><strong>quanta</strong></span> 
     </span>
    </p>
   </div>
   <div class='ocr_carea' id='block_1_98' title="bbox 2266 3793 3859 3871">
    <p class='ocr_par' dir='ltr' id='par_1_98' title="bbox 2266 3793 3859 3871">
     <span class='ocr_line' id='line_1_98' title="bbox 2266 3793 3859 3871; baseline 0.004 -22"><span class='ocrx_word' id='word_1_669' title='bbox 2266 3794 2523 3850; x_wconf 86' lang='lat' dir='ltr'><strong>distantia</strong></span> <span class='ocrx_word' id='word_1_670' title='bbox 2552 3793 2651 3851; x_wconf 86' lang='lat' dir='ltr'><strong>fuit</strong></span> <span class='ocrx_word' id='word_1_671' title='bbox 2694 3795 2837 3850; x_wconf 90' lang='lat' dir='ltr'><strong>inter</strong></span> <span class='ocrx_word' id='word_1_672' title='bbox 2888 3802 3170 3866; x_wconf 87' lang='lat' dir='ltr'><strong>peccatum</strong></span> <span class='ocrx_word' id='word_1_673' title='bbox 3228 3796 3409 3868; x_wconf 87' lang='lat' dir='ltr'><strong>angeli</strong></span> <span class='ocrx_word' id='word_1_674' title='bbox 3465 3806 3517 3853; x_wconf 89' lang='lat' dir='ltr'><strong>et</strong></span> <span class='ocrx_word' id='word_1_675' title='bbox 3572 3808 3859 3871; x_wconf 89' lang='lat' dir='ltr'><strong>peccatum</strong></span> 
     </span>
    </p>
   </div>
   <div class='ocr_carea' id='block_1_99' title="bbox 2265 3883 3857 3959">
    <p class='ocr_par' dir='ltr' id='par_1_99' title="bbox 2265 3883 3857 3959">
     <span class='ocr_line' id='line_1_99' title="bbox 2265 3883 3857 3959; baseline 0.005 -21"><span class='ocrx_word' id='word_1_676' title='bbox 2265 3883 2607 3955; x_wconf 89' lang='lat' dir='ltr'><strong>protoplasti.</strong></span> <span class='ocrx_word' id='word_1_677' title='bbox 2662 3883 2817 3941; x_wconf 86' lang='lat' dir='ltr'><strong>Unde</strong></span> <span class='ocrx_word' id='word_1_678' title='bbox 2845 3884 3123 3940; x_wconf 88' lang='lat' dir='ltr'><strong>veraciter</strong></span> <span class='ocrx_word' id='word_1_679' title='bbox 3151 3883 3353 3941; x_wconf 89' lang='lat' dir='ltr'><strong>dictum</strong></span> <span class='ocrx_word' id='word_1_680' title='bbox 3391 3893 3471 3941; x_wconf 91' lang='lat' dir='ltr'><strong>est</strong></span> <span class='ocrx_word' id='word_1_681' title='bbox 3529 3888 3675 3959; x_wconf 91' lang='lat' dir='ltr'><strong>quod</strong></span> <span class='ocrx_word' id='word_1_682' title='bbox 3730 3906 3857 3946; x_wconf 88' lang='lat' dir='ltr'><strong>ma-</strong></span> 
     </span>
    </p>
   </div>
   <div class='ocr_carea' id='block_1_100' title="bbox 2258 3972 3856 4051">
    <p class='ocr_par' dir='ltr' id='par_1_100' title="bbox 2258 3972 3856 4051">
     <span class='ocr_line' id='line_1_100' title="bbox 2258 3972 3856 4051; baseline 0.004 -22"><span class='ocrx_word' id='word_1_683' title='bbox 2258 3974 2367 4043; x_wconf 92' lang='lat' dir='ltr'><strong>jori</strong></span> <span class='ocrx_word' id='word_1_684' title='bbox 2397 3982 2553 4030; x_wconf 88' lang='lat' dir='ltr'><strong>reatu</strong></span> <span class='ocrx_word' id='word_1_685' title='bbox 2583 3974 2653 4028; x_wconf 91' lang='lat' dir='ltr'><strong>ab</strong></span> <span class='ocrx_word' id='word_1_686' title='bbox 2684 3987 2750 4029; x_wconf 88' lang='lat' dir='ltr'><strong>eo</strong></span> <span class='ocrx_word' id='word_1_687' title='bbox 2778 3972 3113 4044; x_wconf 89' lang='lat' dir='ltr'><strong>delinquitur</strong></span> <span class='ocrx_word' id='word_1_688' title='bbox 3130 3973 3222 4045; x_wconf 93' lang='lat' dir='ltr'><strong>qui</strong></span> <span class='ocrx_word' id='word_1_689' title='bbox 3251 3974 3450 4045; x_wconf 90' lang='lat' dir='ltr'><strong>potiori</strong></span> <span class='ocrx_word' id='word_1_690' title='bbox 3479 3976 3684 4034; x_wconf 89' lang='lat' dir='ltr'><strong>honore</strong></span> <span class='ocrx_word' id='word_1_691' title='bbox 3723 3995 3856 4051; x_wconf 86' lang='lat' dir='ltr'><strong>per-</strong></span> 
     </span>
    </p>
   </div>
   <div class='ocr_carea' id='block_1_101' title="bbox 2265 4060 3853 4134">
    <p class='ocr_par' dir='ltr' id='par_1_101' title="bbox 2265 4060 3853 4134">
     <span class='ocr_line' id='line_1_101' title="bbox 2265 4060 3853 4134; baseline 0.005 -18"><span class='ocrx_word' id='word_1_692' title='bbox 2265 4063 2480 4128; x_wconf 89' lang='lat' dir='ltr'><strong>fruitur,</strong></span> <span class='ocrx_word' id='word_1_693' title='bbox 2513 4069 2567 4117; x_wconf 93' lang='lat' dir='ltr'><strong>et</strong></span> <span class='ocrx_word' id='word_1_694' title='bbox 2596 4061 2851 4134; x_wconf 85' lang='lat' dir='ltr'><strong>graviora</strong></span> <span class='ocrx_word' id='word_1_695' title='bbox 2882 4060 3009 4117; x_wconf 88' lang='lat' dir='ltr'><strong>facit</strong></span> <span class='ocrx_word' id='word_1_696' title='bbox 3037 4061 3165 4117; x_wconf 89' lang='lat' dir='ltr'><strong>vitia</strong></span> <span class='ocrx_word' id='word_1_697' title='bbox 3181 4070 3531 4133; x_wconf 88' lang='lat' dir='ltr'><strong>peccatorum</strong></span> <span class='ocrx_word' id='word_1_698' title='bbox 3553 4065 3853 4124; x_wconf 89' lang='lat' dir='ltr'><strong>sublimitas</strong></span> 
     </span>
    </p>
   </div>
   <div class='ocr_carea' id='block_1_102' title="bbox 2264 4150 3854 4223">
    <p class='ocr_par' dir='ltr' id='par_1_102' title="bbox 2264 4150 3854 4223">
     <span class='ocr_line' id='line_1_102' title="bbox 2264 4150 3854 4223; baseline 0.003 -15"><span class='ocrx_word' id='word_1_699' title='bbox 2264 4151 2615 4223; x_wconf 83' lang='lat' dir='ltr'><strong>dignitatum.</strong></span> <span class='ocrx_word' id='word_1_700' title='bbox 2653 4151 2777 4206; x_wconf 91' lang='lat' dir='ltr'><strong>Non</strong></span> <span class='ocrx_word' id='word_1_701' title='bbox 2806 4164 2943 4222; x_wconf 85' lang='lat' dir='ltr'><strong>ergo</strong></span> <span class='ocrx_word' id='word_1_702' title='bbox 2972 4165 3075 4206; x_wconf 92' lang='lat' dir='ltr'><strong>nos</strong></span> <span class='ocrx_word' id='word_1_703' title='bbox 3100 4150 3285 4222; x_wconf 87' lang='lat' dir='ltr'><strong>pigeat</strong></span> <span class='ocrx_word' id='word_1_704' title='bbox 3313 4152 3540 4209; x_wconf 89' lang='lat' dir='ltr'><strong>alterum</strong></span> <span class='ocrx_word' id='word_1_705' title='bbox 3567 4153 3724 4211; x_wconf 88' lang='lat' dir='ltr'><strong>alteri</strong></span> <span class='ocrx_word' id='word_1_706' title='bbox 3757 4158 3854 4213; x_wconf 86' lang='lat' dir='ltr'><strong>hu-</strong></span> 
     </span>
    </p>
   </div>
   <div class='ocr_carea' id='block_1_103' title="bbox 2261 4238 3848 4314">
    <p class='ocr_par' dir='ltr' id='par_1_103' title="bbox 2261 4238 3848 4314">
     <span class='ocr_line' id='line_1_103' title="bbox 2261 4238 3848 4314; baseline 0.004 -19"><span class='ocrx_word' id='word_1_707' title='bbox 2261 4240 2481 4309; x_wconf 87' lang='lat' dir='ltr'><strong>miliari,</strong></span> <span class='ocrx_word' id='word_1_708' title='bbox 2515 4241 2640 4312; x_wconf 89' lang='lat' dir='ltr'><strong>quia</strong></span> <span class='ocrx_word' id='word_1_709' title='bbox 2670 4238 2933 4310; x_wconf 91' lang='lat' dir='ltr'><strong>scriptum</strong></span> <span class='ocrx_word' id='word_1_710' title='bbox 2964 4246 3046 4295; x_wconf 87' lang='lat' dir='ltr'><strong>est</strong></span> <span class='ocrx_word' id='word_1_711' title='bbox 3071 4256 3082 4293; x_wconf 91' lang='lat'>:</span> <span class='ocrx_word' id='word_1_712' title='bbox 3123 4240 3339 4309; x_wconf 78' lang='lat' dir='ltr'><strong>Quanto</strong></span> <span class='ocrx_word' id='word_1_713' title='bbox 3368 4256 3603 4314; x_wconf 79' lang='lat' dir='ltr'><strong>magnus</strong></span> <span class='ocrx_word' id='word_1_714' title='bbox 3631 4259 3708 4311; x_wconf 79' lang='lat' dir='ltr'><strong>es,</strong></span> <span class='ocrx_word' id='word_1_715' title='bbox 3742 4247 3848 4301; x_wconf 82' lang='lat' dir='ltr'><strong>hu-</strong></span> 
     </span>
    </p>
   </div>
   <div class='ocr_carea' id='block_1_104' title="bbox 2260 4328 3849 4403">
    <p class='ocr_par' dir='ltr' id='par_1_104' title="bbox 2260 4328 3849 4403">
     <span class='ocr_line' id='line_1_104' title="bbox 2260 4328 3849 4403; baseline 0.001 -17"><span class='ocrx_word' id='word_1_716' title='bbox 2260 4331 2425 4386; x_wconf 79' lang='lat' dir='ltr'><strong>milia</strong></span> <span class='ocrx_word' id='word_1_717' title='bbox 2454 4334 2508 4386; x_wconf 81' lang='lat' dir='ltr'><strong>te</strong></span> <span class='ocrx_word' id='word_1_718' title='bbox 2540 4330 2601 4384; x_wconf 76' lang='lat' dir='ltr'><strong>in</strong></span> <span class='ocrx_word' id='word_1_719' title='bbox 2631 4328 3103 4397; x_wconf 79' lang='lat' dir='ltr'><strong>o-mnibus(Eccli.</strong></span> <span class='ocrx_word' id='word_1_720' title='bbox 3135 4343 3219 4398; x_wconf 83' lang='lat' dir='ltr'><strong>ut,</strong></span> <span class='ocrx_word' id='word_1_721' title='bbox 3248 4329 3359 4400; x_wconf 78' lang='lat'><strong>20).</strong></span> <span class='ocrx_word' id='word_1_722' title='bbox 3392 4330 3461 4384; x_wconf 86' lang='lat' dir='ltr'><strong>Et</strong></span> <span class='ocrx_word' id='word_1_723' title='bbox 3490 4332 3581 4403; x_wconf 91' lang='lat' dir='ltr'><strong>qui</strong></span> <span class='ocrx_word' id='word_1_724' title='bbox 3611 4348 3673 4389; x_wconf 90' lang='lat' dir='ltr'><strong>se</strong></span> <span class='ocrx_word' id='word_1_725' title='bbox 3724 4351 3849 4391; x_wconf 87' lang='lat' dir='ltr'><strong>am-</strong></span> 
     </span>
    </p>
   </div>
   <div class='ocr_carea' id='block_1_105' title="bbox 2260 4416 3847 4493">
    <p class='ocr_par' dir='ltr' id='par_1_105' title="bbox 2260 4416 3847 4493">
     <span class='ocr_line' id='line_1_105' title="bbox 2260 4416 3847 4493; baseline 0.003 -18"><span class='ocrx_word' id='word_1_726' title='bbox 2260 4420 2404 4492; x_wconf 90' lang='lat' dir='ltr'><strong>plius</strong></span> <span class='ocrx_word' id='word_1_727' title='bbox 2435 4417 2818 4487; x_wconf 74' lang='lat' dir='ltr'><strong>liumiliaverit,</strong></span> <span class='ocrx_word' id='word_1_728' title='bbox 2848 4416 2997 4472; x_wconf 91' lang='lat' dir='ltr'><strong>illum</strong></span> <span class='ocrx_word' id='word_1_729' title='bbox 3024 4417 3171 4473; x_wconf 91' lang='lat' dir='ltr'><strong>Deus</strong></span> <span class='ocrx_word' id='word_1_730' title='bbox 3207 4418 3477 4490; x_wconf 88' lang='lat' dir='ltr'><strong>promisit,</strong></span> <span class='ocrx_word' id='word_1_731' title='bbox 3522 4421 3613 4493; x_wconf 89' lang='lat' dir='ltr'><strong>qui</strong></span> <span class='ocrx_word' id='word_1_732' title='bbox 3669 4425 3847 4479; x_wconf 87' lang='lat' dir='ltr'><strong>nemi—</strong></span> 
     </span>
    </p>
   </div>
   <div class='ocr_carea' id='block_1_106' title="bbox 2260 4505 3849 4579">
    <p class='ocr_par' dir='ltr' id='par_1_106' title="bbox 2260 4505 3849 4579">
     <span class='ocr_line' id='line_1_106' title="bbox 2260 4505 3849 4579; baseline 0.003 -14"><span class='ocrx_word' id='word_1_733' title='bbox 2260 4526 2386 4565; x_wconf 90' lang='lat' dir='ltr'><strong>nem</strong></span> <span class='ocrx_word' id='word_1_734' title='bbox 2417 4507 2638 4579; x_wconf 52' lang='lat' dir='ltr'><strong>de‘ipit,</strong></span> <span class='ocrx_word' id='word_1_735' title='bbox 2670 4506 2902 4579; x_wconf 89' lang='lat' dir='ltr'><strong>amplius</strong></span> <span class='ocrx_word' id='word_1_736' title='bbox 2930 4505 3186 4562; x_wconf 86' lang='lat' dir='ltr'><strong>exaltari.</strong></span> <span class='ocrx_word' id='word_1_737' title='bbox 3252 4506 3311 4563; x_wconf 91' lang='lat' dir='ltr'><strong>Si</strong></span> <span class='ocrx_word' id='word_1_738' title='bbox 3363 4507 3498 4565; x_wconf 90' lang='lat' dir='ltr'><strong>alter</strong></span> <span class='ocrx_word' id='word_1_739' title='bbox 3549 4509 3617 4566; x_wconf 91' lang='lat' dir='ltr'><strong>de</strong></span> <span class='ocrx_word' id='word_1_740' title='bbox 3672 4513 3849 4570; x_wconf 91' lang='lat' dir='ltr'><strong>altero</strong></span> 
     </span>
    </p>
   </div>
   <div class='ocr_carea' id='block_1_107' title="bbox 2259 4594 3850 4668">
    <p class='ocr_par' dir='ltr' id='par_1_107' title="bbox 2259 4594 3850 4668">
     <span class='ocr_line' id='line_1_107' title="bbox 2259 4594 3850 4668; baseline 0.001 -12"><span class='ocrx_word' id='word_1_741' title='bbox 2259 4598 2538 4656; x_wconf 91' lang='lat' dir='ltr'><strong>victoriam</strong></span> <span class='ocrx_word' id='word_1_742' title='bbox 2580 4596 2787 4652; x_wconf 73' lang='lat' dir='ltr'><strong>habere</strong></span> <span class='ocrx_word' id='word_1_743' title='bbox 2834 4594 3130 4661; x_wconf 90' lang='lat' dir='ltr'><strong>desiderat,</strong></span> <span class='ocrx_word' id='word_1_744' title='bbox 3171 4594 3321 4651; x_wconf 90' lang='lat' dir='ltr'><strong>illam</strong></span> <span class='ocrx_word' id='word_1_745' title='bbox 3374 4614 3495 4668; x_wconf 70' lang='lat' dir='ltr'><strong>quae</strong></span> <span class='ocrx_word' id='word_1_746' title='bbox 3548 4602 3850 4657; x_wconf 88' lang='lat' dir='ltr'><strong>secundum</strong></span> 
     </span>
    </p>
   </div>
   <div class='ocr_carea' id='block_1_108' title="bbox 2256 4683 3853 4759">
    <p class='ocr_par' dir='ltr' id='par_1_108' title="bbox 2256 4683 3853 4759">
     <span class='ocr_line' id='line_1_108' title="bbox 2256 4683 3853 4759; baseline 0.003 -17"><span class='ocrx_word' id='word_1_747' title='bbox 2256 4686 2529 4743; x_wconf 89' lang='lat' dir='ltr'><strong>diabolum</strong></span> <span class='ocrx_word' id='word_1_748' title='bbox 2560 4701 2685 4743; x_wconf 89' lang='lat' dir='ltr'><strong>esse</strong></span> <span class='ocrx_word' id='word_1_749' title='bbox 2711 4683 3072 4756; x_wconf 81' lang='lat' dir='ltr'><strong>dignoscitur,</strong></span> <span class='ocrx_word' id='word_1_750' title='bbox 3104 4684 3385 4741; x_wconf 86' lang='lat' dir='ltr'><strong>victoriam</strong></span> <span class='ocrx_word' id='word_1_751' title='bbox 3418 4695 3642 4759; x_wconf 68' lang='lat' dir='ltr'><strong>qureret.</strong></span> <span class='ocrx_word' id='word_1_752' title='bbox 3662 4690 3853 4748; x_wconf 81' lang='lat' dir='ltr'><strong>flumi-</strong></span> 
     </span>
    </p>
   </div>
   <div class='ocr_carea' id='block_1_109' title="bbox 2258 4772 3853 4847">
    <p class='ocr_par' dir='ltr' id='par_1_109' title="bbox 2258 4772 3853 4847">
     <span class='ocr_line' id='line_1_109' title="bbox 2258 4772 3853 4847; baseline 0.004 -16"><span class='ocrx_word' id='word_1_753' title='bbox 2258 4776 2425 4845; x_wconf 87' lang='lat' dir='ltr'><strong>litate,</strong></span> <span class='ocrx_word' id='word_1_754' title='bbox 2456 4774 2733 4847; x_wconf 88' lang='lat' dir='ltr'><strong>patientia,</strong></span> <span class='ocrx_word' id='word_1_755' title='bbox 2782 4772 3119 4845; x_wconf 81' lang='lat' dir='ltr'><strong>benignitate</strong></span> <span class='ocrx_word' id='word_1_756' title='bbox 3154 4774 3403 4842; x_wconf 89' lang='lat' dir='ltr'><strong>vincere,</strong></span> <span class='ocrx_word' id='word_1_757' title='bbox 3465 4775 3690 4834; x_wconf 87' lang='lat' dir='ltr'><strong>victoria</strong></span> <span class='ocrx_word' id='word_1_758' title='bbox 3746 4781 3853 4839; x_wconf 92' lang='lat' dir='ltr'><strong>Dei</strong></span> 
     </span>
    </p>
   </div>
   <div class='ocr_carea' id='block_1_110' title="bbox 2257 4852 3889 4938">
    <p class='ocr_par' dir='ltr' id='par_1_110' title="bbox 2257 4852 3889 4938">
     <span class='ocr_line' id='line_1_110' title="bbox 2257 4852 3889 4938; baseline 0.002 -16"><span class='ocrx_word' id='word_1_759' title='bbox 2257 4874 2339 4923; x_wconf 91' lang='lat' dir='ltr'><strong>est</strong></span> <span class='ocrx_word' id='word_1_760' title='bbox 2371 4884 2386 4933; x_wconf 91' lang='lat'><strong>;</strong></span> <span class='ocrx_word' id='word_1_761' title='bbox 2420 4863 2695 4936; x_wconf 88' lang='lat' dir='ltr'><strong>superbia,</strong></span> <span class='ocrx_word' id='word_1_762' title='bbox 2729 4861 3085 4936; x_wconf 85' lang='lat' dir='ltr'><strong>impatientia,</strong></span> <span class='ocrx_word' id='word_1_763' title='bbox 3112 4876 3175 4919; x_wconf 87' lang='lat' dir='ltr'><strong>ac</strong></span> <span class='ocrx_word' id='word_1_764' title='bbox 3204 4862 3538 4937; x_wconf 86' lang='lat' dir='ltr'><strong>malignitate</strong></span> <span class='ocrx_word' id='word_1_765' title='bbox 3556 4882 3846 4938; x_wconf 87' lang='lat' dir='ltr'><strong>superare,</strong></span> <span class='ocrx_word' id='word_1_766' title='bbox 3886 4852 3889 4855; x_wconf 16' lang='grc' dir='ltr'><strong>Δ</strong></span> 
     </span>
    </p>
   </div>
   <div class='ocr_carea' id='block_1_111' title="bbox 2256 4950 3845 5030">
    <p class='ocr_par' dir='ltr' id='par_1_111' title="bbox 2256 4950 3845 5030">
     <span class='ocr_line' id='line_1_111' title="bbox 2256 4950 3845 5030; baseline 0.002 -19"><span class='ocrx_word' id='word_1_767' title='bbox 2256 4954 2485 5013; x_wconf 90' lang='lat' dir='ltr'><strong>victoria</strong></span> <span class='ocrx_word' id='word_1_768' title='bbox 2527 4952 2758 5009; x_wconf 86' lang='lat' dir='ltr'><strong>diaboli.</strong></span> <span class='ocrx_word' id='word_1_769' title='bbox 2822 4952 2903 5007; x_wconf 87' lang='lat' dir='ltr'><strong>Ex</strong></span> <span class='ocrx_word' id='word_1_770' title='bbox 2954 4950 3042 5006; x_wconf 89' lang='lat' dir='ltr'><strong>his</strong></span> <span class='ocrx_word' id='word_1_771' title='bbox 3092 4951 3304 5007; x_wconf 86' lang='lat' dir='ltr'><strong>duobus</strong></span> <span class='ocrx_word' id='word_1_772' title='bbox 3352 4952 3633 5010; x_wconf 89' lang='lat' dir='ltr'><strong>timeamus</strong></span> <span class='ocrx_word' id='word_1_773' title='bbox 3690 4960 3845 5030; x_wconf 91' lang='lat' dir='ltr'><strong>quod</strong></span> 
     </span>
    </p>
   </div>
   <div class='ocr_carea' id='block_1_112' title="bbox 2253 5040 3846 5117">
    <p class='ocr_par' dir='ltr' id='par_1_112' title="bbox 2253 5040 3846 5117">
     <span class='ocr_line' id='line_1_112' title="bbox 2253 5040 3846 5117; baseline 0.002 -16"><span class='ocrx_word' id='word_1_774' title='bbox 2253 5045 2473 5101; x_wconf 87' lang='lat' dir='ltr'><strong>damnat</strong></span> <span class='ocrx_word' id='word_1_775' title='bbox 2501 5062 2517 5111; x_wconf 86' lang='lat'><strong>;</strong></span> <span class='ocrx_word' id='word_1_776' title='bbox 2552 5051 2606 5099; x_wconf 91' lang='lat' dir='ltr'><strong>et</strong></span> <span class='ocrx_word' id='word_1_777' title='bbox 2633 5042 2779 5115; x_wconf 89' lang='lat' dir='ltr'><strong>quod</strong></span> <span class='ocrx_word' id='word_1_778' title='bbox 2806 5048 3035 5098; x_wconf 88' lang='lat' dir='ltr'><strong>coronat</strong></span> <span class='ocrx_word' id='word_1_779' title='bbox 3065 5040 3191 5097; x_wconf 88' lang='lat' dir='ltr'><strong>totis</strong></span> <span class='ocrx_word' id='word_1_780' title='bbox 3220 5040 3523 5099; x_wconf 87' lang='lat' dir='ltr'><strong>visceribus</strong></span> <span class='ocrx_word' id='word_1_781' title='bbox 3549 5044 3846 5117; x_wconf 84' lang='lat' dir='ltr'><strong>amplecta-</strong></span> 
     </span>
    </p>
   </div>
   <div class='ocr_carea' id='block_1_113' title="bbox 2252 5130 3845 5209">
    <p class='ocr_par' dir='ltr' id='par_1_113' title="bbox 2252 5130 3845 5209">
     <span class='ocr_line' id='line_1_113' title="bbox 2252 5130 3845 5209; baseline 0.001 -20"><span class='ocrx_word' id='word_1_782' title='bbox 2252 5150 2391 5202; x_wconf 91' lang='lat' dir='ltr'><strong>mur,</strong></span> <span class='ocrx_word' id='word_1_783' title='bbox 2423 5141 2473 5190; x_wconf 90' lang='lat' dir='ltr'><strong>et</strong></span> <span class='ocrx_word' id='word_1_784' title='bbox 2501 5133 2569 5187; x_wconf 90' lang='lat' dir='ltr'><strong>ad</strong></span> <span class='ocrx_word' id='word_1_785' title='bbox 2600 5130 2915 5188; x_wconf 89' lang='lat' dir='ltr'><strong>charitatem</strong></span> <span class='ocrx_word' id='word_1_786' title='bbox 2939 5145 3060 5202; x_wconf 78' lang='lat' dir='ltr'><strong>quae</strong></span> <span class='ocrx_word' id='word_1_787' title='bbox 3088 5130 3269 5202; x_wconf 77' lang='lat' dir='ltr'><strong>operit</strong></span> <span class='ocrx_word' id='word_1_788' title='bbox 3296 5133 3730 5191; x_wconf 78' lang='lat' dir='ltr'><strong>multitudinem</strong></span> <span class='ocrx_word' id='word_1_789' title='bbox 3736 5154 3845 5209; x_wconf 79' lang='lat' dir='ltr'><strong>pe—</strong></span> 
     </span>
    </p>
   </div>
   <div class='ocr_carea' id='block_1_114' title="bbox 2251 5218 3846 5294">
    <p class='ocr_par' dir='ltr' id='par_1_114' title="bbox 2251 5218 3846 5294">
     <span class='ocr_line' id='line_1_114' title="bbox 2251 5218 3846 5294; baseline 0 -13"><span class='ocrx_word' id='word_1_790' title='bbox 2251 5222 2575 5293; x_wconf 80' lang='lat' dir='ltr'><strong>catorum([</strong></span> <span class='ocrx_word' id='word_1_791' title='bbox 2594 5223 2720 5277; x_wconf 83' lang='lat' dir='ltr'><strong>Pet.</strong></span> <span class='ocrx_word' id='word_1_792' title='bbox 2766 5234 2842 5287; x_wconf 80' lang='lat' dir='ltr'><strong>vt,</strong></span> <span class='ocrx_word' id='word_1_793' title='bbox 2904 5222 2977 5286; x_wconf 90' lang='lat'><strong>8),</strong></span> <span class='ocrx_word' id='word_1_794' title='bbox 3041 5218 3307 5291; x_wconf 87' lang='lat' dir='ltr'><strong>quidquid</strong></span> <span class='ocrx_word' id='word_1_795' title='bbox 3361 5220 3432 5276; x_wconf 90' lang='lat' dir='ltr'><strong>ab</strong></span> <span class='ocrx_word' id='word_1_796' title='bbox 3482 5220 3573 5276; x_wconf 88' lang='lat' dir='ltr'><strong>illa</strong></span> <span class='ocrx_word' id='word_1_797' title='bbox 3620 5235 3846 5294; x_wconf 84' lang='lat' dir='ltr'><strong>separat</strong></span> 
     </span>
    </p>
   </div>
   <div class='ocr_carea' id='block_1_115' title="bbox 2247 5306 3842 5380">
    <p class='ocr_par' dir='ltr' id='par_1_115' title="bbox 2247 5306 3842 5380">
     <span class='ocr_line' id='line_1_115' title="bbox 2247 5306 3842 5380; baseline -0.003 -8"><span class='ocrx_word' id='word_1_798' title='bbox 2247 5319 2678 5379; x_wconf 89' lang='lat' dir='ltr'><strong>contemnentes,</strong></span> <span class='ocrx_word' id='word_1_799' title='bbox 2714 5314 3067 5373; x_wconf 90' lang='lat' dir='ltr'><strong>revertamur,</strong></span> <span class='ocrx_word' id='word_1_800' title='bbox 3101 5306 3218 5363; x_wconf 90' lang='lat' dir='ltr'><strong>sine</strong></span> <span class='ocrx_word' id='word_1_801' title='bbox 3249 5322 3357 5380; x_wconf 89' lang='lat' dir='ltr'><strong>qua</strong></span> <span class='ocrx_word' id='word_1_802' title='bbox 3385 5316 3613 5366; x_wconf 66' lang='lat' dir='ltr'><strong>caeteras</strong></span> <span class='ocrx_word' id='word_1_803' title='bbox 3669 5313 3842 5370; x_wconf 84' lang='lat' dir='ltr'><strong>virtu-</strong></span> 
     </span>
    </p>
   </div>
   <div class='ocr_carea' id='block_1_116' title="bbox 2247 5396 3835 5470">
    <p class='ocr_par' dir='ltr' id='par_1_116' title="bbox 2247 5396 3835 5470">
     <span class='ocr_line' id='line_1_116' title="bbox 2247 5396 3835 5470; baseline 0.001 -12"><span class='ocrx_word' id='word_1_804' title='bbox 2247 5411 2328 5459; x_wconf 91' lang='lat' dir='ltr'><strong>tes</strong></span> <span class='ocrx_word' id='word_1_805' title='bbox 2359 5404 2560 5458; x_wconf 76' lang='lat' dir='ltr'><strong>trahere</strong></span> <span class='ocrx_word' id='word_1_806' title='bbox 2581 5396 2896 5455; x_wconf 90' lang='lat' dir='ltr'><strong>damnabile</strong></span> <span class='ocrx_word' id='word_1_807' title='bbox 2924 5404 3028 5465; x_wconf 88' lang='lat' dir='ltr'><strong>cst,</strong></span> <span class='ocrx_word' id='word_1_808' title='bbox 3061 5403 3115 5453; x_wconf 87' lang='lat' dir='ltr'><strong>et</strong></span> <span class='ocrx_word' id='word_1_809' title='bbox 3147 5413 3270 5453; x_wconf 89' lang='lat' dir='ltr'><strong>cum</strong></span> <span class='ocrx_word' id='word_1_810' title='bbox 3311 5413 3419 5470; x_wconf 87' lang='lat' dir='ltr'><strong>qua</strong></span> <span class='ocrx_word' id='word_1_811' title='bbox 3465 5414 3576 5456; x_wconf 89' lang='lat' dir='ltr'><strong>non</strong></span> <span class='ocrx_word' id='word_1_812' title='bbox 3630 5401 3835 5460; x_wconf 84' lang='lat' dir='ltr'><strong>habere</strong></span> 
     </span>
    </p>
   </div>
   <div class='ocr_carea' id='block_1_117' title="bbox 2244 5490 2670 5559">
    <p class='ocr_par' dir='ltr' id='par_1_117' title="bbox 2244 5490 2670 5559">
     <span class='ocr_line' id='line_1_117' title="bbox 2244 5490 2670 5559; baseline -0.005 -12"><span class='ocrx_word' id='word_1_813' title='bbox 2244 5493 2397 5559; x_wconf 80' lang='lat' dir='ltr'><strong>alias,</strong></span> <span class='ocrx_word' id='word_1_814' title='bbox 2427 5490 2670 5547; x_wconf 75' lang='lat' dir='ltr'><strong>Veniale.</strong></span> 
     </span>
    </p>
   </div>
   <div class='ocr_carea' id='block_1_118' title="bbox 2703 5660 3368 5736">
    <p class='ocr_par' dir='ltr' id='par_1_118' title="bbox 2703 5660 3368 5736">
     <span class='ocr_line' id='line_1_118' title="bbox 2703 5660 3368 5736; baseline -0.005 -17"><span class='ocrx_word' id='word_1_815' title='bbox 2703 5667 2862 5736; x_wconf 76' lang='lat'><strong>109</strong></span> <span class='ocrx_word' id='word_1_816' title='bbox 2898 5660 3230 5719; x_wconf 82' lang='lat' dir='ltr'><strong>EPlS&#39;l‘OLA</strong></span> <span class='ocrx_word' id='word_1_817' title='bbox 3277 5662 3368 5717; x_wconf 76' lang='lat' dir='ltr'><strong>vr.</strong></span> 
     </span>
    </p>
   </div>
   <div class='ocr_carea' id='block_1_119' title="bbox 2240 5845 3842 5920">
    <p class='ocr_par' dir='ltr' id='par_1_119' title="bbox 2240 5845 3842 5920">
     <span class='ocr_line' id='line_1_119' title="bbox 2240 5845 3842 5920; baseline 0.002 -14"><span class='ocrx_word' id='word_1_818' title='bbox 2240 5848 2546 5920; x_wconf 79' lang='lat' dir='ltr'><strong>Rm’naldo,</strong></span> <span class='ocrx_word' id='word_1_819' title='bbox 2565 5847 2907 5905; x_wconf 81' lang='lat' dir='ltr'><strong>honorabilis</strong></span> <span class='ocrx_word' id='word_1_820' title='bbox 2920 5846 3049 5900; x_wconf 72' lang='lat' dir='ltr'><strong>vita:</strong></span> <span class='ocrx_word' id='word_1_821' title='bbox 3063 5845 3337 5918; x_wconf 77' lang='lat' dir='ltr'><strong>episcopo,</strong></span> <span class='ocrx_word' id='word_1_822' title='bbox 3349 5846 3625 5918; x_wconf 66' lang='lat' dir='ltr'><strong>Coifi-idus</strong></span> <span class='ocrx_word' id='word_1_823' title='bbox 3649 5847 3842 5909; x_wconf 42' lang='lat' dir='ltr'><strong>l’indu.</strong></span> 
     </span>
    </p>
   </div>
  </div>
