3940 6448
618 470 715 526 111

1634 463 1965 525 GOFFRIDI
2006 468 2303 525 ABBATIS
2342 462 2903 525 VINDOCINENSIS

3803 458 3893 520 112

619 603 799 651 tamen
849 592 905 649 in
950 592 1177 650 Nicena
1223 591 1433 665 synodo
1480 591 1646 665 longe
1691 599 1818 649 ante
1863 592 2213 650 constitutum
2240 593 2297 654 A
2328 600 2498 649 tutum
2529 591 2670 648 male
2690 599 2865 648 astuto
2893 590 3102 663 pastori
3130 590 3372 658 obedire,
3398 592 3490 664 qui
3508 594 3624 663 jam
3654 592 3721 648 de
3740 607 3891 647 exse-

619 682 789 739 fuisse
814 681 1118 754 reperitur;
1144 681 1290 753 quod
1321 681 1367 736 si
1397 681 1652 753 quislibet
1674 681 1949 753 impetitur
1966 682 2212 749 crimine,

621 770 772 827 nufla
799 769 1130 827 detentionis
1179 769 1427 827 custodia
1455 777 1723 838 teneatur,
1774 771 1873 826 sed
1888 770 2051 827 liceat
2078 770 2129 827 ei
2160 770 2215 825 in

623 859 875 917 omnibus
905 858 1132 915 liberam
1178 858 1379 914 habere
1407 865 1752 929 potestatem,
1798 859 1869 915 ad
1900 858 2214 931 repellenda

623 947 876 1004 videlicet
918 946 1287 1017 impetitorum
1309 946 1763 1013 machinamenta,
1812 954 1865 1003 et
1894 963 2215 1020 praeparan-

623 1035 727 1093 das
758 1050 887 1091 suas
924 1034 1335 1106 responsiones,
1382 1042 1544 1107 atque
1573 1035 1874 1093 amicorum
1920 1037 2218 1108 quaerenda

613 1123 912 1195 juvamina,
941 1123 1118 1180 donec
1137 1130 1226 1179 aut
1254 1124 1606 1181 convincatur
1641 1140 1784 1192 reus,
1817 1131 1909 1179 aut
1954 1124 2218 1181 liberetur

619 1212 898 1269 innoxius.
949 1210 1113 1275 Quod
1144 1211 1191 1267 si
1246 1212 1411 1269 aliter
1439 1228 1469 1267 a
1499 1228 1773 1285 quoquam
1823 1221 2215 1285 prtesumptum

620 1301 804 1369 fuerit,
837 1300 1138 1356 secundum
1159 1308 1474 1357 sanctorum
1504 1300 1747 1357 instituta
1776 1316 2048 1359 canonum
2077 1301 2215 1358 nihil

618 1390 741 1459 erit,
775 1397 826 1446 et
855 1388 1061 1447 viribus
1091 1389 1315 1445 omnino
1344 1388 1572 1446 carebit.

1106 1556 1109 1559 ·
1175 1528 1531 1587 EPISTOLA
1569 1531 1667 1585 IX.

617 1648 832 1705 Damno
844 1645 1120 1703 Ilainaldo
1137 1644 1439 1703 laudabilis
1456 1645 1588 1702 vita
1599 1645 2214 1719 episeopo,eharissimo

691 1736 986 1793 dominoet
996 1735 1359 1808 praeordiali
1387 1736 1591 1801 amico,
1619 1733 1916 1805 Gof/‘ridus
1956 1735 2212 1791 Yindoci-

688 1825 881 1882 nensis
898 1826 1238 1881 monasterii
1269 1824 1503 1880 humilis
1535 1840 1754 1891 servus,
1792 1825 2059 1892 salutem,
2085 1841 2214 1881 cum

684 1930 846 1987 parce
861 1914 1188 1970 dilectionis
1205 1914 1426 1985 affectu
1437 1953 1450 1965 .

690 2041 1007 2108 Mandastis,
1041 2040 1395 2097 dilectissime
1424 2039 1667 2111 domine,
1707 2058 1804 2113 per
1834 2040 2054 2098 fratrem
2108 2059 2217 2099 no—

613 2140 787 2190 strum
820 2130 1127 2187 Robertum
1156 2130 1307 2200 (197)
1338 2136 1396 2184 ut
1423 2129 1657 2185 domnus
1688 2129 1977 2187 Savaricus
2006 2131 2077 2187 ad
2106 2133 2210 2187 ab-

612 2222 794 2277 batem
842 2218 1191 2274 Lambertum
1236 2225 1562 2274 revertatur.
1621 2218 1781 2287 Quod
1838 2218 1965 2275 licet
1993 2236 2021 2274 a
2054 2221 2211 2277 vobis

612 2312 758 2366 bona
787 2307 1084 2364 intentione
1111 2306 1339 2370 dicatur,
1371 2306 1521 2362 salva
1551 2315 1733 2363 tamen
1755 2316 1948 2365 vestrae
1976 2311 2210 2380 palemi-

609 2399 734 2456 tatis
781 2396 1109 2465 reverentia,
1144 2396 1251 2451 hoc
1295 2394 1527 2451 dicimus
1556 2395 1890 2466 inusitatum,
1927 2404 1979 2453 et
2008 2397 2064 2453 in
2093 2406 2206 2456 toto

609 2502 840 2559 corpore
866 2498 1135 2541 canonum
1167 2499 1276 2538 non
1295 2483 1581 2550 invenitur,
1614 2491 1672 2538 ut
1694 2484 1919 2556 quilibet
1949 2486 2205 2543 subillius

608 2591 834 2632 manere
882 2573 1098 2638 debeat,
1142 2578 1433 2643 potestate,
1458 2586 1490 2626 a
1519 2588 1627 2644 quo
1657 2572 1727 2628 de
1770 2573 2000 2630 crimine
2039 2578 2197 2646 113

608 2670 924 2721 accusatur.
963 2662 1086 2716 Non
1114 2674 1240 2726 vos,
1273 2660 1593 2717 charissime
1623 2660 1800 2727 Pater,
1832 2662 2034 2720 docere
2054 2681 2200 2736 pra:-

607 2753 895 2817 sumimus,
927 2765 960 2804 a
989 2764 1096 2821 quo
1117 2747 1311 2803 melius
1339 2748 1528 2805 doceri
1553 2757 1609 2804 et
1637 2765 1950 2820 possumus,
1972 2761 2023 2808 et
2046 2763 2199 2826 opta-

603 2858 746 2898 mus.
781 2842 842 2896 Et
872 2837 1127 2911 quoniam
1156 2838 1517 2911 cognovimus
1546 2839 1703 2896 vobis
1739 2840 1958 2911 placere
1978 2852 2036 2898 ut
2054 2860 2197 2916 pra:-

603 2932 782 2988 dictus
829 2929 995 2983 frater
1036 2926 1195 2983 faciat
1253 2926 1397 2999 quod
1447 2928 1771 2995 mandastis,
1828 2929 1947 3001 ipse
2000 2941 2196 2991 vestrae

602 3018 866 3079 voluntati
916 3032 1025 3072 non
1081 3015 1285 3089 refugit
1333 3016 1577 3072 obedire.
1638 3018 1755 3073 Hoc
1800 3027 2000 3090 autem,
2049 3025 2195 3094 quod

603 3109 737 3166 satis
761 3108 966 3179 justum
998 3112 1047 3161 et
1072 3104 1390 3161 canonicum
1423 3113 1608 3176 potest
1638 3106 1811 3163 videri
1842 3124 1944 3166 nec
1965 3110 2065 3165 sibi
2087 3112 2197 3168 ulla

602 3196 866 3255 canonica
907 3198 1120 3250 ratione
1150 3193 1312 3250 debet
1348 3193 1565 3267 negari,
1596 3210 1630 3249 a
1658 3195 1951 3254 dulcedine
1998 3209 2195 3257 vestras

599 3285 818 3361 pietatis
846 3283 1113 3355 deposcit,
1145 3290 1198 3338 et
1227 3297 1330 3338 nos
1359 3297 1485 3339 cum
1526 3283 1621 3339 illo
1652 3284 2021 3356 deposcimus,
2055 3306 2193 3361 qua—
2226 3302 2275 3365 ο

598 3386 757 3433 tenus
787 3372 1123 3430 auctoritatis
1153 3378 1353 3427 vestrae
1377 3380 1659 3445 praecepto
1686 3373 1767 3430 sic
1795 3374 1848 3429 in
1866 3381 2197 3436 monasterio

600 3481 702 3523 suo
749 3468 988 3528 maneat,
1049 3476 1117 3517 ne
1172 3459 1419 3533 quolibet
1456 3476 1665 3532 genere
1694 3462 2055 3523 damnationis
2110 3470 2197 3526 vel

602 3551 930 3611 detentionis
979 3548 1336 3622 opprimatur,
1393 3547 1570 3606 donec
1614 3563 1942 3622 praesentem
1996 3557 2198 3615 habeat

598 3648 996 3707 accusatorem,
1028 3638 1320 3710 locumque
1350 3637 1679 3695 defendendi
1726 3643 1953 3714 accipiat
1981 3661 2193 3705 conve-

602 3733 861 3798 nientem,
896 3744 1005 3802 quo
1037 3726 1441 3799 blasphemiam
1486 3729 1762 3800 repellere
1793 3732 1968 3788 valeat
2012 3736 2195 3792 crimi-

600 3836 819 3877 nosam.
861 3817 1025 3887 Quod
1069 3816 1115 3871 si
1138 3816 1250 3885 jam
1280 3816 1454 3872 dictus
1510 3818 1685 3873 abbas
1715 3835 1775 3876 se
1831 3822 2193 3894 exspoliatum

601 3910 752 3977 dicit,
810 3907 997 3978 utique
1027 3921 1135 3961 non
1164 3905 1447 3972 mentitur,
1480 3914 1531 3961 et
1562 3906 1761 3962 utina’m
1776 3911 2192 3982 exspoliatorem

600 4014 761 4055 suum
790 3998 998 4069 quanto
1045 3993 1270 4067 gravius
1310 4001 1514 4065 posset,
1574 3994 1941 4070 impugnaret,
1997 4018 2192 4072 perse—

601 4093 884 4161 queretur,
937 4083 1117 4138 modis
1173 4082 1429 4138 omnibus
1485 4081 1793 4153 infamaret,
1854 4088 1986 4160 quia
2014 4092 2091 4147 sic
2139 4093 2193 4149 in

599 4177 835 4239 foveam,
888 4187 1049 4243 quam
1077 4171 1287 4242 paravit
1328 4171 1601 4243 proximo,
1632 4173 1839 4245 primus
1883 4176 2146 4237 incideret
2179 4182 2191 4238 l

599 4264 722 4334 lpse
745 4261 895 4317 enim
927 4276 984 4314 se
1011 4259 1310 4330 expoliavit
1342 4278 1356 4327 ;
1388 4275 1516 4315 nam
1547 4260 1639 4316 ubi
1665 4263 1805 4333 apud
1822 4265 2191 4326 sublimiorem

595 4364 887 4422 personam
936 4348 1208 4403 accusavit
1255 4347 1586 4420 subjectum,
1637 4352 1783 4422 quod
1839 4370 1994 4411 suum
2057 4368 2189 4427 erat,

596 4438 824 4496 alterius
853 4436 1139 4509 potestatis
1177 4436 1324 4493 fecit.
1375 4437 1429 4493 Si
1459 4438 1655 4495 iterum
1703 4442 1771 4495 ab
1792 4458 1878 4510 eo,
1904 4446 1972 4499 ad
2029 4465 2189 4519 quem

588 4526 961 4601 jugulandum
991 4525 1059 4581 de
1094 4525 1284 4598 vagina
1317 4525 1561 4583 mortalis
1584 4527 1820 4587 infamiae
1849 4532 2047 4589 eduxit
2064 4536 2189 4609 gla-

587 4617 759 4685 dium,
810 4614 1178 4671 obedientiam
1234 4614 1421 4686 exigit,
1478 4616 1676 4688 desipit
1722 4619 1956 4677 domnus
2010 4625 2185 4682 abbas

587 4706 702 4777 ille,
746 4674 858 4762 'aut
914 4703 1131 4770 insanit,
1182 4710 1235 4758 et
1283 4674 1548 4776 apostatae
1594 4674 1779 4778 angeli
1822 4674 2185 4781 perversitate
2222 4674 2270 4737 Ο

587 4796 793 4861 nititur,
827 4793 920 4866 qui
947 4791 1258 4850 hominibus
1286 4795 1603 4865 suggeritut
1623 4796 1725 4851 sibi
1755 4797 2184 4876 obediant,quos

587 4885 657 4943 ad
704 4892 937 4942 mortem
965 4883 1057 4940 ille
1105 4884 1473 4954 persequitur.
1508 4884 1664 4941 Pater
1706 4888 1929 4959 optime,
1962 4907 2073 4948 non
2101 4902 2185 4950 est

583 5106 734 5229 (197‘)
766 5106 1025 5231 gatrem
1042 5108 1304 5161 nostrum
1328 5104 1649 5162 Robertum.
1681 5109 1764 5165 Ad
1786 5128 1947 5184 quem
1980 5115 2073 5173 lib.
2101 5133 2176 5188 xv,

583 5191 699 5231 ems
728 5218 740 5230 .
853 5217 864 5228 .

583 5186 740 5247 epist.
775 5186 864 5231 28.

654 5247 1055 5371 ιςῶῗῆἰςῗίἷθιςῗὶ
1082 5250 1274 5305 nostra
1295 5251 1351 5304 et
1377 5248 1580 5308 domno
1604 5252 1921 5313 Hamelino.
1956 5259 2179 5333 Utrique

583 5324 773 5374 scribit
803 5324 898 5371 lib.
931 5332 988 5371 ιν
1001 5357 1014 5371 .

649 5388 807 5467 (199).
830 5388 1495 5472 ρετιέαψιὶὺνᾳιαςλιίιξ,
1530 5407 1591 5459 ιι,
1623 5394 1790 5465 epist.
1821 5399 1921 5472 30,
1944 5405 1997 5452 et
2017 5399 2175 5472 huius

578 5454 701 5512 libri
722 5454 881 5529 epist.
905 5461 989 5523 15,
1007 5458 1281 5530 ducentas
1307 5462 1565 5530 libratus,
1582 5454 1765 5521 terra:
1789 5454 2044 5524 nimirum
2060 5454 2174 5529 ξ’Ῐῦ

577 5529 1067 5618 ξ¹Ἡ³ΞθΡΨιῗΫ¹¹.⁴ἶᾳ
1081 5530 1517 5618 ίῆίξάρῆίνοίγθςίδ,
1534 5548 1677 5617 θρηο
1706 5541 1836 5593 I230
1858 5557 1870 5593 :
1890 5540 2100 5618 Dilecto
2119 5550 2173 5601 et

576 5599 731 5684 ﬁdeli
743 5602 938 5684 nostra
948 5600 1159 5684 joanni
1170 5601 1235 5655 de
1258 5599 1539 5684 l’aleriaco
1550 5607 1615 5684 in
1627 5614 2001 5684 augmentum
2012 5599 2174 5684 [calli

575 5670 981 5747 quodienebal,
995 5671 1498 5747 dedi:r1_u_s_centu_m
1521 5677 1659 5731 libra
1668 5670 1756 5733 tas
1774 5685 1963 5736 terrae.
1986 5670 2042 5738 1h
2060 5690 2100 5740 A
2112 5670 2170 5739 νζ

576 5740 763 5814 vernis
783 5738 1016 5814 scilicet,
1045 5741 1190 5814 apud
1220 5744 1515 5799 Escurolas
1546 5757 1600 5800 et
1628 5750 1872 5806 Maasium
1924 5738 2158 5814 Scholia.

573 5808 797 5885 Antiqui
814 5810 1360 5885 mensorcsintcgras
1390 5815 1511 5885 agri
1528 5832 1810 5873 mensuras
1828 5823 1895 5877 ad
1915 5808 2168 5881 similitu-

572 5878 765 5962 dinem.
784 5878 927 5962 assis
950 5886 1044 5962 aut
1074 5878 1311 5962 libraain
1346 5878 1550 5962 uncias,
1570 5894 1626 5962 et_
1639 5891 1817 5962 unciae
1835 5902 2019 5962 partes
2035 5878 2169 5952 divi-

570 5948 791 6021 debent,
824 5956 882 6004 ut
912 5948 1196 6006 videreest
1223 5951 1366 6024 apud
1384 5952 1743 6013 Columellam
1764 5948 1860 6015 lib'.
1894 5948 2087 6039 mag;
2106 5948 2157 6025 vl.

2325 681 2541 738 cutione
2571 680 2824 750 injunctz
2851 679 3122 752 discipulo
3165 680 3494 737 obeditionis
3537 688 3893 754 argumentum

2323 770 2619 841 assumpsit
2647 777 2838 825 contra
2889 767 3221 839 discipulum
3262 769 3575 827 criminosas
3602 770 3892 827 accusatio-

2325 858 2431 914 nis.
2476 862 2515 927 1
2536 860 2639 927 14
2670 857 2930 929 Praecepit
2958 857 3101 914 enim
3131 866 3317 929 pastor
3343 858 3433 914 ille
3463 858 3891 915 crudeliterastu—

2324 954 2412 1002 tus
2441 947 2531 1003 ovi
2559 946 2793 1018 simplici
2823 954 2881 1001 ut
2912 962 2976 1002 se
3005 947 3160 1019 quasi
3192 946 3333 1002 inter
3362 946 3560 1004 fruteta
3598 947 3889 1004 absconde-

2325 1042 2424 1103 ret,
2456 1042 2725 1107 quatenus
2754 1034 2905 1091 nullo
2936 1034 3275 1092 reclamante
3304 1051 3426 1092 eam
3464 1036 3649 1108 lupina
3678 1052 3892 1093 consue-

2325 1124 2510 1179 tudine
2574 1122 2911 1180 criminando
2960 1123 3270 1180 devoraret.
3338 1125 3533 1180 Pastor
3590 1125 3681 1181 ille
3732 1125 3894 1180 bonus

2324 1210 2677 1284 evangelicus
2706 1212 2905 1268 lassam
2935 1228 3094 1268 ovem
3125 1212 3340 1270 vexisse
3369 1213 3588 1286 legitur,
3618 1230 3724 1269 non
3752 1214 3892 1282 adje-

2323 1300 2466 1357 cisse
2495 1303 2654 1371 (Luc.
2685 1317 2782 1366 xv,
2816 1303 2891 1371 ὅ),
2924 1310 2978 1357 et
3006 1316 3166 1374 quam
3182 1302 3499 1359 damnatam
3528 1303 3750 1372 invenit,
3768 1302 3896 1357 libe-

2324 1389 2479 1456 ravit,
2512 1404 2621 1445 non
2652 1389 2880 1445 liberam
2926 1388 3342 1447 condemnavit.
3383 1391 3589 1458 Valete,
3640 1399 3686 1446 et
3728 1390 3899 1447 valeat

2322 1477 2482 1534 nobis
2511 1478 2656 1550 apud
2704 1494 2823 1545 vos,
2872 1493 3089 1551 magnae
3131 1479 3475 1536 discretionis
3504 1482 3677 1547 Pater,
3733 1482 3897 1552 aequi-

2323 1567 2452 1623 tatis
2480 1582 2713 1623 censura
2740 1587 2754 1635 ;
2786 1567 2996 1639 decepti
3020 1568 3270 1625 monachi
3298 1568 3606 1626 innocentia
3637 1588 3651 1635 ;
3684 1584 3789 1641 qua
3804 1585 3897 1624 vos

2320 1654 2620 1729 diligimus,
2677 1656 2861 1713 cordis
2893 1656 3064 1712 nostri
3118 1656 3439 1723 sinceritas;
3466 1666 3538 1723 et,
3564 1658 3610 1714 si
3664 1674 3893 1730 unquam

2322 1744 2461 1801 bene
2489 1744 2695 1818 aliquid
2737 1745 2807 1802 de
2837 1745 2995 1802 vobis
3026 1746 3346 1818 promeruit,
3380 1756 3567 1803 nostra
3596 1747 3889 1803 humilitas.

2881 1886 3227 1945 EPISTOLA
3271 1888 3323 1943 X
3335 1931 3349 1943 .

2318 2002 2600 2061 Rainaldo
2632 2004 3016 2076 Andegavensi
3043 2006 3315 2078 episeopo,
3334 2021 3497 2078 quem
3511 2006 3572 2061 in
3588 2007 3762 2062 Deum
3780 2005 3899 2060 dili-

2390 2094 2491 2164 git,
2515 2095 2701 2164 frater
2731 2093 3042 2165 Cof/rillus,
3071 2111 3283 2167 purum
3311 2094 3560 2167 ejusdem
3581 2094 3898 2151 dilectionis

2390 2185 2675 2253 affectum
2688 2224 2702 2237 .

2234 1953 2287 2012 Β

2389 2295 2566 2351 Priori
2607 2303 2800 2351 nostro
2826 2303 2880 2351 et
2936 2296 3137 2352 domno
3167 2296 3452 2353 Hamelino
3481 2298 3627 2369 (198)
3668 2297 3899 2359 dixistis,

2316 2384 2464 2456 quod
2492 2384 2842 2440 adversarius
2869 2384 3302 2440 adversariorum
3335 2393 3643 2441 nostrorum
3674 2386 3898 2440 Romam

2314 2472 2504 2529 ivistis.
2544 2474 2811 2528 Praeterea
2841 2472 3125 2528 habebatis
3140 2473 3479 2545 dispositum.
3511 2474 3656 2546 quod
3678 2480 3899 2530 centum

2311 2561 2537 2617 libratas
2589 2562 2738 2632 (199)
2768 2561 3031 2617 Ecclesia:
3085 2571 3288 2618 nostra}
3315 2562 3539 2631 daretis,
3573 2562 3702 2634 quia
3758 2562 3898 2617 bene

2311 2650 2476 2706 vobis
2494 2650 2816 2716 servieram,
2850 2650 2945 2705 sed
3002 2658 3191 2721 postea
3220 2652 3378 2706 bona
3403 2650 3715 2707 intentionis
3773 2651 3899 2706 ani-

2309 2755 2457 2794 mum
2487 2738 2884 2806 commutastis,
2917 2739 3046 2811 quia
3089 2747 3281 2795 contra
3309 2754 3408 2796 vos
3446 2739 3671 2795 multum
3692 2754 3897 2811 pecca-

2307 2843 2517 2884 veram.
2586 2827 2873 2884 Servitium
2903 2827 3122 2901 quidem
3173 2827 3308 2896 scio,
3358 2837 3636 2900 peccatum
3680 2830 3894 2885 nescio.

2307 2916 2423 2972 Nec
2452 2916 2668 2983 mirum,
2686 2916 2942 2988 quoniam
2970 2916 3287 2987 huiusmodi
3320 2925 3601 2989 peccatum
3626 2916 3681 2972 in
3700 2918 3899 2974 charta

2306 3004 2510 3060 diaboli
2541 3019 2650 3061 non
2674 3003 2944 3061 invenitur
2973 3022 2989 3072 ;
3022 3005 3168 3060 Deus
3196 3004 3328 3060 illud
3356 3021 3466 3061 non
3497 3006 3629 3073 odit,
3658 3021 3764 3062 nec
3794 3022 3899 3078 pro

2303 3109 2370 3149 eo
2399 3094 2691 3148 damnatur
2716 3093 2915 3160 anima,
2946 3109 3049 3149 nec
3076 3093 3445 3165 poenitentiam
3483 3095 3614 3168 agit.
3646 3096 3764 3151 Hoc
3786 3095 3897 3152 for-

2305 3182 2466 3250 sitan,
2500 3182 2651 3253 quod
2684 3182 2824 3238 bene
2876 3189 2929 3238 et
2960 3198 3106 3254 saepe
3146 3184 3367 3247 servivi,
3426 3191 3707 3255 peccatum
3762 3187 3899 3242 mihi

2305 3270 2619 3338 ascribitur,
2680 3279 2731 3327 et
2761 3270 2840 3328 sic
2867 3271 3075 3327 malum
3119 3286 3217 3343 pro
3248 3272 3410 3342 bono,
3441 3281 3495 3328 et
3519 3273 3701 3330 odium
3759 3290 3900 3346 pro-

2306 3361 2596 3417 dilectione
2623 3376 2747 3416 mea
2775 3360 3109 3416 retribuitur.
3148 3361 3300 3417 Hanc
3327 3362 3511 3434 utique
3546 3365 3585 3431 1
3605 3366 3704 3432 15
3725 3366 3898 3420 retri-

2306 3449 2585 3505 butionem
2638 3450 2788 3505 Deus
2838 3464 2949 3505 non
2991 3449 3174 3515 docet,
3233 3450 3331 3506 sed
3385 3451 3656 3521 prohibet,
3716 3460 3774 3507 et
3806 3455 3900 3525 qui

2303 3537 2447 3592 illam
2478 3546 2738 3605 sectatur,
2797 3538 3072 3594 diabolum
3101 3539 3156 3593 in
3179 3539 3382 3595 malitia
3408 3555 3662 3612 superare
3719 3557 3902 3598 cona-

2303 3634 2410 3683 tur.
2444 3627 2652 3682 Justius
2699 3627 2844 3683 enim
2885 3628 3136 3697 judicare
3180 3628 3431 3685 diabolus
3465 3629 3681 3685 videtur
3730 3647 3900 3704 quam

2303 3716 2415 3785 ille,
2445 3730 2570 3772 cum
2599 3716 2849 3773 diabolus
2893 3716 2974 3773 sic
3002 3726 3125 3787 agat
3156 3718 3304 3789 quod
3334 3719 3709 3775 tantummodo
3753 3722 3902 3776 mala

2302 3821 2405 3877 pro
2454 3804 2635 3873 malis,
2670 3804 2764 3861 ille
2798 3821 2929 3861 vero
2968 3806 3106 3861 mala
3148 3806 3412 3877 pronobis
3454 3807 3745 3863 retribuat.
3778 3810 3902 3881 Ego

2302 3894 2348 3949 si
2377 3895 2598 3966 quidem
2623 3909 2724 3965 pro
2757 3894 2993 3951 servitiis
3023 3895 3160 3951 meis
3188 3895 3397 3951 nullum
3423 3894 3572 3952 aliud
3606 3898 3899 3969 premium,

2303 3982 2408 4038 nisi
2435 3982 2783 4039 dilectionem
2814 3991 3050 4040 vestram
3083 3984 3328 4055 quaesivi,
3361 3984 3446 4040 vel
3477 4001 3703 4057 quaero;
3731 4003 3897 4059 quam

2302 4070 2522 4143 quidam
2552 4071 2776 4145 indigne
2824 4072 2933 4129 cito
2959 4073 3261 4140 inveniunt,
3291 4081 3343 4129 et
3373 4073 3588 4146 quidam
3619 4077 3764 4131 satis
3792 4079 3896 4149 qui-

2301 4161 2426 4216 dem
2484 4160 2652 4233 digne
2707 4176 2828 4216 eam
2873 4170 3282 4233 promerentur,
3330 4163 3429 4218 sed
3476 4171 3568 4219 aut
3613 4180 3894 4238 nunquam

2302 4258 2732 4321 consequuntur,
2765 4258 2859 4306 aut
2887 4250 3068 4306 subito
3095 4250 3352 4323 perdunt.
3393 4252 3507 4308 Hoc
3542 4260 3729 4309 autem
3750 4255 3891 4320 dico,

2302 4339 2456 4393 Deus
2486 4339 2607 4406 scit,
2632 4354 2740 4395 non
2758 4354 2946 4395 amaro
2972 4339 3154 4395 animo
3186 4358 3201 4407 ;
3234 4347 3305 4407 et,
3340 4340 3387 4395 si
3402 4340 3558 4397 vobis
3578 4357 3688 4397 non
3706 4343 3900 4415 displi-

2300 4435 2387 4483 cet
2424 4428 2572 4499 quod
2631 4428 2855 4483 minime
2923 4428 3214 4499 displicere
3269 4429 3453 4495 debet,
3528 4431 3690 4485 detur
3761 4433 3899 4488 mihi

2298 4515 2575 4572 audientis
2631 4536 2646 4583 ;
2704 4525 2758 4572 et
2812 4516 2959 4590 quod
2987 4516 3194 4574 dictum
3223 4526 3307 4574 est
3355 4534 3488 4576 vera
3516 4520 3904 4591 propositione

2298 4606 2545 4676 probabo
2558 4646 2571 4659 .

2858 4694 3199 4753 El’lSTOLA
3227 4697 3306 4752 XI
3318 4738 3331 4751 .

2291 4815 2569 4873 Rainaldo
2589 4817 2861 4889 prudenti
2882 4821 2937 4872 et
2954 4819 3267 4891 multiplici
3284 4833 3486 4890 genere
3504 4820 3901 4889 pecuniarum

2327 4905 2573 4976 sublimi,
2591 4908 2774 4968 fraler
2789 4906 3078 4979 Goffridus
3104 4907 3528 4965 Vindocinensis
3544 4913 3900 4968 monasterii

2292 5121 2459 5195 Varro
2475 5122 2553 5177 De
2567 5136 2628 5178 re
2645 5121 2844 5179 rustica
2856 5121 2995 5178 libro
3008 5121 3204 5193 primo,
3219 5121 3397 5195 capite
3412 5123 3475 5195 to
3489 5140 3506 5176 :
3522 5122 3601 5178 Ab
3611 5121 3717 5195 hoc
3733 5126 3897 5195 prin-

2287 5193 2433 5264 cipio
2462 5209 2748 5250 memores
2778 5210 3192 5265 nonnunquam
3218 5194 3417 5250 dicunt
3447 5193 3509 5265 in
3536 5193 3891 5265 subsiciuam

2286 5279 2404 5319 esse
2422 5267 2654 5320 unciam
2674 5266 2815 5336 agri,
2833 5269 2937 5320 aut
2948 5264 3548 5337 sextantemmutquid
3555 5265 3740 5337 aliud,
3760 5281 3887 5320 cum

2285 5337 2356 5416 ad
2368 5338 2629 5416 iugerum
2644 5333 3116 5416 pervene_runt._ld
3130 5337 3293 5416 habet
3303 5333 3889 5416 εενιίρξιὶρὲδΒθσυαη-

2285 5411 2409 5461 tum
2425 5405 2682 5479 as.Quod
2700 5422 2833 5479 ergo
2857 5407 3021 5461 fiebat
3051 5407 3106 5461 in
3136 5406 3402 5479 partibus,
3434 5405 3745 5479 idetiamin
3778 5415 3885 5479 toto

2282 5491 2314 5550 a
2334 5479 2612 5550 nonnullis
2643 5476 2842 5550 factum
2891 5486 2993 5544 est,
3028 5486 3088 5533 ut
3118 5476 3344 5550 integris
3371 5476 3505 5550 agri
3540 5478 3822 5532 mensuris
3855 5493 3885 5531 a

2282 5547 2416 5603 libra
2462 5548 2542 5604 vel
2581 5548 2759 5603 solido
2786 5563 2911 5605 asse
2941 5565 3138 5605 nomen
3171 5546 3709 5604 da'rent.'Libratam
3751 5563 3883 5620 ergo

2282 5627 2441 5675 terra;
2488 5620 2739 5675 dixerunt
2780 5620 3047 5692 integrum
3095 5621 3349 5692 jugerum
3397 5626 3572 5692 terrae,
3634 5634 3884 5692 arepen-

2280 5706 2426 5755 nem,
2459 5696 2549 5745 aut
2580 5692 2723 5745 aliud
2755 5689 2956 5746 simile.
2985 5692 3138 5746 Dicta
3166 5689 3330 5745 etiam
3360 5690 3430 5744 ab
3468 5690 3661 5744 eodem
3724 5689 3884 5760 prin-

2278 5762 2422 5829 cpio
2480 5762 2712 5816 solidata
2762 5770 2936 5818 terrte.
2998 5765 3057 5817 ln
3112 5763 3304 5818 litteris
3361 5760 3582 5831 Seguini
3621 5760 3885 5830 episcopi

2279 5832 2694 5887 Matisconensis
2715 5848 2861 5887 anno
2877 5836 3042 5889 1260:
3065 5832 3203 5889 Cum
3223 5833 3566 5889 Guillelmus
3584 5832 3651 5887 de
3673 5832 3885 5888 Oblata

2276 5902 2440 5957 miles
2469 5905 2536 5958 ab
2565 5906 2799 5959 ecclesia
2837 5904 3239 5962 Clunirmienss'
3270 5919 3342 5959 ιχ
3384 5904 3656 5962 solidatas
3702 5908 3887 5960 terrm

2279 5975 2497 6029 teneret
2523 5976 2585 6030 in
2605 5976 2860 6047 feudum,
2885 5983 2997 6033 etc.
