3940 6426
159 428 268 482 113

1410 411 1791 470 EPISTOLE.
1832 439 1902 450 —
1930 409 2056 465 LIB.
2098 407 2197 464 IlI.

3362 398 3464 458 ιιι

238 547 480 605 humilis
540 562 752 613 servus,
814 542 1207 601 Christianam
1243 542 1417 614 legem
1454 538 1758 614 diligenter
1784 536 1840 596 A
1868 532 2063 598 vimus,
2091 545 2195 587 nec
2223 544 2514 603 possumus
2546 545 2646 588 nec
2674 530 2940 588 debemus
2965 544 3075 587 non
3096 526 3266 600 loqui.
3290 527 3349 583 In
3372 526 3463 583 illa

239 638 552 704 observare,
585 638 639 692 et
660 634 951 691 neminem
995 646 1101 705 pro
1153 630 1464 687 assertione
1497 626 1760 684 veritatis

237 728 360 783 odio
391 726 589 783 habere
603 766 615 778 .

238 826 472 882 Dommo
494 825 566 879 Η.
607 822 757 895 (200)
780 819 930 877 fratri
959 827 1148 875 nostro
1177 816 1391 873 dixistis
1421 832 1507 871 me
1529 813 1686 871 vobis
1707 812 1761 868 in

158 913 434 971 electione
465 920 646 968 vestra
678 910 829 983 (201)
860 909 1032 964 fuisse
1074 906 1356 962 infestum.
1414 904 1503 961 Sic
1541 901 1760 975 magni-

161 1001 343 1057 tudini
371 1009 567 1057 vestrae
600 999 747 1071 loqui
776 997 986 1071 placuit
1022 1016 1037 1064 ;
1082 1011 1220 1052 meae
1266 1003 1447 1050 tamen
1502 990 1761 1065 parvitati

159 1090 300 1146 satis
332 1088 628 1162 displicuit,
661 1088 802 1159 quod
833 1102 1108 1144 canonum
1138 1083 1343 1156 regulis
1364 1090 1419 1138 et
1446 1090 1761 1138 sanctorum

161 1177 647 1235 constitutionibus
671 1177 895 1232 Patrum
931 1175 1006 1230 ibi
1048 1173 1175 1230 novi
1217 1189 1340 1229 esse
1393 1169 1750 1228 contrarium.

164 1269 311 1322 Nam
342 1266 434 1322 ubi
467 1266 575 1321 vidi
605 1264 824 1321 unicum
856 1271 908 1320 et
937 1262 1219 1337 singulare
1246 1266 1453 1319 sanctae
1495 1257 1761 1315 Ecclesiae

162 1356 364 1411 ostium
395 1354 596 1421 claudi,
629 1362 683 1410 et
710 1353 857 1408 aliud
885 1352 1124 1418 aliunde,
1147 1367 1248 1423 per
1269 1349 1416 1423 quod
1442 1348 1535 1421 qui
1563 1348 1760 1403 intrant

164 1444 320 1499 fures
349 1450 481 1500 sunt
510 1450 563 1498 et
589 1442 833 1498 latrones
862 1443 1044 1513 (Joan.
1078 1455 1138 1506 ιι,
1173 1440 1250 1509 1),
1300 1438 1497 1496 ostium
1554 1436 1758 1508 aperiri

157 1532 519 1604 apostolicam
549 1530 738 1587 violari
762 1530 1352 1599 doctrinam,sanctum
1388 1530 1425 1597 1
1447 1528 1548 1597 16
1578 1528 1758 1582 Evan-

160 1621 372 1693 gelium
402 1620 621 1691 penitus
650 1619 945 1688 contemni,
979 1619 1026 1673 si
1056 1618 1186 1673 mihi
1211 1616 1529 1689 placuisset,
1558 1612 1759 1671 Christi

157 1725 361 1765 servus
391 1726 500 1765 non
531 1724 734 1775 essem,
762 1707 859 1763 sed
887 1706 1116 1763 diaboli.
1153 1708 1227 1762 At
1267 1706 1396 1761 mihi
1433 1704 1557 1772 soli,
1613 1704 1758 1760 sicut

156 1798 421 1866 arbitror,
454 1813 554 1869 pro
583 1796 808 1853 crimine
838 1811 947 1854 non
976 1796 1140 1852 debet
1168 1794 1389 1863 ascribi,
1441 1794 1591 1867 quod
1643 1793 1758 1849 Ste-

1871 619 2142 692 siquidem
2171 618 2403 685 actione,
2428 618 2538 674 imo
2561 619 2710 692 vulgi
2730 619 3157 692 conspiratione,
3178 631 3340 689 quam
3360 629 3462 687 pro

1871 708 2140 766 electione
2168 707 2453 779 reputatis,
2486 710 2570 764 lex
2603 707 2750 764 velut
2779 708 2924 765 inter
2952 723 3108 764 arma
3138 705 3282 762 siluit
3311 723 3327 769 ;
3360 718 3465 759 vox

1871 797 2053 853 divina
2084 796 2261 852 locum
2292 812 2406 851 non
2436 796 2648 851 habuit.
2687 797 2879 853 Totum
2910 797 2982 851 ibi
3032 795 3225 853 levitas
3280 791 3462 850 vindi-

1872 886 2014 943 cavit
2052 892 2103 941 et
2120 885 2353 951 vanitas,
2373 884 2461 940 ubi
2476 886 2645 940 mima
2660 885 2910 957 quadam
2928 892 2981 941 et
3001 885 3199 940 mulier
3217 881 3463 955 publica,

1870 991 1992 1046 quae
2021 989 2119 1029 vos
2149 972 2442 1047 garruliter
2469 973 2826 1041 acclamabat,
2845 972 3080 1045 amplius
3107 971 3282 1044 potuit
3301 984 3464 1043 quam

1868 1062 2046 1135 plebis
2075 1061 2387 1129 maturitas,
2419 1061 2503 1117 vel
2557 1061 2828 1118 clericalis
2880 1063 3144 1118 honestas
3190 1060 3453 1132 potuerit.

1870 1159 1973 1214 Hin
2005 1158 2308 1214 lldebertus
2340 1157 2490 1225 (203)
2522 1157 2607 1212 νὶι·
2634 1158 2944 1232 religiosus,
2969 1158 3063 1230 qui
3091 1165 3214 1230 post
3251 1164 3460 1214 metro-

1868 1247 2164 1319 politanum
2192 1246 2249 1301 in
2277 1245 2560 1318 provincia
2580 1246 2789 1319 primus
2819 1254 2934 1302 erat
2962 1246 3253 1319 episcopus
3286 1246 3457 1319 (20%),

1868 1352 1977 1392 non
2006 1336 2179 1391 tacuit
2208 1335 2335 1408 ;qui
2364 1350 2398 1390 a
2426 1342 2610 1391 vestra
2639 1335 3078 1402 consecratione,
3116 1334 3246 1391 licet
3283 1351 3314 1389 a
3362 1349 3462 1390 suo

1868 1423 2287 1495 metropolitano
2316 1430 2543 1480 vocatus
2570 1424 2742 1495 (205),
2776 1423 3017 1496 seipsum
3052 1422 3377 1492 absentavit,
3409 1429 3463 1478 et

1866 1522 2294 1577 exsecrationem
2344 1536 2468 1576 esse
2526 1521 2709 1592 potius
2769 1536 2933 1595 quam
2990 1520 3463 1579 consecrationem

1867 1609 2173 1682 apostolica
2199 1617 2253 1665 et
2274 1609 2590 1682 evangelica
2618 1609 2848 1668 veritate
2897 1609 3231 1683 praedicavit.
3277 1611 3462 1666 Bonus

1866 1698 2143 1754 Maurilius
2172 1698 2342 1770 (206),
2366 1712 2525 1770 quem
2546 1705 2787 1755 vestrum
2810 1699 3276 1771 praedecessorem
3291 1697 3464 1754 fuisse

1867 1786 2202 1860 gloriamini,
2237 1785 2400 1843 beato
2431 1786 2668 1860 eligente
2696 1787 2929 1843 Martino
2983 1794 3038 1843 et
3093 1786 3464 1859 praesignante

156 1888 345 1958 pbauo
374 1887 585 1943 decano
615 1894 798 1942 vestro
829 1886 999 1955 (202),
1032 1892 1085 1941 et
1107 1884 1359 1956 personis
1406 1899 1528 1957 qua:
1582 1880 1757 1937 aﬁ'ue-
1786 1893 1840 1954 Β
1874 1875 2082 1948 Spiritu
2137 1882 2348 1945 sancto,
2405 1873 2614 1932 electus
2665 1883 2750 1931 est
2803 1882 2858 1932 et
2908 1883 3285 1932 consecratus.
3351 1875 3464 1931 Vos

158 1984 311 2041 runt,
340 1983 521 2048 potest
549 1974 730 2046 potius
751 1973 1024 2045 imputari.
1048 1972 1258 2029 Omnes
1300 1972 1483 2044 utique
1538 1979 1757 2028 contra-

161 2064 425 2120 dixerunt
451 2064 606 2119 illam
634 2079 798 2136 quam
829 2070 1065 2119 vestram
1091 2061 1266 2118 fuisse
1295 2061 1475 2118 dicitis
1534 2059 1760 2117 electio-

160 2169 315 2219 nem,
348 2162 402 2209 et
432 2153 882 2224 reprobaverunt.
928 2153 1043 2208 Nec
1097 2150 1412 2214 immerito;
1470 2164 1597 2205 nam
1654 2148 1761 2205 illis

158 2242 348 2297 invitis
378 2249 432 2299 et
459 2258 569 2298 non
590 2241 915 2313 petentibus,
961 2248 1214 2313 arreptus
1266 2239 1442 2295 fuistis
1483 2255 1518 2293 a
1571 2236 1757 2312 vulgo,

161 2339 222 2386 et
249 2331 394 2404 quod
424 2330 498 2386 ibi
527 2330 729 2386 factum
756 2336 857 2397 est,
887 2330 991 2386 hoc
1021 2337 1461 2402 prmsumptuosa
1489 2338 1542 2384 et
1569 2326 1758 2399 perni-

162 2420 318 2476 ciosa
345 2418 474 2476 fecit
499 2418 719 2475 seditio.
754 2418 869 2475 Nos
900 2425 1081 2475 autem
1110 2434 1231 2491 quae
1256 2416 1485 2474 vidimus
1514 2423 1568 2472 et
1597 2414 1759 2472 audi-

242 2624 396 2695 (200)
427 2626 644 2681 Damno
676 2624 740 2678 Η.
772 2620 1083 2695 Hamelino,
1109 2627 1168 2677 ut
1195 2619 1356 2695 epist.
1381 2620 1748 2695 praecedenti.

241 2692 392 2765 (201')
422 2695 485 2750 In
515 2696 793 2751 electione
821 2697 1043 2765 vestra.
1067 2694 1148 2748 De
1205 2692 1456 2765 llainaldi
1512 2692 1760 2765 episcopi

166 2762 460 2830 electione,
494 2766 580 2822 cui
611 2765 793 2820 multis
822 2763 1134 2819 nominibus
1162 2763 1486 2819 adversatus
1512 2762 1599 2818 est
1627 2762 1759 2819 Gof-

164 2838 361 2902 t‘ridus,
391 2844 515 2908 aget
546 2837 742 2908 iterum
771 2835 882 2908 lib.
914 2852 986 2908 iv,
1019 2835 1159 2904 epist
1188 2838 1219 2889 9
1254 2851 1268 2888 :
1302 2834 1556 2908 eamdem
1585 2834 1762 2908 impu-

164 2916 305 2980 gnat
332 2905 505 2987 t_ribus
533 2907 778 2977 epistolis
800 2906 1112 2987 lldebertus
1143 2919 1162 2987 ξ
1187 2910 1252 2987 9,
1272 2905 1340 2987 ad
1387 2905 1759 2987 archiepisco-

165 2975 304 3051 pum
335 2975 712 3035 Turonensem
743 2996 758 3043 ;
793 2979 859 3032 12
889 2984 943 3032 et
972 2978 1062 3043 23,
1097 2975 1167 3031 ad
1214 2975 1536 3032 Rainaldum
1576 2975 1762 3047 ipsum

164 3050 435 3129 electum,
450 3049 537 3105 cui
568 3049 844 3129 suadetut
869 3046 1273 3129 promotionem
1302 3063 1410 3127 non
1440 3047 1759 3129 canonicam

165 3122 367 3189 ejuret.
400 3122 479 3176 De
510 3121 705 3176 eadem
729 3116 891 3176 etiam
949 3117 1246 3173 Marbodus
1300 3118 1356 3172 in
1405 3118 1639 3189 epistola
1693 3116 1761 3171 ad

166 3191 517 3247 Rainaldum.

166 3193 494 3249 Rainaldum
505 3233 517 3247 .

245 3265 391 3336 (202)
421 3262 927 3336 Stephanodecano
948 3263 1149 3336 vestro.
1173 3258 1271 3336 Qui
1291 3275 1414 3317 cum
1436 3258 1557 3316 aliis
1572 3257 1759 3336 inscri-
1791 3248 1840 3314 C

210 3329 534 3405 tmepistola
553 3334 592 3405 _4
622 3341 677 3387 et
704 3335 757 3405 ti,
793 3332 888 3388 lib.
920 3349 972 3405 v.
991 3333 1089 3405 De
1104 3329 1299 3386 eodem
1324 3339 1599 3405 praeterea
1630 3330 1761 3405 litar-

210 3351 281 3391 ιω
299 3351 534 3405 θριδιοιιι
559 3351 592 3385 ιι
622 3351 677 3387 ει
704 3351 757 3399 D,
793 3351 888 3388 ιιι).
920 3351 972 3388 ν.
993 3351 1074 3386 U8
1104 3351 1299 3386 8008"]
1324 3351 1595 3402 praeterea
1630 3351 1761 3385 MM"

164 3351 352 3461 godus
373 3403 605 3475 epistola
633 3404 848 3475 eadem,
878 3410 933 3459 et
961 3401 1268 3475 lldebertus
1297 3402 1532 3475 epist._9.
1557 3400 1763 3459 Utrius-

171 3473 504 3548 queﬁgvei‘ba
569 3474 720 3548 quia
762 3482 933 3548 totum
990 3474 1136 3529 hunc
1195 3473 1380 3548 locum
1411 3473 1758 3548 _il_lu_strant,

169 3544 552 3615 subjiciemus.
592 3544 679 3600 Sic
709 3545 877 3617 igitur
905 3545 959 3599 in
1006 3559 1091 3617 ea,
1121 3544 1352 3617 epistola
1410 3544 1711 3617 lldebertus
1744 3559 1758 3595 :

166 3618 379 3675 Petitio
398 3620 600 3681 vestra,
627 3614 1009 3689 qua'vocamur
1019 3614 1092 3670 ad
1103 3615 1271 3689 electi
1285 3616 1459 3671 vestri
1478 3630 1767 3689 consecra-

170 3694 195 3743 ι
206 3690 411 3755 ionem,
426 3686 821 3759 facilemrapud
833 3704 934 3744 nos
952 3686 1236 3759 inveniret
1248 3700 1565 3759 assensum,
1580 3686 1631 3740 si
1640 3700 1768 3759 eam

170 3761 322 3816 ratio
339 3755 618 3817 tueretur.
641 3755 745 3815 sed
768 3762 1057 3815 testantur
1075 3758 1172 3829 qui
1186 3757 1525 3828 adfuerunt,
1542 3755 1769 3828 quodad

160 3830 620 3902 juvenem,infra
629 3830 1051 3902 sacrosordines
1065 3832 1119 3902 et
1133 3843 1313 3883 annos
1327 3829 1645 3902 inventum,
1661 3842 1766 3882 nec

170 3898 209 3954 ὴ
226 3902 375 3957 clero
388 3898 955 3967 elect’um,seditiosus
969 3898 1134 3955 turba
1142 3905 1211 3954 tce
1224 3899 1400 3956 turbae
1410 3900 1768 3970 clamoripon-

174 3972 449 4042 tiﬁcalem
464 3971 768 4027 detorserit
788 3972 1142 4042 electionem.
1171 3972 1386 4026 Asserit
1403 3972 1581 4025 etiam
1597 3969 1768 4042 deca_-_

174 4039 287 4099 nus
306 4046 619 4105 cautorem.
656 4041 1188 4112 archidiaconos,iet
1209 4042 1483 4111 majorem
1520 4039 1765 4112 capituli

171 4118 421 4185 partem,
446 4116 722 4185 quantum
738 4114 988 4185 licuerit,
1000 4111 1365 4185 obclamasse,
1377 4111 1658 4185 simulque
1678 4114 1765 4165 ta-

172 4183 319 4241 tibus
331 4183 486 4269 ausis
496 4200 788 4269 assensum
799 4184 1157 4269 subtraxisse
1160 4198 1261 4269 pro
1273 4183 1765 4269 ratione,seipsum

171 4253 1765 4405 ἔᾶἷέῖῖέῗιΐνὲἒἷέξεῖῗηῗένῗξὲίὲἓῗᾶἓιῗὲεἒῗιὲνὲἕῖἐρῖῧῗ

177 4394 347 4452 tenti.
366 4397 641 4452 Hactenus
672 4394 997 4461 lldebertus,
1017 4394 1281 4465 deinceps
1309 4395 1625 4451 Marbodus:
1655 4394 1763 4449 Nec

176 4472 375 4523 tamen
393 4468 619 4538 elapsus
642 4468 860 4531 destiti,
881 4471 948 4522 ut
967 4471 1105 4522 tunc
1120 4466 1394 4537 putabam
1409 4468 1760 4527 constanter,

174 4542 240 4594 ut
258 4554 411 4621 nunc
429 4539 682 4621 intelligo
700 4539 1074 4621 pertinaciter
1088 4553 1287 4621 urgere
1312 4538 1681 4621 propositum,
1706 4540 1763 4620 et

1869 1981 2049 2030 autem
2079 1972 2245 2046 vulgo
2292 1972 2505 2028 furente
2561 1979 2616 2028 et
2658 1979 2839 2044 spreta
2894 1972 3161 2029 canonica
3197 1971 3465 2029 electione

1869 2062 2001 2119 estis
2023 2068 2261 2118 creatus.
2304 2061 2531 2117 Frustra
2557 2060 2748 2133 utique
2783 2060 2852 2118 de
2881 2059 3025 2117 bono
3054 2061 3464 2132 praedecessore

1868 2159 2150 2233 gloriatur,
2184 2159 2276 2231 qui
2301 2165 2503 2216 sortem
2532 2158 2814 2216 electionis
2857 2166 2910 2215 et
2957 2158 3230 2229 bonitatis,
3299 2160 3457 2229 117

1868 2264 2039 2321 quam
2069 2247 2162 2304 ille
2191 2247 2408 2305 sortitus
2444 2255 2546 2314 est,
2577 2262 2690 2304 non
2723 2246 2971 2303 sortitur.
3023 2248 3164 2303 Nam
3218 2255 3274 2303 et
3322 2246 3465 2304 alte-

1868 2336 1981 2392 rius
2011 2336 2227 2393 bonitas
2260 2335 2312 2392 ei
2342 2335 2433 2408 qui
2460 2335 2516 2390 in
2537 2334 2767 2392 crimine
2797 2343 2981 2392 manet
3008 2335 3316 2393 nullatenus
3345 2334 3465 2391 suf-

1867 2424 2136 2500 fragatur,
2173 2428 2227 2482 et
2254 2425 2545 2497 episcopus
2570 2424 2689 2482 sine
2709 2424 2971 2482 canonica
2992 2424 3260 2482 electione
3289 2424 3459 2496 (207),

1867 2628 2108 2696 tenebat,
2142 2643 2208 2686 ac
2238 2627 2479 2685 secundo
2508 2628 2578 2700 ab
2616 2642 2683 2684 ea
2709 2627 2831 2685 loco
2860 2628 2915 2684 in
2943 2628 3240 2700 provinciae
3269 2627 3461 2685 notitia

1867 2700 2302 2782 descﬁbebatur.
2336 2701 2450 2779 Hoc
2494 2699 2660 2782 enim.
2697 2699 3075 2782 prmiogativte
3134 2708 3460 2782 argumento

1868 2770 2350 2842 utiturFulbertus
2381 2770 2436 2825 in
2467 2769 2782 2841 epistola‘ad
2805 2769 3461 2842 Deodatumrepiscopum

1870 2841 2318 2899 Suessionensem
2335 2857 2348 2896 :
2368 2842 2473 2898 Sed
2490 2858 2561 2897 ne
2576 2842 2800 2898 civitati
2816 2842 2902 2898 vel
2920 2841 3188 2899 Ecclesice
3202 2841 3470 2899 Catalau-

1868 2928 2075 2968 norum
2109 2928 2276 2967 suum
2294 2912 2582 2981 denegetis
2600 2913 2887 2979 honorem,
2906 2914 3233 2968 meminisse
3250 2928 3342 2967 vos
3362 2913 3463 2968 de-

1869 2988 1976 3049 cet,
1993 2984 2138 3056 quod
2153 2984 2222 3056 in
2233 2984 2475 3056 antiqua
2493 2982 3198 3056 descriptioneprovinciw
3211 2983 3458 3056 Belgicis

1870 3053 2181 3125 secundum
2202 3055 2329 3125 ipsa
2342 3053 2543 3108 civitas
2563 3070 2599 3125 a
2627 3053 2899 3125 Remensi
2923 3054 3108 3125 locum
3130 3053 3355 3125 habeat.
3394 3053 3465 3110 Ut

1870 3125 2036 3198 igitur
2052 3124 2107 3179 in
2125 3122 2344 3198 Belgica
2367 3138 2408 3177 ιι
2429 3122 2975 3198 provincia,proxima
2994 3123 3463 3198 Remensimetro-

1870 3193 1982 3267 p'oli
2003 3201 2085 3250 est
2099 3193 2285 3267 civita_s
2298 3193 2828 3259 Catalaunorum,sic
2847 3193 2902 3267 in_
2913 3193 3078 3267 tertia
3089 3194 3461 3267 Lugdunensi,

1871 3262 2048 3337 ῥισὶιιιιι
2075 3273 2199 3337 post
2238 3265 2589 3337 Turonorum
2640 3264 2982 3337 metropolim
3033 3262 3228 3337 civitas
3285 3262 3463 3320 Ceno-

1870 3334 2098 3392 inanical
2133 3334 2312 3404 Quare
2339 3334 2630 3405 episcopus
2660 3335 3088 3405 Cenomanensis
3131 3336 3337 3405 primus
3360 3341 3464 3405 est

1871 3407 2168 3478 episcopus
2198 3406 2342 3478 illius
2359 3404 2672 3478 provincias.
2699 3404 3018 3476 Eodemque
3040 3404 3205 3461 modo
3222 3405 3278 3478 in
3290 3404 3467 3478 prima

1871 3474 2178 3549 Aquitania,
2204 3474 2422 3549 primus
2438 3474 2741 3549 episcopus
2768 3474 3137 3532 Arvernorum
3172 3491 3186 3546 ;
3218 3476 3272 3531 in
3290 3474 3466 3549 quui-

1873 3545 2012 3603 tania
2042 3564 2101 3608 ιι.
2134 3545 2342 3618 primus
2365 3545 2656 3618 episcopus
2688 3546 3050 3618 Pictavorum,
3082 3545 3244 3618 atque
3290 3545 3465 3618 ita'_in

1875 3619 2105 3700 caeteris.
2134 3616 2470 3701 'Alipmodo
2510 3616 2717 3701 primus
2745 3616 2912 3697 .inter
2965 3616 3460 3701 comprovinciales

1874 3690 2165 3761 episcopus
2193 3688 2415 3756 dicitur,
2447 3687 2538 3760 qui
2557 3687 2788 3761 honoris
2815 3704 2933 3745 avo
2961 3687 3265 3761 antecedit;
3298 3703 3462 3761 quem

1875 3758 1928 3817 et
1954 3758 2253 3831 primatem,
2282 3758 2499 3831 quoque
2538 3758 2646 3831 dici
2687 3759 2906 3831 solitum
2946 3774 3011 3831 ex
3059 3758 3250 3831 Hilarii
3305 3758 3464 3831 papa

1873 3828 2068 3887 litteris
2095 3828 2425 3887 didicimus.‘
2444 3828 2534 3885 Sic
2562 3829 2706 3885 enim
2735 3829 2926 3886 scribit
2944 3828 3014 3885 ad
3032 3828 3323 3955 episccipos
3342 3828 3468 3900 pro-

1874 3901 2066 3955 vinciae
2096 3899 2441 3955 Viennensis.
2474 3907 2527 3955 et
2553 3899 2690 3955 alios
2723 3918 2737 3955 :
2769 3901 2838 3955 Ei
2876 3900 2973 3955 aui
2999 3916 3154 3955 nunc
3242 3901 3464 3955 cclesia:

1874 3901 2066 3973 vinciae
2096 3899 2441 3973 Viennensis,
2474 3907 2527 3955 et
2553 3899 2690 3956 alios
2723 3901 2839 3973 :AEi
2876 3900 2973 3973 qui
2999 3916 3154 3973 nunc
3197 3899 3464 3973 Ecclesia:

1874 3971 2227 4029 Narbonensi
2250 3971 2557 4043 praesidere
2583 3970 2964 4043 permittitur,
3012 3970 3462 4043 ordinandorum

1874 4041 2261 4116 episcoporum
2273 4043 2337 4116 ob
2349 4041 2599 4116 haeque
2610 4055 2784 4116 prave
2802 4045 2959 4112 facta
2973 4045 3116 4116 sunt
3122 4041 3460 4097 sustulimus

1872 4114 2233 4187 potestatem.
2258 4114 2435 4180 Quam
2450 4114 2535 4167 ita
2550 4114 2625 4167 ad
2635 4114 2876 4182 fratrem
2893 4116 2949 4168 et
2963 4114 3349 4185 coepiscopum
3362 4127 3461 4166 no.

1874 4189 2062 4241 strum
2090 4183 2485 4240 Constantium
2541 4183 2775 4239 Uceticw
2823 4183 3086 4240 Ecclesiae
3110 4183 3455 4241 antistitem.

1874 4259 2006 4324 quia
2020 4271 2133 4310 αιυο
2150 4253 2376 4326 honoris
2392 4254 2611 4326 primus
2626 4268 2751 4326 esse
2767 4252 2999 4326 dicitur,
3014 4256 3306 4326 pertinere
3332 4269 3462 4310 cen-

1875 4323 2111 4389 suimus,
2131 4323 2583 4397 utsisuperstite
2615 4325 2813 4397 Horme
2861 4323 3119 4397 episcopo
3148 4323 3461 4394 defunctus

1872 4397 2248 4469 fuerit,illu_m
2265 4395 2383 4469 haec
2402 4410 2541 4450 cura
2559 4395 2828 4469 respiciat
2842 4395 3011 4469 quem
3025 4395 3461 4469 repereritepis-

1873 4465 2082 4539 copalis
2098 4466 2234 4539 ordo
2247 4467 2572 4539 primatem,
2586 4465 2751 4539 idest
2768 4465 3147 4539 episcoporum
3169 4465 3462 4539 provinciae

1872 4534 2329 4608 antiquissimum,
2347 4534 2445 4608 qui
2474 4535 2693 4608 quidem
2717 4534 2845 4591 ante
2871 4534 3006 4608 alios
3022 4534 3214 4608 sedere
3234 4543 3287 4591 et
3303 4536 3462 4591 subs-

174 4556 240 4594 ut
258 4556 411 4593 nunc
429 4556 682 4610 znzemgo
697 4556 1074 4663 pertinaciter
1088 4556 1287 4609 urgere
1312 4556 1681 4621 propositum,
1706 4556 1762 4591 et
1872 4556 2329 4608 antiquissimum,
2345 4556 2445 4617 qui
2474 4556 2693 4607 quidem
2717 4556 2845 4591 ante
2871 4556 3006 4591 auos
3022 4556 3214 4617 seuere
3234 4556 3287 4591 ει
3303 4556 3455 4591 διιῠδε

173 4614 374 4688 contra
392 4609 631 4681 optimos
662 4624 690 4664 c
719 4609 1018 4688 ericorum,
1053 4610 1150 4688 qui
1175 4609 1430 4688 pluribus
1469 4624 1543 4688 ea:
1575 4608 1763 4688 causis
1791 4597 1843 4656 D
1873 4609 2096 4688 erigere
2120 4607 2172 4661 in
2203 4607 2434 4688 concilio
2470 4606 2723 4688 solettex
2746 4606 3352 4688 synodocabtlonmap.
3403 4610 3455 4686 β.

172 4680 377 4751 absque
387 4677 486 4735 suo
501 4695 734 4735 assensu
748 4697 781 4734 a
796 4679 956 4749 vulgo
968 4677 1189 4750 factam
1210 4679 1601 4751 improbabant
1622 4677 1764 4733 elec-

176 4750 408 4809 tionem.
423 4752 690 4821 quoniam
709 4755 766 4805 et
789 4752 948 4820 infra
962 4765 1162 4814 annos,
1180 4755 1237 4805 et
1256 4754 1426 4805 extra
1445 4750 1689 4810 ordines.
1706 4752 1763 4804 et

174 4838 276 4894 per
293 4822 607 4894 tumultum
626 4822 1015 4893 populimagis
1043 4821 1181 4889 ﬁcta
1210 4824 1357 4894 esset
1371 4836 1543 4894 quam
1578 4823 1757 4894 facta,

175 4891 1226 4965 promotiunisgtuce’causas'asserere.
1250 4892 1318 4946 Et
1354 4891 1425 4946 de
1459 4892 1757 4965 Stephano,

174 4962 300 5035 post
320 4977 527 5033 pauca:
547 4963 699 5019 Idem
732 4979 863 5017 cum
890 4963 1210 5035 Stephanus
1239 4979 1370 5017 cum
1408 4962 1755 5034 quibusdam,

174 5034 308 5117 quos
327 5049 519 5117 omnes
538 5035 639 5089 tibi
651 5034 1009 5117 postmodum
1030 5050 1218 5117 meam
1241 5037 1305 5117 ut
1332 5035 1540 5117 fertur,
1558 5038 1761 5117 pactus

175 5104 548 5174 dejectionem
558 5120 634 5160 ea:
643 5104 1032 5174 infestissimis
1042 5106 1252 5160 amicos
1267 5106 1474 5172 fecisti,
1506 5105 1564 5158 in
1579 5106 1762 5175 ipsam

181 5190 297 5232 esse
327 5176 621 5240 clamaret,
652 5191 751 5246 ego
779 5176 956 5246 stulte
984 5175 1209 5246 quidcm
1229 5178 1286 5230 et
1308 5174 1635 5246 improvide,
1667 5175 1764 5230 sed

178 5247 357 5319 nimio
391 5250 483 5304 tuo
511 5245 703 5316 favore
734 5245 1312 5319 seductus,meipsum
1326 5245 1535 5311 devovi,
1566 5246 1628 5300 In
1653 5261 1759 5312 me,

178 5318 460 5386 inquiens,
493 5319 571 5371 sit
599 5318 711 5372 ista
740 5316 1036 5386 iniquitas.

251 5388 398 5457 (203)
430 5387 770 5443 ltdebertus.
808 5386 921 5441 Hoc
949 5394 1194 5455 tempore
1223 5387 1572 5441 Turonorum
1596 5386 1767 5442 archi-

181 5459 507 5529 episcopus;
554 5457 653 5512 sed
702 5472 827 5513 cum
870 5457 1168 5529 Bainaldus
1225 5457 1432 5529 electus
1492 5462 1595 5529 est,
1652 5462 1765 5511 tum

179 5528 354 5584 adhuc
383 5528 858 5600 Cenomannorum
887 5528 1200 5600 episcopus,
1236 5528 1304 5583 de
1335 5543 1442 5600 quo
1483 5528 1643 5598 epist.
1678 5531 1764 5593 t3,

182 5608 235 5655 et
261 5599 633 5671 sequentibus.

254 5670 400 5740 (2M)
426 5672 559 5725 Post
588 5670 1092 5742 metropolitanum
1121 5670 1184 5725 in
1212 5672 1508 5742 provincia
1547 5670 1769 5742 primus

184 5746 305 5813 erat
319 5739 854 5813 episcopusaUtpote
872 5739 1604 5813 Cenomannorumantistes.
1628 5742 1772 5795 Inter

185 5809 474 5883 episcopos
506 5809 754 5883 ejusdem
778 5809 1077 5883 provincia
1103 5810 1311 5883 primus
1342 5811 1613 5883 interdum
1647 5827 1773 5868 cen-

186 5880 404 5939 sebatur
429 5882 477 5937 is
508 5882 664 5949 cujus
686 5880 879 5936 civitas
909 5880 1208 5937 secundum
1224 5882 1565 5955 a_metropoli
1586 5883 1768 5939 locum

1869 4684 1939 4735 At
1955 4680 2021 4759 D:
2055 4676 2361 4759 gregorius
2391 4676 2660 4759 singulari
2683 4676 2971 4759 privilegio
2997 4676 3051 4731 in
3092 4676 3458 4759 SyagriiAepif

1871 4749 2021 4821 scopi
2050 4747 2339 4821 Edu'ensis
2367 4747 2595 4821 gratiam
2618 4747 2814 4821 statuit
2835 4747 2928 4821 lib.
2963 4762 3065 4813 vn,
3084 4747 3226 4821 epist
3248 4747 3383 4821 112,
3401 4755 3459 4821 ut

1869 4817 2159 4892 episcOpus
2185 4820 2302 4892 ejus
2332 4817 2592 4892 Ecclesiae
2612 4818 2843 4890 primum
2880 4818 3061 4892 locum
3090 4817 3144 4872 in
3174 4817 3456 4892 provincia

1867 4888 2042 4963 prima
2061 4888 2427 4963 ’Lugdunensi
2466 4897 2591 4961 post
2615 4888 3123 4963 '_metropol_itanum
3141 4958 3152 4963 _
3170 4888 3410 4944 obtineat
3442 4906 3455 4952 ;

1868 4958 2052 5019 caeteri
2084 4958 2206 5033 post
2232 4960 2384 5033 illum
2406 4958 2520 5016 suae
2550 4960 2784 5032 quisque
2826 4958 3186 5016 ordinationis
3240 4967 3458 5032 tempus

1868 5041 1921 5089 et
1952 5031 2369 5104 praerogativam
2399 5031 2720 5104 sequantur.

1952 5049 2369 5158 praerogativam
2399 5049 2720 5103 sequantur.

1939 5105 2091 5171 (205)
2187 5118 2290 5174 suo
2311 5103 3021 5174 metropolitanovocatus.
3075 5103 3119 5155 Α
3175 5099 3459 5169 Radulpho

1869 5175 2149 5230 Turonum
2179 5172 2615 5244 archiepiscopo.
2653 5172 2808 5244 Unde
2835 5177 3086 5244 apparet,
3119 5174 3264 5244 quod
3294 5174 3457 5244 paulo

1871 5255 1995 5300 ante
2026 5244 2353 5314 monuimus,
2386 5242 2671 5314 epistolam
2721 5246 2752 5297 9
2793 5242 3065 5310 lldeberti,
3124 5242 3247 5314 quae
3300 5242 3459 5298 titulo

1871 5323 2042 5381 caret,
2073 5314 2143 5369 ad
2174 5313 2514 5385 Radulphum
2536 5314 2677 5369 hunc
2706 5313 3028 5385 rescriptam
3057 5313 3204 5385 esse,
3236 5329 3360 5370 cum
3390 5314 3460 5368 ab

1873 5402 1939 5465 eo
1957 5394 2272 5465 vocaretur,
2292 5383 2361 5439 ad
2380 5383 3455 5465 Bainaldiconsecratio_nem._Quam.qui-

1874 5458 1997 5513 dem
2026 5456 2445 5527 deprecatur,et
2504 5455 2787 5525 epistolam
2841 5456 3043 5511 claudit
3097 5456 3181 5511 his
3227 5455 3457 5511 verbis:

1878 5531 2086 5583 Pareat
2106 5526 2256 5582 mihi
2285 5526 2477 5592 Pater,
2510 5528 2642 5599 quia
2672 5543 3030 5599 egoiparcam
3047 5528 3257 5583 animae
3285 5543 3459 5591 mere;

1874 5600 2423 5682 [rustra,ﬂinquam.
2465 5595 2871 5670 exspectabitis
2926 5614 3038 5663 me,
3078 5600 3211 5670 quia
3255 5615 3464 5654 manus

1878 5669 2181 5727 imponetis
2213 5669 2336 5724 sine
2367 5683 2456 5723 me
2470 5708 2483 5721 .

1974 5741 2104 5810 206)
2136 5742 2319 5795 Bonus
2349 5738 2664 5812 Maurilius.
2698 5737 2833 5812 Vitae
2865 5739 2922 5812 Β,
2958 5739 3340 5812 Μαυιὶὶίίρειρ.
3375 5743 3461 5812 13.

1951 5813 2101 5884 (2οἿ)
2120 5812 2426 5884 Episcopus
2442 5810 2564 5884 sine
2575 5811 2851 5884 canonica
2870 5811 3164 5884 electione.
3189 5810 3354 5884 Totus
3385 5811 3474 5884 hic

1882 5882 2039 5939 locus
2068 5883 2137 5940 de
2162 5880 2427 5939 canonica
2456 5880 2723 5936 electione
2752 5888 2803 5936 et
2843 5897 3078 5955 sequens
3125 5882 3193 5937 de
3247 5880 3467 5937 investi-
