3940 6444
203 457 305 511 117

1444 449 1825 507 EPISTOL/E.
1873 477 1939 488 --
1983 446 2110 500 LIB.
2159 441 2255 498 III.

3395 436 3496 488 118

201 579 327 636 fidei
359 581 645 637 veritatem
675 587 867 638 contra
884 581 1116 636 alterum
1145 577 1441 634 defendere
1472 575 1655 646 coepit,
1689 574 1792 628 bo-
1823 573 1874 630 Α
1908 570 1991 625 vel
2021 569 2281 640 prodesse
2308 581 2416 621 non
2450 570 2693 636 possunt.
2726 562 2858 616 Cum
2876 557 3090 615 Christo
3121 557 3318 614 etenim
3332 556 3492 612 simul

201 685 330 724 num
362 669 489 724 illud
521 679 572 725 et
603 670 924 726 delectabile
959 669 1189 724 verbum
1217 682 1250 722 a
1279 667 1562 723 Salvatore
1606 670 1794 718 nostro

197 758 391 812 audire
421 758 619 813 meruit
645 777 657 812 :
687 759 853 816 Hodie
884 759 1091 814 scilicet
1119 773 1342 812 mecum
1373 756 1484 810 eris
1529 755 1592 809 in
1615 768 1794 824 para-

198 846 319 902 diso
356 849 516 912 (Luc.
559 864 719 912 χχιιι,
755 849 866 916 43).
909 847 1068 902 Unde
1107 846 1161 900 in
1192 846 1398 899 latrone
1420 843 1513 898 illo
1563 841 1795 895 maxime

199 934 536 990 declaratum
556 935 872 1006 agnoscitur
902 935 1046 1007 quod
1076 933 1323 989 defensio
1341 931 1463 987 ﬁdei
1484 929 1795 1002 paradisum

200 1024 412 1092 pariter
441 1033 493 1078 et
524 1040 648 1079 cum
681 1024 893 1079 Christo
919 1040 1041 1079 esse
1073 1029 1331 1076 meretur.
1366 1022 1492 1076 Haec
1523 1033 1696 1090 pauca
1725 1017 1795 1072 de

207 1111 412 1177 multis,
472 1130 594 1184 quae
642 1113 861 1168 forsitan
916 1111 1175 1168 oblivioni
1234 1109 1552 1174 tradidistis,
1599 1113 1796 1162 vestrae

201 1199 520 1255 sublimitati
543 1201 767 1273 dignum
817 1201 945 1256 duxi
971 1202 1037 1255 ad
1066 1198 1380 1255 memoriam
1426 1211 1707 1258 revocare,
1743 1202 1797 1249 ut

199 1287 346 1343 unde
377 1296 429 1344 et
458 1290 731 1360 quomodo
764 1290 1066 1361 sumpsistis
1095 1287 1339 1359 episcOpi
1388 1300 1607 1349 nomen,
1641 1283 1795 1339 vobis

203 1375 431 1432 ulterius
462 1393 571 1432 non
613 1379 770 1434 liceat
800 1379 1073 1451 ignorare.
1095 1378 1188 1432 llla
1209 1391 1341 1431 vero
1386 1374 1520 1430 sileo
1541 1379 1661 1445 quis”
1691 1372 1793 1426 do-

204 1464 385 1520 minus
417 1482 560 1538 papa
615 1467 764 1522 novit
792 1475 846 1522 et
888 1467 1127 1533 indulsit,
1179 1464 1306 1537 quia
1336 1481 1518 1522 meum
1549 1478 1658 1517 non
1714 1469 1796 1515 est

201 1560 497 1609 retractare
529 1555 673 1626 quod
705 1555 823 1626 ipse
855 1555 1000 1610 fecit.
1022 1555 1196 1610 Vitam
1216 1555 1356 1610 enim
1384 1561 1626 1610 vestram
1646 1550 1792 1605 nullo

201 1655 416 1710 genere
446 1642 728 1714 religionis
753 1644 1107 1714 approbatam
1165 1651 1408 1709 noverat,
1441 1651 1493 1697 et
1523 1657 1618 1696 vos
1656 1639 1793 1693 infra

198 1743 377 1783 annos
409 1744 534 1785 esse
560 1731 736 1799 (208),
767 1739 822 1785 et
847 1731 1053 1786 nullum
1083 1732 1296 1801 penitus
1324 1730 1575 1786 ordinem
1593 1728 1794 1782 habere

201 1818 354 1887 (209)
387 1816 640 1874 fortassis
669 1820 939 1876 audierat.
981 1819 1136 1874 Prius
1155 1820 1371 1891 quidem
1404 1819 1626 1874 ordines
1643 1815 1793 1871 acci-

200 1921 336 1976 pere
394 1907 814 1978 contempsistis,
836 1917 896 1963 ut
922 1909 1284 1979 vobis_liceret
1315 1923 1380 1962 ea
1406 1907 1633 1962 liberius
1650 1919 1797 1959 exer—
1830 1923 1880 1986 Β

201 2009 354 2060 cere,
391 2012 512 2067 quae
543 1996 762 2051 minime
793 1995 957 2053 licent
988 1997 1058 2052 ad
1080 1997 1275 2052 animle
1305 1997 1554 2051 salutem.
1589 1993 1798 2050 Omnes

207 2084 559 2153 postmodum
583 2085 820 2151 ordines,
881 2086 978 2140 sed
1009 2085 1126 2140 sine
1171 2085 1378 2152 ordine,
1437 2084 1565 2156 quia
1592 2083 1646 2136 in
1675 2088 1798 2136 octo

198 2171 424 2238 diebus,
458 2180 512 2227 et
543 2189 654 2228 non
683 2174 846 2229 certis
877 2174 1215 2245 temporibus
1256 2172 1544 2244 accepistis
1575 2177 1800 2242 propter

201 2260 552 2332 episcOpatus
602 2262 982 2318 ambitionem.
1041 2263 1195 2319 Unde
1243 2279 1372 2318 vera
1430 2260 1798 2333 pr0positione

200 2351 484 2418 probatur,
517 2351 664 2422 quod
714 2367 809 2407 eos
838 2367 1022 2406 amore
1051 2352 1238 2424 gloria:
1269 2349 1588 2423 temporalis
1636 2364 1797 2404 acce-

200 2437 380 2508 pistis,
413 2455 522 2494 non
568 2439 767 2496 Christi
798 2440 1076 2496 charitate.
1121 2440 1448 2512 Quicunque
1495 2449 1671 2494 tamen
1703 2454 1796 2493 sa-

204 2526 506 2582 cramentis
527 2527 786 2584 Ecclesiae
817 2537 1082 2584 caemento
1101 2529 1373 2584 charitalis
1393 2544 1502 2583 non
1525 2527 1794 2599 jungitur,

204 2613 458 2682 injuriam
486 2615 707 2687 quidem
766 2617 1024 2672 Ecclesiae
1071 2617 1214 2683 facit,
1274 2617 1371 2672 sed
1401 2616 1560 2688 quasi
1613 2616 1798 2687 paries

204 2701 390 2759 luteus
419 2704 728 2775 dissipatur,
783 2705 877 2776 qui
905 2705 1031 2761 licet
1076 2705 1319 2761 dealbari
1371 2705 1543 2776 possit
1563 2705 1633 2760 ad
1663 2714 1798 2760 tem-

207 2808 331 2861 pus,
365 2791 491 2863 ejus
520 2793 697 2848 subita
728 2793 1086 2850 dissolutione
1107 2794 1198 2865 qui
1223 2802 1348 2850 ante
1374 2793 1728 2850 considebant
1742 2793 1797 2847 in

204 2895 272 2935 eo
308 2889 649 2950 premuntur.
709 2883 824 2937 Hac
853 2882 1024 2954 igitur
1068 2883 1417 2938 similitudine
1447 2889 1590 2938 recte
1647 2881 1799 2938 colli-

202 2968 351 3039 gitur
379 2969 523 3040 quod
551 2970 642 3040 qui
693 2970 762 3025 ad
793 2971 1043 3041 injuriam
1077 2979 1277 3027 sanctae
1307 2970 1570 3026 Ecclesiae
1625 2971 1799 3026 eccle-

205 3056 487 3112 siasticum
543 3058 790 3116 ordinem
841 3060 979 3126 122
1028 3065 1082 3114 et
1128 3060 1358 3115 maxime
1432 3059 1799 3130 pontificatum

211 3145 540 3216 assequitur,
576 3163 724 3201 suam
780 3147 1208 3204 destructionem
1255 3148 1309 3202 in
1358 3147 1569 3218 primis,
1603 3146 1800 3202 deinde

203 3235 390 3305 pOpuli
422 3243 654 3290 mortem
686 3244 970 3306 operatur.
1007 3237 1077 3291 Et
1105 3243 1231 3292 tunc
1274 3235 1523 3292 Ecclesia
1550 3235 1799 3304 injuriam

202 3323 410 3392 pariter
437 3324 667 3378 sustinet
695 3331 746 3380 et
777 3324 1184 3392 verecundiam,
1219 3325 1438 3397 quando
1465 3325 1520 3378 in
1542 3324 1796 3396 eligendo

202 3410 459 3481 pontifice
489 3412 755 3468 canonica
784 3413 924 3484 perit
944 3413 1156 3480 electio,
1177 3421 1229 3468 et
1257 3413 1400 3485 quod
1431 3414 1678 3468 ordinato
1695 3413 1796 3468 soli

201 3499 452 3566 debetur,
485 3500 643 3555 datur
673 3501 995 3567 inordinata,
1030 3510 1082 3556 et
1103 3501 1191 3572 qui
1223 3517 1336 3557 non
1366 3510 1588 3558 vocatus
1620 3517 1653 3556 a
1683 3503 1796 3557 Deo

200 3587 558 3659 praeponitur,
592 3589 687 3646 sed
718 3589 988 3645 violenter
1008 3591 1250 3645 intrusus
1287 3607 1317 3644 a
1347 3590 1528 3663 vulgo.
1563 3590 1796 3645 Gravius

199 3676 334 3731 nihil
363 3685 445 3732 est
471 3677 615 3748 apud
644 3677 915 3733 Christum
946 3678 1208 3735 Ecclesiae
1237 3678 1432 3748 injuria
1471 3698 1484 3743 ;
1514 3679 1668 3748 cujus
1699 3693 1793 3733 sa-

199 3774 479 3822 cramenta
506 3766 599 3838 qui
627 3782 888 3838 perverse
916 3767 1239 3838 suscipiunt,
1271 3783 1397 3823 cum
1413 3767 1629 3823 Christo
1647 3782 1788 3836 esse,

273 4000 422 4069 (208)
468 4003 561 4057 Vos
579 4002 737 4071 infra
762 4017 942 4057 annos
983 4017 1120 4057 esse.
1162 4000 1482 4066 Ildebertus,
1516 4000 1676 4072 epist.
1707 4005 1737 4056 9
1779 4016 1790 4054 :

200 4073 370 4141 Infra.
396 4088 584 4128 sacros
618 4074 840 4128 ordines
897 4082 954 4128 et
997 4088 1179 4128 annos
1233 4073 1555 4128 inuentum.
1619 4072 1789 4138 Idem,

197 4143 367 4212 epist.
403 4143 472 4215 12
487 4160 500 4196 :
518 4144 613 4198 Est
631 4148 788 4208 retas,
812 4161 980 4215 quam
997 4144 1148 4215 rigor
1167 4145 1496 4215 canonicus,
1516 4145 1648 4213 quia
1664 4160 1792 4215 con-

196 4212 440 4269 secratis
462 4215 684 4277 metuit,
704 4232 739 4269 a
754 4212 1149 4270 consecrandis
1164 4214 1446 4270 excludit.
1477 4212 1539 4267 Et
1557 4230 1678 4269 mox
1697 4232 1709 4268 :
1726 4212 1790 4268 In

197 4286 439 4356 summis
464 4287 617 4341 enim
632 4285 1009 4341 sacerdotibus
1027 4289 1164 4339 retas
1184 4286 1410 4354 integra
1438 4287 1788 4356 postulatur,

199 4355 352 4410 unde
372 4372 474 4412 nec
485 4357 804 4426 periculum
821 4356 1016 4426 religio
1031 4360 1269 4421 metuat,
1292 4373 1390 4410 nec
1416 4355 1789 4411 reverentiam

198 4427 447 4494 dignitas
469 4429 721 4481 amittat.

271 4501 418 4567 (209)
452 4496 682 4552 Nullum
698 4498 936 4569 penitus
955 4498 1214 4569 ordinem
1238 4497 1460 4553 habere.
1481 4497 1788 4552 lldebertus

197 4568 366 4639 idem,
398 4569 564 4637 epist.
603 4568 954 4624 122’0rdines
971 4568 1072 4623 tibi
1089 4568 1315 4632 desunt,
1339 4585 1473 4638 quos
1495 4570 1554 4623 in
1571 4585 1787 4639 promo-

1902 675 2047 724 esse,
2083 667 2132 712 et
2161 664 2349 712 contra
2390 654 2664 709 Christum
2685 650 2885 715 facere,
2919 663 3080 706 nemo
3137 651 3336 719 potest,
3369 661 3492 702 cum

1903 749 2020 818 ipse
2039 747 2185 802 dicat
2217 761 2228 799 :
2269 746 2372 813 Qui
2401 758 2516 798 non
2534 745 2618 797 est
2640 755 2878 803 mecum,
2902 743 3104 794 contra
3124 753 3212 792 me
3234 737 3486 806 est(Luc.

1907 853 1986 902 χι,
2017 836 2129 906 23).
2163 833 2266 903 Qui
2297 841 2479 888 autem
2531 845 2654 885 curn
2711 828 2928 883 Christo
2958 842 3064 881 non
3091 831 3196 888 est,
3258 840 3358 880 nec
3390 823 3494 878 sibi

1904 926 2188 996 prodesse,
2224 938 2324 978 nec
2353 921 2472 975 aliis
2502 926 2698 990 potest,
2724 933 2845 973 cum
2864 917 2984 986 ipse
3013 916 3205 970 iterum
3235 921 3445 969 asserat
3477 930 3490 966 :

1913 1016 2018 1081 Qui
2033 1030 2148 1069 non
2191 1010 2406 1080 colligit
2436 1023 2673 1071 mecum,
2724 1005 2994 1076 dispergit
3026 1002 3229 1070 (ibid).
3265 1003 3328 1055 Et
3367 1000 3496 1056 alibi

1905 1103 2032 1158 dicit
2062 1120 2073 1155 :
2109 1101 2240 1158 Sine
2262 1114 2350 1154 me
2370 1097 2520 1152 nihil
2556 1095 2792 1168 potestis
2819 1097 3008 1165 facere
3055 1093 3238 1161 (Joan.
3272 1105 3370 1156 xv,
3404 1092 3486 1160 ὃ).

1906 1194 2032 1247 Haec
2062 1189 2264 1245 idcirco
2294 1194 2486 1242 vestrae
2515 1182 2794 1239 dilectioni
2823 1180 3041 1251 scripsi,
3074 1179 3196 1251 quia
3223 1179 3375 1234 salvo
3407 1193 3493 1233 or-

1903 1280 2030 1335 dine
2062 1286 2268 1340 nostro,
2301 1289 2488 1346 pacem
2502 1269 2916 1335 vobiscumfeci,
2950 1269 3220 1323 etsalvum
3243 1274 3488 1322 nostrum

1903 1385 2012 1423 non
2046 1365 2296 1423 fecissem
2330 1363 2602 1427 ordinem,
2651 1360 2695 1414 si
2721 1361 2864 1414 hanc
2886 1357 3042 1413 vobis
3101 1357 3380 1412 veritatem
3409 1364 3492 1410 ta-

1903 1456 2162 1512 cuissem.
2196 1453 2402 1518 Valete,
2452 1459 2633 1507 etnon
2664 1465 2786 1520 quae
2845 1455 3022 1502 vestra
3053 1453 3194 1510 sunt,
3246 1444 3342 1500 sed
3375 1458 3495 1514 quae

1901 1547 2030 1600 Jcsu
2061 1543 2257 1598 Christi
2289 1539 2513 1613 quaerite
2545 1547 2596 1593 et
2621 1537 2833 1610 diligite
2863 1536 3137 1607 (Philipp.
3178 1549 3236 1601 ιι,
3270 1534 3386 1602 21).

2436 1733 2775 1790 EPISTOLA
2826 1733 2954 1787 XII.

1914 1883 2121 1940 Damno
2147 1881 2359 1951 Ulgcrio
2393 1877 2540 1948 (210)
2586 1876 2892 1932 venerabili
2933 1873 3320 1945 Andegavensi
3371 1873 3493 1944 epi-

1981 1985 2161 2042 scopo,
2193 1971 2382 2039 [rater
2401 1967 2687 2037 Goﬂridus
2725 1965 2910 2018 dictus
2939 1963 3126 2028 abbas,
3173 1963 3417 2018 salutem
3439 1967 3495 2018 et

1977 2060 2340 2114 dilectionem
2370 2059 2431 2112 in
2466 2054 2714 2112 Christo.

1978 2174 2106 2229 Mihi
2136 2173 2336 2229 dictum
2383 2180 2466 2227 est
2495 2171 2641 2242 quod
2699 2171 2752 2225 in
2782 2170 2992 2241 synodo
3013 2176 3202 2225 vestra
3251 2168 3399 2237 (211)
3427 2167 3498 2223 de

1906 2280 1994 2319 me
2025 2261 2420 2335 querimoniam
2452 2258 2685 2316 fecistis.
2724 2259 2831 2314 Sed
2863 2259 3035 2314 miror
3073 2257 3119 2313 si
3147 2258 3218 2312 ita
3240 2261 3356 2320 est;
3388 2271 3499 2312 non

1907 2353 2050 2409 enim
2076 2351 2372 2406 bonitatem
2428 2357 2668 2404 vestram
2724 2347 2926 2404 oﬁ‘endi
2955 2347 3011 2402 in
3040 2346 3250 2418 aliquo.
3289 2345 3347 2402 Si
3375 2360 3499 2401 mo-

1906 2440 2204 2497 nasterium
2251 2446 2500 2494 nostrum
2557 2438 2706 2508 (212)
2759 2436 3000 2492 alodium
3038 2438 3182 2504 123
3226 2435 3291 2490 Β.
3326 2435 3492 2500 Petri,

1906 2539 1959 2587 et
1979 2527 2384 2601 patrimonium,
2417 2526 2486 2582 de
2509 2526 2594 2581 his
2642 2542 2762 2598 quae
2782 2525 2950 2581 multo
2997 2533 3241 2595 tempore
3271 2523 3498 2595 paciﬁca

1905 2619 2250 2690 possederat,
2310 2623 2364 2672 et
2412 2614 2716 2686 apostolica
2773 2614 3095 2670 auctoritate
3134 2613 3240 2668 sibi
3288 2613 3500 2668 tirmata

1906 2716 2048 2772 sunt,
2101 2707 2217 2761 sine
2241 2703 2448 2774 judicio
2491 2711 2545 2760 et
2577 2703 2858 2759 audientia
2886 2702 3249 2773 exspoliastis,
3309 2701 3364 2756 in
3391 2703 3499 2756 hoc

1905 2813 1993 2852 me
2010 2809 2242 2867 peccare
2297 2793 2383 2849 vel
2412 2808 2673 2864 peccasse
2704 2807 2813 2848 non
2837 2791 3029 2848 credo.
3095 2791 3150 2846 Si
3179 2798 3497 2846 sanctorum

1908 2885 2278 2941 Romanorum
2321 2881 2636 2954 pontiﬁcum
2693 2881 2978 2952 privilegia
3004 2880 3160 2936 vobis
3188 2879 3374 2935 oblata
3427 2878 3500 2934 ad

1906 2971 2222 3040 videndum,
2256 2971 2441 3027 videre
2470 2970 2742 3034 noluistis,
2765 2969 2960 3024 merito
2991 2968 3204 3040 culpari
3234 2983 3336 3024 nec
3364 2983 3498 3040 pos—

1907 3078 2044 3126 sum,
2068 3075 2172 3116 nec
2199 3059 2400 3116 debeo.
2442 3059 2497 3114 Si
2520 3058 2734 3130 legatus
2764 3058 3023 3113 Romana:
3052 3057 3201 3128 (213)
3232 3055 3496 3113 Ecclesia:

1907 3150 2062 3206 vobis
2093 3148 2351 3220 praecepit
2376 3155 2436 3202 ut
2462 3147 2610 3203 sedis
2655 3145 2969 3216 apostolicae
2998 3144 3302 3217 privilegiis
3347 3144 3499 3200 debi-

1909 3247 2016 3294 tam
2058 3237 2420 3293 reverentiam
2477 3235 2825 3303 exhiberetis,
2886 3243 2936 3290 et
2993 3233 3295 3290 redderetis
3351 3233 3497 3305 quod

1907 3327 2067 3382 nobis
2093 3327 2389 3382 abstulerat
2445 3332 2626 3380 vestra
2665 3323 2987 3392 sublimitas,
3021 3323 3066 3378 si
3098 3327 3348 3379 neutrum
3390 3323 3495 3378 ob-

1903 3415 2154 3481 servatis,
2191 3415 2320 3470 inde
2363 3429 2558 3470 noxam
2608 3412 2833 3468 minime
2860 3411 3129 3469 contraxit
3178 3419 3363 3466 nostra
3392 3412 3496 3466 hu-

1900 3505 2116 3559 militas.
2151 3502 2544 3567 Annuntiastis,
2577 3510 2635 3558 ut
2662 3501 2876 3568 dicitur,
2907 3501 3244 3572 presbyteris
3273 3500 3491 3566 vestris,

1899 3602 1952 3648 et
1981 3591 2234 3662 personis
2288 3591 2550 3648 Ecclesia
2597 3597 2809 3656 vestrae,
2872 3590 3018 3662 quod
3047 3589 3300 3645 dominus
3355 3603 3494 3659 papa

1900 3682 2152 3739 Urbanus
2208 3682 2355 3750 (2H)
2401 3680 2456 3735 in
2487 3679 2828 3737 Arvernensi
2869 3678 3102 3736 concilio
3158 3685 3492 3750 praeceperat

1899 3777 1956 3826 ut
1984 3769 2227 3841 episcopi
2247 3785 2489 3826 annuum
2505 3784 2730 3827 censum
2753 3768 2992 3826 habeant
3007 3785 3035 3823 a
3059 3767 3340 3824 monachis
3367 3782 3489 3838 pro-

1899 4007 1982 4056 est
2008 3999 2360 4072 epitaphium,
2395 3999 2540 4072 quod
2571 3999 2794 4072 tricenis
2809 3997 3060 4072 versibus
3075 3996 3486 4072 elegisincisurn

1899 4068 2055 4127 estin
2084 4068 2292 4126 tumulo
2321 4068 2568 4142 Mai-bodi
2618 4069 2859 4142 episcopi
2909 4068 3267 4142 Redonensis,
3308 4068 3486 4142 Julio-

1900 4142 2046 4214 magi
2077 4143 2223 4210 apud
2255 4144 2322 4196 S.
2349 4140 2665 4222 .Albinum,‘
2687 4141 2758 4196 ad
2781 4140 3064 4212 Ulgerium
3121 4155 3258 4195 vero
3289 4141 3488 4212 scripta

1900 4221 1981 4268 est
2012 4215 2067 4268 S.
2104 4213 2362 4267 Bernardi
2391 4220 2560 4268 emst.
2599 4214 2733 4268 200.

1899 4229 1981 4268 εει
2012 4229 2067 4268 δ.
2104 4229 2362 4267 uernarai
2391 4229 2560 4268 θυιει.
2599 4229 2733 4268 κυυ.

1972 4229 1981 4267 t
2012 4229 2067 4268 δ.
2104 4229 2362 4267 uernarai
2391 4229 2560 4284 epist.
2599 4229 2733 4268 xw.

1972 4285 2122 4353 (211)
2151 4285 2216 4339 1η
2236 4285 2441 4354 synodo
2471 4288 2674 4340 vestra.
2698 4283 2815 4338 Lib.
2851 4300 2885 4347 ι,
2920 4283 3083 4352 epist.
3122 4283 3215 4336 2'7.

1969 4355 2118 4424 (212)
2133 4355 2191 4409 Si
2211 4353 2624 4410 menasterium
2637 4359 2918 4410 nostrum.
2935 4353 3316 4409 Controversia
3345 4354 3481 4418 haec,

1898 4442 2025 4496 quae
2073 4425 2454 4496 Vindocinensi
2508 4425 2836 4496 monasterio
2883 4424 2998 4496 fuit
3030 4441 3154 4480 cum
3200 4425 3479 4496 episcopo,

1898 4495 2297 4576 andegavensi
2335 4495 2426 4576 de
2450 4495 2698 4576 ecclesiis
2728 4505 2796 4576 et
2839 4495 3484 4576 oblationibushethante

1901 4565 2183 4637 Ulgerium
2213 4574 2338 4620 nata
2351 4574 2452 4633 est,
2483 4567 2551 4622 de
2568 4565 2965 4622 Goﬂ‘ridizetate
2978 4583 3085 4621 non
3109 4566 3287 4621 desiit.
3307 4566 3480 4621 Com-

195 4635 762 4721 oendiscognooimus
785 4639 1170 4721 inquirendos.
1193 4635 1417 4721 Et_post
1447 4635 1600 4721 alia':
1629 4642 1784 4721 Prte-
1816 4635 1865 4694 D
1900 4635 2074 4721 posita
2133 4637 2380 4721 tandem.
2429 4645 2512 4692 est
2572 4637 2742 4721 inter.
2768 4637 3057 4721 _Ulgerium
3117 4637 3393 4721 eumdem
3430 4647 3483 4718 et

198 4715 356 4764 terea
374 4710 624 4779 quisquis
639 4710 701 4763 in
724 4713 899 4779 sacris
915 4724 1030 4763 non
1044 4710 1160 4778 fuit
1184 4710 1476 4765 ordinibus
1493 4711 1780 4776 inventus,

195 4781 269 4852 ad
289 4778 570 4834 summum
589 4778 991 4852 sacerdotium
1000 4781 1268 4852 accedere
1281 4781 1571 4852 canonicis
1585 4782 1784 4852 prohi-

197 4851 360 4922 betur
387 4851 650 4922 Ecclesia:
665 4851 972 4905 institutis.
999 4849 1181 4922 Leges
1211 4849 1599 4906 ecclesiasticis
1617 4854 1670 4905 in
1688 4850 1785 4906 eli-

195 4921 392 5008 gendis
415 4921 688 4992 episcopis
710 4937 817 4974 non
845 4922 1041 5008 solum.
1060 4921 1281 4976 ordines
1312 4922 1658 5008 requierunt,
1690 4922 1785 5008 sed

198 4991 416 5046 Ordines
445 4991 754 5075 sacros,__ac
779 4991 1355 5075 saltemdiaconatum:
1379 4991 1646 5075 Synodus
1672 4995 1786 5075 ,Αι-

202 5063 510 5129 vernensis,
525 5079 650 5132 cap.
667 5067 698 5116 5
723 5079 735 5116 :
773 5064 838 5120 Ut
858 5063 1052 5118 null-us
1069 5063 1268 5125 laicus,
1291 5063 1646 5127 clericus,vel
1663 5067 1789 5118 tan-

204 5139 325 5188 tum
337 5134 712 5190 subdiaconus
728 5135 790 5188 in
808 5135 1190 5205 episcopatum
1207 5133 1623 5202 eligatur.Quin
1638 5134 1788 5187 illum

202 5205 418 5258 demum
446 5220 660 5259 summo
690 5204 866 5275 gradu
919 5204 1140 5275 dignum
1195 5215 1542 5269 censuerunt,
1573 5205 1664 5274 qui
1689 5220 1791 5275 per

205 5221 418 5258 uernum
446 5221 660 5259 summo
690 5221 866 5275 gradu
919 5221 1140 5275 dignum
1195 5221 1542 5269 censuerunt,
1573 5222 1664 5274 qui
1731 5221 1790 5259 er

205 5275 450 5346 singulos
479 5275 766 5330 inferiores
813 5274 909 5346 diu
957 5283 1082 5329 ante
1108 5275 1371 5343 probatus
1425 5275 1641 5346 fuisset.
1670 5221 1790 5344 ὦ)υο

205 5345 422 5401 nomine
449 5347 712 5400 Joannem
742 5345 1182 5400 Cabillonensem
1195 5345 1512 5414 episcopum
1531 5345 1790 5415 designa-

207 5425 316 5471 tum
345 5417 686 5472 commendat
743 5415 1000 5471 Sidonius
1029 5424 1216 5470 noster
1245 5416 1337 5470 lib.
1374 5431 1450 5476 iv,
1507 5418 1668 5486 epist.
1701 5419 1787 5481 25,

209 5487 426 5558 quodin
467 5487 705 5553 lectoris,
742 5487 977 5554 diaconi,
1029 5494 1085 5558 et
1103 5487 1329 5542 secundi
1359 5487 1567 5558 ordinis
1615 5503 1795 5543 sacer-

209 5556 369 5637 dotis,
402 5560 504 5637 hoc
521 5565 603 5612 est
629 5558 939 5637 presbyteri
958 5557 1133 5637 gradu
1165 5556 1433 5624 versatus,
1487 5575 1586 5628 per
1617 5561 1795 5627 singu-

211 5629 290 5684 los
319 5629 546 5684 ordines
574 5627 850 5696 stipendia
877 5627 1121 5682 fecisset.

281 5701 423 5768 (2t0)
459 5699 696 5767 Ulgerio.
759 5697 1001 5752 ltainaldi
1057 5697 1454 5768 archiepiscopi
1512 5697 1796 5754 Remensis

211 5771 264 5825 in
287 5768 698 5840 Andcgavensi
716 5769 978 5840 cathedra,
1002 5770 1327 5832 successori,
1379 5777 1435 5824 ut
1459 5769 1662 5825 dictum
1692 5779 1793 5834 est,

215 5841 279 5895 ad
309 5838 593 5911 epistolam
645 5838 912 5911 ultimam,
947 5839 1047 5894 lib.
1083 5857 1122 5905 ι,
1157 5839 1510 5911 sedemillam
1540 5840 1677 5896 rexit
1713 5856 1800 5896 so-

217 5911 296 5968 los
316 5909 492 5968 annos
523 5914 609 5966 23.
643 5909 757 5964 Hoc
787 5916 871 5965 est
900 5925 1041 5966 anno
1073 5911 1210 5965 1125
1238 5909 1480 5966 adll48.
1516 5912 1644 5982 Ejus
1660 5926 1798 5983 opus

1899 4708 2264 4763 Fromundum
2294 4707 2547 4762 abbatem
2575 4708 2805 4763 Gotfridi
2835 4707 3234 4774 successorem,
3255 4708 3484 4763 arbitrio

1896 4787 1948 4832 et
1978 4779 2290 4834 auctoritate
2340 4779 2639 4834 Innocentii
2669 4780 2734 4843 ll,
2780 4779 2934 4847 cujus
2976 4787 3190 4834 exstant
3239 4777 3307 4832 de
3337 4794 3403 4833 ea
3425 4797 3484 4834 re

1894 4850 2095 4921 littera,
2137 4849 2208 4904 ad
2255 4850 2616 4904 Fromundum
2681 4848 2824 4921 prid.
2884 4849 3011 4904 ldus
3055 4849 3282 4904 Januar.
3343 4866 3484 4906 anno

1899 4920 2439 5062 Ηῗξιὲῗὲξὶεραιαε
2461 4993 2724 5048 Romanae
2767 4991 3045 5048 Ecclesire.
3093 4991 3359 5046 Girardus
3376 4992 3487 5062 epi-

1897 5077 2096 5130 scOpus
2122 5063 2571 5132 Engolismensis,
2604 5063 2760 5133 epist.
2793 5063 2882 5117 27.

1967 5134 2114 5201 (211)
2141 5133 2291 5200 Quod
2313 5133 2574 5214 dominus
2594 5132 2741 5214 papa
2758 5135 3034 5214 Urbanus.
3064 5132 3238 5212 Epist.
3263 5134 3476 5190 eadem.

1896 5203 2026 5258 Jure
2081 5203 2374 5284 communi,
2437 5203 2694 5260 Ecclesiae
2743 5221 2934 5284 omnes
2990 5204 3487 5284 inuepiscoporum

1899 5282 2024 5328 sunt
2075 5274 2421 5329 ordinatione
2475 5284 2527 5329 et
2559 5283 2844 5346 potestate.
2878 5275 3085 5346 Synodi
3133 5274 3408 5332 Aurelian.
3441 5296 3479 5344 ι,

1900 5362 2020 5414 cap.
2059 5349 2119 5399 t9
2154 5363 2168 5411 ;
2201 5345 2580 5420 Cabilonensis
2601 5361 2720 5417 cap.
2761 5349 2844 5420 1Αο,
2881 5345 2933 5401 et
2963 5346 3183 5420 passim,
3244 5347 3491 5420 Plerique

1901 5425 2083 5470 autem
2105 5416 2363 5471 ecclesias
2402 5417 2488 5471 vel
2517 5433 2550 5471 a
2580 5433 2641 5473 se
2658 5416 2926 5480 Conditas,
2958 5416 3045 5472 vel
3069 5416 3206 5486 juris
3234 5421 3338 5484 sui,
3369 5416 3492 5475 mo-

1903 5487 2155 5560 nasteriis
2184 5487 2314 5560 olim
2348 5487 2676 5560 efferebant,
2699 5497 2763 5560 ut
2789 5488 2842 5542 in
2897 5504 3080 5544 eorum
3113 5496 3296 5544 essent
3344 5499 3494 5560 pote.

1903 5565 2061 5612 state.
2087 5557 2246 5626 Quod
2271 5557 2398 5629 quia
2452 5559 2570 5615 sine
2622 5559 3006 5630 episcoporum
3063 5557 3495 5618 consensu—fieri

1905 5644 2014 5702 non
2042 5636 2268 5702 poterat,
2302 5630 2543 5702 episcopi
2573 5646 2958 5702 nonnunquam
3009 5631 3273 5702 ecclesias
3295 5648 3494 5688 mona-

1905 5699 2024 5754 chis
2052 5701 2156 5754 hac
2181 5701 2304 5772 lege
2334 5701 2734 5772 permittebant,
2778 5699 2832 5757 ut
2861 5701 3015 5756 statis
3044 5701 3222 5768 annis,
3249 5704 3496 5772 quoties-

1907 5785 2127 5844 cunque
2185 5770 2393 5826 scilicet
2435 5771 2642 5827 illarum
2684 5773 2892 5840 vicarii,
2962 5789 3056 5828 seu
3113 5770 3383 5844 personae,
3445 5784 3504 5831 ut

1909 5841 2194 5916 vocabant,
2238 5850 2592 5916 mutarentur,
2637 5853 2843 5916 certam
2883 5841 3187 5916 pecuniam
3243 5841 3502 5916 episcOpo

1909 5913 2234 5985 penderent,
2259 5929 2380 5986 quae
2407 5913 2708 5987 redemptio
2740 5913 2990 5972 altarium
3015 5914 3312 5971 dicebatur.
3351 5913 3505 5973 Hanc
