3940 6410
566 403 664 459 H9

1595 414 1927 475 GOFFRIDI
1965 416 2253 475 ABBATIS
2294 416 2842 475 VINDOCINENSIS

3760 416 3861 472 120

562 531 944 606 redemptione
969 535 1238 595 altarium.
1288 540 1435 598 Bene
1464 542 1613 598 novit
1640 542 1930 615 prudentia
1975 552 2157 602 vestra
2181 544 2239 608 A
2267 543 2457 612 vitare,
2485 552 2535 602 et
2567 544 2864 618 episcopus
2909 542 3151 600 maxime
3172 540 3432 600 detestari
3457 541 3644 607 debet,
3664 557 3735 599 ne
3766 540 3856 597 ﬁat

560 636 669 677 non
701 637 827 679 esse
854 624 1059 681 bonum
1089 628 1233 699 quod
1267 630 1569 700 apostolica
1597 631 1910 690 sinceritate
1971 634 2160 707 dispo-

566 709 714 765 nitur
731 727 835 783 per
857 714 1179 771 contrarium
1232 718 1552 788 praedicare.
1585 721 1731 777 Bone
1786 722 2027 790 domine,
2060 739 2161 779 vos

565 797 644 853 illi
665 815 773 855 non
802 800 1052 858 adfuistis
1082 805 1312 862 concilio
1342 826 1355 873 ;
1391 814 1443 862 et
1472 822 1578 880 ego
1608 809 1847 880 interfui,
1882 812 1974 883 qui
2003 812 2162 881 hujus

568 887 644 943 rei
677 903 954 962 cognosco
971 891 1275 949 veritatem.
1301 895 1748 969 Redemptionem
1770 899 2156 968 Ecclesiarum,

569 993 690 1047 quas
717 978 930 1049 vulgari
984 981 1252 1039 vocabulo
1280 982 1471 1041 altaria
1493 996 1899 1059 nuncupantur,
1965 990 2161 1046 beatus

566 1065 649 1121 vir
675 1064 766 1121 ille
798 1066 1162 1126 Simoniacam
1210 1074 1536 1143 pravitatem
1567 1076 1809 1146 vocavit,
1860 1084 1916 1135 et
1943 1086 2165 1150 aposto-

564 1152 671 1209 lica
699 1156 1020 1213 auctoritate
1050 1158 1351 1217 damnavit.
1391 1162 1488 1218 Illa
1521 1167 1704 1220 tamen
1763 1167 1976 1239 magica
1996 1175 2049 1223 et
2073 1167 2160 1224 Si-

566 1243 813 1300 moniaca
846 1246 1100 1315 pecunia,
1147 1249 1443 1322 aliquando
1496 1252 1552 1307 in
1581 1253 1821 1327 triginta,
1872 1255 2165 1329 aliquando

568 1348 704 1388 vero
733 1333 790 1387 in
818 1334 1205 1408 quadraginta,
1264 1338 1557 1413 aliquando
1585 1344 1746 1398 etiam
1803 1344 1858 1399 in
1878 1346 2166 1420 sexaginta

567 1420 723 1476 annis
743 1421 1061 1480 solvebatur
1078 1426 1377 1500 episcopis.
1414 1428 1519 1499 Qui
1537 1438 1719 1488 autem
1736 1434 2164 1506 redemptionem

570 1509 844 1578 altarium,
878 1528 997 1585 quae
1027 1513 1081 1569 in
1104 1515 1349 1587 pluribus
1405 1520 1563 1575 annis
1582 1536 1690 1577 non
1716 1522 1821 1579 nisi
1870 1523 2040 1581 semel
2067 1541 2168 1597 per

572 1598 801 1655 vicarios
832 1600 953 1657 ﬁeri
1002 1602 1234 1673 solebat,
1266 1606 1519 1663 haeresim
1543 1611 1775 1679 vocavit,
1808 1620 1865 1668 et
1905 1615 2163 1671 condem-

572 1688 739 1755 navit,
774 1688 875 1745 sub
930 1691 1150 1749 nomine
1185 1695 1351 1763 annui
1406 1711 1605 1753 census
1632 1715 1734 1771 pro
1790 1701 2166 1776 redemptione

570 1776 922 1846 vicariorum,
952 1783 1110 1850 124
1142 1782 1259 1839 sive
1305 1783 1554 1842 altarium
1594 1804 1830 1845 annuam
1877 1793 2166 1863 pecuniam

573 1872 896 1939 extorquere
923 1868 1195 1937 dedocuit,
1226 1887 1334 1928 non
1363 1877 1639 1948 praecepit,
1672 1878 1782 1935 inio
1798 1881 1982 1937 omnia
2011 1895 2166 1956 quie'

575 1971 791 2028 cunque
821 1956 1044 2013 abbates
1072 1966 1127 2014 et
1155 1961 1406 2018 monachi
1435 1963 1490 2019 in
1521 1966 1786 2023 Ecclesiis
1816 1971 1917 2025 sub
1947 1972 2164 2028 redem-

573 2045 761 2115 ptione
794 2045 1118 2103 vicariorum
1155 2055 1456 2116 tenuerant,
1508 2061 1565 2109 ut
1587 2056 1767 2127 quiete
1807 2059 2089 2132 deinceps,
2115 2069 2170 2118 et

575 2133 694 2189 sine
723 2133 1010 2202 cujuslibet
1036 2137 1316 2195 exactione
1360 2143 1607 2212 pecuniae
1625 2146 1987 2216 possiderent,
2043 2151 2167 2206 bea-

575 2228 756 2278 torum
769 2223 1141 2294 apostolorum
1171 2226 1313 2282 Petri
1341 2236 1395 2285 et
1426 2231 1574 2287 Pauli
1601 2235 1923 2293 auctoritate
1975 2238 2166 2295 firma-

575 2310 669 2365 vit.
701 2311 837 2366 Nam
879 2311 925 2366 si
955 2312 1011 2367 in
1039 2313 1284 2385 pluribus
1311 2317 1470 2374 annis
1498 2335 1609 2376 non
1629 2322 1732 2377 nisi
1764 2325 1958 2393 semel,
1991 2335 2048 2382 ut
2077 2328 2166 2383 di-

573 2406 719 2454 ctum
750 2407 851 2465 est,
884 2416 982 2472 per
1010 2401 1245 2459 vicarios
1272 2406 1500 2476 pecunia
1529 2425 1627 2481 pro
1642 2411 1910 2469 altaribus
1939 2416 2169 2473 dabatur

577 2486 871 2559 cpiscOpis,
902 2497 959 2545 et
977 2491 1266 2561 pecuniam
1301 2493 1473 2566 ipsam
1503 2499 1799 2569 apostolica
1846 2506 2166 2563 auctoritate

574 2576 861 2665 probatum
889 2577 957 2633 sit
986 2578 1287 2636 Simoniam
1320 2598 1466 2650 esse,
1491 2587 1722 2659 singulis
1740 2591 1899 2646 annis
1946 2594 2168 2665 episco-

575 2662 662 2754 pis
691 2679 793 2754 pro
839 2665 1062 2722 vicariis
1110 2668 1365 2726 altarium
1418 2675 1708 2744 pecuniam
1738 2678 1889 2747 dare,
1923 2662 2053 2754 quid
2082 2693 2167 2741 est

574 2750 743 2820 aliud,
777 2768 943 2845 quam
970 2770 1070 2827 pro
1089 2756 1447 2828 plurimorum
1477 2778 1743 2821 annorum
1772 2750 2033 2838 Simonis,
2067 2790 2167 2845 per

573 2854 746 2897 annos
764 2840 1034 2915 singulos,
1065 2844 1169 2900 sub
1200 2848 1421 2905 nomine
1448 2866 1669 2921 census,
1717 2870 1949 2914 annuam
1982 2840 2164 2919 Simo-

570 2928 716 2985 niam
767 2946 1032 2988 exercere
1064 2935 1093 2989 ?
1120 2935 1243 2991 Non
1273 2945 1357 2993 est
1411 2939 1516 2997 hoc
1538 2941 1785 3001 doctrina
1840 2947 2165 3009 Christianas

568 3016 714 3087 ﬁdei,
737 3019 836 3075 sed
866 3020 1079 3078 exactio
1132 3024 1372 3095 pessima
1401 3044 1525 3100 qua:
1543 3030 1844 3091 Simoniam
1898 3038 2165 3111 multipli-

572 3114 678 3177 cat,
704 3115 756 3163 et
778 3116 985 3166 sanctae
1032 3112 1294 3170 Ecclesiae
1325 3116 1490 3173 violat
1543 3121 1867 3179 castitatem.
1926 3128 2164 3187 Pecunia

2259 633 2594 690 novissimus
2650 650 2807 691 error
2834 633 2991 705 pejor
3036 632 3243 704 priore.
3290 631 3494 698 Semel,
3549 630 3641 687 bis
3671 638 3725 687 et
3751 638 3850 697 ter,

2258 721 2368 779 imo
2395 721 2774 792 multipliciter
2804 737 2903 779 vos
2922 721 3117 793 rogavi
3145 726 3203 778 et
3222 718 3425 786 monui,
3458 727 3514 776 et
3538 720 3716 777 adhuc
3744 720 3847 775 hu-

2258 810 2511 877 militate,
2534 826 2643 883 qua
2671 811 2849 867 debeo
2867 817 2924 867 et
2943 826 3194 882 possum,
3210 809 3501 881 diligenter
3522 823 3660 882 rogo
3676 816 3730 865 et
3745 823 3850 863 mo-

2259 914 2382 968 neo,
2416 907 2472 955 ut
2494 915 2614 971 qua)
2642 899 2800 955 nobis
2847 898 3173 966 abstulistis,
3204 913 3316 954 non
3343 896 3556 954 differat
3610 896 3848 953 reddere

2258 996 2437 1045 vestra
2466 988 2807 1060 magnitudo.
2866 987 3141 1059 Alioquin,
3173 987 3299 1061 quia
3329 994 3513 1043 vestra
3544 987 3681 1056 125
3712 1001 3845 1058 gra-

2260 1076 2482 1134 vamina
2509 1076 2703 1134 fratres
2747 1076 2921 1133 nostri
2950 1076 3156 1132 diutius
3183 1082 3403 1148 portare
3452 1090 3561 1131 non
3602 1083 3848 1146 possunt,

2261 1165 2365 1237 ipsi
2395 1174 2448 1221 et
2476 1180 2578 1225 nos
2596 1182 2721 1223 cum
2765 1165 2907 1237 ipsis
2937 1166 3239 1222 Romanam
3268 1164 3570 1237 Ecclesiam
3592 1162 3844 1235 appella-

2260 1269 2404 1322 mus,
2435 1254 2561 1312 licet
2608 1270 2728 1311 eam
2784 1262 2839 1311 et
2864 1254 3081 1328 legatos
3109 1268 3237 1310 suos
3291 1268 3389 1309 vos
3405 1268 3550 1324 saepe
3603 1259 3855 1308 contem-

2261 1342 2439 1414 psisse
2459 1343 2683 1399 minime
2710 1343 3041 1401 dubitemus.
3072 1343 3141 1397 Et
3187 1357 3256 1398 ne
3280 1340 3509 1397 ulterius
3535 1340 3605 1397 de
3628 1340 3857 1397 decreto

2262 1430 2596 1488 vicariorum
2625 1431 2900 1498 dubitetis,
2930 1430 3068 1487 illud
3110 1429 3265 1488 vobis
3313 1429 3702 1502 transcriptum
3727 1428 3857 1484 mit-

2264 1521 2447 1576 timus.
2480 1521 2643 1578 Vale.

2811 1607 3151 1666 EPISTOLA
3178 1608 3338 1664 XIII.

2265 1716 2535 1773 lldeberto
2555 1715 2706 1788 (216)
2723 1716 3030 1772 venerabili
3057 1715 3543 1773 Cenomannorum
3576 1714 3855 1787 episcopo,

2312 1805 2602 1877 Gof/‘ridus
2621 1805 3043 1862 Vindocinensis
3052 1805 3390 1861 monasterii
3399 1803 3628 1859 inutilis
3640 1818 3855 1867 servus,

2194 1900 2249 1962 Β
2348 1909 2527 1967 neque
2538 1894 2611 1950 ad
2627 1894 2945 1959 dexteram,
2964 1908 3142 1964 neque
3155 1891 3535 1949 adsinistram
3545 1890 3853 1954 declinare,

2340 1977 2437 2034 sed
2464 1981 2682 2034 rectam
2710 1976 2859 2034 viam
2878 1980 3096 2033 tenere.

2341 2084 2396 2139 Si
2427 2100 2527 2141 eos
2560 2082 2653 2157 qui
2672 2081 3045 2149 suntDomini,
3077 2088 3135 2137 ut
3160 2081 3318 2137 vobis
3362 2081 3685 2154 jungantur,
3713 2097 3856 2153 qua:-

2270 2176 2405 2243 ritis,
2437 2188 2565 2230 ecce
2592 2187 2695 2229 nos
2716 2179 2938 2244 paratos
2966 2169 3200 2226 habetis.
3233 2170 3469 2226 Abrahae
3498 2169 3662 2225 etiam
3710 2168 3854 2225 ﬁlios

2268 2280 2369 2322 nos
2392 2278 2515 2320 esse
2543 2260 2884 2328 conﬁtemur,
2919 2267 2971 2316 et
3000 2260 3117 2330 ejus
3146 2273 3324 2330 opera
3375 2257 3556 2316 facere
3584 2256 3855 2314 desidera-

2268 2369 2418 2421 mus;
2454 2350 2545 2424 qui
2573 2352 2629 2405 in
2658 2346 2746 2406 die
2766 2347 2988 2405 Domini
3017 2356 3166 2403 stare
3195 2348 3249 2402 in
3300 2346 3505 2419 praelio,
3536 2355 3591 2402 et
3618 2354 3850 2403 nosmet-

2268 2443 2418 2514 ipsos
2444 2454 2658 2495 murum
2688 2452 2967 2509 apponere
2995 2451 3098 2509 pro
3144 2436 3307 2492 domo
3344 2435 3514 2491 Israel
3545 2435 3855 2491 nullatenus

2268 2529 2641 2593 formidamus,
2673 2525 2767 2582 ubi
2810 2532 2960 2581 tutus
2990 2524 3080 2582 vel
3122 2532 3433 2596 competens
3461 2523 3625 2580 fuerit
3677 2524 3851 2580 locus.

2268 2621 2543 2677 Turonum
2579 2631 2705 2672 vero
2735 2630 2837 2671 nec
2889 2629 3201 2687 possumus,
3228 2628 3332 2669 nec
3359 2612 3643 2680 debemus,
3673 2620 3727 2670 et
3759 2628 3854 2668 vos

2266 2701 2632 2759 illuctendere
2645 2699 2858 2773 penitus
2869 2698 3256 2755 dislaudamus.
3286 2696 3368 2753 lbi
3386 2696 3529 2753 enim
3550 2712 3857 2770 congrega-

2267 2793 2470 2847 buntur
2489 2805 2681 2847 omnes
2711 2788 2950 2845 factores
2978 2786 3223 2843 Rainaldi
3253 2788 3422 2858 (216),
3461 2787 3643 2842 furore
3671 2800 3740 2843 ac
3768 2802 3857 2841 se-

2267 2874 2471 2931 ditione
2493 2874 2672 2946 potius
2719 2888 2880 2946 quam
2900 2872 3110 2928 ratione
3134 2869 3433 2928 vobiscum.
3451 2885 3619 2943 agere
3647 2870 3853 2942 parati.

2268 2960 2423 3020 Putat
2445 2962 2604 3019 etiam
2636 2962 2748 3029 ille,
2780 2962 2871 3034 qui
2902 2976 3001 3017 vos
3047 2959 3177 3016 illuc
3215 2959 3426 3016 vocavit
3452 2958 3618 3030 (217),
3653 2965 3750 3014 aut
3772 2959 3860 3028 ju-

2266 3048 2464 3104 stitiam
2493 3052 2735 3103 vestram
2765 3045 2944 3102 turba)
2966 3044 3272 3117 importuno
3291 3044 3526 3101 clamore
3548 3042 3762 3099 facilius
3780 3043 3858 3098 ibi

2264 3143 2609 3209 pervertere,
2658 3142 2752 3191 aut
2777 3149 2899 3202 vos,
2929 3141 2994 3190 ut
3015 3132 3135 3206 ejus
3154 3132 3441 3189 dementiae
3481 3131 3855 3197 consentiatis,

568 3193 1312 3317 ilggufnp‘r‘oml‘f‘cflesi‘i‘s-sub
1331 3204 1554 3317 palliata
1595 3210 1916 3317 cupiditate.
1923 3224 2158 3317 extorta,
2192 3254 2240 3317 Ο
2264 3193 2415 3299 quod
2445 3224 2585 3280 absit
2597 3193 2621 3278 Il
2652 3237 2817 3296 prece
2847 3193 2935 3278 vel
2987 3193 3162 3294 pr'etio
3186 3220 3430 3277 ﬂectere.
3462 3221 3604 3277 Bene
3631 3193 3858 3292 quidem

570 3300 691 3373 quae
720 3285 1025 3359 redemptio
1062 3289 1316 3347 altarium
1344 3293 1559 3366 dicitur,
1591 3298 1662 3353 ab
1708 3303 2002 3373 apostolica
2029 3285 2162 3365 sede

574 3372 848 3463 damnata,
885 3375 1001 3434 sive
1029 3393 1131 3450 per
1172 3379 1409 3438 vicarios
1427 3384 1622 3453 rarius,
1645 3372 1765 3446 sive
1819 3408 1922 3463 pro
1949 3394 2164 3452 vicariis

572 3459 930 3534 frequentius,
964 3466 1066 3521 sub
1096 3468 1464 3543 qualicunque
1503 3475 1724 3533 nomine
1753 3459 1840 3536 vel
1868 3483 2164 3542 occasione

571 3558 976 3623 extorqueatur,
1007 3555 1316 3615 Simoniaca
1357 3562 1597 3631 pravitas
1617 3580 1741 3623 esse
1760 3569 1908 3625 nulla
1956 3573 2163 3631 ratione

572 3638 854 3734 dubitatur
883 3660 897 3710 ;
923 3643 1017 3734 illa
1044 3651 1225 3703 tamen
1279 3648 1517 3719 gravior,
1552 3670 1675 3725 quae
1718 3656 1922 3729 saepius
1951 3661 2152 3734 agitur.

574 3728 924 3802 Quapropter
948 3731 1096 3789 illam
1152 3735 1464 3806 specialiter
1482 3728 1819 3801 Christianus
1865 3728 2164 3809 catholicus

573 3966 634 4016 ut
654 3959 920 4039 nefariam
965 3970 1018 4018 et
1046 3963 1416 4039 Simoniacam
1467 3970 1748 4030 interdixit
1801 3978 2057 4037 Urbanus
2108 3983 2163 4039 in

574 4032 812 4114 synodo.
834 4034 1223 4117 Arvernensi._
1258 4039 1393 4117 Post_
1433 4043 1705 4117 synodum
1760 4032 2166 4111 vero—{Fuerunt

570 4107 836 4190 episcopi,
865 4107 967 4190 .qui
996 4107 1503 4190 pronredeniptione
1547 4113 1666 4190 _illa,
1699 4134 1821 4190 quas
1873 4107 2163 4181 multorum

573 4188 841 4262 annorum
862 4177 1166 4262 intervallis
1193 4177 1374 4249 ﬁebat,
1397 4185 1561 4262 annui
1613 4177 1810 4262 census
1837 4177 2163 4262 pensitatio:

575 4247 1160 4337 nem'exigerentlQu’q
1173 4265 1204 4337 e
1217 4247 1446 4337 numero
1472 4256 1732 4337 Ulgerius
1749 4247 2165 4337 Anilegaven's'is

573 4314 681 4372 hoc
699 4314 842 4395 loco]
875 4325 928 4371 et
956 4314 1082 4374 Ivow
1111 4318 1487 4395 Carnotensis,
1519 4314 1587 4385 ειῖ
1615 4314 2165 4395 aanhhifus”'s'££{63

573 4392 1065 4478 pensisquoseoh
1082 4392 1314 4478 nomine
1362 4392 1545 4478 arguit
1570 4399 1847 4478 Paschalis
1879 4403 1978 4478 _II,
2012 4392 2166 4478 cujus

572 4456 660 4511 hae
681 4456 878 4542 littera:
917 4466 1135 4542 exstant
1183 4462 1237 4517 in
1268 4456 1711 4541 cbartdphylacio
1758 4456 2162 4535 νὶὲιάὀὲῑηῖεἶῇἶ

648 4527 983 4614 «Ἶξξγαεοὶιειίε
1004 4531 1316 4614 episcopus,
1335 4527 2165 4614 servus'servorumiDeive-ne;

565 4597 831 4677 rabilibus
857 4597 1134 4677 episcopis
1162 4597 2168 4677 [voniCarnotensietlianniillovBan-
2198 4615 2250 4676 D

572 4670 844 4747 ctonensi,
876 4670 1106 4728 salutem
1138 4683 1192 4731 et
1218 4679 1578 4747 apostolicam
1608 4670 2070 4747 benedictidne'mv.

646 4762 668 4793 ι
700 4744 858 4837 Juxta
883 4744 1838 4837 sanctorum-canonumsanctiones
1867 4744 2164 4837 nonigno-

571 4814 869 4898 tumsobis
896 4829 1031 4898 esse.
1078 4818 1374 4898 credimus,
1398 4822 1528 4894 quid
1549 4825 1770 4898 ultionis
1792 4814 2161 4891 *méiiéAi‘Eé.

570 4886 863 4943 clesiastici
910 4886 1126 4964 ordinis
1165 4892 1329 4964 _viros
1363 4886 1686 4964 apostolicae
1743 4886 1917 4957 sedis”
1940 4886 2164 4961 decreta

573 4965 917 5038 spernentes.
942 4959 1061 5085 ,ξξεὶ
1089 4959 1237 5016 enim
1266 4959 1605 5022 Arvernensi
1651 4973 1884 5029 concilio
1912 4959 2161 5044 affuistis,

573 5045 626 5084 in
656 5045 766 5085 auo
794 5045 954 5085 priesi
996 5038 1119 5085 ente
1140 5033 1545 5085 praedecessore
1574 5049 1764 5085 nmim
1781 5043 1937 5085 hnnm
1967 5063 2161 5085 momn.

570 5033 626 5111 in
656 5045 766 5103 quo
794 5033 1119 5111 praesidente
1137 5033 1545 5111 praedecessore
1574 5049 1764 5097 nostro
1780 5043 1937 5100 bona:
1966 5033 2167 5104 inemo:

572 5100 1104 5189 rim‘pjaanrbano,
1140 5100 1573 5189 considentibus
1613 5111 1911 5189 Galliarum
1940 5100 2163 5189 episco-

570 5171 1212 5261 p‘iside’cretumgestut‘
1238 5174 1449 5261 altaria,
1486 5194 1608 5251 qum
1640 5183 1708 5237 ab
1732 5186 1894 5261 annis
1942 5171 2165 5261 triginta

570 5249 634 5327 et
652 5240 1086 5327 subvicariorum
1115 5240 1491 5327 redemptione
1506 5240 1829 5327 monasteria
1851 5240 2166 5327 [ἐσθ’έέἓίξᾷ

570 5315 1095 5402 ἓςξερξιρῐᾞζρρίςρβ
1111 5315 1387 5402 [deinceps
1415 5328 1469 5375 et
1495 5322 1614 5379 sine
1640 5315 1895 5402 molestia
1924 5315 2165 5402 qualibet

572 5383 922 5464 monasteriis
939 5383 1081 5464 ipsis
1108 5383 1261 5441 ﬁrma
1275 5383 1651 5464 permaneant.
1692 5396 1802 5452 Vos
1827 5383 2164 5459 autemwhuic

572 5452 903 5539 simplicitati
962 5452 1292 5539 incongruas
1347 5460 1694 5539 duplicitates
1757 5452 2162 5538 innectit-isﬁe‘t

571 5537 928 5593 personarum
958 5525 1391 5607 redemptionem
1406 5525 1622 5591 mutatis
1633 5525 1953 5597 nominibus
1974 5525 2159 5599 extat;

569 5609 741 5679 quare
768 5597 1065 5679 conamini.
1102 5597 1305 5679 verum
1334 5611 1546 5673 oportet
1566 5622 1675 5679 _nos
1701 5597 2009 5679 hujusmodi
2028 5597 2155 5671 ver-

572 5663 735 5747 sutiis
748 5663 1337 5748 sinceritateveritatis
1365 5663 1684 5748 apostolica
1706 5663 2156 5743 ίόῦὗὶἁῑὲῗιίνέὲ-
2256 5663 2413 5748 Alide

569 5734 801 5814 cipimus
841 5748 978 5806 ergo
1028 5743 1088 5791 ut
1139 5734 1420 5814 decretum
1452 5744 1588 5801 illud
1634 5734 2159 5813 omhi’iis'is'nééiér

568 5808 805 5877 integre.
834 5819 940 5877 nec
966 5821 1134 5877 super
1160 5808 1293 5864 illud

565 5874 703 5931 dem'
730 5874 993 5929 altaribus
1035 5874 1305 5949 exigatis.
1344 5874 1495 5941 Sane
1533 5888 1681 5958 quod
1707 5874 1875 5950 vobis
1896 5874 2149 5968 dicimus,

2268 3312 2588 3386 incoepistis,
2621 3311 2877 3385 quoniam
2908 3326 3010 3383 pro
3037 3310 3291 3368 libertate
3327 3311 3486 3379 126
3514 3316 3715 3368 sancte
3746 3311 3857 3367 Ec-

2263 3401 2445 3459 clesiae
2473 3408 2665 3458 contra
2694 3400 2825 3473 ejus
2853 3398 3430 3456 adversariosviriliter
3455 3413 3554 3454 vos
3571 3398 3852 3454 erexistis.

2263 3491 2419 3547 Unde
2446 3491 2586 3557 Deo,
2612 3497 2664 3546 et
2712 3489 2813 3545 Dei
2841 3488 3031 3545 amicis
3049 3503 3149 3545 vos
3179 3487 3359 3561 magis
3378 3502 3564 3544 carum
3615 3486 3856 3543 reddidi—

2264 3580 2383 3650 stis,
2406 3586 2460 3634 et
2516 3578 2723 3634 famam
2753 3577 2991 3634 nominis
3040 3576 3206 3633 vestri
3232 3592 3334 3649 per
3350 3576 3455 3633 hoc
3482 3591 3591 3631 non
3644 3575 3855 3632 medio-

2263 3668 2429 3725 criter
2482 3666 2781 3723 dilatastis.
2832 3664 3058 3721 Grande
3113 3680 3214 3737 per
3262 3664 3442 3722 omnia
3495 3663 3659 3721 vobis
3682 3664 3854 3721 decus

2265 3755 2549 3823 exstiterit,
2596 3754 2642 3811 si
2667 3762 2977 3811 constanter
3002 3752 3232 3828 egeritis
3261 3771 3276 3820 ;
3309 3752 3405 3809 sed
3452 3752 3663 3825 grande
3693 3752 3855 3809 dede-

2264 3990 2477 4071 steteris
2533 4005 2748 4062 quoque
2776 3988 3080 4071 Galliarum
3135 3988 3408 4071 episcopis
3440 4002 3577 4071 erga
3631 4002 3851 4071 suarum

2264 4058 2567 4120 ditecesurii
2619 4058 2972 4129 monasteria,
3018 4058 3359 4132 pmcipimus
3406 4058 3842 4132 observandum.

2265 4134 2468 4190 Datum
2522 4133 2708 4189 Romae
2755 4149 2797 4190 ii
2838 4132 2966 4189 Idus
3012 4129 3206 4186 Martii.
3239 4151 3262 4181 ι
3295 4132 3375 4185 Ex
3404 4130 3489 4186 his
3527 4129 3719 4185 litteris
3748 4130 3851 4184 Pa-

2266 4204 2485 4270 schalis,
2517 4211 2571 4259 et
2597 4220 2662 4259 ex
2694 4203 2926 4261 Goﬁ‘ridi
2952 4202 3141 4258 verbis
3160 4201 3387 4270 intelligi
3407 4200 3849 4270 licetcujusmodi

2265 4274 2433 4331 fuerit
2460 4275 2775 4345 synodicum
2803 4273 3009 4333 Urbani
3036 4274 3311 4345 decretum
3331 4272 3401 4329 de
3427 4272 3679 4345 vicariis,_
3695 4273 3851 4339 cujus

2266 4341 2760 4471 extremadeptistola
2788 4346 2847 4403 ﬁt
2879 4344 3102 4401 mentio.
3121 4344 3393 4400 Hactenus
3420 4343 3564 4400 enim
3588 4343 3646 4398 in
3664 4341 3849 4398 lucem

2266 4433 2378 4471 non
2409 4432 2511 4471 DI‘O
2550 4434 2588 4471 ll
2622 4458 2635 4471 .

2265 4433 2378 4473 non
2409 4425 2610 4473 Dl‘Odlll
2622 4458 2635 4472 .

2337 4434 2443 4559 (921p
2432 4434 2837 4559 ὧοαὶῗέίεὺςνιρ.
2883 4485 3058 4559 Cujus
3105 4492 3319 4559 exstant
3367 4483 3607 4559 epistolae
3628 4491 3701 4559 et_
3737 4482 3850 4538 alia

2271 4553 2552 4630 epuscula.
2578 4557 2769 4614 Hoello
2794 4556 2849 4611 in
2864 4553 3129 4640 cathedra
3147 4553 3575 4638 Cenomannensi
3593 4553 3853 4633 sutiectus

2276 4629 2454 4684 fuerat
2473 4645 2612 4683 anna
2639 4630 2802 4683 1097.
2870 4627 2983 4684 Hac
3010 4628 3197 4684 relicta
3233 4626 3526 4684 Gilleberto
3572 4634 3766 4684 postea
3795 4642 3852 4679 in

2300 4641 2454 4685 uerat
2473 4645 2612 4683 anna
2639 4641 2802 4683 1097.
2870 4641 2983 4684 HOC
3010 4641 3197 4684 relicta
3233 4641 3526 4684 ϋιιιεῡεηο
3572 4641 3766 4685 malea
3795 4642 3852 4679 ιιι

2276 4642 2454 4685 iuerat
2473 4645 2612 4683 anna
2639 4642 2802 4683 1097.
2870 4642 2983 4684 uac
3010 4642 3197 4684 relicta
3233 4642 3526 4684 uuienerto
3572 4642 3766 4697 postea
3795 4642 3847 4679 in

2262 4700 2563 4757 Turonensi
2620 4698 2884 4755 successit
2913 4714 3059 4755 anno
3116 4701 3273 4763 1025,
3306 4697 3389 4754 vir
3415 4698 3471 4753 in
3523 4696 3847 4767 episcopatu

2263 4770 2494 4828 eximius
2522 4789 2537 4838 ;
2567 4778 2693 4825 ante
2746 4770 2899 4825 illum
2919 4770 3050 4826 vitae
3096 4767 3388 4835 solutioris,
3419 4772 3478 4823 ut
3503 4767 3701 4824 indicat
3727 4767 3853 4823 Ivo—

2262 4842 2349 4897 nis
2378 4842 2537 4926 epist.
2570 4842 2695 4902 277.
2729 4856 2894 4926 quam
2924 4841 3165 4926 quidem
3202 4839 3292 4922 qui
3319 4839 3387 4894 de
3433 4838 3747 4926 lldeberto,‘
3768 4838 3851 4926 de

2264 4928 2371 4986 quo
2400 4916 2636 4994 agimus,
2691 4916 2941 4993 scriptam
2964 4916 3298 4994 pertinacius
3340 4916 3543 4991 neget,_
3576 4916 3626 4964 is
3652 4916 3852 4991 opinor

2264 4984 2465 5040 clausis
2495 4983 2670 5040 oculis
2698 4983 2806 5038 Slbl
2859 4983 3011 5039 creili
3040 4983 3193 5038 velit.
3232 4983 3432 5053 Ecquas
3448 4996 3599 5053 enim
3626 4980 3849 5053 alia_Ivo

2263 5053 2350 5110 nis
2403 5059 2651 5123 tempore
2703 5053 3175 5110 Cenomannensis
3219 5050 3462 5123 episcopi
3514 5050 3844 5123 electiofuit,

2264 5141 2429 5197 quam
2473 5120 2721 5197 [ldeberti
2751 5126 2779 5179 ‘?
2809 5140 2968 5195 quem
2982 5120 3542 5197 praeterea'sciinusex
3576 5120 3846 5197 archidia-

2265 5192 2423 5262 cono,
2454 5196 2602 5268 quod
2647 5196 2741 5250 lvo
2769 5192 2940 5262 notat,
2982 5192 3065 5250 ’ad
3122 5193 3489 5268 episcopalem
3532 5192 3841 5268 cathedram

2263 5263 2532 5338 evectum,
2564 5274 2956 5338 nequetamen
2989 5268 3104 5323 haec
3118 5263 3192 5338 ita
3209 5263 3438 5329 dissero,
3469 5270 3527 5318 ut
3546 5263 3842 5338 viridocti,

2208 5389 2217 5393 _
2262 5337 2355 5409 qui
2397 5345 2588 5393 contra
2617 5336 2811 5402 sensit,
2867 5337 3071 5409 nomini
3099 5337 3419 5409 obtrectem,
3441 5336 3557 5409 _sed
3580 5336 3712 5406 quia
3741 5337 3843 5389 ini-

2259 5406 2504 5464 mortalis
2535 5409 2809 5465 memoria
2855 5408 3123 5463 cardinali
3146 5407 3377 5462 Baronio
3423 5406 3623 5462 debere
3644 5422 3733 5460 me
3762 5410 3841 5474 ju-

2260 5480 2403 5545 dico,
2440 5488 2493 5534 ut
2515 5494 2637 5550 quae
2663 5486 2811 5535 recte
2840 5486 2891 5550 ct
2913 5495 3041 5535 vere
3070 5480 3141 5534 ab
3162 5494 3228 5535 eo
3248 5476 3390 5533 dicta
3410 5486 3551 5548 sunt,
3584 5493 3647 5533 ea
3680 5484 3843 5547 utpro

2259 5551 2402 5623 veris
2432 5548 2756 5623 habeantur,
2775 5548 2953 5605 enitar
2976 5550 3155 5623 quoad
3185 5564 3430 5623 possum:

2329 5622 2478 5690 (216)
2539 5621 2741 5678 Omnes
2795 5618 3041 5693 factores
3082 5620 3370 5679 Reinaldi.
3402 5620 3579 5680 Electi
3605 5618 3845 5693 episcopi

2415 5693 2694 5778 gavensis,
2730 5693 2896 5778 epist.
2938 5693 3029 5778 11_.

2332 5762 2486 5835 (ΞΠ)
2504 5762 2625 5835 Qui
2647 5780 2739 5821 vos
2757 5762 2899 5820 illuc
2928 5763 3162 5822 notavit.
3187 5763 3453 5822 Raduli'us
3494 5764 3841 5827 Turonensis,

1367 5813 1879 5905 ulterius
1908 5841 2010 5905 pro
2041 5826 2154 5883 eis-
2254 5813 2636 5905 epi‘s‘treademv.
