3940 6404
494 426 593 486 123

1480 433 1813 490 GOFFRIDI
1855 432 2140 489 ABBATIS
2181 433 2723 490 VINDOCINENSIS

3682 430 3782 489 124

491 552 588 609 sed
618 551 708 608 ubi
740 552 831 610 vel
852 555 1091 628 quando,
1122 564 1211 612 aut
1239 556 1509 632 ignoravit
1534 558 1717 614 dicere
1768 566 1859 615 aut
1889 557 2080 615 noluit.
2113 560 2161 619 A
2196 565 2445 615 nostram
2474 559 2668 615 saltum
2703 559 2821 631 ipse
2850 556 3075 626 daretis,
3090 555 3480 613 amaritudines
3509 558 3777 630 quasdam

492 641 652 712 Quod
682 643 1008 701 conductum
1039 646 1386 717 quaesivimus
1415 647 1642 702 multum
1671 647 1982 716 miramini;
2030 654 2084 703 et

497 738 649 788 certe
679 732 1032 789 vehementer
1057 734 1371 790 mirandum
1423 746 1587 803 esset,
1640 736 1687 791 si
1736 752 1847 793 non
1904 736 2085 808 potius

491 828 692 877 vestra
721 821 987 877 debilitati
1017 822 1273 894 imputari
1303 832 1496 895 posset
1526 840 1685 896 qnam
1718 834 1919 881 nostra
1967 824 2083 881 for-

491 908 707 964 midini.
746 909 881 979 Quis
928 911 1129 966 etenim
1177 920 1360 984 potest
1416 913 1474 967 in
1530 913 1847 985 episcopatu
1902 921 2084 969 vestro

492 1013 597 1053 non
630 997 819 1054 timere
853 998 1009 1054 vobis
1033 1000 1381 1071 episcOpante
1409 1002 1438 1056 τ
1488 1003 1597 1058 Vos
1639 1002 1872 1059 vidimus
1914 1020 2082 1074 paro-

492 1085 714 1143 chianos
744 1095 963 1143 vestros
992 1093 1141 1143 metu
1168 1090 1433 1159 dcvitare,
1462 1098 1517 1147 et
1547 1089 1740 1163 fugere
1787 1092 1933 1147 velut
1989 1093 2082 1147 bo-

492 1182 646 1240 stes;
690 1175 986 1248 puduitque
1024 1177 1233 1233 videre.
1285 1179 1341 1233 Si
1392 1178 1682 1247 miramini,
1737 1181 1844 1237 hoc
1899 1179 2085 1251 utique

491 1262 678 1318 mirari
708 1264 936 1335 potestis
984 1266 1130 1338 quod
1173 1282 1461 1339 musquam
1519 1283 1748 1324 securus
1806 1268 2084 1340 praesumit

490 1352 741 1424 cuiquam
770 1354 1114 1410 securitatem
1143 1355 1486 1425 promittere.
1518 1357 1642 1412 Non
1672 1365 1797 1412 tunc
1827 1356 2083 1428 personis

490 1440 707 1507 nostris,
742 1440 841 1497 sed
872 1442 1197 1513 equitaturis
1244 1444 1571 1501 timebamus
1615 1452 1668 1501 et
1721 1444 1966 1510 famulis,
2013 1444 2084 1500 de

492 1530 691 1601 quibus
721 1529 768 1585 si
797 1529 1016 1604 aliquod
1048 1531 1307 1587 damnum
1337 1533 1782 1601 incurrissemus,
1814 1550 1923 1590 non
1960 1533 2084 1606 plus

483 1617 704 1689 justitia
732 1634 834 1691 per
861 1636 959 1677 vos
987 1636 1090 1677 nos
1119 1622 1398 1678 habituros
1448 1623 1875 1679 credidissemus
1920 1638 2083 1696 quam

491 1706 560 1763 de
588 1707 791 1763 nostris
820 1707 945 1764 aliis
974 1710 1139 1765 rebus
1168 1710 1479 1768 habuimus.
1520 1712 1818 1767 Mandastis
1848 1720 1926 1777 ut,
1954 1712 1999 1767 si
2031 1712 2085 1767 in

491 1794 675 1869 aliquo
704 1797 870 1853 nobis
898 1796 1169 1866 defuistis,
1202 1800 1563 1857 determinate
1608 1801 1765 1858 vobis
1806 1801 2083 1857 scribere-

2192 647 2292 702 sub
2320 648 2535 705 ironica
2564 647 2836 705 locutione
2862 647 3218 719 conscriptas,
3251 654 3440 703 contra
3471 662 3571 702 nos
3626 647 3775 702 dire-

2193 736 2369 791 xistis.
2408 737 2565 793 Nunc
2596 753 2694 793 vos
2722 751 2857 808 erga
2885 753 2988 792 nos
3017 735 3286 793 veraciter
3319 736 3642 808 agnovimus
3691 736 3778 807 pi-

2191 841 2366 893 grum,
2401 828 2589 881 contra
2619 840 2719 881 nos
2744 823 2897 880 factis
2928 832 2984 880 et
3028 824 3188 881 dictis
3240 823 3484 879 velocem
3540 832 3594 879 et
3644 839 3777 896 pro-

2191 930 2340 968 num.
2375 914 2529 970 Unde
2561 913 2894 969 fraternitate
2920 929 3025 985 qua
3050 912 3437 985 conjungimur
3465 928 3562 969 vos
3618 926 3771 984 roga-

2192 1019 2333 1066 mus,
2367 1011 2420 1057 et
2450 1003 2696 1073 rogando
2725 1018 3030 1068 monemus,
3063 1010 3121 1057 ut
3149 1001 3298 1075 quod
3338 1001 3515 1055 minus
3561 1001 3778 1070 iustitia

2192 1101 2244 1147 et
2271 1090 2579 1148 dilectionis
2600 1098 2785 1147 nostro
2812 1099 2866 1147 et
2887 1103 3071 1147 vestro
3091 1090 3421 1147 monasterio
3441 1090 3774 1156 exbibuistis,

2192 1180 2295 1235 sub
2326 1179 2609 1235 celeritate
2640 1180 2938 1235 emendare
2967 1179 3195 1238 curetis.
3232 1180 3351 1234 Non
3381 1186 3465 1234 est
3492 1178 3648 1235 nobis
3676 1193 3776 1234 ne-

2190 1268 2514 1335 cessarium,
2549 1284 2651 1325 nec
2682 1268 2837 1325 vobis
2879 1267 3028 1334 utile,
3077 1275 3301 1340 propter
3358 1267 3612 1337 injustam
3665 1268 3774 1337 jam

2192 1357 2347 1415 dicta
2375 1357 2589 1413 femina
2618 1373 2862 1423 causam,
2893 1373 2923 1412 a
2951 1356 3226 1423 cbaritate,
3293 1358 3448 1426 131
3510 1370 3617 1427 qua
3672 1371 3772 1412 vos

2193 1462 2327 1518 pure
2350 1462 2571 1517 semper
2600 1446 2917 1513 dileximus,
2950 1444 3216 1517 separari.
3256 1446 3336 1501 De
3373 1443 3461 1500 illa
3514 1444 3775 1517 siquidem

2187 1534 2453 1605 justitiam
2481 1534 2733 1606 accipere
2778 1534 2834 1589 in
2891 1535 3045 1591 curia
3092 1541 3276 1591 vestra
3329 1534 3506 1605 parati
3558 1532 3774 1599 fuimus,

2193 1632 2245 1681 et
2277 1640 2473 1679 sumus
2508 1643 2523 1691 ;
2557 1631 2613 1679 et
2638 1623 2782 1695 apud
2813 1624 3294 1679 Montem-aureum
3323 1625 3489 1694 (226),
3512 1621 3599 1679 vel
3637 1621 3782 1694 apud

2194 1714 2485 1770 Carcerein
2510 1712 2679 1783 (227),
2714 1729 2812 1768 seu
2841 1711 2986 1783 apud
3017 1712 3244 1768 Seusam
3272 1713 3422 1782 (228)
3452 1712 3523 1767 ob
3548 1712 3654 1767 hoc
3680 1726 3782 1767 vo-

2194 1802 2278 1855 bis
2308 1802 2528 1857 obviam
2557 1800 2781 1856 ibimus.
2812 1800 3224 1857 Cenomannum
3255 1815 3384 1857 vero
3413 1800 3491 1856 ire
3521 1815 3623 1856 nec
3650 1815 3784 1871 pos-

491 1900 635 1952 mus,
669 1893 724 1941 et
751 1886 1012 1958 supplere
1041 1895 1266 1959 paratus
1296 1890 1480 1945 eratis.
1526 1891 1586 1944 In
1635 1891 1739 1946 boo
1786 1890 2088 1961 prudenter
2117 1919 2169 1978 Β
2200 1905 2408 1951 sumus,
2442 1904 2545 1945 nec
2574 1888 2848 1954 volumus,
2882 1888 3013 1960 quia
3041 1902 3142 1944 vos
3169 1902 3400 1959 gravare
3428 1888 3681 1943 timemus
3734 1893 3785 1941 et

492 1973 625 2029 estis
653 1973 888 2042 locutus,
918 1976 965 2030 si
994 1976 1141 2033 dicta
1171 1976 1325 2033 factis
1354 1994 1464 2035 non
1507 1978 1813 2035 evacuatis.
1860 1978 1921 2033 In
1960 1978 2087 2051 qui-

497 2062 597 2117 bus
628 2070 808 2119 autem
837 2064 996 2119 nobis
1024 2064 1294 2134 defuistis,
1322 2067 1472 2136 juxta
1502 2067 1579 2123 rei
1631 2067 1920 2123 veritatem
1967 2083 2088 2122 me-

492 2150 601 2207 lius
631 2151 1002 2208 determinare
1034 2169 1143 2210 non
1173 2171 1487 2226 possumus,
1521 2171 1683 2229 quam
1732 2156 1784 2211 si
1829 2155 2094 2211 fateamur

498 2238 552 2295 in
582 2240 863 2311 omnibus,
887 2241 956 2297 de
976 2242 1175 2314 quibus
1194 2258 1292 2299 vos
1312 2260 1457 2301 nunc
1468 2260 1639 2317 usque
1659 2244 2001 2316 rogavimus.
2026 2246 2092 2300 Et

496 2327 704 2385 idcirco
734 2344 832 2386 vos
854 2336 1110 2403 tanquam
1158 2332 1538 2403 promissionis
1560 2341 1613 2389 et
1631 2333 1915 2405 propositi,
1942 2334 2093 2404 quod

500 2416 669 2473 semel
701 2425 755 2473 et
783 2418 978 2475 iterum
1007 2419 1062 2474 in
1087 2420 1327 2491 capitulo
1356 2429 1546 2477 nostro
1576 2421 1803 2491 fecistis,
1865 2421 2091 2478 oblitum

500 2505 785 2573 miramur,
819 2515 872 2563 et
902 2507 1153 2565 mirando
1173 2509 1439 2567 dolemus.
1464 2511 1580 2567 Hoc
1602 2510 1763 2566 etiam
1785 2519 1894 2565 tam
1915 2511 2093 2567 subito

503 2609 537 2650 a
581 2595 847 2652 memoria
900 2604 1085 2653 vestra
1138 2598 1407 2655 cecidisse
1446 2615 1555 2655 non
1610 2599 1907 2669 debuisset,
1969 2616 2091 2657 cum

503 2682 779 2756 quondam
809 2685 879 2741 de
910 2684 1253 2758 Sigebranno
1300 2690 1445 2760 apud
1492 2688 1744 2745 comitem
1793 2689 2093 2744 clamorem

502 2770 743 2829 facturus
772 2773 1137 2830 Vindocinum
1166 2776 1456 2832 venissetis
1482 2796 1494 2841 ;
1535 2779 1697 2847 130
1728 2778 1875 2850 quod
1920 2780 2095 2834 comi-

506 2868 618 2916 tem
648 2868 700 2918 et
730 2862 1063 2919 comitissam
1085 2871 1271 2920 contra
1298 2881 1397 2922 nos
1417 2881 1519 2938 pro
1541 2867 1697 2922 vobis
1725 2867 1793 2923 ad
1810 2866 1947 2922 iram
1969 2884 2097 2923 con-

503 2950 805 3013 citavimus.
838 2967 1031 3008 eorum
1059 2952 1369 3011 inimicitias
1412 2956 1699 3014 incurrere
1754 2973 1855 3030 pro
1912 2973 2099 3014 amore

503 3046 690 3095 vestro
720 3040 945 3096 minime
980 3031 1317 3101 recusantes.
1347 3045 1504 3101 Tunc
1531 3054 1754 3117 propter
1776 3062 1873 3102 vos
1920 3045 2098 3103 oﬂ'en-

501 3127 678 3184 dimus
701 3129 1057 3197 comitissam,
1089 3131 1159 3188 de
1188 3147 1314 3205 qua,
1350 3141 1401 3189 et
1445 3143 1671 3205 propter
1717 3150 1882 3207 quam
1929 3150 2095 3202 nunc,

2198 1979 2326 2033 olim
2356 1978 2511 2034 nobis
2541 1977 2869 2042 mandastis,
2900 1993 2970 2032 ne
2997 1977 3072 2033 ad
3102 1993 3200 2033 vos
3230 1993 3356 2033 cum
3383 1977 3537 2032 turba
3564 1975 3790 2031 famulo-

2200 2084 2314 2123 rum
2341 2068 2679 2123 veniremus.
2717 2065 2848 2133 Sed,
2880 2066 3103 2133 credite,
3135 2065 3269 2121 mibi
3297 2079 3408 2121 non
3434 2072 3545 2121 tam
3591 2065 3789 2120 mirum

2200 2172 2266 2212 ex
2276 2156 2426 2226 stitit,
2449 2156 2495 2212 si
2516 2156 2716 2223 ibi,ubi
2734 2171 2895 2211 nemo
2913 2163 3059 2210 tutus
3075 2170 3199 2211 esse
3223 2161 3421 2225 potest,
3445 2153 3793 2226 quasivimus

2204 2246 2554 2313 conductum,
2588 2261 2749 2317 quam
2790 2244 3101 2300 mirandum
3157 2243 3299 2300 foret
3354 2242 3404 2298 si
3461 2249 3576 2298 tam
3627 2242 3795 2314 longa

2201 2343 2360 2390 terra
2390 2334 2572 2405 spatia
2599 2334 2989 2389 transissemus
3016 2334 3134 2389 sine
3150 2332 3424 2389 consortio
3444 2331 3791 2388 famulorum.

2202 2424 2421 2497 Hilgoto
2442 2428 2499 2479 et
2531 2422 2817 2496 Vulgrino,
2845 2423 2916 2478 de
2945 2422 3143 2494 quibus
3170 2420 3327 2478 nobis
3358 2420 3677 2493 scripsistis,
3695 2421 3794 2489 ju-

2202 2512 2400 2567 stitiam
2433 2512 2660 2584 exsequi
2681 2511 2978 2578 voluimus,
3011 2518 3065 2566 et
3092 2511 3162 2566 ab
3193 2509 3330 2581 ipsis
3359 2509 3502 2565 idem
3543 2508 3799 2580 accipere

2201 2601 2610 2657 desideramus.
2647 2601 2861 2656 Valete.
2898 2601 3160 2656 Joannem
3191 2598 3596 2655 camentarium
3618 2599 3795 2666 (229),

2202 2692 2527 2746 monachum
2560 2698 2831 2757 nostrum,
2865 2705 3027 2761 quem
3058 2688 3339 2744 vobiscum
3371 2686 3599 2753 habetis,
3655 2702 3799 2758 pro-

2202 2787 2324 2851 pter
2352 2779 2684 2850 iniquitatem
2717 2793 2875 2834 suam
2900 2793 2935 2833 a
2963 2777 3122 2834 nobis
3147 2776 3671 2833 excommunicatnm
3704 2774 3798 2829 in—

2205 2867 2522 2924 dubitanter
2550 2868 2858 2940 agnoscite.

2700 2962 3043 3019 EPISTOLA
3083 2964 3260 3017 XVIII
3272 3004 3285 3017 .

2207 3053 2476 3109 lldeberto
2496 3052 2653 3109 bona
2674 3054 2806 3108 vita
2836 3052 3405 3125 episcopo,Go/‘fridus
3433 3049 3801 3107 Vindocinen-

2498 3142 2576 3197 sis
2607 3143 2944 3198 monasterii
2961 3157 3174 3207 servus,
3206 3127 3472 3198 salutem.

501 3216 1230 3323 sed_immerito,ndistulistis
1284 3222 1504 3323 nobis,“
1527 3231 1581 3279 et
1627 3224 1812 3280 adhuc
1865 3223 2096 3279 differtis
2129 3261 2177 3323 Ο
2277 3228 2623 3291 Hamelinum
2651 3230 2721 3285 de
2752 3231 3133 3287 Monte-aureo
3180 3230 3331 3301 (230)
3383 3234 3604 3301 propter
3656 3225 3802 3281 mala

494 3305 777 3375 justitiam.
810 3306 874 3363 In
902 3307 1041 3365 libro
1065 3324 1337 3366 canonum
1364 3311 1435 3368 de
1464 3312 1631 3368 Grato
1659 3313 1918 3384 episcopo
1949 3316 2096 3383 (225)

498 3395 826 3454 mentionem
860 3396 1057 3453 factam
1081 3399 1413 3468 audivimus,
1447 3401 1544 3457 sed
1584 3401 1707 3475 quis
1743 3400 1908 3458 fuerit
1956 3402 2095 3474 ipse,

499 3484 715 3553 penitus
740 3484 1087 3559 ignoramus.
1128 3488 1381 3561 Ingratus
1402 3505 1535 3546 vero
1554 3490 1846 3562 episcopus
1867 3490 1988 3563 quis
2010 3491 2099 3558 sit,

500 3572 587 3629 vel
614 3574 760 3629 unde
789 3575 878 3642 sit,
910 3576 1041 3647 quid
1074 3576 1279 3644 valeat,
1314 3577 1548 3650 qualiter
1600 3578 1762 3646 vivat,
1829 3580 1951 3651 ipso
2007 3596 2100 3635 se-

502 3661 682 3732 ipsum
714 3663 995 3720 revelante
1022 3665 1299 3722 occultare
1345 3681 1456 3723 non
1510 3683 1828 3739 possumus.
1896 3668 1952 3723 Si
2007 3683 2105 3724 vos

500 3765 718 3822 quoquo
744 3751 908 3809 modo
934 3761 1127 3826 gravat
1156 3754 1303 3827 quod
1332 3754 1590 3824 diximus,
1624 3772 1735 3813 non
1777 3756 1956 3825 nobis,
2006 3756 2103 3812 sed

499 3838 662 3896 vobis
688 3838 963 3912 imputetis
996 3842 1089 3915 qui
1117 3842 1272 3915 prius
1320 3852 1507 3900 contra
1551 3861 1653 3901 nos
1698 3844 2103 3918 indisciplinata

500 3927 672 3984 verba
701 3928 1042 4002 profudistis,
1095 3948 1206 3988 non
1252 3933 1474 4004 quidem
1530 3933 1795 4006 aquitatis
1845 3948 2100 4001 censura,

502 4018 601 4074 sed
638 4032 826 4075 amore
845 4018 1118 4077 mulieris.
1156 4021 1389 4078 Domine
1441 4022 1719 4094 episcope,
1786 4023 2103 4080 meminisse

500 4106 848 4174 debuissetis,
881 4109 1136 4180 quoniam
1167 4110 1397 4167 multum
1444 4127 1541 4169 vos
1581 4112 1893 4175 dileximus,
1954 4112 2100 4168 mul-

501 4203 613 4251 tum
645 4196 801 4252 vobis
831 4197 1186 4267 servivimus,
1238 4200 1463 4256 multum
1516 4201 1569 4255 in
1625 4201 1805 4258 futuro
1853 4199 2103 4256 servituri

503 4285 727 4342 erimus.
760 4286 923 4355 Bene,
952 4286 1007 4342 in
1038 4295 1299 4359 quantum
1342 4289 1637 4360 potuimus,
1692 4289 1849 4346 vobis
1902 4296 2099 4345 canta-

503 4371 707 4439 vimus,
739 4381 809 4442 et,
840 4382 897 4429 ut
923 4373 1082 4431 nobis
1106 4376 1401 4444 saltaretis,
1452 4379 1936 4449 exspectabamus.
1992 4377 2099 4433 Sed

502 4461 628 4517 dum
677 4471 1136 4535 exspectaremus,
1210 4472 1479 4538 quatenus
1537 4468 1693 4536 juxta
1767 4466 2097 4524 cantilenam

2208 3335 2328 3389 qua
2354 3317 2513 3374 nobis
2545 3317 2774 3385 fecerat,
2803 3334 2836 3373 a
2866 3317 3022 3375 vobis
3053 3326 3109 3374 et
3129 3332 3161 3372 a
3182 3317 3361 3390 legato
3382 3315 3805 3387 (231)Romana

2207 3407 2474 3463 Ecclesia
2502 3406 3052 3473 excommunicatum,
3086 3405 3232 3462 nulla
3266 3415 3442 3461 tamen
3473 3404 3630 3460 nobis
3660 3403 3805 3459 facta

2210 3495 2587 3553 satisfactione
2617 3495 2931 3551 absolutum
2958 3495 3265 3550 audivimus
3294 3502 3349 3549 et
3378 3495 3602 3550 scimus.
3642 3492 3805 3549 Unde

2211 3584 2441 3640 bonitati
2458 3593 2650 3641 vestra
2669 3585 2965 3658 diligenter
2985 3583 3371 3657 supplicamus,
3395 3590 3470 3651 ut,
3486 3588 3575 3637 aut
3590 3598 3651 3637 ea
3673 3597 3806 3653 qua

2211 3673 2371 3729 nobis
2396 3673 2619 3728 abstulit
2648 3675 2749 3728 sub
2778 3673 3061 3729 celeritate
3089 3672 3355 3736 restituat,
3372 3679 3458 3727 aut
3480 3684 3807 3727 excommu-

2211 3761 2488 3830 nicationi,
2524 3778 2686 3835 quam
2718 3762 2961 3818 evasisse
2991 3761 3176 3818 illicite
3220 3762 3377 3831 132
3408 3758 3643 3825 videtur,
3692 3758 3802 3813 ite-

2211 3866 2332 3906 rum
2361 3851 2656 3921 subjaceat,
2690 3867 2779 3918 ne,
2808 3851 2957 3923 quod
2987 3851 3043 3905 in
3073 3866 3191 3906 eum
3219 3865 3252 3906 a
3281 3848 3452 3918 vobis,
3474 3855 3527 3904 et
3546 3863 3579 3903 a
3598 3845 3803 3902 vicario

2212 3939 2359 3995 sedis
2390 3939 2705 4011 apostolica
2735 3947 2917 3995 actum
2945 3938 3304 4011 dignoscitur,
3337 3936 3547 3993 irritum
3579 3934 3691 3991 ﬁat.

2694 4026 3041 4084 EPISTOLA
3081 4028 3282 4083 XVIII.

2210 4113 2480 4171 Ildeberlo
2514 4114 2646 4168 vita:
2690 4111 2998 4169 laudabilis
3036 4114 3309 4185 episcopo,
3348 4127 3446 4167 suo
3477 4110 3539 4165 in
3572 4108 3802 4164 Christo

2278 4204 2484 4259 dilecto
2509 4201 2690 4267 Patri,
2720 4199 3017 4272 Goffridus
3055 4200 3485 4256 Vindocinensis
3505 4201 3797 4253 monaste-

2280 4293 2353 4348 rii
2382 4306 2674 4348 servorum
2702 4290 2998 4356 minimus,
3033 4290 3194 4344 beate
3217 4289 3395 4345 vivere
3417 4301 3650 4360 semper,
3698 4299 3802 4340 nec

2276 4381 2435 4437 omni
2464 4378 2701 4453 spiritui
2728 4378 2975 4435 credere.

2277 4468 2576 4535 Didicistis,
2608 4466 2749 4523 sicut
2771 4466 2931 4523 nobis
2950 4464 3273 4531 mandastis,
3305 4464 3452 4537 quod
3498 4471 3805 4535 propterea

2131 4619 2182 4679 D

565 4692 723 4773 @215)
746 4692 823 4773 Qa
841 4694 1009 4773 ιξῖᾳζο
1039 4695 1312 4773 ερίεσορο.
1347 4694 1547 4773 Mirum
1577 4703 1681 4773 est_
1708 4696 1952 4773 ignorari
2001 4713 2105 4773 _po-

503 4763 672 4837 tuisse
700 4779 734 4819 a
763 4763 1009 4821 Goﬂ'rido
1036 4763 1271 4837 Gratum
1300 4765 1615 4837 episcOpum
1656 4763 1826 4823 fuiSse
1870 4763 2107 4824 Cartha-

501 4833 829 4907 giniensem,
863 4852 986 4892 cum
1015 4836 1219 4893 docere
1248 4837 1302 4891 id
1333 4833 1569 4907 potuerit
1596 4854 1706 4894 non
1747 4839 1910 4894 modo
1967 4840 2107 4895 Car-

501 4905 845 4979 thaginiense
872 4906 1166 4979 concilium
1198 4905 1433 4979 primum
1482 4908 1570 4965 cui
1623 4908 1859 4979 prafuit,
1918 4926 2105 4965 verum

501 4977 666 5049 etiam
696 4977 1043 5043 Sardicense,
1075 4978 1164 5035 cui
1200 4977 1556 5049 subscripsit,
1608 4977 1707 5035 sed
1750 4980 2005 5035 nimirum
2054 4981 2110 5035 in

499 5046 642 5121 libro
673 5063 964 5121 canonum,
996 5049 1087 5104 ubi
1118 5050 1275 5105 Grati
1304 5046 1546 5121 episcopi
1577 5066 1795 5107 nomem
1826 5050 2112 5121 praefixum

501 5119 729 5188 viderat,
763 5119 1002 5176 civitatis
1048 5136 1248 5176 nomen
1291 5121 1379 5177 cui
1444 5119 1683 5193 praerat
1729 5119 1839 5178 non
1884 5122 2112 5196 legeba-

499 5196 604 5244 llll‘.
1166 5233 1170 5236 .

572 5260 727 5333 (2ᾷ6)
749 5261 906 5333 Apud
950 5263 1475 5319 Montem-aureum.
1536 5263 1595 5317 Id
1649 5264 1913 5333 oppidum
1969 5263 2115 5319 infra

506 5328 863 5405 Vindocinum
894 5333 1054 5405 situm
1092 5343 1176 5389 est
1202 5334 1258 5387 in
1282 5333 1456 5405 altera
1489 5334 1605 5388 Lidi
1636 5328 1772 5405 ripa.

571 5403 721 5473 (227)
734 5401 915 5473 Apud
933 5404 1003 5458 Cu
1012 5420 1247 5460 rcerem.
1272 5404 1420 5460 Infra
1437 5401 1919 5460 Montemlaureum
1933 5404 1986 5460 in
2011 5405 2109 5460 la:-

501 5485 566 5553 va
596 5470 840 5553 ejusdem
871 5472 1021 5553 fluvii
1044 5475 1190 5553 ripa,
1222 5490 1331 5553 non
1358 5477 1546 5553 procul
1595 5492 1627 5530 a
1666 5484 1869 5553 castro
1896 5476 2015 5531 Lidi
2050 5485 2104 5553 e_t

502 5539 779 5597 Turonum
798 5540 1014 5609 finibus,
1037 5539 1234 5602 carcer
1245 5539 1625 5602 Cenbmanica
1645 5548 1904 5603 ditccesis
1917 5547 2111 5604 castel-

502 5609 611 5696 lum
643 5627 752 5693 non
780 5610 1223 5696 igno‘bile,uquod
1252 5633 1283 5671 a
1313 5617 1551 5696 Fulcone
1582 5618 1652 5696 ly
1679 5625 1898 5696 captum
1922 5626 2110 5696 narrat

505 5682 831 5737 Cbronicuni
890 5684 953 5738 S.
994 5682 1173 5740 Albini
1200 5701 1347 5742 anno
1376 5689 1513 5742 10οι
1547 5704 1560 5741 :
1594 5691 1725 5744 Post
1749 5682 1872 5745 'non
1896 5692 2107 5746 mullos

506 5750 688 5831 igiltir
711 5751 847 5819 dies,
897 5753 1093 5831 inquit,
1122 5755 1257 5810 dum
1296 5757 1466 5814 Fulco
1497 5773 1681 5831 carnes
1720 5759 2111 5831 quod‘rvolebqt

506 5821 763 5948 mpm-leo
773 5838 890 5879 non
905 5821 1116 5948 posset,
1147 5841 1343 5897 pacem
1370 5842 1500 5882 cum
1546 5828 1664 5895 ﬁlio
1688 5821 1787 5883 sita
1832 5828 2109 5898 Gaufrido

786 5894 900 5964 fect
931 5932 945 5963 ,
974 5899 1308 5967 pariterque
1336 5898 1593 5967 sequenti
1620 5912 1774 5954 anno
1802 5900 2108 5956 castellum

2219 4697 2471 4753 Carceris
2487 4699 2843 4767 ceperunt,“
2871 4697 3163 4751 Toarcium
3179 4710 3447 4767 magnum
3459 4699 3515 4750 et
3528 4694 3806 4767 nobilissi-

2214 4785 2374 4823 mum
2395 4785 2488 4823 cus
2496 4764 2694 4823 tellum
2708 4764 3523 4824 concremaverunlll’hartram
3540 4764 3698 4819 hodie
3712 4779 3804 4835 ap-

2215 4838 2447 4926 pellant,
2471 4837 2618 4910 quod
2649 4837 3255 4926 vernaculanm'ajorum
3288 4836 3476 4926 litigas
3514 4836 3805 4926 parcerem

2217 4905 2395 4964 sonat.
2430 4905 2617 4979 Itaque
2646 4916 2704 4963 ut
2732 4908 2995 4979 Parisiis.
3016 4906 3347 4979 Dionysiide
3366 4905 3595 4979 Chartra
3628 4905 3804 4960 adem

2219 4987 2440 5044 vocant,
2464 4977 2555 5034 ubi
2572 4994 2768 5036 carcer
2788 4977 2867 5034 illi
2896 4977 2993 5032 fuit
3028 4993 3040 5031 :
3076 4977 3168 5034 sic
3191 4977 3465 5044 indigena
3492 4977 3800 5038 Chartram,

2220 5060 2308 5105 aut
2338 5052 2394 5106 S.
2433 5050 2778 5106 Vincentium
2807 5050 2877 5103 de
2914 5049 3144 5104 Chartra
3172 5046 3456 5104 castellum
3484 5047 3539 5102 id
3593 5046 3801 5111 dicunt,

2222 5122 2369 5198 quod
2394 5122 2605 5198 parcer
2634 5128 2718 5198 est
2743 5118 3014 5198 Goffrido.
3184 5190 3197 5198 .
3292 5196 3298 5198 Α
3531 5187 3561 5198 __

2293 5194 2441 5262 (2’28)
2475 5194 2633 5264 Apud
2657 5192 2912 5264 Sensum.
2947 5191 3161 5264 Nomen
3184 5190 3442 5264 hactenus
3463 5190 3659 5264 retinet
3675 5203 3805 5264 cum

2223 5259 2376 5319 titulo
2404 5259 2691 5320 comitatus
2720 5262 2773 5315 in
2803 5276 2950 5332 pago
2979 5260 3344 5318 Cenomanico
3371 5259 3665 5332 adsertam
3694 5259 3805 5313 flu-

2220 5334 2385 5400 vium,
2420 5334 2512 5405 qui
2543 5342 2596 5388 et
2626 5330 3312 5404 ipsamCénomannorum
3357 5330 3654 5403 principem
3708 5346 3805 5384 ur-

2220 5405 2342 5459 bem
2373 5404 2713 5459 praeterfluit.

2258 5422 2342 5460 em
2373 5422 2406 5472 p
2415 5422 2488 5460 ιἨέ
2496 5421 2713 5459 ῐθηιιιιῑ.

2292 5478 2440 5551 (2'29)
2473 5478 2749 5551 {cannam
2774 5474 3235 5551 Camaritarum.
3272 5472 3610 5551 Epist._j25._

2290 5540 2437 5619 (230)
2466 5547 2834 5619 Hamelingum
2854 5546 2919 5600 de
2954 5540 3372 5619 Merita-aureo.
3416 5543 3559 5619 ‘Hic_
3584 5540 3812 5619 familia:

2218 5613 2437 5683 nomen,
2468 5632 2577 5673 non
2604 5617 2813 5688 patria,
2835 5624 2893 5670 ut
2921 5623 2975 5688 et
3000 5615 3094 5688 lib.
3130 5630 3168 5680 ι,
3201 5615 3490 5688 ερίειηιυ.
3526 5614 3723 5668 Petrus
3742 5613 3813 5688 de

2219 5684 2625 5753 Monte—aureo,
2652 5688 2720 5742 de
2748 5685 3037 5741 Hamelino
3075 5684 3266 5740 iterum
3312 5684 3475 5755 epist.
3516 5684 3807 5755 sequenti.

2287 5759 2438 5828 (231)
2468 5760 2587 5814 Eta
2613 5759 2821 5830 legato.
2861 5756 3097 5813 Girardo
3126 5754 3554 5831 Engolismensi.
