  <div class='ocr_page' id='page_1' title='image "/cluster/home/n/w/nwhite01/storage/ocr_20150623/156-157/uc1.31175010662024/704.png"; bbox 0 0 3940 6440; ppageno 0'>
   <div class='ocr_carea' id='block_1_1' title="bbox 255 437 357 492">
    <p class='ocr_par' dir='ltr' id='par_1_1' title="bbox 255 437 357 492">
     <span class='ocr_line' id='line_1_1' title="bbox 255 437 357 492; baseline 0.01 -1"><span class='ocrx_word' id='word_1_1' title='bbox 255 437 357 492; x_wconf 75' lang='grc'><strong>125</strong></span> 
     </span>
    </p>
   </div>
   <div class='ocr_carea' id='block_1_2' title="bbox 1519 433 2267 491">
    <p class='ocr_par' dir='ltr' id='par_1_2' title="bbox 1519 433 2267 491">
     <span class='ocr_line' id='line_1_2' title="bbox 1519 433 2267 491; baseline -0.005 0"><span class='ocrx_word' id='word_1_2' title='bbox 1519 433 1889 491; x_wconf 66' lang='lat' dir='ltr'><strong>EPISTOLE.</strong></span> <span class='ocrx_word' id='word_1_3' title='bbox 1920 464 1991 474; x_wconf 93' lang='lat'>—</span> <span class='ocrx_word' id='word_1_4' title='bbox 2015 434 2140 488; x_wconf 81' lang='lat' dir='ltr'><strong>LIB.</strong></span> <span class='ocrx_word' id='word_1_5' title='bbox 2176 435 2267 488; x_wconf 92' lang='lat' dir='ltr'><strong>lll.</strong></span> 
     </span>
    </p>
   </div>
   <div class='ocr_carea' id='block_1_3' title="bbox 3449 429 3547 482">
    <p class='ocr_par' dir='ltr' id='par_1_3' title="bbox 3449 429 3547 482">
     <span class='ocr_line' id='line_1_3' title="bbox 3449 429 3547 482; baseline -0.02 0"><span class='ocrx_word' id='word_1_6' title='bbox 3449 429 3547 482; x_wconf 73' lang='lat'><strong>126</strong></span> 
     </span>
    </p>
   </div>
   <div class='ocr_carea' id='block_1_4' title="bbox 252 549 3550 631">
    <p class='ocr_par' dir='ltr' id='par_1_4' title="bbox 252 549 3550 631">
     <span class='ocr_line' id='line_1_4' title="bbox 252 549 3550 631; baseline -0.004 -15"><span class='ocrx_word' id='word_1_7' title='bbox 252 558 439 618; x_wconf 84' lang='lat' dir='ltr'><strong>clerici</strong></span> <span class='ocrx_word' id='word_1_8' title='bbox 467 557 637 617; x_wconf 85' lang='lat' dir='ltr'><strong>vestri</strong></span> <span class='ocrx_word' id='word_1_9' title='bbox 648 557 1052 631; x_wconf 81' lang='lat' dir='ltr'><strong>H.probibitam</strong></span> <span class='ocrx_word' id='word_1_10' title='bbox 1069 559 1172 616; x_wconf 90' lang='lat' dir='ltr'><strong>sibi</strong></span> <span class='ocrx_word' id='word_1_11' title='bbox 1188 558 1630 618; x_wconf 90' lang='lat' dir='ltr'><strong>communionem</strong></span> <span class='ocrx_word' id='word_1_12' title='bbox 1660 557 1846 616; x_wconf 88' lang='lat' dir='ltr'><strong>reddi-</strong></span> <span class='ocrx_word' id='word_1_13' title='bbox 1871 556 1927 618; x_wconf 81' lang='grc' dir='ltr'><strong>Α</strong></span> <span class='ocrx_word' id='word_1_14' title='bbox 1957 562 2152 612; x_wconf 89' lang='lat' dir='ltr'><strong>nanter</strong></span> <span class='ocrx_word' id='word_1_15' title='bbox 2178 562 2340 628; x_wconf 90' lang='lat' dir='ltr'><strong>atque</strong></span> <span class='ocrx_word' id='word_1_16' title='bbox 2383 553 2653 612; x_wconf 78' lang='lat' dir='ltr'><strong>veraciter</strong></span> <span class='ocrx_word' id='word_1_17' title='bbox 2710 553 3042 610; x_wconf 69' lang='lat' dir='ltr'><strong>voluntatem</strong></span> <span class='ocrx_word' id='word_1_18' title='bbox 3097 553 3336 608; x_wconf 77' lang='lat' dir='ltr'><strong>vestram</strong></span> <span class='ocrx_word' id='word_1_19' title='bbox 3391 549 3550 607; x_wconf 90' lang='lat' dir='ltr'><strong>nobis</strong></span> 
     </span>
    </p>
   </div>
   <div class='ocr_carea' id='block_1_5' title="bbox 253 647 1847 722">
    <p class='ocr_par' dir='ltr' id='par_1_5' title="bbox 253 647 1847 722">
     <span class='ocr_line' id='line_1_5' title="bbox 253 647 1847 722; baseline -0.001 -18"><span class='ocrx_word' id='word_1_20' title='bbox 253 649 470 718; x_wconf 90' lang='lat' dir='ltr'><strong>derunt,</strong></span> <span class='ocrx_word' id='word_1_21' title='bbox 503 647 630 721; x_wconf 91' lang='lat' dir='ltr'><strong>quia</strong></span> <span class='ocrx_word' id='word_1_22' title='bbox 658 648 855 704; x_wconf 90' lang='lat' dir='ltr'><strong>fratres</strong></span> <span class='ocrx_word' id='word_1_23' title='bbox 885 649 1058 705; x_wconf 79' lang='lat' dir='ltr'><strong>nostri</strong></span> <span class='ocrx_word' id='word_1_24' title='bbox 1081 649 1348 722; x_wconf 76' lang='lat' dir='ltr'><strong>justitiam</strong></span> <span class='ocrx_word' id='word_1_25' title='bbox 1376 650 1446 705; x_wconf 92' lang='lat' dir='ltr'><strong>de</strong></span> <span class='ocrx_word' id='word_1_26' title='bbox 1493 665 1560 706; x_wconf 92' lang='lat' dir='ltr'><strong>eo</strong></span> <span class='ocrx_word' id='word_1_27' title='bbox 1602 648 1847 720; x_wconf 88' lang='lat' dir='ltr'><strong>recipere</strong></span> 
     </span>
    </p>
   </div>
   <div class='ocr_carea' id='block_1_6' title="bbox 253 736 1848 795">
    <p class='ocr_par' dir='ltr' id='par_1_6' title="bbox 253 736 1848 795">
     <span class='ocr_line' id='line_1_6' title="bbox 253 736 1848 795; baseline 0 -3"><span class='ocrx_word' id='word_1_28' title='bbox 253 737 568 794; x_wconf 90' lang='lat' dir='ltr'><strong>noluerunt.</strong></span> <span class='ocrx_word' id='word_1_29' title='bbox 596 738 712 793; x_wconf 85' lang='lat' dir='ltr'><strong>Hoc</strong></span> <span class='ocrx_word' id='word_1_30' title='bbox 741 736 937 792; x_wconf 78' lang='lat' dir='ltr'><strong>fratres</strong></span> <span class='ocrx_word' id='word_1_31' title='bbox 966 737 1211 795; x_wconf 88' lang='lat' dir='ltr'><strong>veridica</strong></span> <span class='ocrx_word' id='word_1_32' title='bbox 1229 753 1364 794; x_wconf 89' lang='lat' dir='ltr'><strong>voce</strong></span> <span class='ocrx_word' id='word_1_33' title='bbox 1390 753 1449 794; x_wconf 86' lang='lat' dir='ltr'><strong>se</strong></span> <span class='ocrx_word' id='word_1_34' title='bbox 1461 737 1660 794; x_wconf 81' lang='lat' dir='ltr'><strong>fecisse</strong></span> <span class='ocrx_word' id='word_1_35' title='bbox 1679 738 1848 793; x_wconf 90' lang='lat' dir='ltr'><strong>abne-</strong></span> 
     </span>
    </p>
   </div>
   <div class='ocr_carea' id='block_1_7' title="bbox 252 825 1843 898">
    <p class='ocr_par' dir='ltr' id='par_1_7' title="bbox 252 825 1843 898">
     <span class='ocr_line' id='line_1_7' title="bbox 252 825 1843 898; baseline 0.001 -18"><span class='ocrx_word' id='word_1_36' title='bbox 252 833 403 898; x_wconf 81' lang='lat' dir='ltr'><strong>gant,</strong></span> <span class='ocrx_word' id='word_1_37' title='bbox 435 833 489 882; x_wconf 90' lang='lat' dir='ltr'><strong>et</strong></span> <span class='ocrx_word' id='word_1_38' title='bbox 512 825 657 898; x_wconf 91' lang='lat' dir='ltr'><strong>quod</strong></span> <span class='ocrx_word' id='word_1_39' title='bbox 687 840 789 882; x_wconf 90' lang='lat' dir='ltr'><strong>nec</strong></span> <span class='ocrx_word' id='word_1_40' title='bbox 811 825 1041 894; x_wconf 86' lang='lat' dir='ltr'><strong>justitia,</strong></span> <span class='ocrx_word' id='word_1_41' title='bbox 1073 842 1174 882; x_wconf 91' lang='lat' dir='ltr'><strong>nec</strong></span> <span class='ocrx_word' id='word_1_42' title='bbox 1199 826 1426 894; x_wconf 86' lang='lat' dir='ltr'><strong>justitia</strong></span> <span class='ocrx_word' id='word_1_43' title='bbox 1451 826 1718 883; x_wconf 89' lang='lat' dir='ltr'><strong>facienda</strong></span> <span class='ocrx_word' id='word_1_44' title='bbox 1747 843 1843 882; x_wconf 88' lang='lat' dir='ltr'><strong>se-</strong></span> 
     </span>
    </p>
   </div>
   <div class='ocr_carea' id='block_1_8' title="bbox 253 913 1848 980">
    <p class='ocr_par' dir='ltr' id='par_1_8' title="bbox 253 913 1848 980">
     <span class='ocr_line' id='line_1_8' title="bbox 253 913 1848 980; baseline 0.001 -11"><span class='ocrx_word' id='word_1_45' title='bbox 253 915 460 970; x_wconf 90' lang='lat' dir='ltr'><strong>curitas</strong></span> <span class='ocrx_word' id='word_1_46' title='bbox 490 914 572 970; x_wconf 90' lang='lat' dir='ltr'><strong>eis</strong></span> <span class='ocrx_word' id='word_1_47' title='bbox 602 913 789 969; x_wconf 90' lang='lat' dir='ltr'><strong>oblata</strong></span> <span class='ocrx_word' id='word_1_48' title='bbox 833 914 1012 980; x_wconf 90' lang='lat' dir='ltr'><strong>fuerit,</strong></span> <span class='ocrx_word' id='word_1_49' title='bbox 1061 913 1353 970; x_wconf 89' lang='lat' dir='ltr'><strong>afﬁrmant.</strong></span> <span class='ocrx_word' id='word_1_50' title='bbox 1399 915 1469 970; x_wconf 86' lang='lat' dir='ltr'><strong>Et</strong></span> <span class='ocrx_word' id='word_1_51' title='bbox 1513 914 1640 971; x_wconf 91' lang='lat' dir='ltr'><strong>ideo</strong></span> <span class='ocrx_word' id='word_1_52' title='bbox 1697 915 1848 971; x_wconf 91' lang='lat' dir='ltr'><strong>salva</strong></span> 
     </span>
    </p>
   </div>
   <div class='ocr_carea' id='block_1_9' title="bbox 253 1003 1847 1076">
    <p class='ocr_par' dir='ltr' id='par_1_9' title="bbox 253 1003 1847 1076">
     <span class='ocr_line' id='line_1_9' title="bbox 253 1003 1847 1076; baseline 0.001 -19"><span class='ocrx_word' id='word_1_53' title='bbox 253 1011 437 1058; x_wconf 88' lang='lat' dir='ltr'><strong>vestra</strong></span> <span class='ocrx_word' id='word_1_54' title='bbox 465 1018 603 1075; x_wconf 83' lang='lat' dir='ltr'><strong>pace</strong></span> <span class='ocrx_word' id='word_1_55' title='bbox 633 1003 886 1069; x_wconf 86' lang='lat' dir='ltr'><strong>dicimus,</strong></span> <span class='ocrx_word' id='word_1_56' title='bbox 919 1003 1066 1076; x_wconf 93' lang='lat' dir='ltr'><strong>quod</strong></span> <span class='ocrx_word' id='word_1_57' title='bbox 1096 1011 1289 1076; x_wconf 77' lang='lat' dir='ltr'><strong>gravat</strong></span> <span class='ocrx_word' id='word_1_58' title='bbox 1317 1019 1437 1071; x_wconf 80' lang='lat' dir='ltr'><strong>nos,</strong></span> <span class='ocrx_word' id='word_1_59' title='bbox 1469 1019 1569 1060; x_wconf 85' lang='lat' dir='ltr'><strong>vos</strong></span> <span class='ocrx_word' id='word_1_60' title='bbox 1599 1003 1726 1059; x_wconf 89' lang='lat' dir='ltr'><strong>talia</strong></span> <span class='ocrx_word' id='word_1_61' title='bbox 1758 1003 1847 1059; x_wconf 90' lang='lat' dir='ltr'><strong>di-</strong></span> 
     </span>
    </p>
   </div>
   <div class='ocr_carea' id='block_1_10' title="bbox 253 1091 1848 1160">
    <p class='ocr_par' dir='ltr' id='par_1_10' title="bbox 253 1091 1848 1160">
     <span class='ocr_line' id='line_1_10' title="bbox 253 1091 1848 1160; baseline 0.001 -14"><span class='ocrx_word' id='word_1_62' title='bbox 253 1091 461 1148; x_wconf 89' lang='lat' dir='ltr'><strong>dicisse</strong></span> <span class='ocrx_word' id='word_1_63' title='bbox 489 1110 504 1158; x_wconf 89' lang='lat'><strong>;</strong></span> <span class='ocrx_word' id='word_1_64' title='bbox 541 1091 822 1148; x_wconf 86' lang='lat' dir='ltr'><strong>contristat</strong></span> <span class='ocrx_word' id='word_1_65' title='bbox 851 1107 953 1148; x_wconf 90' lang='lat' dir='ltr'><strong>nos</strong></span> <span class='ocrx_word' id='word_1_66' title='bbox 981 1108 1082 1148; x_wconf 92' lang='lat' dir='ltr'><strong>vos</strong></span> <span class='ocrx_word' id='word_1_67' title='bbox 1109 1093 1236 1148; x_wconf 89' lang='lat' dir='ltr'><strong>talia</strong></span> <span class='ocrx_word' id='word_1_68' title='bbox 1261 1093 1593 1160; x_wconf 85' lang='lat' dir='ltr'><strong>mandasse;</strong></span> <span class='ocrx_word' id='word_1_69' title='bbox 1626 1100 1848 1148; x_wconf 87' lang='lat' dir='ltr'><strong>contur-</strong></span> 
     </span>
    </p>
   </div>
   <div class='ocr_carea' id='block_1_11' title="bbox 253 1179 1844 1250">
    <p class='ocr_par' dir='ltr' id='par_1_11' title="bbox 253 1179 1844 1250">
     <span class='ocr_line' id='line_1_11' title="bbox 253 1179 1844 1250; baseline 0.003 -16"><span class='ocrx_word' id='word_1_70' title='bbox 253 1181 344 1235; x_wconf 85' lang='lat' dir='ltr'><strong>bat</strong></span> <span class='ocrx_word' id='word_1_71' title='bbox 366 1196 466 1235; x_wconf 92' lang='lat' dir='ltr'><strong>nos</strong></span> <span class='ocrx_word' id='word_1_72' title='bbox 497 1179 741 1236; x_wconf 88' lang='lat' dir='ltr'><strong>funditus</strong></span> <span class='ocrx_word' id='word_1_73' title='bbox 762 1196 864 1236; x_wconf 91' lang='lat' dir='ltr'><strong>vos</strong></span> <span class='ocrx_word' id='word_1_74' title='bbox 887 1181 943 1235; x_wconf 89' lang='lat' dir='ltr'><strong>in</strong></span> <span class='ocrx_word' id='word_1_75' title='bbox 970 1181 1057 1236; x_wconf 89' lang='lat' dir='ltr'><strong>his</strong></span> <span class='ocrx_word' id='word_1_76' title='bbox 1071 1181 1285 1238; x_wconf 85' lang='lat' dir='ltr'><strong>clericis</strong></span> <span class='ocrx_word' id='word_1_77' title='bbox 1301 1181 1499 1238; x_wconf 87' lang='lat' dir='ltr'><strong>vestris</strong></span> <span class='ocrx_word' id='word_1_78' title='bbox 1519 1181 1844 1250; x_wconf 86' lang='lat' dir='ltr'><strong>credidisse,</strong></span> 
     </span>
    </p>
   </div>
   <div class='ocr_carea' id='block_1_12' title="bbox 252 1267 1846 1340">
    <p class='ocr_par' dir='ltr' id='par_1_12' title="bbox 252 1267 1846 1340">
     <span class='ocr_line' id='line_1_12' title="bbox 252 1267 1846 1340; baseline 0.001 -17"><span class='ocrx_word' id='word_1_79' title='bbox 252 1285 374 1340; x_wconf 85' lang='lat' dir='ltr'><strong>qua</strong></span> <span class='ocrx_word' id='word_1_80' title='bbox 399 1275 453 1324; x_wconf 91' lang='lat' dir='ltr'><strong>et</strong></span> <span class='ocrx_word' id='word_1_81' title='bbox 479 1268 638 1324; x_wconf 89' lang='lat' dir='ltr'><strong>nobis</strong></span> <span class='ocrx_word' id='word_1_82' title='bbox 665 1275 848 1324; x_wconf 89' lang='lat' dir='ltr'><strong>nostra</strong></span> <span class='ocrx_word' id='word_1_83' title='bbox 877 1267 1183 1326; x_wconf 77' lang='lat' dir='ltr'><strong>differendo</strong></span> <span class='ocrx_word' id='word_1_84' title='bbox 1209 1269 1487 1335; x_wconf 88' lang='lat' dir='ltr'><strong>auferunt,</strong></span> <span class='ocrx_word' id='word_1_85' title='bbox 1523 1273 1580 1324; x_wconf 90' lang='lat' dir='ltr'><strong>et</strong></span> <span class='ocrx_word' id='word_1_86' title='bbox 1619 1269 1846 1326; x_wconf 84' lang='lat' dir='ltr'><strong>canoni-</strong></span> 
     </span>
    </p>
   </div>
   <div class='ocr_carea' id='block_1_13' title="bbox 249 1357 1844 1429">
    <p class='ocr_par' dir='ltr' id='par_1_13' title="bbox 249 1357 1844 1429">
     <span class='ocr_line' id='line_1_13' title="bbox 249 1357 1844 1429; baseline 0.001 -17"><span class='ocrx_word' id='word_1_87' title='bbox 249 1357 328 1412; x_wconf 89' lang='lat' dir='ltr'><strong>cis</strong></span> <span class='ocrx_word' id='word_1_88' title='bbox 358 1357 564 1429; x_wconf 80' lang='lat' dir='ltr'><strong>regulis</strong></span> <span class='ocrx_word' id='word_1_89' title='bbox 592 1357 871 1414; x_wconf 88' lang='lat' dir='ltr'><strong>contraria</strong></span> <span class='ocrx_word' id='word_1_90' title='bbox 893 1373 1121 1429; x_wconf 86' lang='lat' dir='ltr'><strong>prorsus</strong></span> <span class='ocrx_word' id='word_1_91' title='bbox 1148 1357 1657 1414; x_wconf 74' lang='lat' dir='ltr'><strong>existuntJlabetur</strong></span> <span class='ocrx_word' id='word_1_92' title='bbox 1678 1359 1844 1428; x_wconf 90' lang='lat' dir='ltr'><strong>enim,</strong></span> 
     </span>
    </p>
   </div>
   <div class='ocr_carea' id='block_1_14' title="bbox 251 1445 1844 1518">
    <p class='ocr_par' dir='ltr' id='par_1_14' title="bbox 251 1445 1844 1518">
     <span class='ocr_line' id='line_1_14' title="bbox 251 1445 1844 1518; baseline 0.004 -20"><span class='ocrx_word' id='word_1_93' title='bbox 251 1453 308 1499; x_wconf 91' lang='lat' dir='ltr'><strong>ut</strong></span> <span class='ocrx_word' id='word_1_94' title='bbox 339 1445 456 1516; x_wconf 91' lang='lat' dir='ltr'><strong>ipse</strong></span> <span class='ocrx_word' id='word_1_95' title='bbox 485 1445 680 1502; x_wconf 87' lang='lat' dir='ltr'><strong>melius</strong></span> <span class='ocrx_word' id='word_1_96' title='bbox 724 1445 920 1513; x_wconf 84' lang='lat' dir='ltr'><strong>nostis,</strong></span> <span class='ocrx_word' id='word_1_97' title='bbox 985 1446 1038 1501; x_wconf 91' lang='lat' dir='ltr'><strong>in</strong></span> <span class='ocrx_word' id='word_1_98' title='bbox 1096 1447 1334 1503; x_wconf 86' lang='lat' dir='ltr'><strong>decretis</strong></span> <span class='ocrx_word' id='word_1_99' title='bbox 1389 1448 1614 1502; x_wconf 85' lang='lat' dir='ltr'><strong>Patrum</strong></span> <span class='ocrx_word' id='word_1_100' title='bbox 1673 1448 1844 1518; x_wconf 71' lang='lat'><strong>(232),</strong></span> 
     </span>
    </p>
   </div>
   <div class='ocr_carea' id='block_1_15' title="bbox 250 1533 1847 1607">
    <p class='ocr_par' dir='ltr' id='par_1_15' title="bbox 250 1533 1847 1607">
     <span class='ocr_line' id='line_1_15' title="bbox 250 1533 1847 1607; baseline 0.004 -21"><span class='ocrx_word' id='word_1_101' title='bbox 250 1533 540 1600; x_wconf 85' lang='lat' dir='ltr'><strong>sancitum,</strong></span> <span class='ocrx_word' id='word_1_102' title='bbox 591 1541 860 1606; x_wconf 87' lang='lat' dir='ltr'><strong>quatenus</strong></span> <span class='ocrx_word' id='word_1_103' title='bbox 909 1534 1123 1604; x_wconf 91' lang='lat' dir='ltr'><strong>judices</strong></span> <span class='ocrx_word' id='word_1_104' title='bbox 1176 1535 1441 1592; x_wconf 87' lang='lat' dir='ltr'><strong>Ecclesia</strong></span> <span class='ocrx_word' id='word_1_105' title='bbox 1499 1551 1847 1607; x_wconf 89' lang='lat' dir='ltr'><strong>summopere</strong></span> 
     </span>
    </p>
   </div>
   <div class='ocr_carea' id='block_1_16' title="bbox 248 1623 1848 1693">
    <p class='ocr_par' dir='ltr' id='par_1_16' title="bbox 248 1623 1848 1693">
     <span class='ocr_line' id='line_1_16' title="bbox 248 1623 1848 1693; baseline 0.003 -17"><span class='ocrx_word' id='word_1_106' title='bbox 248 1629 502 1687; x_wconf 86' lang='lat' dir='ltr'><strong>caveant,</strong></span> <span class='ocrx_word' id='word_1_107' title='bbox 535 1639 604 1678; x_wconf 91' lang='lat' dir='ltr'><strong>ne</strong></span> <span class='ocrx_word' id='word_1_108' title='bbox 634 1623 867 1679; x_wconf 82' lang='lat' dir='ltr'><strong>absente</strong></span> <span class='ocrx_word' id='word_1_109' title='bbox 896 1639 984 1689; x_wconf 89' lang='lat' dir='ltr'><strong>eo,</strong></span> <span class='ocrx_word' id='word_1_110' title='bbox 1017 1624 1168 1693; x_wconf 86' lang='lat' dir='ltr'><strong>cujus</strong></span> <span class='ocrx_word' id='word_1_111' title='bbox 1199 1639 1364 1680; x_wconf 90' lang='lat' dir='ltr'><strong>causa</strong></span> <span class='ocrx_word' id='word_1_112' title='bbox 1394 1624 1706 1690; x_wconf 86' lang='lat' dir='ltr'><strong>ventilatur,</strong></span> <span class='ocrx_word' id='word_1_113' title='bbox 1731 1640 1848 1680; x_wconf 89' lang='lat' dir='ltr'><strong>sen-</strong></span> 
     </span>
    </p>
   </div>
   <div class='ocr_carea' id='block_1_17' title="bbox 245 1711 1843 1781">
    <p class='ocr_par' dir='ltr' id='par_1_17' title="bbox 245 1711 1843 1781">
     <span class='ocr_line' id='line_1_17' title="bbox 245 1711 1843 1781; baseline 0.004 -17"><span class='ocrx_word' id='word_1_114' title='bbox 245 1711 468 1766; x_wconf 86' lang='lat' dir='ltr'><strong>tentiam</strong></span> <span class='ocrx_word' id='word_1_115' title='bbox 499 1711 801 1781; x_wconf 85' lang='lat' dir='ltr'><strong>proferant.</strong></span> <span class='ocrx_word' id='word_1_116' title='bbox 838 1713 906 1767; x_wconf 89' lang='lat' dir='ltr'><strong>Et</strong></span> <span class='ocrx_word' id='word_1_117' title='bbox 937 1712 1078 1768; x_wconf 88' lang='lat' dir='ltr'><strong>sicut</strong></span> <span class='ocrx_word' id='word_1_118' title='bbox 1107 1720 1446 1780; x_wconf 88' lang='lat' dir='ltr'><strong>accusatum,</strong></span> <span class='ocrx_word' id='word_1_119' title='bbox 1480 1727 1547 1770; x_wconf 89' lang='lat' dir='ltr'><strong>eo</strong></span> <span class='ocrx_word' id='word_1_120' title='bbox 1594 1713 1843 1780; x_wconf 89' lang='lat' dir='ltr'><strong>absente,</strong></span> 
     </span>
    </p>
   </div>
   <div class='ocr_carea' id='block_1_18' title="bbox 243 1799 1848 1872">
    <p class='ocr_par' dir='ltr' id='par_1_18' title="bbox 243 1799 1848 1872">
     <span class='ocr_line' id='line_1_18' title="bbox 243 1799 1848 1872; baseline 0.002 -19"><span class='ocrx_word' id='word_1_121' title='bbox 243 1815 355 1854; x_wconf 90' lang='lat' dir='ltr'><strong>non</strong></span> <span class='ocrx_word' id='word_1_122' title='bbox 385 1799 566 1854; x_wconf 89' lang='lat' dir='ltr'><strong>statim</strong></span> <span class='ocrx_word' id='word_1_123' title='bbox 599 1800 847 1872; x_wconf 89' lang='lat' dir='ltr'><strong>sequitur</strong></span> <span class='ocrx_word' id='word_1_124' title='bbox 864 1816 1032 1872; x_wconf 87' lang='lat' dir='ltr'><strong>poena</strong></span> <span class='ocrx_word' id='word_1_125' title='bbox 1048 1800 1432 1868; x_wconf 88' lang='lat' dir='ltr'><strong>damnationis,</strong></span> <span class='ocrx_word' id='word_1_126' title='bbox 1448 1801 1522 1856; x_wconf 90' lang='lat' dir='ltr'><strong>ita</strong></span> <span class='ocrx_word' id='word_1_127' title='bbox 1542 1817 1848 1858; x_wconf 70' lang='lat' dir='ltr'><strong>excommu-</strong></span> 
     </span>
    </p>
   </div>
   <div class='ocr_carea' id='block_1_19' title="bbox 244 1867 2248 1976">
    <p class='ocr_par' dir='ltr' id='par_1_19' title="bbox 244 1867 2248 1976">
     <span class='ocr_line' id='line_1_19' title="bbox 244 1867 2248 1976; baseline 0 -35"><span class='ocrx_word' id='word_1_128' title='bbox 244 1886 462 1976; x_wconf 85' lang='lat' dir='ltr'><strong>nicatus</strong></span> <span class='ocrx_word' id='word_1_129' title='bbox 495 1887 578 1943; x_wconf 88' lang='lat' dir='ltr'><strong>vel</strong></span> <span class='ocrx_word' id='word_1_130' title='bbox 614 1867 936 1944; x_wconf 42' lang='lat' dir='ltr'><strong>interdict-us</strong></span> <span class='ocrx_word' id='word_1_131' title='bbox 966 1904 1034 1946; x_wconf 91' lang='lat' dir='ltr'><strong>eo</strong></span> <span class='ocrx_word' id='word_1_132' title='bbox 1063 1889 1393 1946; x_wconf 85' lang='lat' dir='ltr'><strong>reclamante</strong></span> <span class='ocrx_word' id='word_1_133' title='bbox 1414 1890 1582 1961; x_wconf 77' lang='lat'><strong>(233),</strong></span> <span class='ocrx_word' id='word_1_134' title='bbox 1615 1890 1706 1962; x_wconf 88' lang='lat' dir='ltr'><strong>qui</strong></span> <span class='ocrx_word' id='word_1_135' title='bbox 1727 1891 1842 1960; x_wconf 86' lang='lat' dir='ltr'><strong>ejus</strong></span> <span class='ocrx_word' id='word_1_136' title='bbox 1871 1914 1920 1976; x_wconf 80' lang='grc' dir='ltr'>Β</span> <span class='ocrx_word' id='word_1_137' title='bbox 1951 1867 2248 1925; x_wconf 54' lang='lat' dir='ltr'><strong>habebim-</strong></span> 
     </span>
    </p>
   </div>
   <div class='ocr_carea' id='block_1_20' title="bbox 243 1975 1840 2048">
    <p class='ocr_par' dir='ltr' id='par_1_20' title="bbox 243 1975 1840 2048">
     <span class='ocr_line' id='line_1_20' title="bbox 243 1975 1840 2048; baseline 0.003 -18"><span class='ocrx_word' id='word_1_138' title='bbox 243 1975 498 2045; x_wconf 86' lang='lat' dir='ltr'><strong>injuriam</strong></span> <span class='ocrx_word' id='word_1_139' title='bbox 523 1976 798 2044; x_wconf 88' lang='lat' dir='ltr'><strong>sustinuit,</strong></span> <span class='ocrx_word' id='word_1_140' title='bbox 833 1978 1098 2048; x_wconf 90' lang='lat' dir='ltr'><strong>consequi</strong></span> <span class='ocrx_word' id='word_1_141' title='bbox 1155 1993 1264 2034; x_wconf 92' lang='lat' dir='ltr'><strong>non</strong></span> <span class='ocrx_word' id='word_1_142' title='bbox 1316 1978 1484 2034; x_wconf 91' lang='lat' dir='ltr'><strong>debet</strong></span> <span class='ocrx_word' id='word_1_143' title='bbox 1538 1979 1840 2034; x_wconf 89' lang='lat' dir='ltr'><strong>remedium</strong></span> 
     </span>
    </p>
   </div>
   <div class='ocr_carea' id='block_1_21' title="bbox 243 2063 1840 2135">
    <p class='ocr_par' dir='ltr' id='par_1_21' title="bbox 243 2063 1840 2135">
     <span class='ocr_line' id='line_1_21' title="bbox 243 2063 1840 2135; baseline 0.003 -17"><span class='ocrx_word' id='word_1_144' title='bbox 243 2063 625 2120; x_wconf 90' lang='lat' dir='ltr'><strong>absolutionis.</strong></span> <span class='ocrx_word' id='word_1_145' title='bbox 661 2065 798 2133; x_wconf 84' lang='lat' dir='ltr'><strong>Qua</strong></span> <span class='ocrx_word' id='word_1_146' title='bbox 826 2081 949 2122; x_wconf 91' lang='lat' dir='ltr'><strong>cum</strong></span> <span class='ocrx_word' id='word_1_147' title='bbox 979 2066 1054 2121; x_wconf 89' lang='lat' dir='ltr'><strong>ita</strong></span> <span class='ocrx_word' id='word_1_148' title='bbox 1082 2066 1206 2135; x_wconf 83' lang='lat' dir='ltr'><strong>sint,</strong></span> <span class='ocrx_word' id='word_1_149' title='bbox 1240 2067 1502 2122; x_wconf 89' lang='lat' dir='ltr'><strong>miramur</strong></span> <span class='ocrx_word' id='word_1_150' title='bbox 1541 2068 1840 2123; x_wconf 89' lang='lat' dir='ltr'><strong>vehemen-</strong></span> 
     </span>
    </p>
   </div>
   <div class='ocr_carea' id='block_1_22' title="bbox 239 2152 1842 2224">
    <p class='ocr_par' dir='ltr' id='par_1_22' title="bbox 239 2152 1842 2224">
     <span class='ocr_line' id='line_1_22' title="bbox 239 2152 1842 2224; baseline 0.003 -18"><span class='ocrx_word' id='word_1_151' title='bbox 239 2159 343 2218; x_wconf 91' lang='lat' dir='ltr'><strong>ter,</strong></span> <span class='ocrx_word' id='word_1_152' title='bbox 375 2166 485 2224; x_wconf 91' lang='lat' dir='ltr'><strong>qua</strong></span> <span class='ocrx_word' id='word_1_153' title='bbox 511 2152 721 2208; x_wconf 89' lang='lat' dir='ltr'><strong>ratione</strong></span> <span class='ocrx_word' id='word_1_154' title='bbox 772 2155 838 2214; x_wconf 84' lang='lat' dir='ltr'><strong>H,</strong></span> <span class='ocrx_word' id='word_1_155' title='bbox 872 2154 1162 2209; x_wconf 87' lang='lat' dir='ltr'><strong>absolutus</strong></span> <span class='ocrx_word' id='word_1_156' title='bbox 1201 2157 1360 2224; x_wconf 83' lang='lat'><strong>133</strong></span> <span class='ocrx_word' id='word_1_157' title='bbox 1395 2155 1610 2222; x_wconf 91' lang='lat' dir='ltr'><strong>dicitur,</strong></span> <span class='ocrx_word' id='word_1_158' title='bbox 1654 2165 1842 2212; x_wconf 88' lang='lat' dir='ltr'><strong>contra</strong></span> 
     </span>
    </p>
   </div>
   <div class='ocr_carea' id='block_1_23' title="bbox 239 2240 1839 2315">
    <p class='ocr_par' dir='ltr' id='par_1_23' title="bbox 239 2240 1839 2315">
     <span class='ocr_line' id='line_1_23' title="bbox 239 2240 1839 2315; baseline 0.003 -20"><span class='ocrx_word' id='word_1_159' title='bbox 239 2255 402 2313; x_wconf 92' lang='lat' dir='ltr'><strong>quem</strong></span> <span class='ocrx_word' id='word_1_160' title='bbox 430 2240 644 2310; x_wconf 84' lang='lat' dir='ltr'><strong>injuria</strong></span> <span class='ocrx_word' id='word_1_161' title='bbox 672 2244 875 2297; x_wconf 88' lang='lat' dir='ltr'><strong>nostra</strong></span> <span class='ocrx_word' id='word_1_162' title='bbox 903 2242 1082 2299; x_wconf 86' lang='lat' dir='ltr'><strong>adhuc</strong></span> <span class='ocrx_word' id='word_1_163' title='bbox 1109 2243 1366 2309; x_wconf 89' lang='lat' dir='ltr'><strong>clamant,</strong></span> <span class='ocrx_word' id='word_1_164' title='bbox 1401 2251 1454 2299; x_wconf 91' lang='lat' dir='ltr'><strong>et</strong></span> <span class='ocrx_word' id='word_1_165' title='bbox 1483 2243 1660 2300; x_wconf 88' lang='lat' dir='ltr'><strong>adhuc</strong></span> <span class='ocrx_word' id='word_1_166' title='bbox 1699 2260 1839 2315; x_wconf 92' lang='lat' dir='ltr'><strong>que-</strong></span> 
     </span>
    </p>
   </div>
   <div class='ocr_carea' id='block_1_24' title="bbox 242 2328 1838 2404">
    <p class='ocr_par' dir='ltr' id='par_1_24' title="bbox 242 2328 1838 2404">
     <span class='ocr_line' id='line_1_24' title="bbox 242 2328 1838 2404; baseline 0.003 -22"><span class='ocrx_word' id='word_1_167' title='bbox 242 2336 454 2384; x_wconf 90' lang='lat' dir='ltr'><strong>runtur.</strong></span> <span class='ocrx_word' id='word_1_168' title='bbox 486 2329 602 2386; x_wconf 85' lang='lat' dir='ltr'><strong>Nec</strong></span> <span class='ocrx_word' id='word_1_169' title='bbox 630 2328 765 2386; x_wconf 91' lang='lat' dir='ltr'><strong>illud</strong></span> <span class='ocrx_word' id='word_1_170' title='bbox 795 2329 973 2386; x_wconf 90' lang='lat' dir='ltr'><strong>minus</strong></span> <span class='ocrx_word' id='word_1_171' title='bbox 993 2339 1076 2386; x_wconf 92' lang='lat' dir='ltr'><strong>est</strong></span> <span class='ocrx_word' id='word_1_172' title='bbox 1106 2331 1435 2400; x_wconf 91' lang='lat' dir='ltr'><strong>mirandum,</strong></span> <span class='ocrx_word' id='word_1_173' title='bbox 1463 2332 1508 2387; x_wconf 90' lang='lat' dir='ltr'><strong>si</strong></span> <span class='ocrx_word' id='word_1_174' title='bbox 1536 2332 1659 2404; x_wconf 91' lang='lat' dir='ltr'><strong>quis</strong></span> <span class='ocrx_word' id='word_1_175' title='bbox 1687 2332 1838 2387; x_wconf 92' lang='lat' dir='ltr'><strong>illum</strong></span> 
     </span>
    </p>
   </div>
   <div class='ocr_carea' id='block_1_25' title="bbox 243 2417 1839 2493">
    <p class='ocr_par' dir='ltr' id='par_1_25' title="bbox 243 2417 1839 2493">
     <span class='ocr_line' id='line_1_25' title="bbox 243 2417 1839 2493; baseline 0.003 -20"><span class='ocrx_word' id='word_1_176' title='bbox 243 2425 472 2473; x_wconf 91' lang='lat' dir='ltr'><strong>conatur</strong></span> <span class='ocrx_word' id='word_1_177' title='bbox 499 2417 810 2485; x_wconf 89' lang='lat' dir='ltr'><strong>absolvere,</strong></span> <span class='ocrx_word' id='word_1_178' title='bbox 843 2417 931 2475; x_wconf 89' lang='lat' dir='ltr'><strong>vel</strong></span> <span class='ocrx_word' id='word_1_179' title='bbox 963 2419 1275 2475; x_wconf 91' lang='lat' dir='ltr'><strong>absolutum</strong></span> <span class='ocrx_word' id='word_1_180' title='bbox 1301 2421 1416 2491; x_wconf 91' lang='lat' dir='ltr'><strong>jam</strong></span> <span class='ocrx_word' id='word_1_181' title='bbox 1444 2421 1626 2487; x_wconf 89' lang='lat' dir='ltr'><strong>habet,</strong></span> <span class='ocrx_word' id='word_1_182' title='bbox 1679 2437 1839 2493; x_wconf 92' lang='lat' dir='ltr'><strong>quem</strong></span> 
     </span>
    </p>
   </div>
   <div class='ocr_carea' id='block_1_26' title="bbox 240 2505 1842 2567">
    <p class='ocr_par' dir='ltr' id='par_1_26' title="bbox 240 2505 1842 2567">
     <span class='ocr_line' id='line_1_26' title="bbox 240 2505 1842 2567; baseline 0.002 -7"><span class='ocrx_word' id='word_1_183' title='bbox 240 2505 487 2561; x_wconf 80' lang='lat' dir='ltr'><strong>Romana</strong></span> <span class='ocrx_word' id='word_1_184' title='bbox 519 2505 772 2567; x_wconf 87' lang='lat' dir='ltr'><strong>Ecclesia</strong></span> <span class='ocrx_word' id='word_1_185' title='bbox 802 2506 1019 2563; x_wconf 87' lang='lat' dir='ltr'><strong>vinculo</strong></span> <span class='ocrx_word' id='word_1_186' title='bbox 1070 2509 1642 2566; x_wconf 84' lang='lat' dir='ltr'><strong>cxcommunicationis</strong></span> <span class='ocrx_word' id='word_1_187' title='bbox 1693 2513 1842 2566; x_wconf 88' lang='lat' dir='ltr'><strong>tenet</strong></span> 
     </span>
    </p>
   </div>
   <div class='ocr_carea' id='block_1_27' title="bbox 239 2593 1842 2670">
    <p class='ocr_par' dir='ltr' id='par_1_27' title="bbox 239 2593 1842 2670">
     <span class='ocr_line' id='line_1_27' title="bbox 239 2593 1842 2670; baseline 0.004 -22"><span class='ocrx_word' id='word_1_188' title='bbox 239 2593 497 2666; x_wconf 83' lang='lat' dir='ltr'><strong>ligatum.</strong></span> <span class='ocrx_word' id='word_1_189' title='bbox 529 2595 648 2652; x_wconf 89' lang='lat' dir='ltr'><strong>Nec</strong></span> <span class='ocrx_word' id='word_1_190' title='bbox 677 2596 780 2651; x_wconf 92' lang='lat' dir='ltr'><strong>sub</strong></span> <span class='ocrx_word' id='word_1_191' title='bbox 806 2597 1028 2653; x_wconf 91' lang='lat' dir='ltr'><strong>nomine</strong></span> <span class='ocrx_word' id='word_1_192' title='bbox 1051 2597 1289 2666; x_wconf 83' lang='lat' dir='ltr'><strong>justitia,</strong></span> <span class='ocrx_word' id='word_1_193' title='bbox 1350 2614 1513 2670; x_wconf 88' lang='lat' dir='ltr'><strong>quam</strong></span> <span class='ocrx_word' id='word_1_194' title='bbox 1573 2597 1842 2654; x_wconf 88' lang='lat' dir='ltr'><strong>obtulisse</strong></span> 
     </span>
    </p>
   </div>
   <div class='ocr_carea' id='block_1_28' title="bbox 235 2682 1842 2754">
    <p class='ocr_par' dir='ltr' id='par_1_28' title="bbox 235 2682 1842 2754">
     <span class='ocr_line' id='line_1_28' title="bbox 235 2682 1842 2754; baseline 0.004 -18"><span class='ocrx_word' id='word_1_195' title='bbox 235 2683 426 2748; x_wconf 87' lang='lat' dir='ltr'><strong>fertur,</strong></span> <span class='ocrx_word' id='word_1_196' title='bbox 458 2682 670 2740; x_wconf 86' lang='lat' dir='ltr'><strong>absolvi</strong></span> <span class='ocrx_word' id='word_1_197' title='bbox 695 2685 821 2754; x_wconf 91' lang='lat' dir='ltr'><strong>jure</strong></span> <span class='ocrx_word' id='word_1_198' title='bbox 863 2685 1148 2753; x_wconf 89' lang='lat' dir='ltr'><strong>debuerat,</strong></span> <span class='ocrx_word' id='word_1_199' title='bbox 1207 2685 1300 2742; x_wconf 84' lang='lat' dir='ltr'><strong>vel</strong></span> <span class='ocrx_word' id='word_1_200' title='bbox 1349 2686 1640 2742; x_wconf 90' lang='lat' dir='ltr'><strong>induciari.</strong></span> <span class='ocrx_word' id='word_1_201' title='bbox 1704 2688 1842 2743; x_wconf 90' lang='lat' dir='ltr'><strong>Nam</strong></span> 
     </span>
    </p>
   </div>
   <div class='ocr_carea' id='block_1_29' title="bbox 244 2771 1843 2846">
    <p class='ocr_par' dir='ltr' id='par_1_29' title="bbox 244 2771 1843 2846">
     <span class='ocr_line' id='line_1_29' title="bbox 244 2771 1843 2846; baseline 0.003 -20"><span class='ocrx_word' id='word_1_202' title='bbox 244 2771 336 2843; x_wconf 89' lang='lat' dir='ltr'><strong>qui</strong></span> <span class='ocrx_word' id='word_1_203' title='bbox 368 2772 540 2828; x_wconf 91' lang='lat' dir='ltr'><strong>semel</strong></span> <span class='ocrx_word' id='word_1_204' title='bbox 570 2773 642 2827; x_wconf 90' lang='lat' dir='ltr'><strong>ab</strong></span> <span class='ocrx_word' id='word_1_205' title='bbox 671 2772 900 2829; x_wconf 90' lang='lat' dir='ltr'><strong>ecclesia</strong></span> <span class='ocrx_word' id='word_1_206' title='bbox 925 2773 1082 2843; x_wconf 89' lang='lat' dir='ltr'><strong>jussu</strong></span> <span class='ocrx_word' id='word_1_207' title='bbox 1139 2773 1384 2846; x_wconf 90' lang='lat' dir='ltr'><strong>episcopi</strong></span> <span class='ocrx_word' id='word_1_208' title='bbox 1441 2774 1675 2845; x_wconf 90' lang='lat' dir='ltr'><strong>ejicitur,</strong></span> <span class='ocrx_word' id='word_1_209' title='bbox 1734 2791 1843 2831; x_wconf 90' lang='lat' dir='ltr'><strong>non</strong></span> 
     </span>
    </p>
   </div>
   <div class='ocr_carea' id='block_1_30' title="bbox 229 2860 1847 2934">
    <p class='ocr_par' dir='ltr' id='par_1_30' title="bbox 229 2860 1847 2934">
     <span class='ocr_line' id='line_1_30' title="bbox 229 2860 1847 2934; baseline 0.004 -20"><span class='ocrx_word' id='word_1_210' title='bbox 229 2860 345 2929; x_wconf 89' lang='lat' dir='ltr'><strong>jam</strong></span> <span class='ocrx_word' id='word_1_211' title='bbox 376 2861 742 2928; x_wconf 88' lang='lat' dir='ltr'><strong>contentione,</strong></span> <span class='ocrx_word' id='word_1_212' title='bbox 777 2877 875 2918; x_wconf 90' lang='lat' dir='ltr'><strong>seu</strong></span> <span class='ocrx_word' id='word_1_213' title='bbox 905 2863 1144 2934; x_wconf 91' lang='lat' dir='ltr'><strong>qualibet</strong></span> <span class='ocrx_word' id='word_1_214' title='bbox 1173 2863 1466 2920; x_wconf 89' lang='lat' dir='ltr'><strong>occasione</strong></span> <span class='ocrx_word' id='word_1_215' title='bbox 1503 2865 1847 2921; x_wconf 89' lang='lat' dir='ltr'><strong>reconciliari</strong></span> 
     </span>
    </p>
   </div>
   <div class='ocr_carea' id='block_1_31' title="bbox 249 2948 1846 3020">
    <p class='ocr_par' dir='ltr' id='par_1_31' title="bbox 249 2948 1846 3020">
     <span class='ocr_line' id='line_1_31' title="bbox 249 2948 1846 3020; baseline 0.004 -16"><span class='ocrx_word' id='word_1_216' title='bbox 249 2948 614 3020; x_wconf 89' lang='lat' dir='ltr'><strong>permittitur,</strong></span> <span class='ocrx_word' id='word_1_217' title='bbox 650 2948 750 3006; x_wconf 90' lang='lat' dir='ltr'><strong>sed</strong></span> <span class='ocrx_word' id='word_1_218' title='bbox 779 2948 1172 3008; x_wconf 88' lang='lat' dir='ltr'><strong>satisfactione.</strong></span> <span class='ocrx_word' id='word_1_219' title='bbox 1211 2953 1328 3008; x_wconf 86' lang='lat' dir='ltr'><strong>Hoc</strong></span> <span class='ocrx_word' id='word_1_220' title='bbox 1356 2953 1413 3006; x_wconf 90' lang='lat' dir='ltr'><strong>in</strong></span> <span class='ocrx_word' id='word_1_221' title='bbox 1429 2951 1692 3009; x_wconf 89' lang='lat' dir='ltr'><strong>Toletano</strong></span> <span class='ocrx_word' id='word_1_222' title='bbox 1716 2969 1846 3010; x_wconf 90' lang='lat' dir='ltr'><strong>con-</strong></span> 
     </span>
    </p>
   </div>
   <div class='ocr_carea' id='block_1_32' title="bbox 239 3037 1847 3113">
    <p class='ocr_par' dir='ltr' id='par_1_32' title="bbox 239 3037 1847 3113">
     <span class='ocr_line' id='line_1_32' title="bbox 239 3037 1847 3113; baseline 0.004 -20"><span class='ocrx_word' id='word_1_223' title='bbox 239 3037 372 3093; x_wconf 91' lang='lat' dir='ltr'><strong>cilio</strong></span> <span class='ocrx_word' id='word_1_224' title='bbox 403 3037 484 3094; x_wconf 90' lang='lat' dir='ltr'><strong>sic</strong></span> <span class='ocrx_word' id='word_1_225' title='bbox 512 3037 681 3094; x_wconf 91' lang='lat' dir='ltr'><strong>fuisse</strong></span> <span class='ocrx_word' id='word_1_226' title='bbox 711 3037 1011 3106; x_wconf 91' lang='lat' dir='ltr'><strong>deﬁnitum,</strong></span> <span class='ocrx_word' id='word_1_227' title='bbox 1044 3055 1078 3095; x_wconf 91' lang='lat' dir='ltr'><strong>a</strong></span> <span class='ocrx_word' id='word_1_228' title='bbox 1106 3040 1288 3108; x_wconf 92' lang='lat' dir='ltr'><strong>vobis,</strong></span> <span class='ocrx_word' id='word_1_229' title='bbox 1321 3049 1379 3095; x_wconf 93' lang='lat' dir='ltr'><strong>ut</strong></span> <span class='ocrx_word' id='word_1_230' title='bbox 1407 3041 1703 3113; x_wconf 89' lang='lat' dir='ltr'><strong>credimus,</strong></span> <span class='ocrx_word' id='word_1_231' title='bbox 1737 3058 1847 3099; x_wconf 92' lang='lat' dir='ltr'><strong>non</strong></span> 
     </span>
    </p>
   </div>
   <div class='ocr_carea' id='block_1_33' title="bbox 241 3125 1846 3202">
    <p class='ocr_par' dir='ltr' id='par_1_33' title="bbox 241 3125 1846 3202">
     <span class='ocr_line' id='line_1_33' title="bbox 241 3125 1846 3202; baseline 0.004 -21"><span class='ocrx_word' id='word_1_232' title='bbox 241 3125 554 3198; x_wconf 82' lang='lat' dir='ltr'><strong>ignoratur.</strong></span> <span class='ocrx_word' id='word_1_233' title='bbox 597 3127 723 3184; x_wconf 82' lang='lat' dir='ltr'><strong>Hac</strong></span> <span class='ocrx_word' id='word_1_234' title='bbox 753 3127 966 3185; x_wconf 87' lang='lat' dir='ltr'><strong>clericis</strong></span> <span class='ocrx_word' id='word_1_235' title='bbox 996 3128 1139 3185; x_wconf 90' lang='lat' dir='ltr'><strong>dicta</strong></span> <span class='ocrx_word' id='word_1_236' title='bbox 1172 3129 1467 3198; x_wconf 90' lang='lat' dir='ltr'><strong>sufﬁciant,</strong></span> <span class='ocrx_word' id='word_1_237' title='bbox 1500 3130 1590 3202; x_wconf 92' lang='lat' dir='ltr'><strong>qui</strong></span> <span class='ocrx_word' id='word_1_238' title='bbox 1621 3130 1668 3186; x_wconf 92' lang='lat' dir='ltr'><strong>si</strong></span> <span class='ocrx_word' id='word_1_239' title='bbox 1706 3132 1846 3187; x_wconf 84' lang='lat' dir='ltr'><strong>bene</strong></span> 
     </span>
    </p>
   </div>
   <div class='ocr_carea' id='block_1_34' title="bbox 241 3215 1842 3290">
    <p class='ocr_par' dir='ltr' id='par_1_34' title="bbox 241 3215 1842 3290">
     <span class='ocr_line' id='line_1_34' title="bbox 241 3215 1842 3290; baseline 0.004 -20"><span class='ocrx_word' id='word_1_240' title='bbox 241 3215 418 3270; x_wconf 90' lang='lat' dir='ltr'><strong>Deum</strong></span> <span class='ocrx_word' id='word_1_241' title='bbox 450 3215 778 3283; x_wconf 88' lang='lat' dir='ltr'><strong>timuissent,</strong></span> <span class='ocrx_word' id='word_1_242' title='bbox 812 3218 929 3286; x_wconf 87' lang='lat' dir='ltr'><strong>ejus</strong></span> <span class='ocrx_word' id='word_1_243' title='bbox 953 3217 1222 3287; x_wconf 87' lang='lat' dir='ltr'><strong>justitiam</strong></span> <span class='ocrx_word' id='word_1_244' title='bbox 1251 3226 1485 3290; x_wconf 89' lang='lat' dir='ltr'><strong>utroque</strong></span> <span class='ocrx_word' id='word_1_245' title='bbox 1517 3219 1656 3290; x_wconf 91' lang='lat' dir='ltr'><strong>pede</strong></span> <span class='ocrx_word' id='word_1_246' title='bbox 1685 3220 1842 3276; x_wconf 90' lang='lat' dir='ltr'><strong>clau-</strong></span> 
     </span>
    </p>
   </div>
   <div class='ocr_carea' id='block_1_35' title="bbox 241 3303 1839 3381">
    <p class='ocr_par' dir='ltr' id='par_1_35' title="bbox 241 3303 1839 3381">
     <span class='ocr_line' id='line_1_35' title="bbox 241 3303 1839 3381; baseline 0.003 -23"><span class='ocrx_word' id='word_1_247' title='bbox 241 3303 426 3360; x_wconf 88' lang='lat' dir='ltr'><strong>dicare</strong></span> <span class='ocrx_word' id='word_1_248' title='bbox 476 3303 697 3360; x_wconf 89' lang='lat' dir='ltr'><strong>minime</strong></span> <span class='ocrx_word' id='word_1_249' title='bbox 756 3304 1030 3362; x_wconf 84' lang='lat' dir='ltr'><strong>fecissent.</strong></span> <span class='ocrx_word' id='word_1_250' title='bbox 1088 3307 1300 3362; x_wconf 87' lang='lat' dir='ltr'><strong>Vestra</strong></span> <span class='ocrx_word' id='word_1_251' title='bbox 1355 3314 1535 3363; x_wconf 90' lang='lat' dir='ltr'><strong>autem</strong></span> <span class='ocrx_word' id='word_1_252' title='bbox 1566 3307 1839 3381; x_wconf 76' lang='lat' dir='ltr'><strong>religioni,</strong></span> 
     </span>
    </p>
   </div>
   <div class='ocr_carea' id='block_1_36' title="bbox 244 3392 1842 3470">
    <p class='ocr_par' dir='ltr' id='par_1_36' title="bbox 244 3392 1842 3470">
     <span class='ocr_line' id='line_1_36' title="bbox 244 3392 1842 3470; baseline 0.003 -22"><span class='ocrx_word' id='word_1_253' title='bbox 244 3392 450 3464; x_wconf 92' lang='lat' dir='ltr'><strong>optime</strong></span> <span class='ocrx_word' id='word_1_254' title='bbox 479 3392 700 3464; x_wconf 82' lang='lat' dir='ltr'><strong>prasul,</strong></span> <span class='ocrx_word' id='word_1_255' title='bbox 733 3400 849 3449; x_wconf 88' lang='lat' dir='ltr'><strong>tota</strong></span> <span class='ocrx_word' id='word_1_256' title='bbox 877 3393 1168 3451; x_wconf 90' lang='lat' dir='ltr'><strong>devotione</strong></span> <span class='ocrx_word' id='word_1_257' title='bbox 1198 3395 1588 3467; x_wconf 89' lang='lat' dir='ltr'><strong>supplicamus,</strong></span> <span class='ocrx_word' id='word_1_258' title='bbox 1614 3405 1672 3452; x_wconf 91' lang='lat' dir='ltr'><strong>ut</strong></span> <span class='ocrx_word' id='word_1_259' title='bbox 1701 3413 1842 3470; x_wconf 89' lang='lat' dir='ltr'><strong>que-</strong></span> 
     </span>
    </p>
   </div>
   <div class='ocr_carea' id='block_1_37' title="bbox 232 3481 1844 3555">
    <p class='ocr_par' dir='ltr' id='par_1_37' title="bbox 232 3481 1844 3555">
     <span class='ocr_line' id='line_1_37' title="bbox 232 3481 1844 3555; baseline 0.004 -19"><span class='ocrx_word' id='word_1_260' title='bbox 232 3481 493 3538; x_wconf 85' lang='lat' dir='ltr'><strong>rimonia</strong></span> <span class='ocrx_word' id='word_1_261' title='bbox 521 3489 728 3538; x_wconf 86' lang='lat' dir='ltr'><strong>nostra</strong></span> <span class='ocrx_word' id='word_1_262' title='bbox 758 3481 920 3538; x_wconf 90' lang='lat' dir='ltr'><strong>ﬁnem</strong></span> <span class='ocrx_word' id='word_1_263' title='bbox 951 3483 1265 3555; x_wconf 89' lang='lat' dir='ltr'><strong>imponatis,</strong></span> <span class='ocrx_word' id='word_1_264' title='bbox 1298 3489 1354 3540; x_wconf 90' lang='lat' dir='ltr'><strong>et</strong></span> <span class='ocrx_word' id='word_1_265' title='bbox 1375 3485 1598 3554; x_wconf 87' lang='lat' dir='ltr'><strong>justitia</strong></span> <span class='ocrx_word' id='word_1_266' title='bbox 1642 3485 1844 3542; x_wconf 88' lang='lat' dir='ltr'><strong>vitiata</strong></span> 
     </span>
    </p>
   </div>
   <div class='ocr_carea' id='block_1_38' title="bbox 228 3570 1839 3645">
    <p class='ocr_par' dir='ltr' id='par_1_38' title="bbox 228 3570 1839 3645">
     <span class='ocr_line' id='line_1_38' title="bbox 228 3570 1839 3645; baseline 0.004 -21"><span class='ocrx_word' id='word_1_267' title='bbox 228 3588 259 3624; x_wconf 90' lang='lat' dir='ltr'><strong>a</strong></span> <span class='ocrx_word' id='word_1_268' title='bbox 288 3570 506 3627; x_wconf 88' lang='lat' dir='ltr'><strong>clericis</strong></span> <span class='ocrx_word' id='word_1_269' title='bbox 537 3577 736 3626; x_wconf 88' lang='lat' dir='ltr'><strong>statum</strong></span> <span class='ocrx_word' id='word_1_270' title='bbox 770 3571 989 3645; x_wconf 80' lang='lat' dir='ltr'><strong>erigere</strong></span> <span class='ocrx_word' id='word_1_271' title='bbox 1016 3571 1221 3628; x_wconf 88' lang='lat' dir='ltr'><strong>diutius</strong></span> <span class='ocrx_word' id='word_1_272' title='bbox 1250 3589 1359 3629; x_wconf 90' lang='lat' dir='ltr'><strong>non</strong></span> <span class='ocrx_word' id='word_1_273' title='bbox 1389 3573 1678 3630; x_wconf 79' lang='lat' dir='ltr'><strong>diﬂ&#39;eratis.</strong></span> <span class='ocrx_word' id='word_1_274' title='bbox 1727 3576 1839 3630; x_wconf 83' lang='lat' dir='ltr'><strong>Va-</strong></span> 
     </span>
    </p>
   </div>
   <div class='ocr_carea' id='block_1_39' title="bbox 231 3659 1839 3730">
    <p class='ocr_par' dir='ltr' id='par_1_39' title="bbox 231 3659 1839 3730">
     <span class='ocr_line' id='line_1_39' title="bbox 231 3659 1839 3730; baseline 0.002 -16"><span class='ocrx_word' id='word_1_275' title='bbox 231 3659 359 3726; x_wconf 87' lang='lat' dir='ltr'><strong>lete,</strong></span> <span class='ocrx_word' id='word_1_276' title='bbox 383 3667 435 3716; x_wconf 91' lang='lat' dir='ltr'><strong>et</strong></span> <span class='ocrx_word' id='word_1_277' title='bbox 464 3660 624 3715; x_wconf 92' lang='lat' dir='ltr'><strong>novis</strong></span> <span class='ocrx_word' id='word_1_278' title='bbox 653 3659 828 3716; x_wconf 90' lang='lat' dir='ltr'><strong>servis</strong></span> <span class='ocrx_word' id='word_1_279' title='bbox 858 3661 1074 3730; x_wconf 90' lang='lat' dir='ltr'><strong>vestris,</strong></span> <span class='ocrx_word' id='word_1_280' title='bbox 1109 3677 1178 3718; x_wconf 92' lang='lat' dir='ltr'><strong>ne</strong></span> <span class='ocrx_word' id='word_1_281' title='bbox 1209 3661 1291 3718; x_wconf 92' lang='lat' dir='ltr'><strong>sic</strong></span> <span class='ocrx_word' id='word_1_282' title='bbox 1315 3663 1501 3718; x_wconf 90' lang='lat' dir='ltr'><strong>omnia</strong></span> <span class='ocrx_word' id='word_1_283' title='bbox 1529 3663 1582 3718; x_wconf 90' lang='lat' dir='ltr'><strong>in</strong></span> <span class='ocrx_word' id='word_1_284' title='bbox 1611 3663 1839 3720; x_wconf 77' lang='lat' dir='ltr'><strong>dioecesi</strong></span> 
     </span>
    </p>
   </div>
   <div class='ocr_carea' id='block_1_40' title="bbox 229 3749 1837 3823">
    <p class='ocr_par' dir='ltr' id='par_1_40' title="bbox 229 3749 1837 3823">
     <span class='ocr_line' id='line_1_40' title="bbox 229 3749 1837 3823; baseline 0.004 -21"><span class='ocrx_word' id='word_1_285' title='bbox 229 3755 415 3804; x_wconf 88' lang='lat' dir='ltr'><strong>vestra</strong></span> <span class='ocrx_word' id='word_1_286' title='bbox 441 3749 731 3820; x_wconf 89' lang='lat' dir='ltr'><strong>perdamus</strong></span> <span class='ocrx_word' id='word_1_287' title='bbox 762 3749 1106 3821; x_wconf 88' lang='lat' dir='ltr'><strong>periclitante</strong></span> <span class='ocrx_word' id='word_1_288' title='bbox 1130 3750 1358 3820; x_wconf 90' lang='lat' dir='ltr'><strong>justitia,</strong></span> <span class='ocrx_word' id='word_1_289' title='bbox 1378 3767 1480 3823; x_wconf 91' lang='lat' dir='ltr'><strong>pro</strong></span> <span class='ocrx_word' id='word_1_290' title='bbox 1510 3752 1609 3809; x_wconf 89' lang='lat' dir='ltr'><strong>Dei</strong></span> <span class='ocrx_word' id='word_1_291' title='bbox 1645 3768 1837 3808; x_wconf 92' lang='lat' dir='ltr'><strong>amore</strong></span> 
     </span>
    </p>
   </div>
   <div class='ocr_carea' id='block_1_41' title="bbox 231 3836 555 3893">
    <p class='ocr_par' dir='ltr' id='par_1_41' title="bbox 231 3836 555 3893">
     <span class='ocr_line' id='line_1_41' title="bbox 231 3836 555 3893; baseline 0.006 -2"><span class='ocrx_word' id='word_1_292' title='bbox 231 3836 529 3893; x_wconf 90' lang='lat' dir='ltr'><strong>succurrite</strong></span> <span class='ocrx_word' id='word_1_293' title='bbox 541 3879 555 3893; x_wconf 97' lang='lat'><strong>.</strong></span> 
     </span>
    </p>
   </div>
   <div class='ocr_carea' id='block_1_42' title="bbox 769 3985 1297 4046">
    <p class='ocr_par' dir='ltr' id='par_1_42' title="bbox 769 3985 1297 4046">
     <span class='ocr_line' id='line_1_42' title="bbox 769 3985 1297 4046; baseline 0 -2"><span class='ocrx_word' id='word_1_294' title='bbox 769 3985 1107 4046; x_wconf 81' lang='lat' dir='ltr'><strong>EPISTOLA</strong></span> <span class='ocrx_word' id='word_1_295' title='bbox 1144 3991 1297 4046; x_wconf 86' lang='lat' dir='ltr'><strong>XIX.</strong></span> 
     </span>
    </p>
   </div>
   <div class='ocr_carea' id='block_1_43' title="bbox 232 4143 1836 4203">
    <p class='ocr_par' dir='ltr' id='par_1_43' title="bbox 232 4143 1836 4203">
     <span class='ocr_line' id='line_1_43' title="bbox 232 4143 1836 4203; baseline 0.003 -6"><span class='ocrx_word' id='word_1_296' title='bbox 232 4143 469 4201; x_wconf 88' lang='lat' dir='ltr'><strong>Domino</strong></span> <span class='ocrx_word' id='word_1_297' title='bbox 498 4158 598 4199; x_wconf 83' lang='lat' dir='ltr'><strong>suo</strong></span> <span class='ocrx_word' id='word_1_298' title='bbox 636 4147 695 4200; x_wconf 85' lang='lat' dir='ltr'><strong>et</strong></span> <span class='ocrx_word' id='word_1_299' title='bbox 742 4145 926 4201; x_wconf 89' lang='lat' dir='ltr'><strong>amico</strong></span> <span class='ocrx_word' id='word_1_300' title='bbox 971 4144 1241 4202; x_wconf 87' lang='lat' dir='ltr'><strong>Ildeberto</strong></span> <span class='ocrx_word' id='word_1_301' title='bbox 1299 4145 1609 4200; x_wconf 76' lang='lat' dir='ltr'><strong>venerabili</strong></span> <span class='ocrx_word' id='word_1_302' title='bbox 1665 4143 1836 4203; x_wconf 83' lang='lat' dir='ltr'><strong>Ceno-</strong></span> 
     </span>
    </p>
   </div>
   <div class='ocr_carea' id='block_1_44' title="bbox 304 4232 1834 4305">
    <p class='ocr_par' dir='ltr' id='par_1_44' title="bbox 304 4232 1834 4305">
     <span class='ocr_line' id='line_1_44' title="bbox 304 4232 1834 4305; baseline 0.002 -20"><span class='ocrx_word' id='word_1_303' title='bbox 304 4232 717 4288; x_wconf 86' lang='lat' dir='ltr'><strong>mannensium</strong></span> <span class='ocrx_word' id='word_1_304' title='bbox 747 4234 1022 4305; x_wconf 85' lang='lat' dir='ltr'><strong>episcopo,</strong></span> <span class='ocrx_word' id='word_1_305' title='bbox 1059 4232 1350 4304; x_wconf 77' lang='lat' dir='ltr'><strong>Goffridus</strong></span> <span class='ocrx_word' id='word_1_306' title='bbox 1405 4233 1834 4288; x_wconf 78' lang='lat' dir='ltr'><strong>l’indorinensis</strong></span> 
     </span>
    </p>
   </div>
   <div class='ocr_carea' id='block_1_45' title="bbox 303 4322 1825 4388">
    <p class='ocr_par' dir='ltr' id='par_1_45' title="bbox 303 4322 1825 4388">
     <span class='ocr_line' id='line_1_45' title="bbox 303 4322 1825 4388; baseline 0 -12"><span class='ocrx_word' id='word_1_307' title='bbox 303 4322 641 4377; x_wconf 76' lang='lat' dir='ltr'><strong>monasterii</strong></span> <span class='ocrx_word' id='word_1_308' title='bbox 669 4337 884 4388; x_wconf 85' lang='lat' dir='ltr'><strong>servus,</strong></span> <span class='ocrx_word' id='word_1_309' title='bbox 919 4339 1051 4378; x_wconf 88' lang='lat' dir='ltr'><strong>cum</strong></span> <span class='ocrx_word' id='word_1_310' title='bbox 1078 4322 1385 4378; x_wconf 79' lang='lat' dir='ltr'><strong>dilectione</strong></span> <span class='ocrx_word' id='word_1_311' title='bbox 1415 4323 1825 4378; x_wconf 87' lang='lat' dir='ltr'><strong>reverentiam.</strong></span> 
     </span>
    </p>
   </div>
   <div class='ocr_carea' id='block_1_46' title="bbox 309 4457 1833 4530">
    <p class='ocr_par' dir='ltr' id='par_1_46' title="bbox 309 4457 1833 4530">
     <span class='ocr_line' id='line_1_46' title="bbox 309 4457 1833 4530; baseline 0.005 -17"><span class='ocrx_word' id='word_1_312' title='bbox 309 4457 438 4516; x_wconf 90' lang='lat' dir='ltr'><strong>Vita</strong></span> <span class='ocrx_word' id='word_1_313' title='bbox 465 4458 796 4515; x_wconf 87' lang='lat' dir='ltr'><strong>venerabilis</strong></span> <span class='ocrx_word' id='word_1_314' title='bbox 823 4458 1046 4530; x_wconf 85' lang='lat' dir='ltr'><strong>prasul,</strong></span> <span class='ocrx_word' id='word_1_315' title='bbox 1079 4475 1204 4517; x_wconf 90' lang='lat' dir='ltr'><strong>cum</strong></span> <span class='ocrx_word' id='word_1_316' title='bbox 1234 4459 1479 4516; x_wconf 90' lang='lat' dir='ltr'><strong>Turonis</strong></span> <span class='ocrx_word' id='word_1_317' title='bbox 1509 4477 1607 4518; x_wconf 87' lang='lat' dir='ltr'><strong>vos</strong></span> <span class='ocrx_word' id='word_1_318' title='bbox 1635 4471 1689 4518; x_wconf 92' lang='lat' dir='ltr'><strong>et</strong></span> <span class='ocrx_word' id='word_1_319' title='bbox 1731 4480 1833 4521; x_wconf 89' lang='lat' dir='ltr'><strong>nos</strong></span> 
     </span>
    </p>
   </div>
   <div class='ocr_carea' id='block_1_47' title="bbox 231 4547 1832 4620">
    <p class='ocr_par' dir='ltr' id='par_1_47' title="bbox 231 4547 1832 4620">
     <span class='ocr_line' id='line_1_47' title="bbox 231 4547 1832 4620; baseline 0.005 -18"><span class='ocrx_word' id='word_1_320' title='bbox 231 4563 503 4613; x_wconf 88' lang='lat' dir='ltr'><strong>essemus,</strong></span> <span class='ocrx_word' id='word_1_321' title='bbox 535 4547 750 4603; x_wconf 83' lang='lat' dir='ltr'><strong>dixistis</strong></span> <span class='ocrx_word' id='word_1_322' title='bbox 781 4549 925 4620; x_wconf 91' lang='lat' dir='ltr'><strong>quod</strong></span> <span class='ocrx_word' id='word_1_323' title='bbox 955 4549 1025 4604; x_wconf 91' lang='lat' dir='ltr'><strong>de</strong></span> <span class='ocrx_word' id='word_1_324' title='bbox 1052 4549 1339 4605; x_wconf 87' lang='lat' dir='ltr'><strong>comitissa</strong></span> <span class='ocrx_word' id='word_1_325' title='bbox 1361 4550 1752 4608; x_wconf 90' lang='lat' dir='ltr'><strong>Vindocinensi</strong></span> <span class='ocrx_word' id='word_1_326' title='bbox 1777 4553 1832 4610; x_wconf 88' lang='lat' dir='ltr'><strong>in</strong></span> 
     </span>
    </p>
   </div>
   <div class='ocr_carea' id='block_1_48' title="bbox 232 4635 1906 4710">
    <p class='ocr_par' dir='ltr' id='par_1_48' title="bbox 232 4635 1906 4710">
     <span class='ocr_line' id='line_1_48' title="bbox 232 4635 1906 4710; baseline 0.005 -21"><span class='ocrx_word' id='word_1_327' title='bbox 232 4651 343 4691; x_wconf 91' lang='lat' dir='ltr'><strong>uno</strong></span> <span class='ocrx_word' id='word_1_328' title='bbox 372 4635 440 4692; x_wconf 91' lang='lat' dir='ltr'><strong>de</strong></span> <span class='ocrx_word' id='word_1_329' title='bbox 460 4635 651 4692; x_wconf 90' lang='lat' dir='ltr'><strong>diebus</strong></span> <span class='ocrx_word' id='word_1_330' title='bbox 688 4639 850 4706; x_wconf 81' lang='lat'><strong>134</strong></span> <span class='ocrx_word' id='word_1_331' title='bbox 872 4637 1487 4695; x_wconf 85' lang='lat' dir='ltr'><strong>Paschalihebdomada</strong></span> <span class='ocrx_word' id='word_1_332' title='bbox 1503 4640 1660 4695; x_wconf 91' lang='lat' dir='ltr'><strong>nobis</strong></span> <span class='ocrx_word' id='word_1_333' title='bbox 1669 4641 1826 4710; x_wconf 87' lang='lat' dir='ltr'><strong>justi-</strong></span> <span class='ocrx_word' id='word_1_334' title='bbox 1855 4636 1906 4696; x_wconf 90' lang='lat' dir='ltr'>D</span> 
     </span>
    </p>
   </div>
   <div class='ocr_carea' id='block_1_49' title="bbox 231 4724 1828 4802">
    <p class='ocr_par' dir='ltr' id='par_1_49' title="bbox 231 4724 1828 4802">
     <span class='ocr_line' id='line_1_49' title="bbox 231 4724 1828 4802; baseline 0.004 -22"><span class='ocrx_word' id='word_1_335' title='bbox 231 4724 362 4780; x_wconf 89' lang='lat' dir='ltr'><strong>tiam</strong></span> <span class='ocrx_word' id='word_1_336' title='bbox 392 4724 654 4795; x_wconf 77' lang='lat' dir='ltr'><strong>feceritis,</strong></span> <span class='ocrx_word' id='word_1_337' title='bbox 685 4725 975 4797; x_wconf 90' lang='lat' dir='ltr'><strong>ipsumque</strong></span> <span class='ocrx_word' id='word_1_338' title='bbox 1004 4726 1150 4782; x_wconf 92' lang='lat' dir='ltr'><strong>diem</strong></span> <span class='ocrx_word' id='word_1_339' title='bbox 1180 4727 1338 4782; x_wconf 90' lang='lat' dir='ltr'><strong>nobis</strong></span> <span class='ocrx_word' id='word_1_340' title='bbox 1365 4735 1489 4783; x_wconf 90' lang='lat' dir='ltr'><strong>aute</strong></span> <span class='ocrx_word' id='word_1_341' title='bbox 1519 4727 1828 4802; x_wconf 74' lang='lat' dir='ltr'><strong>signiﬁcare</strong></span> 
     </span>
    </p>
   </div>
   <div class='ocr_carea' id='block_1_50' title="bbox 231 4813 1828 4886">
    <p class='ocr_par' dir='ltr' id='par_1_50' title="bbox 231 4813 1828 4886">
     <span class='ocr_line' id='line_1_50' title="bbox 231 4813 1828 4886; baseline 0.004 -19"><span class='ocrx_word' id='word_1_342' title='bbox 231 4813 580 4884; x_wconf 88' lang='lat' dir='ltr'><strong>promisistis.</strong></span> <span class='ocrx_word' id='word_1_343' title='bbox 617 4814 688 4868; x_wconf 87' lang='lat' dir='ltr'><strong>Et</strong></span> <span class='ocrx_word' id='word_1_344' title='bbox 715 4813 842 4886; x_wconf 89' lang='lat' dir='ltr'><strong>quia</strong></span> <span class='ocrx_word' id='word_1_345' title='bbox 872 4821 962 4869; x_wconf 86' lang='lat' dir='ltr'><strong>aut</strong></span> <span class='ocrx_word' id='word_1_346' title='bbox 991 4814 1243 4870; x_wconf 87' lang='lat' dir='ltr'><strong>noluistis</strong></span> <span class='ocrx_word' id='word_1_347' title='bbox 1302 4815 1504 4886; x_wconf 85' lang='lat' dir='ltr'><strong>facere,</strong></span> <span class='ocrx_word' id='word_1_348' title='bbox 1567 4825 1659 4873; x_wconf 87' lang='lat' dir='ltr'><strong>aut</strong></span> <span class='ocrx_word' id='word_1_349' title='bbox 1712 4818 1828 4874; x_wconf 88' lang='lat' dir='ltr'><strong>for-</strong></span> 
     </span>
    </p>
   </div>
   <div class='ocr_carea' id='block_1_51' title="bbox 231 4900 1826 4970">
    <p class='ocr_par' dir='ltr' id='par_1_51' title="bbox 231 4900 1826 4970">
     <span class='ocr_line' id='line_1_51' title="bbox 231 4900 1826 4970; baseline 0.003 -14"><span class='ocrx_word' id='word_1_350' title='bbox 231 4901 393 4956; x_wconf 86' lang='lat' dir='ltr'><strong>tassis</strong></span> <span class='ocrx_word' id='word_1_351' title='bbox 422 4900 688 4958; x_wconf 90' lang='lat' dir='ltr'><strong>oblivioni</strong></span> <span class='ocrx_word' id='word_1_352' title='bbox 711 4902 1030 4970; x_wconf 85' lang='lat' dir='ltr'><strong>tradidistis,</strong></span> <span class='ocrx_word' id='word_1_353' title='bbox 1068 4903 1252 4960; x_wconf 85' lang='lat' dir='ltr'><strong>adhuc</strong></span> <span class='ocrx_word' id='word_1_354' title='bbox 1299 4912 1500 4961; x_wconf 87' lang='lat' dir='ltr'><strong>vestra</strong></span> <span class='ocrx_word' id='word_1_355' title='bbox 1552 4905 1826 4962; x_wconf 90' lang='lat' dir='ltr'><strong>dilectioni</strong></span> 
     </span>
    </p>
   </div>
   <div class='ocr_carea' id='block_1_52' title="bbox 231 4989 1827 5065">
    <p class='ocr_par' dir='ltr' id='par_1_52' title="bbox 231 4989 1827 5065">
     <span class='ocr_line' id='line_1_52' title="bbox 231 4989 1827 5065; baseline 0.004 -22"><span class='ocrx_word' id='word_1_356' title='bbox 231 4989 599 5061; x_wconf 87' lang='lat' dir='ltr'><strong>supplicamus</strong></span> <span class='ocrx_word' id='word_1_357' title='bbox 619 4990 712 5046; x_wconf 93' lang='lat' dir='ltr'><strong>diu</strong></span> <span class='ocrx_word' id='word_1_358' title='bbox 733 4991 1102 5047; x_wconf 89' lang='lat' dir='ltr'><strong>desideratam</strong></span> <span class='ocrx_word' id='word_1_359' title='bbox 1119 4991 1401 5060; x_wconf 87' lang='lat' dir='ltr'><strong>justitiam,</strong></span> <span class='ocrx_word' id='word_1_360' title='bbox 1425 5001 1478 5050; x_wconf 92' lang='lat' dir='ltr'><strong>et</strong></span> <span class='ocrx_word' id='word_1_361' title='bbox 1496 4994 1827 5065; x_wconf 88' lang='lat' dir='ltr'><strong>promissum</strong></span> 
     </span>
    </p>
   </div>
   <div class='ocr_carea' id='block_1_53' title="bbox 222 5077 1824 5154">
    <p class='ocr_par' dir='ltr' id='par_1_53' title="bbox 222 5077 1824 5154">
     <span class='ocr_line' id='line_1_53' title="bbox 222 5077 1824 5154; baseline 0.004 -21"><span class='ocrx_word' id='word_1_362' title='bbox 222 5077 447 5146; x_wconf 84' lang='lat' dir='ltr'><strong>justitia</strong></span> <span class='ocrx_word' id='word_1_363' title='bbox 477 5079 623 5135; x_wconf 90' lang='lat' dir='ltr'><strong>diem</strong></span> <span class='ocrx_word' id='word_1_364' title='bbox 651 5079 942 5152; x_wconf 77' lang='lat' dir='ltr'><strong>diligenter</strong></span> <span class='ocrx_word' id='word_1_365' title='bbox 956 5080 1318 5152; x_wconf 91' lang='lat' dir='ltr'><strong>requirentes.</strong></span> <span class='ocrx_word' id='word_1_366' title='bbox 1345 5082 1530 5138; x_wconf 87' lang='lat' dir='ltr'><strong>Valete</strong></span> <span class='ocrx_word' id='word_1_367' title='bbox 1555 5097 1569 5154; x_wconf 86' lang='lat'>;</span> <span class='ocrx_word' id='word_1_368' title='bbox 1595 5091 1648 5139; x_wconf 92' lang='lat' dir='ltr'><strong>et</strong></span> <span class='ocrx_word' id='word_1_369' title='bbox 1669 5082 1824 5139; x_wconf 88' lang='lat' dir='ltr'><strong>festi-</strong></span> 
     </span>
    </p>
   </div>
   <div class='ocr_carea' id='block_1_54' title="bbox 299 5283 1827 5354">
    <p class='ocr_par' dir='ltr' id='par_1_54' title="bbox 299 5283 1827 5354">
     <span class='ocr_line' id='line_1_54' title="bbox 299 5283 1827 5354; baseline 0.003 -16"><span class='ocrx_word' id='word_1_370' title='bbox 299 5283 446 5351; x_wconf 75' lang='grc'><strong>(232)</strong></span> <span class='ocrx_word' id='word_1_371' title='bbox 478 5285 542 5339; x_wconf 87' lang='lat' dir='ltr'><strong>In</strong></span> <span class='ocrx_word' id='word_1_372' title='bbox 571 5283 812 5340; x_wconf 78' lang='lat' dir='ltr'><strong>decretis</strong></span> <span class='ocrx_word' id='word_1_373' title='bbox 843 5285 1100 5340; x_wconf 81' lang='lat' dir='ltr'><strong>Patrum.</strong></span> <span class='ocrx_word' id='word_1_374' title='bbox 1137 5283 1278 5338; x_wconf 89' lang='lat' dir='ltr'><strong>Infra</strong></span> <span class='ocrx_word' id='word_1_375' title='bbox 1309 5285 1473 5354; x_wconf 90' lang='lat' dir='ltr'><strong>epist.</strong></span> <span class='ocrx_word' id='word_1_376' title='bbox 1521 5286 1610 5352; x_wconf 88' lang='lat'><strong>33,</strong></span> <span class='ocrx_word' id='word_1_377' title='bbox 1661 5287 1827 5343; x_wconf 88' lang='lat' dir='ltr'><strong>verba</strong></span> 
     </span>
    </p>
   </div>
   <div class='ocr_carea' id='block_1_55' title="bbox 232 5354 1819 5431">
    <p class='ocr_par' dir='ltr' id='par_1_55' title="bbox 232 5354 1819 5431">
     <span class='ocr_line' id='line_1_55' title="bbox 232 5354 1819 5431; baseline 0.004 -24"><span class='ocrx_word' id='word_1_378' title='bbox 232 5361 356 5431; x_wconf 69' lang='lat' dir='ltr'><strong>sunt</strong></span> <span class='ocrx_word' id='word_1_379' title='bbox 378 5354 671 5431; x_wconf 80' lang='lat' dir='ltr'><strong>zephyrini</strong></span> <span class='ocrx_word' id='word_1_380' title='bbox 701 5369 857 5425; x_wconf 84' lang='lat' dir='ltr'><strong>papa</strong></span> <span class='ocrx_word' id='word_1_381' title='bbox 887 5355 957 5410; x_wconf 88' lang='lat' dir='ltr'><strong>ad</strong></span> <span class='ocrx_word' id='word_1_382' title='bbox 990 5355 1278 5431; x_wconf 33' lang='lat' dir='ltr'><strong>epAiscOpos</strong></span> <span class='ocrx_word' id='word_1_383' title='bbox 1301 5355 1580 5431; x_wconf 80' lang='lat' dir='ltr'><strong>Gallia,ut</strong></span> <span class='ocrx_word' id='word_1_384' title='bbox 1611 5356 1666 5431; x_wconf 84' lang='lat' dir='ltr'><strong>ei</strong></span> <span class='ocrx_word' id='word_1_385' title='bbox 1691 5359 1819 5431; x_wconf 89' lang='lat' dir='ltr'><strong>qui-</strong></span> 
     </span>
    </p>
   </div>
   <div class='ocr_carea' id='block_1_56' title="bbox 226 5370 1821 5498">
    <p class='ocr_par' dir='ltr' id='par_1_56' title="bbox 226 5370 1821 5498">
     <span class='ocr_line' id='line_1_56' title="bbox 232 5370 1819 5478; baseline 0.004 -71"><span class='ocrx_word' id='word_1_386' title='bbox 232 5370 356 5407; x_wconf 80' lang='lat' dir='ltr'><strong>sunt</strong></span> <span class='ocrx_word' id='word_1_387' title='bbox 378 5370 671 5478; x_wconf 58' lang='lat' dir='ltr'><strong>Legnyrim</strong></span> <span class='ocrx_word' id='word_1_388' title='bbox 701 5370 857 5425; x_wconf 86' lang='lat' dir='ltr'><strong>papa</strong></span> <span class='ocrx_word' id='word_1_389' title='bbox 887 5370 957 5410; x_wconf 87' lang='lat' dir='ltr'><strong>au</strong></span> <span class='ocrx_word' id='word_1_390' title='bbox 990 5370 1278 5425; x_wconf 80' lang='lat' dir='ltr'><strong>episcOpos</strong></span> <span class='ocrx_word' id='word_1_391' title='bbox 1301 5370 1580 5425; x_wconf 78' lang='lat' dir='ltr'><strong>uama,ut</strong></span> <span class='ocrx_word' id='word_1_392' title='bbox 1611 5373 1660 5412; x_wconf 79' lang='lat' dir='ltr'><strong>et</strong></span> <span class='ocrx_word' id='word_1_393' title='bbox 1691 5375 1819 5431; x_wconf 81' lang='lat' dir='ltr'><strong>qui-</strong></span> 
     </span>
     <span class='ocr_line' id='line_1_57' title="bbox 226 5423 1821 5498; baseline 0.004 -20"><span class='ocrx_word' id='word_1_394' title='bbox 226 5423 351 5479; x_wconf 90' lang='lat' dir='ltr'><strong>dem</strong></span> <span class='ocrx_word' id='word_1_395' title='bbox 383 5424 450 5498; x_wconf 90' lang='lat' dir='ltr'><strong>t_ri</strong></span> <span class='ocrx_word' id='word_1_396' title='bbox 493 5432 709 5491; x_wconf 90' lang='lat' dir='ltr'><strong>uuntur,</strong></span> <span class='ocrx_word' id='word_1_397' title='bbox 745 5441 824 5498; x_wconf 74' lang='lat' dir='ltr'><strong>ut.</strong></span> <span class='ocrx_word' id='word_1_398' title='bbox 851 5443 907 5498; x_wconf 87' lang='lat' dir='ltr'><strong>q.</strong></span> <span class='ocrx_word' id='word_1_399' title='bbox 933 5431 964 5481; x_wconf 86' lang='lat'><strong>9</strong></span> <span class='ocrx_word' id='word_1_400' title='bbox 993 5445 1005 5492; x_wconf 89' lang='lat'><strong>;</strong></span> <span class='ocrx_word' id='word_1_401' title='bbox 1032 5427 1280 5482; x_wconf 81' lang='lat' dir='ltr'><strong>Caveant</strong></span> <span class='ocrx_word' id='word_1_402' title='bbox 1297 5427 1522 5498; x_wconf 85' lang='lat' dir='ltr'><strong>judices</strong></span> <span class='ocrx_word' id='word_1_403' title='bbox 1542 5430 1821 5495; x_wconf 62' lang='lat' dir='ltr'><strong>Ecclesiae,</strong></span> 
     </span>
    </p>
   </div>
   <div class='ocr_carea' id='block_1_57' title="bbox 223 5495 1822 5567">
    <p class='ocr_par' dir='ltr' id='par_1_57' title="bbox 223 5495 1822 5567">
     <span class='ocr_line' id='line_1_58' title="bbox 223 5495 1822 5567; baseline 0.003 -17"><span class='ocrx_word' id='word_1_404' title='bbox 223 5511 316 5560; x_wconf 82' lang='lat' dir='ltr'><strong>ne,</strong></span> <span class='ocrx_word' id='word_1_405' title='bbox 347 5495 574 5551; x_wconf 87' lang='lat' dir='ltr'><strong>absente</strong></span> <span class='ocrx_word' id='word_1_406' title='bbox 605 5512 684 5561; x_wconf 88' lang='lat' dir='ltr'><strong>eo,</strong></span> <span class='ocrx_word' id='word_1_407' title='bbox 710 5495 884 5566; x_wconf 61' lang='lat' dir='ltr'><strong>cujus&#39;</strong></span> <span class='ocrx_word' id='word_1_408' title='bbox 901 5513 1075 5552; x_wconf 88' lang='lat' dir='ltr'><strong>causa</strong></span> <span class='ocrx_word' id='word_1_409' title='bbox 1104 5495 1440 5567; x_wconf 81' lang='lat' dir='ltr'><strong>ventilatur,</strong></span> <span class='ocrx_word' id='word_1_410' title='bbox 1472 5501 1822 5556; x_wconf 86' lang='lat' dir='ltr'><strong>sententiam</strong></span> 
     </span>
    </p>
   </div>
   <div class='ocr_carea' id='block_1_58' title="bbox 220 5567 1074 5639">
    <p class='ocr_par' dir='ltr' id='par_1_58' title="bbox 220 5567 1074 5639">
     <span class='ocr_line' id='line_1_59' title="bbox 220 5567 1074 5639; baseline 0.001 -20"><span class='ocrx_word' id='word_1_411' title='bbox 220 5569 541 5639; x_wconf 78' lang='lat' dir='ltr'><strong>pro/erant,</strong></span> <span class='ocrx_word' id='word_1_412' title='bbox 575 5567 707 5639; x_wconf 83' lang='lat' dir='ltr'><strong>quia</strong></span> <span class='ocrx_word' id='word_1_413' title='bbox 735 5567 907 5622; x_wconf 82' lang='lat' dir='ltr'><strong>irrita</strong></span> <span class='ocrx_word' id='word_1_414' title='bbox 937 5570 1074 5623; x_wconf 87' lang='lat' dir='ltr'><strong>erit.</strong></span> 
     </span>
    </p>
   </div>
   <div class='ocr_carea' id='block_1_59' title="bbox 293 5637 1818 5717">
    <p class='ocr_par' dir='ltr' id='par_1_59' title="bbox 293 5637 1818 5717">
     <span class='ocr_line' id='line_1_60' title="bbox 293 5637 1818 5717; baseline 0.001 -25"><span class='ocrx_word' id='word_1_415' title='bbox 293 5637 444 5717; x_wconf 45' lang='lat'><strong>{2:33)</strong></span> <span class='ocrx_word' id='word_1_416' title='bbox 477 5638 552 5717; x_wconf 62' lang='lat' dir='ltr'><strong>Eo</strong></span> <span class='ocrx_word' id='word_1_417' title='bbox 582 5637 962 5717; x_wconf 65' lang='lat' dir='ltr'><strong>reclamante.</strong></span> <span class='ocrx_word' id='word_1_418' title='bbox 1005 5639 1128 5694; x_wconf 84' lang='lat' dir='ltr'><strong>Hoc</strong></span> <span class='ocrx_word' id='word_1_419' title='bbox 1159 5638 1658 5717; x_wconf 76' lang='lat' dir='ltr'><strong>est,_nisiadv_ersa</strong></span> <span class='ocrx_word' id='word_1_420' title='bbox 1679 5641 1818 5710; x_wconf 88' lang='lat' dir='ltr'><strong>parti</strong></span> 
     </span>
    </p>
   </div>
   <div class='ocr_carea' id='block_1_60' title="bbox 218 5706 1820 5782">
    <p class='ocr_par' dir='ltr' id='par_1_60' title="bbox 218 5706 1820 5782">
     <span class='ocr_line' id='line_1_61' title="bbox 218 5706 1820 5782; baseline 0.003 -21"><span class='ocrx_word' id='word_1_421' title='bbox 218 5706 571 5782; x_wconf 77' lang='lat' dir='ltr'><strong>satisfecerit.</strong></span> <span class='ocrx_word' id='word_1_422' title='bbox 616 5707 986 5782; x_wconf 67' lang='lat' dir='ltr'><strong>llude_et_lib.</strong></span> <span class='ocrx_word' id='word_1_423' title='bbox 1025 5709 1236 5782; x_wconf 58' lang='lat' dir='ltr'><strong>lLepisl</strong></span> <span class='ocrx_word' id='word_1_424' title='bbox 1267 5713 1355 5772; x_wconf 85' lang='lat'><strong>30,</strong></span> <span class='ocrx_word' id='word_1_425' title='bbox 1406 5709 1522 5780; x_wconf 86' lang='lat' dir='ltr'><strong>pari</strong></span> <span class='ocrx_word' id='word_1_426' title='bbox 1559 5706 1820 5782; x_wconf 65' lang='lat' dir='ltr'><strong>exptlstu-</strong></span> 
     </span>
    </p>
   </div>
   <div class='ocr_carea' id='block_1_61' title="bbox 218 5776 1822 5853">
    <p class='ocr_par' dir='ltr' id='par_1_61' title="bbox 218 5776 1822 5853">
     <span class='ocr_line' id='line_1_62' title="bbox 218 5776 1822 5853; baseline 0.003 -22"><span class='ocrx_word' id='word_1_427' title='bbox 218 5776 422 5833; x_wconf 88' lang='lat' dir='ltr'><strong>latione</strong></span> <span class='ocrx_word' id='word_1_428' title='bbox 465 5777 649 5853; x_wconf 77' lang='lat' dir='ltr'><strong>_a_pud_</strong></span> <span class='ocrx_word' id='word_1_429' title='bbox 695 5776 997 5853; x_wconf 63' lang='lat' dir='ltr'><strong>Badulfum</strong></span> <span class='ocrx_word' id='word_1_430' title='bbox 1037 5776 1422 5853; x_wconf 77' lang='lat' dir='ltr'><strong>_&#39;l‘_ui&#39;onenseni</strong></span> <span class='ocrx_word' id='word_1_431' title='bbox 1495 5776 1822 5853; x_wconf 73' lang='lat' dir='ltr'><strong>conquestus</strong></span> 
     </span>
    </p>
   </div>
   <div class='ocr_carea' id='block_1_62' title="bbox 219 5846 1820 5923">
    <p class='ocr_par' dir='ltr' id='par_1_62' title="bbox 219 5846 1820 5923">
     <span class='ocr_line' id='line_1_63' title="bbox 219 5846 1820 5923; baseline 0.004 -21"><span class='ocrx_word' id='word_1_432' title='bbox 219 5855 321 5923; x_wconf 77' lang='lat' dir='ltr'><strong>est,</strong></span> <span class='ocrx_word' id='word_1_433' title='bbox 338 5846 483 5923; x_wconf 86' lang='lat' dir='ltr'><strong>quod</strong></span> <span class='ocrx_word' id='word_1_434' title='bbox 505 5847 844 5923; x_wconf 79' lang='lat' dir='ltr'><strong>Harduinum</strong></span> <span class='ocrx_word' id='word_1_435' title='bbox 863 5849 934 5923; x_wconf 77' lang='lat' dir='ltr'><strong>de</strong></span> <span class='ocrx_word' id='word_1_436' title='bbox 949 5848 1196 5923; x_wconf 58' lang='lat' dir='ltr'><strong>Malliaco</strong></span> <span class='ocrx_word' id='word_1_437' title='bbox 1233 5850 1440 5922; x_wconf 90' lang='lat' dir='ltr'><strong>absque</strong></span> <span class='ocrx_word' id='word_1_438' title='bbox 1455 5846 1820 5923; x_wconf 6' lang='lat' dir='ltr'><strong>qprac&#39;edente</strong></span> 
     </span>
    </p>
   </div>
   <div class='ocr_carea' id='block_1_63' title="bbox 216 5918 1821 5994">
    <p class='ocr_par' dir='ltr' id='par_1_63' title="bbox 216 5918 1821 5994">
     <span class='ocr_line' id='line_1_64' title="bbox 216 5918 1821 5994; baseline 0.004 -20"><span class='ocrx_word' id='word_1_439' title='bbox 216 5918 586 5977; x_wconf 85' lang='lat' dir='ltr'><strong>satisfactione</strong></span> <span class='ocrx_word' id='word_1_440' title='bbox 616 5918 937 5976; x_wconf 87' lang='lat' dir='ltr'><strong>absolverit.</strong></span> <span class='ocrx_word' id='word_1_441' title='bbox 970 5921 1084 5993; x_wconf 88' lang='lat' dir='ltr'><strong>lvo,</strong></span> <span class='ocrx_word' id='word_1_442' title='bbox 1107 5921 1271 5994; x_wconf 90' lang='lat' dir='ltr'><strong>epist.</strong></span> <span class='ocrx_word' id='word_1_443' title='bbox 1297 5918 1370 5977; x_wconf 67' lang='lat'><strong>38&#39;</strong></span> <span class='ocrx_word' id='word_1_444' title='bbox 1386 5936 1402 5977; x_wconf 89' lang='lat'><strong>:</strong></span> <span class='ocrx_word' id='word_1_445' title='bbox 1437 5918 1580 5990; x_wconf 64' lang='lat' dir='ltr'><strong>Q&#39;uos</strong></span> <span class='ocrx_word' id='word_1_446' title='bbox 1595 5923 1719 5981; x_wconf 82' lang='lat' dir='ltr'><strong>sine</strong></span> <span class='ocrx_word' id='word_1_447' title='bbox 1733 5939 1821 5981; x_wconf 85' lang='lat' dir='ltr'><strong>sa-</strong></span> 
     </span>
    </p>
   </div>
   <div class='ocr_carea' id='block_1_64' title="bbox 1958 644 2269 702">
    <p class='ocr_par' dir='ltr' id='par_1_64' title="bbox 1958 644 2269 702">
     <span class='ocr_line' id='line_1_65' title="bbox 1958 644 2269 702; baseline -0.003 -2"><span class='ocrx_word' id='word_1_448' title='bbox 1958 644 2242 702; x_wconf 90' lang='lat' dir='ltr'><strong>rescribite</strong></span> <span class='ocrx_word' id='word_1_449' title='bbox 2256 686 2269 699; x_wconf 94' lang='lat'><strong>.</strong></span> 
     </span>
    </p>
   </div>
   <div class='ocr_carea' id='block_1_65' title="bbox 2487 754 3005 811">
    <p class='ocr_par' dir='ltr' id='par_1_65' title="bbox 2487 754 3005 811">
     <span class='ocr_line' id='line_1_66' title="bbox 2487 754 3005 811; baseline -0.006 -2"><span class='ocrx_word' id='word_1_450' title='bbox 2487 754 2833 811; x_wconf 80' lang='lat' dir='ltr'><strong>EPISTOLA</strong></span> <span class='ocrx_word' id='word_1_451' title='bbox 2873 754 2978 808; x_wconf 81' lang='lat' dir='ltr'><strong>XX</strong></span> <span class='ocrx_word' id='word_1_452' title='bbox 2993 794 3005 807; x_wconf 95' lang='lat'><strong>.</strong></span> 
     </span>
    </p>
   </div>
   <div class='ocr_carea' id='block_1_66' title="bbox 1957 861 3550 940">
    <p class='ocr_par' dir='ltr' id='par_1_66' title="bbox 1957 861 3550 940">
     <span class='ocr_line' id='line_1_67' title="bbox 1957 861 3550 940; baseline -0.004 -16"><span class='ocrx_word' id='word_1_453' title='bbox 1957 869 2228 927; x_wconf 86' lang='lat' dir='ltr'><strong>lldeberto</strong></span> <span class='ocrx_word' id='word_1_454' title='bbox 2257 869 2389 925; x_wconf 68' lang='lat' dir='ltr'><strong>vitae</strong></span> <span class='ocrx_word' id='word_1_455' title='bbox 2426 868 2729 925; x_wconf 84' lang='lat' dir='ltr'><strong>laudabilis</strong></span> <span class='ocrx_word' id='word_1_456' title='bbox 2757 868 3031 940; x_wconf 88' lang='lat' dir='ltr'><strong>episcopo,</strong></span> <span class='ocrx_word' id='word_1_457' title='bbox 3058 864 3334 935; x_wconf 72' lang='lat' dir='ltr'><strong>Goﬂridus</strong></span> <span class='ocrx_word' id='word_1_458' title='bbox 3361 861 3550 919; x_wconf 78' lang='lat' dir='ltr'><strong>Vindo-</strong></span> 
     </span>
    </p>
   </div>
   <div class='ocr_carea' id='block_1_67' title="bbox 2027 953 3549 1028">
    <p class='ocr_par' dir='ltr' id='par_1_67' title="bbox 2027 953 3549 1028">
     <span class='ocr_line' id='line_1_68' title="bbox 2027 953 3549 1028; baseline -0.006 -14"><span class='ocrx_word' id='word_1_459' title='bbox 2027 960 2278 1014; x_wconf 71' lang='lat' dir='ltr'><strong>cinensi:</strong></span> <span class='ocrx_word' id='word_1_460' title='bbox 2306 957 2639 1013; x_wconf 88' lang='lat' dir='ltr'><strong>monasterii</strong></span> <span class='ocrx_word' id='word_1_461' title='bbox 2654 957 3056 1028; x_wconf 80' lang='lat' dir='ltr'><strong>qualiscunque</strong></span> <span class='ocrx_word' id='word_1_462' title='bbox 3072 969 3282 1017; x_wconf 84' lang='lat' dir='ltr'><strong>servus,</strong></span> <span class='ocrx_word' id='word_1_463' title='bbox 3307 953 3549 1007; x_wconf 83' lang='lat' dir='ltr'><strong>salutem</strong></span> 
     </span>
    </p>
   </div>
   <div class='ocr_carea' id='block_1_68' title="bbox 2029 1045 2998 1118">
    <p class='ocr_par' dir='ltr' id='par_1_68' title="bbox 2029 1045 2998 1118">
     <span class='ocr_line' id='line_1_69' title="bbox 2029 1045 2998 1118; baseline -0.004 -16"><span class='ocrx_word' id='word_1_464' title='bbox 2029 1063 2160 1103; x_wconf 84' lang='lat' dir='ltr'><strong>cum</strong></span> <span class='ocrx_word' id='word_1_465' title='bbox 2186 1063 2346 1118; x_wconf 71' lang='lat' dir='ltr'><strong>parte</strong></span> <span class='ocrx_word' id='word_1_466' title='bbox 2375 1046 2695 1102; x_wconf 83' lang='lat' dir='ltr'><strong>dilectionis</strong></span> <span class='ocrx_word' id='word_1_467' title='bbox 2725 1045 2998 1118; x_wconf 87' lang='lat' dir='ltr'><strong>obsequio.</strong></span> 
     </span>
    </p>
   </div>
   <div class='ocr_carea' id='block_1_69' title="bbox 2029 1154 3548 1230">
    <p class='ocr_par' dir='ltr' id='par_1_69' title="bbox 2029 1154 3548 1230">
     <span class='ocr_line' id='line_1_70' title="bbox 2029 1154 3548 1230; baseline -0.004 -15"><span class='ocrx_word' id='word_1_468' title='bbox 2029 1161 2296 1216; x_wconf 83' lang='lat' dir='ltr'><strong>Formata</strong></span> <span class='ocrx_word' id='word_1_469' title='bbox 2325 1166 2377 1216; x_wconf 86' lang='lat' dir='ltr'><strong>et</strong></span> <span class='ocrx_word' id='word_1_470' title='bbox 2405 1159 2663 1216; x_wconf 84' lang='lat' dir='ltr'><strong>formosa</strong></span> <span class='ocrx_word' id='word_1_471' title='bbox 2688 1159 2884 1215; x_wconf 87' lang='lat' dir='ltr'><strong>littera</strong></span> <span class='ocrx_word' id='word_1_472' title='bbox 2912 1156 3214 1230; x_wconf 87' lang='lat' dir='ltr'><strong>prudentia</strong></span> <span class='ocrx_word' id='word_1_473' title='bbox 3241 1161 3433 1212; x_wconf 84' lang='lat' dir='ltr'><strong>vestra</strong></span> <span class='ocrx_word' id='word_1_474' title='bbox 3477 1154 3548 1211; x_wconf 88' lang='lat' dir='ltr'><strong>ad</strong></span> 
     </span>
    </p>
   </div>
   <div class='ocr_carea' id='block_1_70' title="bbox 1957 1251 3549 1321">
    <p class='ocr_par' dir='ltr' id='par_1_70' title="bbox 1957 1251 3549 1321">
     <span class='ocr_line' id='line_1_71' title="bbox 1957 1251 3549 1321; baseline -0.004 -17"><span class='ocrx_word' id='word_1_475' title='bbox 1957 1265 2059 1305; x_wconf 79' lang='lat' dir='ltr'><strong>DOS</strong></span> <span class='ocrx_word' id='word_1_476' title='bbox 2088 1265 2262 1321; x_wconf 90' lang='lat' dir='ltr'><strong>usque</strong></span> <span class='ocrx_word' id='word_1_477' title='bbox 2293 1256 2562 1304; x_wconf 89' lang='lat' dir='ltr'><strong>venerunt</strong></span> <span class='ocrx_word' id='word_1_478' title='bbox 2641 1264 2762 1319; x_wconf 63' lang='grc' dir='ltr'><strong>(ιυω</strong></span> <span class='ocrx_word' id='word_1_479' title='bbox 2792 1255 2842 1303; x_wconf 89' lang='lat' dir='ltr'><strong>et</strong></span> <span class='ocrx_word' id='word_1_480' title='bbox 2883 1254 3120 1302; x_wconf 89' lang='lat' dir='ltr'><strong>mentem</strong></span> <span class='ocrx_word' id='word_1_481' title='bbox 3171 1251 3413 1302; x_wconf 88' lang='lat' dir='ltr'><strong>nostram</strong></span> <span class='ocrx_word' id='word_1_482' title='bbox 3451 1259 3549 1314; x_wconf 86' lang='lat' dir='ltr'><strong>pro</strong></span> 
     </span>
    </p>
   </div>
   <div class='ocr_carea' id='block_1_71' title="bbox 1958 1331 3547 1408">
    <p class='ocr_par' dir='ltr' id='par_1_71' title="bbox 1958 1331 3547 1408">
     <span class='ocr_line' id='line_1_72' title="bbox 1958 1331 3547 1408; baseline -0.006 -14"><span class='ocrx_word' id='word_1_483' title='bbox 1958 1353 2129 1394; x_wconf 88' lang='lat' dir='ltr'><strong>causa</strong></span> <span class='ocrx_word' id='word_1_484' title='bbox 2163 1354 2322 1408; x_wconf 92' lang='lat' dir='ltr'><strong>quam</strong></span> <span class='ocrx_word' id='word_1_485' title='bbox 2375 1336 2548 1394; x_wconf 92' lang='lat' dir='ltr'><strong>nostis</strong></span> <span class='ocrx_word' id='word_1_486' title='bbox 2606 1352 2715 1392; x_wconf 91' lang='lat' dir='ltr'><strong>non</strong></span> <span class='ocrx_word' id='word_1_487' title='bbox 2773 1335 3123 1392; x_wconf 86' lang='lat' dir='ltr'><strong>mediocriter</strong></span> <span class='ocrx_word' id='word_1_488' title='bbox 3177 1331 3547 1405; x_wconf 86' lang='lat' dir='ltr'><strong>perturbatam</strong></span> 
     </span>
    </p>
   </div>
   <div class='ocr_carea' id='block_1_72' title="bbox 1957 1419 3548 1493">
    <p class='ocr_par' dir='ltr' id='par_1_72' title="bbox 1957 1419 3548 1493">
     <span class='ocr_line' id='line_1_73' title="bbox 1957 1419 3548 1493; baseline -0.006 -11"><span class='ocrx_word' id='word_1_489' title='bbox 1957 1426 2334 1482; x_wconf 91' lang='lat' dir='ltr'><strong>modulatione</strong></span> <span class='ocrx_word' id='word_1_490' title='bbox 2365 1443 2478 1481; x_wconf 87' lang='lat' dir='ltr'><strong>sua</strong></span> <span class='ocrx_word' id='word_1_491' title='bbox 2508 1425 2729 1482; x_wconf 85' lang='lat' dir='ltr'><strong>cithara</strong></span> <span class='ocrx_word' id='word_1_492' title='bbox 2781 1425 3188 1492; x_wconf 71' lang='lat' dir='ltr'><strong>mitigaverunt,</strong></span> <span class='ocrx_word' id='word_1_493' title='bbox 3244 1428 3298 1478; x_wconf 88' lang='lat' dir='ltr'><strong>et</strong></span> <span class='ocrx_word' id='word_1_494' title='bbox 3352 1419 3548 1493; x_wconf 88' lang='lat' dir='ltr'><strong>quibus</strong></span> 
     </span>
    </p>
   </div>
   <div class='ocr_carea' id='block_1_73' title="bbox 1956 1507 3545 1584">
    <p class='ocr_par' dir='ltr' id='par_1_73' title="bbox 1956 1507 3545 1584">
     <span class='ocr_line' id='line_1_74' title="bbox 1956 1507 3545 1584; baseline -0.004 -14"><span class='ocrx_word' id='word_1_495' title='bbox 1956 1514 2146 1570; x_wconf 87' lang='lat' dir='ltr'><strong>oculus</strong></span> <span class='ocrx_word' id='word_1_496' title='bbox 2176 1521 2362 1570; x_wconf 88' lang='lat' dir='ltr'><strong>noster</strong></span> <span class='ocrx_word' id='word_1_497' title='bbox 2397 1512 2614 1584; x_wconf 90' lang='lat' dir='ltr'><strong>penitus</strong></span> <span class='ocrx_word' id='word_1_498' title='bbox 2645 1513 3070 1579; x_wconf 86' lang='lat' dir='ltr'><strong>obtundebatur,</strong></span> <span class='ocrx_word' id='word_1_499' title='bbox 3127 1527 3290 1566; x_wconf 91' lang='lat' dir='ltr'><strong>manu</strong></span> <span class='ocrx_word' id='word_1_500' title='bbox 3320 1524 3432 1564; x_wconf 90' lang='lat' dir='ltr'><strong>sua</strong></span> <span class='ocrx_word' id='word_1_501' title='bbox 3461 1507 3545 1564; x_wconf 88' lang='lat' dir='ltr'><strong>le-</strong></span> 
     </span>
    </p>
   </div>
   <div class='ocr_carea' id='block_1_74' title="bbox 1955 1597 3548 1674">
    <p class='ocr_par' dir='ltr' id='par_1_74' title="bbox 1955 1597 3548 1674">
     <span class='ocr_line' id='line_1_75' title="bbox 1955 1597 3548 1674; baseline -0.003 -17"><span class='ocrx_word' id='word_1_502' title='bbox 1955 1601 2143 1657; x_wconf 89' lang='lat' dir='ltr'><strong>nitatis</strong></span> <span class='ocrx_word' id='word_1_503' title='bbox 2172 1601 2449 1674; x_wconf 87' lang='lat' dir='ltr'><strong>lacrymas</strong></span> <span class='ocrx_word' id='word_1_504' title='bbox 2477 1601 2846 1657; x_wconf 88' lang='lat' dir='ltr'><strong>deterserunt.</strong></span> <span class='ocrx_word' id='word_1_505' title='bbox 2884 1603 2952 1656; x_wconf 91' lang='lat' dir='ltr'><strong>Et</strong></span> <span class='ocrx_word' id='word_1_506' title='bbox 2977 1599 3105 1672; x_wconf 91' lang='lat' dir='ltr'><strong>quia</strong></span> <span class='ocrx_word' id='word_1_507' title='bbox 3130 1598 3290 1655; x_wconf 87' lang='lat' dir='ltr'><strong>nobis</strong></span> <span class='ocrx_word' id='word_1_508' title='bbox 3345 1597 3548 1668; x_wconf 79' lang='lat' dir='ltr'><strong>optime</strong></span> 
     </span>
    </p>
   </div>
   <div class='ocr_carea' id='block_1_75' title="bbox 1953 1684 3547 1762">
    <p class='ocr_par' dir='ltr' id='par_1_75' title="bbox 1953 1684 3547 1762">
     <span class='ocr_line' id='line_1_76' title="bbox 1953 1684 3547 1762; baseline -0.006 -14"><span class='ocrx_word' id='word_1_509' title='bbox 1953 1699 2174 1748; x_wconf 87' lang='lat' dir='ltr'><strong>cantare</strong></span> <span class='ocrx_word' id='word_1_510' title='bbox 2202 1707 2345 1747; x_wconf 91' lang='lat' dir='ltr'><strong>nunc</strong></span> <span class='ocrx_word' id='word_1_511' title='bbox 2374 1690 2599 1746; x_wconf 91' lang='lat' dir='ltr'><strong>tandem</strong></span> <span class='ocrx_word' id='word_1_512' title='bbox 2621 1689 2944 1762; x_wconf 85' lang='lat' dir='ltr'><strong>iucoepistis,</strong></span> <span class='ocrx_word' id='word_1_513' title='bbox 2980 1689 3027 1744; x_wconf 91' lang='lat' dir='ltr'><strong>si</strong></span> <span class='ocrx_word' id='word_1_514' title='bbox 3063 1684 3547 1760; x_wconf 80' lang='lat' dir='ltr'><strong>perseveraveritis</strong></span> 
     </span>
    </p>
   </div>
   <div class='ocr_carea' id='block_1_76' title="bbox 1955 1775 3544 1852">
    <p class='ocr_par' dir='ltr' id='par_1_76' title="bbox 1955 1775 3544 1852">
     <span class='ocr_line' id='line_1_77' title="bbox 1955 1775 3544 1852; baseline -0.003 -18"><span class='ocrx_word' id='word_1_515' title='bbox 1955 1795 2128 1852; x_wconf 92' lang='lat' dir='ltr'><strong>usque</strong></span> <span class='ocrx_word' id='word_1_516' title='bbox 2159 1778 2214 1834; x_wconf 88' lang='lat' dir='ltr'><strong>in</strong></span> <span class='ocrx_word' id='word_1_517' title='bbox 2243 1778 2410 1836; x_wconf 90' lang='lat' dir='ltr'><strong>ﬁnem</strong></span> <span class='ocrx_word' id='word_1_518' title='bbox 2439 1777 2670 1852; x_wconf 78' lang='lat' dir='ltr'><strong>negotii,</strong></span> <span class='ocrx_word' id='word_1_519' title='bbox 2701 1795 2802 1835; x_wconf 88' lang='lat' dir='ltr'><strong>nos</strong></span> <span class='ocrx_word' id='word_1_520' title='bbox 2827 1794 2938 1834; x_wconf 91' lang='lat' dir='ltr'><strong>non</strong></span> <span class='ocrx_word' id='word_1_521' title='bbox 2965 1777 3211 1852; x_wconf 78' lang='lat' dir='ltr'><strong>ingratos</strong></span> <span class='ocrx_word' id='word_1_522' title='bbox 3258 1775 3544 1832; x_wconf 89' lang='lat' dir='ltr'><strong>saltatores</strong></span> 
     </span>
    </p>
   </div>
   <div class='ocr_carea' id='block_1_77' title="bbox 2383 1955 3110 2028">
    <p class='ocr_par' dir='ltr' id='par_1_77' title="bbox 2383 1955 3110 2028">
     <span class='ocr_line' id='line_1_78' title="bbox 2383 1955 3110 2028; baseline -0.007 -14"><span class='ocrx_word' id='word_1_523' title='bbox 2383 1959 2542 2028; x_wconf 83' lang='lat'><strong>135</strong></span> <span class='ocrx_word' id='word_1_524' title='bbox 2575 1957 2917 2016; x_wconf 76' lang='lat' dir='ltr'><strong>EPISTOLA</strong></span> <span class='ocrx_word' id='word_1_525' title='bbox 2955 1955 3110 2011; x_wconf 73' lang='lat' dir='ltr'><strong>xxr.</strong></span> 
     </span>
    </p>
   </div>
   <div class='ocr_carea' id='block_1_78' title="bbox 1950 2059 3543 2138">
    <p class='ocr_par' dir='ltr' id='par_1_78' title="bbox 1950 2059 3543 2138">
     <span class='ocr_line' id='line_1_79' title="bbox 1950 2059 3543 2138; baseline -0.001 -21"><span class='ocrx_word' id='word_1_526' title='bbox 1950 2064 2224 2120; x_wconf 87' lang='lat' dir='ltr'><strong>Ildeberto</strong></span> <span class='ocrx_word' id='word_1_527' title='bbox 2248 2063 2523 2136; x_wconf 84' lang='lat' dir='ltr'><strong>prudenti</strong></span> <span class='ocrx_word' id='word_1_528' title='bbox 2553 2081 2620 2122; x_wconf 91' lang='lat' dir='ltr'><strong>ac</strong></span> <span class='ocrx_word' id='word_1_529' title='bbox 2649 2065 2900 2138; x_wconf 79' lang='lat' dir='ltr'><strong>simplici</strong></span> <span class='ocrx_word' id='word_1_530' title='bbox 2921 2065 3411 2121; x_wconf 84' lang='lat' dir='ltr'><strong>Cenomannorum</strong></span> <span class='ocrx_word' id='word_1_531' title='bbox 3427 2059 3543 2132; x_wconf 85' lang='lat' dir='ltr'><strong>epi-</strong></span> 
     </span>
    </p>
   </div>
   <div class='ocr_carea' id='block_1_79' title="bbox 2018 2150 3539 2224">
    <p class='ocr_par' dir='ltr' id='par_1_79' title="bbox 2018 2150 3539 2224">
     <span class='ocr_line' id='line_1_80' title="bbox 2018 2150 3539 2224; baseline -0.004 -16"><span class='ocrx_word' id='word_1_532' title='bbox 2018 2168 2200 2224; x_wconf 87' lang='lat' dir='ltr'><strong>scopo,</strong></span> <span class='ocrx_word' id='word_1_533' title='bbox 2231 2153 2509 2223; x_wconf 74' lang='lat' dir='ltr'><strong>Goffridus</strong></span> <span class='ocrx_word' id='word_1_534' title='bbox 2539 2155 2960 2212; x_wconf 80' lang='lat' dir='ltr'><strong>Vindocinensis</strong></span> <span class='ocrx_word' id='word_1_535' title='bbox 2984 2150 3539 2213; x_wconf 80' lang='lat' dir='ltr'><strong>monasteriiservus,</strong></span> 
     </span>
    </p>
   </div>
   <div class='ocr_carea' id='block_1_80' title="bbox 2017 2241 3262 2314">
    <p class='ocr_par' dir='ltr' id='par_1_80' title="bbox 2017 2241 3262 2314">
     <span class='ocr_line' id='line_1_81' title="bbox 2017 2241 3262 2314; baseline -0.002 -18"><span class='ocrx_word' id='word_1_536' title='bbox 2017 2241 2264 2297; x_wconf 76' lang='lat' dir='ltr'><strong>salutem</strong></span> <span class='ocrx_word' id='word_1_537' title='bbox 2295 2257 2427 2298; x_wconf 87' lang='lat' dir='ltr'><strong>cum</strong></span> <span class='ocrx_word' id='word_1_538' title='bbox 2447 2257 2610 2313; x_wconf 75' lang='lat' dir='ltr'><strong>purae</strong></span> <span class='ocrx_word' id='word_1_539' title='bbox 2639 2243 2960 2299; x_wconf 84' lang='lat' dir='ltr'><strong>dilectionis</strong></span> <span class='ocrx_word' id='word_1_540' title='bbox 2989 2242 3262 2314; x_wconf 86' lang='lat' dir='ltr'><strong>obsequio.</strong></span> 
     </span>
    </p>
   </div>
   <div class='ocr_carea' id='block_1_81' title="bbox 2019 2352 3536 2423">
    <p class='ocr_par' dir='ltr' id='par_1_81' title="bbox 2019 2352 3536 2423">
     <span class='ocr_line' id='line_1_82' title="bbox 2019 2352 3536 2423; baseline 0.001 -15"><span class='ocrx_word' id='word_1_541' title='bbox 2019 2352 2313 2409; x_wconf 78' lang='lat' dir='ltr'><strong>Comitissa</strong></span> <span class='ocrx_word' id='word_1_542' title='bbox 2341 2354 2781 2422; x_wconf 86' lang='lat' dir='ltr'><strong>Vindocinensis,</strong></span> <span class='ocrx_word' id='word_1_543' title='bbox 2815 2355 2941 2413; x_wconf 91' lang='lat' dir='ltr'><strong>licet</strong></span> <span class='ocrx_word' id='word_1_544' title='bbox 2970 2356 3134 2412; x_wconf 92' lang='lat' dir='ltr'><strong>modo</strong></span> <span class='ocrx_word' id='word_1_545' title='bbox 3176 2355 3327 2411; x_wconf 90' lang='lat' dir='ltr'><strong>aliud</strong></span> <span class='ocrx_word' id='word_1_546' title='bbox 3373 2355 3536 2423; x_wconf 90' lang='lat' dir='ltr'><strong>dicat,</strong></span> 
     </span>
    </p>
   </div>
   <div class='ocr_carea' id='block_1_82' title="bbox 1949 2441 3539 2517">
    <p class='ocr_par' dir='ltr' id='par_1_82' title="bbox 1949 2441 3539 2517">
     <span class='ocr_line' id='line_1_83' title="bbox 1949 2441 3539 2517; baseline 0.003 -19"><span class='ocrx_word' id='word_1_547' title='bbox 1949 2441 2244 2498; x_wconf 90' lang='lat' dir='ltr'><strong>ecclesiam</strong></span> <span class='ocrx_word' id='word_1_548' title='bbox 2291 2442 2734 2500; x_wconf 89' lang='lat' dir='ltr'><strong>Saviniacensem</strong></span> <span class='ocrx_word' id='word_1_549' title='bbox 2783 2445 2954 2515; x_wconf 66' lang='lat' dir='ltr'><strong>(23L),</strong></span> <span class='ocrx_word' id='word_1_550' title='bbox 3005 2453 3056 2502; x_wconf 92' lang='lat' dir='ltr'><strong>et</strong></span> <span class='ocrx_word' id='word_1_551' title='bbox 3105 2445 3368 2517; x_wconf 91' lang='lat' dir='ltr'><strong>quidquid</strong></span> <span class='ocrx_word' id='word_1_552' title='bbox 3417 2460 3539 2502; x_wconf 92' lang='lat' dir='ltr'><strong>mo-</strong></span> 
     </span>
    </p>
   </div>
   <div class='ocr_carea' id='block_1_83' title="bbox 1952 2530 3541 2604">
    <p class='ocr_par' dir='ltr' id='par_1_83' title="bbox 1952 2530 3541 2604">
     <span class='ocr_line' id='line_1_84' title="bbox 1952 2530 3541 2604; baseline 0.002 -19"><span class='ocrx_word' id='word_1_553' title='bbox 1952 2530 2190 2587; x_wconf 88' lang='lat' dir='ltr'><strong>nasterio</strong></span> <span class='ocrx_word' id='word_1_554' title='bbox 2215 2537 2406 2587; x_wconf 90' lang='lat' dir='ltr'><strong>nostro</strong></span> <span class='ocrx_word' id='word_1_555' title='bbox 2436 2531 2749 2599; x_wconf 90' lang='lat' dir='ltr'><strong>abstulerat,</strong></span> <span class='ocrx_word' id='word_1_556' title='bbox 2783 2533 2946 2590; x_wconf 91' lang='lat' dir='ltr'><strong>nobis</strong></span> <span class='ocrx_word' id='word_1_557' title='bbox 2974 2533 3208 2589; x_wconf 87' lang='lat' dir='ltr'><strong>reddidit</strong></span> <span class='ocrx_word' id='word_1_558' title='bbox 3226 2533 3280 2588; x_wconf 90' lang='lat' dir='ltr'><strong>in</strong></span> <span class='ocrx_word' id='word_1_559' title='bbox 3301 2550 3541 2604; x_wconf 89' lang='lat' dir='ltr'><strong>prasen-</strong></span> 
     </span>
    </p>
   </div>
   <div class='ocr_carea' id='block_1_84' title="bbox 1952 2619 3542 2694">
    <p class='ocr_par' dir='ltr' id='par_1_84' title="bbox 1952 2619 3542 2694">
     <span class='ocr_line' id='line_1_85' title="bbox 1952 2619 3542 2694; baseline 0.001 -20"><span class='ocrx_word' id='word_1_560' title='bbox 1952 2619 2026 2675; x_wconf 87' lang='lat' dir='ltr'><strong>tia</strong></span> <span class='ocrx_word' id='word_1_561' title='bbox 2056 2619 2375 2676; x_wconf 89' lang='lat' dir='ltr'><strong>cardinalis.</strong></span> <span class='ocrx_word' id='word_1_562' title='bbox 2409 2619 2569 2690; x_wconf 87' lang='lat' dir='ltr'><strong>Quod</strong></span> <span class='ocrx_word' id='word_1_563' title='bbox 2605 2621 2882 2678; x_wconf 87' lang='lat' dir='ltr'><strong>humilitas</strong></span> <span class='ocrx_word' id='word_1_564' title='bbox 2939 2630 3128 2679; x_wconf 91' lang='lat' dir='ltr'><strong>nostra</strong></span> <span class='ocrx_word' id='word_1_565' title='bbox 3179 2621 3542 2694; x_wconf 89' lang='lat' dir='ltr'><strong>comprobare</strong></span> 
     </span>
    </p>
   </div>
   <div class='ocr_carea' id='block_1_85' title="bbox 1949 2707 3543 2776">
    <p class='ocr_par' dir='ltr' id='par_1_85' title="bbox 1949 2707 3543 2776">
     <span class='ocr_line' id='line_1_86' title="bbox 1949 2707 3543 2776; baseline 0.003 -14"><span class='ocrx_word' id='word_1_566' title='bbox 1949 2707 2178 2764; x_wconf 91' lang='lat' dir='ltr'><strong>minime</strong></span> <span class='ocrx_word' id='word_1_567' title='bbox 2199 2717 2528 2776; x_wconf 88' lang='lat' dir='ltr'><strong>recusasset,</strong></span> <span class='ocrx_word' id='word_1_568' title='bbox 2558 2709 2604 2766; x_wconf 90' lang='lat' dir='ltr'><strong>si</strong></span> <span class='ocrx_word' id='word_1_569' title='bbox 2624 2711 2883 2767; x_wconf 85' lang='lat' dir='ltr'><strong>Romana</strong></span> <span class='ocrx_word' id='word_1_570' title='bbox 2896 2711 3156 2768; x_wconf 88' lang='lat' dir='ltr'><strong>Ecclesia</strong></span> <span class='ocrx_word' id='word_1_571' title='bbox 3174 2711 3543 2767; x_wconf 91' lang='lat' dir='ltr'><strong>testimonium</strong></span> 
     </span>
    </p>
   </div>
   <div class='ocr_carea' id='block_1_86' title="bbox 1949 2797 3543 2873">
    <p class='ocr_par' dir='ltr' id='par_1_86' title="bbox 1949 2797 3543 2873">
     <span class='ocr_line' id='line_1_87' title="bbox 1949 2797 3543 2873; baseline 0.003 -22"><span class='ocrx_word' id='word_1_572' title='bbox 1949 2812 2058 2852; x_wconf 91' lang='lat' dir='ltr'><strong>non</strong></span> <span class='ocrx_word' id='word_1_573' title='bbox 2085 2797 2477 2868; x_wconf 73' lang='lat' dir='ltr'><strong>praecessisset,</strong></span> <span class='ocrx_word' id='word_1_574' title='bbox 2499 2799 2654 2869; x_wconf 91' lang='lat' dir='ltr'><strong>cujus</strong></span> <span class='ocrx_word' id='word_1_575' title='bbox 2681 2799 2995 2856; x_wconf 90' lang='lat' dir='ltr'><strong>testimonio</strong></span> <span class='ocrx_word' id='word_1_576' title='bbox 3009 2799 3210 2873; x_wconf 83' lang='lat' dir='ltr'><strong>aliquid</strong></span> <span class='ocrx_word' id='word_1_577' title='bbox 3232 2800 3437 2856; x_wconf 90' lang='lat' dir='ltr'><strong>addere</strong></span> <span class='ocrx_word' id='word_1_578' title='bbox 3468 2807 3543 2856; x_wconf 91' lang='lat' dir='ltr'><strong>te-</strong></span> 
     </span>
    </p>
   </div>
   <div class='ocr_carea' id='block_1_87' title="bbox 1951 2886 3542 2953">
    <p class='ocr_par' dir='ltr' id='par_1_87' title="bbox 1951 2886 3542 2953">
     <span class='ocr_line' id='line_1_88' title="bbox 1951 2886 3542 2953; baseline 0.003 -13"><span class='ocrx_word' id='word_1_579' title='bbox 1951 2886 2244 2941; x_wconf 90' lang='lat' dir='ltr'><strong>merarium</strong></span> <span class='ocrx_word' id='word_1_580' title='bbox 2276 2894 2379 2953; x_wconf 89' lang='lat' dir='ltr'><strong>est,</strong></span> <span class='ocrx_word' id='word_1_581' title='bbox 2413 2895 2464 2943; x_wconf 90' lang='lat' dir='ltr'><strong>et</strong></span> <span class='ocrx_word' id='word_1_582' title='bbox 2509 2889 2888 2946; x_wconf 89' lang='lat' dir='ltr'><strong>contradicere</strong></span> <span class='ocrx_word' id='word_1_583' title='bbox 2943 2889 3319 2946; x_wconf 91' lang='lat' dir='ltr'><strong>criminosum.</strong></span> <span class='ocrx_word' id='word_1_584' title='bbox 3386 2888 3542 2945; x_wconf 90' lang='lat' dir='ltr'><strong>Unde</strong></span> 
     </span>
    </p>
   </div>
   <div class='ocr_carea' id='block_1_88' title="bbox 1952 2974 3546 3049">
    <p class='ocr_par' dir='ltr' id='par_1_88' title="bbox 1952 2974 3546 3049">
     <span class='ocr_line' id='line_1_89' title="bbox 1952 2974 3546 3049; baseline 0.001 -19"><span class='ocrx_word' id='word_1_585' title='bbox 1952 2974 2253 3030; x_wconf 79' lang='lat' dir='ltr'><strong>cavendum</strong></span> <span class='ocrx_word' id='word_1_586' title='bbox 2283 2983 2366 3030; x_wconf 94' lang='lat' dir='ltr'><strong>est</strong></span> <span class='ocrx_word' id='word_1_587' title='bbox 2397 2975 2571 3044; x_wconf 85' lang='lat' dir='ltr'><strong>vobis,</strong></span> <span class='ocrx_word' id='word_1_588' title='bbox 2613 2977 2922 3033; x_wconf 91' lang='lat' dir='ltr'><strong>venerande</strong></span> <span class='ocrx_word' id='word_1_589' title='bbox 2952 2978 3169 3049; x_wconf 68' lang='lat' dir='ltr'><strong>praesul,</strong></span> <span class='ocrx_word' id='word_1_590' title='bbox 3219 2993 3289 3034; x_wconf 86' lang='lat' dir='ltr'><strong>ne</strong></span> <span class='ocrx_word' id='word_1_591' title='bbox 3342 2976 3546 3034; x_wconf 89' lang='lat' dir='ltr'><strong>femina</strong></span> 
     </span>
    </p>
   </div>
   <div class='ocr_carea' id='block_1_89' title="bbox 1953 3061 3545 3138">
    <p class='ocr_par' dir='ltr' id='par_1_89' title="bbox 1953 3061 3545 3138">
     <span class='ocr_line' id='line_1_90' title="bbox 1953 3061 3545 3138; baseline 0.002 -21"><span class='ocrx_word' id='word_1_592' title='bbox 1953 3061 2457 3134; x_wconf 88' lang='lat' dir='ltr'><strong>dccipiatvestram</strong></span> <span class='ocrx_word' id='word_1_593' title='bbox 2507 3063 2931 3136; x_wconf 83' lang='lat' dir='ltr'><strong>simplicitatem,</strong></span> <span class='ocrx_word' id='word_1_594' title='bbox 2989 3073 3043 3121; x_wconf 91' lang='lat' dir='ltr'><strong>et</strong></span> <span class='ocrx_word' id='word_1_595' title='bbox 3097 3065 3383 3138; x_wconf 89' lang='lat' dir='ltr'><strong>compellat</strong></span> <span class='ocrx_word' id='word_1_596' title='bbox 3441 3081 3545 3122; x_wconf 87' lang='lat' dir='ltr'><strong>vos</strong></span> 
     </span>
    </p>
   </div>
   <div class='ocr_carea' id='block_1_90' title="bbox 1951 3153 3541 3224">
    <p class='ocr_par' dir='ltr' id='par_1_90' title="bbox 1951 3153 3541 3224">
     <span class='ocr_line' id='line_1_91' title="bbox 1951 3153 3541 3224; baseline 0.003 -18"><span class='ocrx_word' id='word_1_597' title='bbox 1951 3167 2114 3224; x_wconf 74' lang='lat' dir='ltr'><strong>agere</strong></span> <span class='ocrx_word' id='word_1_598' title='bbox 2144 3159 2334 3208; x_wconf 88' lang='lat' dir='ltr'><strong>contra</strong></span> <span class='ocrx_word' id='word_1_599' title='bbox 2363 3153 2664 3210; x_wconf 84' lang='lat' dir='ltr'><strong>Romanam</strong></span> <span class='ocrx_word' id='word_1_600' title='bbox 2709 3154 3016 3210; x_wconf 88' lang='lat' dir='ltr'><strong>Ecclesiam</strong></span> <span class='ocrx_word' id='word_1_601' title='bbox 3037 3163 3276 3210; x_wconf 86' lang='lat' dir='ltr'><strong>vestram</strong></span> <span class='ocrx_word' id='word_1_602' title='bbox 3296 3161 3541 3210; x_wconf 87' lang='lat' dir='ltr'><strong>matrem.</strong></span> 
     </span>
    </p>
   </div>
   <div class='ocr_carea' id='block_1_91' title="bbox 1950 3239 3534 3313">
    <p class='ocr_par' dir='ltr' id='par_1_91' title="bbox 1950 3239 3534 3313">
     <span class='ocr_line' id='line_1_92' title="bbox 1950 3239 3534 3313; baseline 0.001 -17"><span class='ocrx_word' id='word_1_603' title='bbox 1950 3239 2194 3296; x_wconf 86' lang='lat' dir='ltr'><strong>Usitatus</strong></span> <span class='ocrx_word' id='word_1_604' title='bbox 2225 3249 2310 3296; x_wconf 91' lang='lat' dir='ltr'><strong>est</strong></span> <span class='ocrx_word' id='word_1_605' title='bbox 2339 3240 2500 3296; x_wconf 92' lang='lat' dir='ltr'><strong>valde</strong></span> <span class='ocrx_word' id='word_1_606' title='bbox 2521 3241 2592 3297; x_wconf 90' lang='lat' dir='ltr'><strong>ad</strong></span> <span class='ocrx_word' id='word_1_607' title='bbox 2621 3241 3001 3313; x_wconf 90' lang='lat' dir='ltr'><strong>decipiendum</strong></span> <span class='ocrx_word' id='word_1_608' title='bbox 3031 3259 3193 3299; x_wconf 89' lang='lat' dir='ltr'><strong>sexus</strong></span> <span class='ocrx_word' id='word_1_609' title='bbox 3237 3242 3534 3300; x_wconf 88' lang='lat' dir='ltr'><strong>femineus.</strong></span> 
     </span>
    </p>
   </div>
   <div class='ocr_carea' id='block_1_92' title="bbox 1953 3328 3542 3403">
    <p class='ocr_par' dir='ltr' id='par_1_92' title="bbox 1953 3328 3542 3403">
     <span class='ocr_line' id='line_1_93' title="bbox 1953 3328 3542 3403; baseline 0.001 -19"><span class='ocrx_word' id='word_1_610' title='bbox 1953 3329 2124 3384; x_wconf 84' lang='lat' dir='ltr'><strong>Sexus</strong></span> <span class='ocrx_word' id='word_1_611' title='bbox 2154 3328 2296 3384; x_wconf 90' lang='lat' dir='ltr'><strong>enim</strong></span> <span class='ocrx_word' id='word_1_612' title='bbox 2349 3344 2448 3384; x_wconf 89' lang='lat' dir='ltr'><strong>sua</strong></span> <span class='ocrx_word' id='word_1_613' title='bbox 2507 3330 2761 3386; x_wconf 85' lang='lat' dir='ltr'><strong>suasione</strong></span> <span class='ocrx_word' id='word_1_614' title='bbox 2817 3331 3032 3402; x_wconf 91' lang='lat' dir='ltr'><strong>decepit</strong></span> <span class='ocrx_word' id='word_1_615' title='bbox 3087 3332 3364 3388; x_wconf 88' lang='lat' dir='ltr'><strong>hominem</strong></span> <span class='ocrx_word' id='word_1_616' title='bbox 3419 3331 3542 3403; x_wconf 90' lang='lat' dir='ltr'><strong>pri-</strong></span> 
     </span>
    </p>
   </div>
   <div class='ocr_carea' id='block_1_93' title="bbox 1951 3418 3539 3492">
    <p class='ocr_par' dir='ltr' id='par_1_93' title="bbox 1951 3418 3539 3492">
     <span class='ocr_line' id='line_1_94' title="bbox 1951 3418 3539 3492; baseline 0.002 -21"><span class='ocrx_word' id='word_1_617' title='bbox 1951 3433 2119 3485; x_wconf 91' lang='lat' dir='ltr'><strong>mum,</strong></span> <span class='ocrx_word' id='word_1_618' title='bbox 2150 3433 2362 3490; x_wconf 91' lang='lat' dir='ltr'><strong>suaque</strong></span> <span class='ocrx_word' id='word_1_619' title='bbox 2389 3418 2810 3491; x_wconf 80' lang='lat' dir='ltr'><strong>interrogatione</strong></span> <span class='ocrx_word' id='word_1_620' title='bbox 2851 3419 3278 3492; x_wconf 83' lang='lat' dir='ltr'><strong>circumscripsit</strong></span> <span class='ocrx_word' id='word_1_621' title='bbox 3313 3427 3539 3492; x_wconf 85' lang='lat' dir='ltr'><strong>aposto-</strong></span> 
     </span>
    </p>
   </div>
   <div class='ocr_carea' id='block_1_94' title="bbox 1949 3504 3542 3581">
    <p class='ocr_par' dir='ltr' id='par_1_94' title="bbox 1949 3504 3542 3581">
     <span class='ocr_line' id='line_1_95' title="bbox 1949 3504 3542 3581; baseline 0.003 -22"><span class='ocrx_word' id='word_1_622' title='bbox 1949 3504 2058 3561; x_wconf 88' lang='lat' dir='ltr'><strong>lum</strong></span> <span class='ocrx_word' id='word_1_623' title='bbox 2092 3507 2326 3562; x_wconf 89' lang='lat' dir='ltr'><strong>Petrum.</strong></span> <span class='ocrx_word' id='word_1_624' title='bbox 2361 3506 2516 3562; x_wconf 88' lang='lat' dir='ltr'><strong>Illum</strong></span> <span class='ocrx_word' id='word_1_625' title='bbox 2545 3508 2613 3563; x_wconf 90' lang='lat' dir='ltr'><strong>ad</strong></span> <span class='ocrx_word' id='word_1_626' title='bbox 2635 3509 3100 3580; x_wconf 82' lang='lat' dir='ltr'><strong>pravaricandum</strong></span> <span class='ocrx_word' id='word_1_627' title='bbox 3130 3509 3338 3581; x_wconf 90' lang='lat' dir='ltr'><strong>impulit</strong></span> <span class='ocrx_word' id='word_1_628' title='bbox 3361 3527 3374 3575; x_wconf 90' lang='lat'><strong>;</strong></span> <span class='ocrx_word' id='word_1_629' title='bbox 3397 3509 3542 3564; x_wconf 89' lang='lat' dir='ltr'><strong>hunc</strong></span> 
     </span>
    </p>
   </div>
   <div class='ocr_carea' id='block_1_95' title="bbox 1947 3595 3540 3670">
    <p class='ocr_par' dir='ltr' id='par_1_95' title="bbox 1947 3595 3540 3670">
     <span class='ocr_line' id='line_1_96' title="bbox 1947 3595 3540 3670; baseline 0.002 -20"><span class='ocrx_word' id='word_1_630' title='bbox 1947 3595 2211 3668; x_wconf 90' lang='lat' dir='ltr'><strong>compulit</strong></span> <span class='ocrx_word' id='word_1_631' title='bbox 2239 3597 2310 3652; x_wconf 90' lang='lat' dir='ltr'><strong>ad</strong></span> <span class='ocrx_word' id='word_1_632' title='bbox 2342 3595 2680 3668; x_wconf 80' lang='lat' dir='ltr'><strong>negandum.</strong></span> <span class='ocrx_word' id='word_1_633' title='bbox 2718 3597 2819 3654; x_wconf 88' lang='lat' dir='ltr'><strong>Hic</strong></span> <span class='ocrx_word' id='word_1_634' title='bbox 2847 3597 3032 3670; x_wconf 86' lang='lat' dir='ltr'><strong>itaque</strong></span> <span class='ocrx_word' id='word_1_635' title='bbox 3063 3615 3227 3654; x_wconf 84' lang='lat' dir='ltr'><strong>sexus</strong></span> <span class='ocrx_word' id='word_1_636' title='bbox 3252 3613 3405 3654; x_wconf 90' lang='lat' dir='ltr'><strong>more</strong></span> <span class='ocrx_word' id='word_1_637' title='bbox 3433 3612 3540 3653; x_wconf 87' lang='lat' dir='ltr'><strong>an-</strong></span> 
     </span>
    </p>
   </div>
   <div class='ocr_carea' id='block_1_96' title="bbox 1945 3683 3536 3760">
    <p class='ocr_par' dir='ltr' id='par_1_96' title="bbox 1945 3683 3536 3760">
     <span class='ocr_line' id='line_1_97' title="bbox 1945 3683 3536 3760; baseline 0.001 -20"><span class='ocrx_word' id='word_1_638' title='bbox 1945 3683 2088 3741; x_wconf 74' lang='lat' dir='ltr'><strong>cilla</strong></span> <span class='ocrx_word' id='word_1_639' title='bbox 2120 3684 2356 3741; x_wconf 84' lang='lat' dir='ltr'><strong>ostiaria</strong></span> <span class='ocrx_word' id='word_1_640' title='bbox 2385 3701 2586 3757; x_wconf 80' lang='lat' dir='ltr'><strong>gerens</strong></span> <span class='ocrx_word' id='word_1_641' title='bbox 2615 3685 2876 3754; x_wconf 85' lang='lat' dir='ltr'><strong>ofﬁcium,</strong></span> <span class='ocrx_word' id='word_1_642' title='bbox 2935 3702 3126 3743; x_wconf 91' lang='lat' dir='ltr'><strong>omnes</strong></span> <span class='ocrx_word' id='word_1_643' title='bbox 3180 3702 3317 3760; x_wconf 91' lang='lat' dir='ltr'><strong>quos</strong></span> <span class='ocrx_word' id='word_1_644' title='bbox 3365 3685 3536 3752; x_wconf 92' lang='lat' dir='ltr'><strong>illicit,</strong></span> 
     </span>
    </p>
   </div>
   <div class='ocr_carea' id='block_1_97' title="bbox 1947 3773 3538 3842">
    <p class='ocr_par' dir='ltr' id='par_1_97' title="bbox 1947 3773 3538 3842">
     <span class='ocr_line' id='line_1_98' title="bbox 1947 3773 3538 3842; baseline 0.001 -14"><span class='ocrx_word' id='word_1_645' title='bbox 1947 3781 2041 3828; x_wconf 91' lang='lat' dir='ltr'><strong>aut</strong></span> <span class='ocrx_word' id='word_1_646' title='bbox 2069 3773 2313 3830; x_wconf 84' lang='lat' dir='ltr'><strong>excludit</strong></span> <span class='ocrx_word' id='word_1_647' title='bbox 2349 3789 2382 3829; x_wconf 91' lang='lat' dir='ltr'><strong>a</strong></span> <span class='ocrx_word' id='word_1_648' title='bbox 2411 3773 2542 3840; x_wconf 91' lang='lat' dir='ltr'><strong>vita,</strong></span> <span class='ocrx_word' id='word_1_649' title='bbox 2595 3773 2737 3830; x_wconf 88' lang='lat' dir='ltr'><strong>sicut</strong></span> <span class='ocrx_word' id='word_1_650' title='bbox 2787 3775 3002 3831; x_wconf 88' lang='lat' dir='ltr'><strong>Petrum</strong></span> <span class='ocrx_word' id='word_1_651' title='bbox 3051 3793 3082 3830; x_wconf 89' lang='lat' dir='ltr'><strong>a</strong></span> <span class='ocrx_word' id='word_1_652' title='bbox 3138 3775 3390 3842; x_wconf 87' lang='lat' dir='ltr'><strong>Christo;</strong></span> <span class='ocrx_word' id='word_1_653' title='bbox 3447 3781 3538 3830; x_wconf 91' lang='lat' dir='ltr'><strong>aut</strong></span> 
     </span>
    </p>
   </div>
   <div class='ocr_carea' id='block_1_98' title="bbox 1939 3862 3531 3936">
    <p class='ocr_par' dir='ltr' id='par_1_98' title="bbox 1939 3862 3531 3936">
     <span class='ocr_line' id='line_1_99' title="bbox 1939 3862 3531 3936; baseline 0.001 -19"><span class='ocrx_word' id='word_1_654' title='bbox 1939 3862 2168 3918; x_wconf 88' lang='lat' dir='ltr'><strong>includit</strong></span> <span class='ocrx_word' id='word_1_655' title='bbox 2231 3862 2285 3917; x_wconf 92' lang='lat' dir='ltr'><strong>in</strong></span> <span class='ocrx_word' id='word_1_656' title='bbox 2347 3871 2600 3930; x_wconf 91' lang='lat' dir='ltr'><strong>mortem,</strong></span> <span class='ocrx_word' id='word_1_657' title='bbox 2670 3863 2808 3920; x_wconf 90' lang='lat' dir='ltr'><strong>sicut</strong></span> <span class='ocrx_word' id='word_1_658' title='bbox 2863 3865 3041 3920; x_wconf 82' lang='lat' dir='ltr'><strong>Adam</strong></span> <span class='ocrx_word' id='word_1_659' title='bbox 3120 3864 3176 3920; x_wconf 89' lang='lat' dir='ltr'><strong>in</strong></span> <span class='ocrx_word' id='word_1_660' title='bbox 3257 3863 3531 3936; x_wconf 90' lang='lat' dir='ltr'><strong>paradiso.</strong></span> 
     </span>
    </p>
   </div>
   <div class='ocr_carea' id='block_1_99' title="bbox 1945 3951 3535 4025">
    <p class='ocr_par' dir='ltr' id='par_1_99' title="bbox 1945 3951 3535 4025">
     <span class='ocr_line' id='line_1_100' title="bbox 1945 3951 3535 4025; baseline 0.001 -19"><span class='ocrx_word' id='word_1_661' title='bbox 1945 3952 2074 4008; x_wconf 85' lang='lat' dir='ltr'><strong>Hac</strong></span> <span class='ocrx_word' id='word_1_662' title='bbox 2104 3951 2310 4008; x_wconf 91' lang='lat' dir='ltr'><strong>idcirco</strong></span> <span class='ocrx_word' id='word_1_663' title='bbox 2339 3960 2533 4008; x_wconf 87' lang='lat' dir='ltr'><strong>vestra</strong></span> <span class='ocrx_word' id='word_1_664' title='bbox 2563 3951 2843 4009; x_wconf 91' lang='lat' dir='ltr'><strong>dilectioni</strong></span> <span class='ocrx_word' id='word_1_665' title='bbox 2871 3953 3210 4024; x_wconf 90' lang='lat' dir='ltr'><strong>scripsimus,</strong></span> <span class='ocrx_word' id='word_1_666' title='bbox 3269 3961 3535 4025; x_wconf 90' lang='lat' dir='ltr'><strong>quatenus</strong></span> 
     </span>
    </p>
   </div>
   <div class='ocr_carea' id='block_1_100' title="bbox 1943 4039 3535 4098">
    <p class='ocr_par' dir='ltr' id='par_1_100' title="bbox 1943 4039 3535 4098">
     <span class='ocr_line' id='line_1_101' title="bbox 1943 4039 3535 4098; baseline 0.001 -3"><span class='ocrx_word' id='word_1_667' title='bbox 1943 4039 2012 4096; x_wconf 91' lang='lat' dir='ltr'><strong>de</strong></span> <span class='ocrx_word' id='word_1_668' title='bbox 2043 4040 2214 4096; x_wconf 86' lang='lat' dir='ltr'><strong>ruinis</strong></span> <span class='ocrx_word' id='word_1_669' title='bbox 2254 4039 2478 4097; x_wconf 90' lang='lat' dir='ltr'><strong>aliorum</strong></span> <span class='ocrx_word' id='word_1_670' title='bbox 2525 4039 2753 4096; x_wconf 84' lang='lat' dir='ltr'><strong>cautela</strong></span> <span class='ocrx_word' id='word_1_671' title='bbox 2807 4041 3052 4098; x_wconf 90' lang='lat' dir='ltr'><strong>melioris</strong></span> <span class='ocrx_word' id='word_1_672' title='bbox 3103 4041 3260 4098; x_wconf 90' lang='lat' dir='ltr'><strong>vobis</strong></span> <span class='ocrx_word' id='word_1_673' title='bbox 3312 4042 3535 4097; x_wconf 88' lang='lat' dir='ltr'><strong>sumatis</strong></span> 
     </span>
    </p>
   </div>
   <div class='ocr_carea' id='block_1_101' title="bbox 1943 4129 3533 4204">
    <p class='ocr_par' dir='ltr' id='par_1_101' title="bbox 1943 4129 3533 4204">
     <span class='ocr_line' id='line_1_102' title="bbox 1943 4129 3533 4204; baseline 0.001 -20"><span class='ocrx_word' id='word_1_674' title='bbox 1943 4131 2275 4201; x_wconf 81' lang='lat' dir='ltr'><strong>exemplum.</strong></span> <span class='ocrx_word' id='word_1_675' title='bbox 2310 4129 2469 4198; x_wconf 91' lang='lat' dir='ltr'><strong>Quod</strong></span> <span class='ocrx_word' id='word_1_676' title='bbox 2501 4129 2546 4184; x_wconf 91' lang='lat' dir='ltr'><strong>si</strong></span> <span class='ocrx_word' id='word_1_677' title='bbox 2571 4129 2750 4202; x_wconf 79' lang='lat' dir='ltr'><strong>magis</strong></span> <span class='ocrx_word' id='word_1_678' title='bbox 2772 4129 2926 4184; x_wconf 91' lang='lat' dir='ltr'><strong>ruina</strong></span> <span class='ocrx_word' id='word_1_679' title='bbox 2946 4129 3122 4201; x_wconf 90' lang='lat' dir='ltr'><strong>placet</strong></span> <span class='ocrx_word' id='word_1_680' title='bbox 3141 4146 3304 4204; x_wconf 89' lang='lat' dir='ltr'><strong>quam</strong></span> <span class='ocrx_word' id='word_1_681' title='bbox 3325 4130 3533 4187; x_wconf 89' lang='lat' dir='ltr'><strong>cautela</strong></span> 
     </span>
    </p>
   </div>
   <div class='ocr_carea' id='block_1_102' title="bbox 1945 4217 3528 4290">
    <p class='ocr_par' dir='ltr' id='par_1_102' title="bbox 1945 4217 3528 4290">
     <span class='ocr_line' id='line_1_103' title="bbox 1945 4217 3528 4290; baseline 0 -16"><span class='ocrx_word' id='word_1_682' title='bbox 1945 4227 1998 4274; x_wconf 90' lang='lat' dir='ltr'><strong>et</strong></span> <span class='ocrx_word' id='word_1_683' title='bbox 2029 4225 2322 4274; x_wconf 88' lang='lat' dir='ltr'><strong>retractare</strong></span> <span class='ocrx_word' id='word_1_684' title='bbox 2350 4217 2529 4275; x_wconf 92' lang='lat' dir='ltr'><strong>velitis</strong></span> <span class='ocrx_word' id='word_1_685' title='bbox 2587 4218 2739 4290; x_wconf 92' lang='lat' dir='ltr'><strong>quod</strong></span> <span class='ocrx_word' id='word_1_686' title='bbox 2783 4217 2910 4274; x_wconf 91' lang='lat' dir='ltr'><strong>fecit</strong></span> <span class='ocrx_word' id='word_1_687' title='bbox 2965 4220 3211 4276; x_wconf 77' lang='lat' dir='ltr'><strong>Romana</strong></span> <span class='ocrx_word' id='word_1_688' title='bbox 3262 4219 3528 4287; x_wconf 87' lang='lat' dir='ltr'><strong>Ecclesia,</strong></span> 
     </span>
    </p>
   </div>
   <div class='ocr_carea' id='block_1_103' title="bbox 1941 4306 3530 4376">
    <p class='ocr_par' dir='ltr' id='par_1_103' title="bbox 1941 4306 3530 4376">
     <span class='ocr_line' id='line_1_104' title="bbox 1941 4306 3530 4376; baseline 0 -14"><span class='ocrx_word' id='word_1_689' title='bbox 1941 4308 2069 4364; x_wconf 89' lang='lat' dir='ltr'><strong>licet</strong></span> <span class='ocrx_word' id='word_1_690' title='bbox 2096 4307 2246 4362; x_wconf 86' lang='lat' dir='ltr'><strong>inviti</strong></span> <span class='ocrx_word' id='word_1_691' title='bbox 2277 4315 2329 4363; x_wconf 90' lang='lat' dir='ltr'><strong>et</strong></span> <span class='ocrx_word' id='word_1_692' title='bbox 2367 4307 2526 4376; x_wconf 73' lang='lat'><strong>136</strong></span> <span class='ocrx_word' id='word_1_693' title='bbox 2559 4306 2786 4362; x_wconf 91' lang='lat' dir='ltr'><strong>multum</strong></span> <span class='ocrx_word' id='word_1_694' title='bbox 2818 4308 2992 4364; x_wconf 89' lang='lat' dir='ltr'><strong>coacti</strong></span> <span class='ocrx_word' id='word_1_695' title='bbox 3022 4308 3300 4376; x_wconf 85' lang='lat' dir='ltr'><strong>faciamus,</strong></span> <span class='ocrx_word' id='word_1_696' title='bbox 3325 4309 3530 4366; x_wconf 86' lang='lat' dir='ltr'><strong>Roma-</strong></span> 
     </span>
    </p>
   </div>
   <div class='ocr_carea' id='block_1_104' title="bbox 1940 4394 3527 4464">
    <p class='ocr_par' dir='ltr' id='par_1_104' title="bbox 1940 4394 3527 4464">
     <span class='ocr_line' id='line_1_105' title="bbox 1940 4394 3527 4464; baseline 0 -13"><span class='ocrx_word' id='word_1_697' title='bbox 1940 4411 2067 4452; x_wconf 87' lang='lat' dir='ltr'><strong>nam</strong></span> <span class='ocrx_word' id='word_1_698' title='bbox 2129 4395 2486 4463; x_wconf 85' lang='lat' dir='ltr'><strong>audientiam,</strong></span> <span class='ocrx_word' id='word_1_699' title='bbox 2552 4394 2710 4464; x_wconf 89' lang='lat' dir='ltr'><strong>cujus</strong></span> <span class='ocrx_word' id='word_1_700' title='bbox 2781 4395 3110 4454; x_wconf 90' lang='lat' dir='ltr'><strong>roboramur</strong></span> <span class='ocrx_word' id='word_1_701' title='bbox 3185 4397 3527 4462; x_wconf 88' lang='lat' dir='ltr'><strong>auctoritate,</strong></span> 
     </span>
    </p>
   </div>
   <div class='ocr_carea' id='block_1_105' title="bbox 1939 4484 2299 4558">
    <p class='ocr_par' dir='ltr' id='par_1_105' title="bbox 1939 4484 2299 4558">
     <span class='ocr_line' id='line_1_106' title="bbox 1939 4484 2299 4558; baseline -0.003 -18"><span class='ocrx_word' id='word_1_702' title='bbox 1939 4484 2299 4558; x_wconf 89' lang='lat' dir='ltr'><strong>appellamus.</strong></span> 
     </span>
    </p>
   </div>
   <div class='ocr_carea' id='block_1_106' title="bbox 2456 4583 3010 4640">
    <p class='ocr_par' dir='ltr' id='par_1_106' title="bbox 2456 4583 3010 4640">
     <span class='ocr_line' id='line_1_107' title="bbox 2456 4583 3010 4640; baseline 0.004 -3"><span class='ocrx_word' id='word_1_703' title='bbox 2456 4583 2794 4640; x_wconf 79' lang='lat' dir='ltr'><strong>EPISTOLA</strong></span> <span class='ocrx_word' id='word_1_704' title='bbox 2834 4585 3010 4639; x_wconf 82' lang='lat' dir='ltr'><strong>XXII.</strong></span> 
     </span>
    </p>
   </div>
   <div class='ocr_carea' id='block_1_107' title="bbox 1937 4697 3524 4771">
    <p class='ocr_par' dir='ltr' id='par_1_107' title="bbox 1937 4697 3524 4771">
     <span class='ocr_line' id='line_1_108' title="bbox 1937 4697 3524 4771; baseline 0.002 -19"><span class='ocrx_word' id='word_1_705' title='bbox 1937 4697 2211 4753; x_wconf 79' lang='lat' dir='ltr'><strong>Ildeberto</strong></span> <span class='ocrx_word' id='word_1_706' title='bbox 2233 4697 2543 4753; x_wconf 86' lang='lat' dir='ltr'><strong>venerabili</strong></span> <span class='ocrx_word' id='word_1_707' title='bbox 2565 4697 3058 4755; x_wconf 83' lang='lat' dir='ltr'><strong>Cenomannorum</strong></span> <span class='ocrx_word' id='word_1_708' title='bbox 3084 4698 3359 4771; x_wconf 81' lang='lat' dir='ltr'><strong>episcopo,</strong></span> <span class='ocrx_word' id='word_1_709' title='bbox 3391 4698 3524 4769; x_wconf 81' lang='lat' dir='ltr'><strong>Gaf-</strong></span> 
     </span>
    </p>
   </div>
   <div class='ocr_carea' id='block_1_108' title="bbox 2005 4785 3527 4856">
    <p class='ocr_par' dir='ltr' id='par_1_108' title="bbox 2005 4785 3527 4856">
     <span class='ocr_line' id='line_1_109' title="bbox 2005 4785 3527 4856; baseline 0 -14"><span class='ocrx_word' id='word_1_710' title='bbox 2005 4785 2192 4856; x_wconf 82' lang='lat' dir='ltr'><strong>frid-us</strong></span> <span class='ocrx_word' id='word_1_711' title='bbox 2223 4786 2416 4841; x_wconf 85' lang='lat' dir='ltr'><strong>dictus</strong></span> <span class='ocrx_word' id='word_1_712' title='bbox 2457 4786 2875 4843; x_wconf 75' lang='lat' dir='ltr'><strong>Vindocinensi:</strong></span> <span class='ocrx_word' id='word_1_713' title='bbox 2892 4787 3075 4853; x_wconf 83' lang='lat' dir='ltr'><strong>abbas,</strong></span> <span class='ocrx_word' id='word_1_714' title='bbox 3109 4788 3353 4843; x_wconf 84' lang='lat' dir='ltr'><strong>salutem</strong></span> <span class='ocrx_word' id='word_1_715' title='bbox 3373 4791 3429 4843; x_wconf 89' lang='lat' dir='ltr'><strong>et</strong></span> <span class='ocrx_word' id='word_1_716' title='bbox 3444 4787 3527 4843; x_wconf 81' lang='lat' dir='ltr'><strong>di-</strong></span> 
     </span>
    </p>
   </div>
   <div class='ocr_carea' id='block_1_109' title="bbox 2008 4875 2329 4931">
    <p class='ocr_par' dir='ltr' id='par_1_109' title="bbox 2008 4875 2329 4931">
     <span class='ocr_line' id='line_1_110' title="bbox 2008 4875 2329 4931; baseline 0.003 -1"><span class='ocrx_word' id='word_1_717' title='bbox 2008 4875 2329 4931; x_wconf 82' lang='lat' dir='ltr'><strong>lectionem.</strong></span> 
     </span>
    </p>
   </div>
   <div class='ocr_carea' id='block_1_110' title="bbox 2007 4987 3527 5062">
    <p class='ocr_par' dir='ltr' id='par_1_110' title="bbox 2007 4987 3527 5062">
     <span class='ocr_line' id='line_1_111' title="bbox 2007 4987 3527 5062; baseline 0.001 -18"><span class='ocrx_word' id='word_1_718' title='bbox 2007 4987 2268 5044; x_wconf 91' lang='lat' dir='ltr'><strong>Termino</strong></span> <span class='ocrx_word' id='word_1_719' title='bbox 2323 5004 2484 5061; x_wconf 90' lang='lat' dir='ltr'><strong>quem</strong></span> <span class='ocrx_word' id='word_1_720' title='bbox 2545 4987 2916 5062; x_wconf 77' lang='lat' dir='ltr'><strong>signiﬁcastis,</strong></span> <span class='ocrx_word' id='word_1_721' title='bbox 2975 4988 3293 5060; x_wconf 74' lang='lat' dir='ltr'><strong>conSpectui</strong></span> <span class='ocrx_word' id='word_1_722' title='bbox 3349 4997 3527 5046; x_wconf 87' lang='lat' dir='ltr'><strong>vestro</strong></span> 
     </span>
    </p>
   </div>
   <div class='ocr_carea' id='block_1_111' title="bbox 1934 5077 3526 5150">
    <p class='ocr_par' dir='ltr' id='par_1_111' title="bbox 1934 5077 3526 5150">
     <span class='ocr_line' id='line_1_112' title="bbox 1934 5077 3526 5150; baseline 0 -18"><span class='ocrx_word' id='word_1_723' title='bbox 1934 5077 2408 5150; x_wconf 85' lang='lat' dir='ltr'><strong>prasentabimur,</strong></span> <span class='ocrx_word' id='word_1_724' title='bbox 2444 5077 2490 5132; x_wconf 91' lang='lat' dir='ltr'><strong>si</strong></span> <span class='ocrx_word' id='word_1_725' title='bbox 2521 5077 2735 5134; x_wconf 91' lang='lat' dir='ltr'><strong>interim</strong></span> <span class='ocrx_word' id='word_1_726' title='bbox 2767 5078 2930 5134; x_wconf 90' lang='lat' dir='ltr'><strong>vitam</strong></span> <span class='ocrx_word' id='word_1_727' title='bbox 2961 5085 3014 5134; x_wconf 90' lang='lat' dir='ltr'><strong>et</strong></span> <span class='ocrx_word' id='word_1_728' title='bbox 3043 5078 3325 5133; x_wconf 86' lang='lat' dir='ltr'><strong>sanitatem</strong></span> <span class='ocrx_word' id='word_1_729' title='bbox 3367 5077 3526 5134; x_wconf 89' lang='lat' dir='ltr'><strong>nobis</strong></span> 
     </span>
    </p>
   </div>
   <div class='ocr_carea' id='block_1_112' title="bbox 1935 5285 3526 5355">
    <p class='ocr_par' dir='ltr' id='par_1_112' title="bbox 1935 5285 3526 5355">
     <span class='ocr_line' id='line_1_113' title="bbox 1935 5285 3526 5355; baseline 0 -17"><span class='ocrx_word' id='word_1_730' title='bbox 1935 5285 2263 5355; x_wconf 83' lang='lat' dir='ltr'><strong>tis/‘actione</strong></span> <span class='ocrx_word' id='word_1_731' title='bbox 2293 5285 2668 5340; x_wconf 80' lang='lat' dir='ltr'><strong>reconciliare</strong></span> <span class='ocrx_word' id='word_1_732' title='bbox 2696 5299 2811 5338; x_wconf 88' lang='lat' dir='ltr'><strong>non</strong></span> <span class='ocrx_word' id='word_1_733' title='bbox 2844 5285 3016 5349; x_wconf 89' lang='lat' dir='ltr'><strong>valeo,</strong></span> <span class='ocrx_word' id='word_1_734' title='bbox 3047 5289 3105 5340; x_wconf 90' lang='lat' dir='ltr'><strong>et</strong></span> <span class='ocrx_word' id='word_1_735' title='bbox 3129 5285 3526 5340; x_wconf 72' lang='lat' dir='ltr'><strong>excommuni-</strong></span> 
     </span>
    </p>
   </div>
   <div class='ocr_carea' id='block_1_113' title="bbox 1934 5355 3038 5412">
    <p class='ocr_par' dir='ltr' id='par_1_113' title="bbox 1934 5355 3038 5412">
     <span class='ocr_line' id='line_1_114' title="bbox 1934 5355 3038 5412; baseline 0.002 -2"><span class='ocrx_word' id='word_1_736' title='bbox 1934 5362 2086 5410; x_wconf 85' lang='lat' dir='ltr'><strong>catos</strong></span> <span class='ocrx_word' id='word_1_737' title='bbox 2119 5357 2181 5410; x_wconf 84' lang='lat' dir='ltr'><strong>in</strong></span> <span class='ocrx_word' id='word_1_738' title='bbox 2213 5355 2427 5412; x_wconf 81' lang='lat' dir='ltr'><strong>hostem</strong></span> <span class='ocrx_word' id='word_1_739' title='bbox 2457 5356 2682 5411; x_wconf 83' lang='lat' dir='ltr'><strong>mittere</strong></span> <span class='ocrx_word' id='word_1_740' title='bbox 2708 5371 2824 5411; x_wconf 87' lang='lat' dir='ltr'><strong>non</strong></span> <span class='ocrx_word' id='word_1_741' title='bbox 2853 5355 3038 5412; x_wconf 89' lang='lat' dir='ltr'><strong>debeo.</strong></span> 
     </span>
    </p>
   </div>
   <div class='ocr_carea' id='block_1_114' title="bbox 2003 5426 3525 5496">
    <p class='ocr_par' dir='ltr' id='par_1_114' title="bbox 2003 5426 3525 5496">
     <span class='ocr_line' id='line_1_115' title="bbox 2003 5426 3525 5496; baseline 0.001 -17"><span class='ocrx_word' id='word_1_742' title='bbox 2003 5426 2152 5496; x_wconf 62' lang='lat'><strong>(“234)</strong></span> <span class='ocrx_word' id='word_1_743' title='bbox 2183 5426 2489 5482; x_wconf 80' lang='lat' dir='ltr'><strong>Ecclesium</strong></span> <span class='ocrx_word' id='word_1_744' title='bbox 2504 5426 2985 5482; x_wconf 84' lang='lat' dir='ltr'><strong>Saviniacensem.</strong></span> <span class='ocrx_word' id='word_1_745' title='bbox 3017 5426 3318 5482; x_wconf 80' lang='lat' dir='ltr'><strong>Ecclesium</strong></span> <span class='ocrx_word' id='word_1_746' title='bbox 3340 5426 3408 5481; x_wconf 85' lang='lat' dir='ltr'><strong>de</strong></span> <span class='ocrx_word' id='word_1_747' title='bbox 3433 5429 3525 5480; x_wconf 72' lang='lat' dir='ltr'><strong>Sa~</strong></span> 
     </span>
    </p>
   </div>
   <div class='ocr_carea' id='block_1_115' title="bbox 1934 5496 3524 5570">
    <p class='ocr_par' dir='ltr' id='par_1_115' title="bbox 1934 5496 3524 5570">
     <span class='ocr_line' id='line_1_116' title="bbox 1934 5496 3524 5570; baseline 0.001 -21"><span class='ocrx_word' id='word_1_748' title='bbox 1934 5496 2146 5570; x_wconf 80' lang='lat' dir='ltr'><strong>viniaco</strong></span> <span class='ocrx_word' id='word_1_749' title='bbox 2176 5497 2308 5551; x_wconf 87' lang='lat' dir='ltr'><strong>dixit</strong></span> <span class='ocrx_word' id='word_1_750' title='bbox 2329 5497 2616 5570; x_wconf 22' lang='lat' dir='ltr'><strong>Aepist._l§,</strong></span> <span class='ocrx_word' id='word_1_751' title='bbox 2664 5497 3288 5570; x_wconf 25' lang='lat' dir='ltr'><strong>cujusAarc‘hipresbyter</strong></span> <span class='ocrx_word' id='word_1_752' title='bbox 3336 5498 3524 5570; x_wconf 72' lang='lat' dir='ltr'><strong>Petrus</strong></span> 
     </span>
    </p>
   </div>
   <div class='ocr_carea' id='block_1_116' title="bbox 1931 5566 3522 5637">
    <p class='ocr_par' dir='ltr' id='par_1_116' title="bbox 1931 5566 3522 5637">
     <span class='ocr_line' id='line_1_117' title="bbox 1931 5566 3522 5637; baseline 0.001 -16"><span class='ocrx_word' id='word_1_753' title='bbox 1931 5567 2090 5637; x_wconf 87' lang='lat' dir='ltr'><strong>epist.</strong></span> <span class='ocrx_word' id='word_1_754' title='bbox 2128 5571 2212 5633; x_wconf 86' lang='lat'><strong>16,</strong></span> <span class='ocrx_word' id='word_1_755' title='bbox 2245 5575 2296 5622; x_wconf 93' lang='lat' dir='ltr'><strong>et</strong></span> <span class='ocrx_word' id='word_1_756' title='bbox 2325 5566 2383 5622; x_wconf 82' lang='lat' dir='ltr'><strong>in</strong></span> <span class='ocrx_word' id='word_1_757' title='bbox 2409 5567 2626 5624; x_wconf 88' lang='lat' dir='ltr'><strong>scriniis</strong></span> <span class='ocrx_word' id='word_1_758' title='bbox 2657 5567 2720 5622; x_wconf 90' lang='lat' dir='ltr'><strong>S.</strong></span> <span class='ocrx_word' id='word_1_759' title='bbox 2778 5566 2984 5635; x_wconf 84' lang='lat' dir='ltr'><strong>Albini,</strong></span> <span class='ocrx_word' id='word_1_760' title='bbox 3008 5566 3021 5568; x_wconf 72' lang='grc'><strong><em>“</em></strong></span> <span class='ocrx_word' id='word_1_761' title='bbox 3045 5566 3338 5623; x_wconf 80' lang='lat' dir='ltr'><strong>Durandus</strong></span> <span class='ocrx_word' id='word_1_762' title='bbox 3394 5569 3522 5622; x_wconf 79' lang='lat' dir='ltr'><strong>item</strong></span> 
     </span>
    </p>
   </div>
   <div class='ocr_carea' id='block_1_117' title="bbox 1932 5637 3519 5709">
    <p class='ocr_par' dir='ltr' id='par_1_117' title="bbox 1932 5637 3519 5709">
     <span class='ocr_line' id='line_1_118' title="bbox 1932 5637 3519 5709; baseline 0.004 -19"><span class='ocrx_word' id='word_1_763' title='bbox 1932 5638 2222 5709; x_wconf 85' lang='lat' dir='ltr'><strong>presbyter</strong></span> <span class='ocrx_word' id='word_1_764' title='bbox 2249 5639 2318 5692; x_wconf 88' lang='lat' dir='ltr'><strong>de.</strong></span> <span class='ocrx_word' id='word_1_765' title='bbox 2349 5638 2651 5709; x_wconf 79' lang='lat' dir='ltr'><strong>Saviniaco.</strong></span> <span class='ocrx_word' id='word_1_766' title='bbox 2676 5637 2844 5709; x_wconf 84' lang='lat' dir='ltr'><strong>Helia</strong></span> <span class='ocrx_word' id='word_1_767' title='bbox 2887 5638 3362 5695; x_wconf 90' lang='lat' dir='ltr'><strong>Cenomannorum</strong></span> <span class='ocrx_word' id='word_1_768' title='bbox 3421 5658 3519 5696; x_wconf 83' lang='lat' dir='ltr'><strong>co—</strong></span> 
     </span>
    </p>
   </div>
   <div class='ocr_carea' id='block_1_118' title="bbox 1932 5707 3522 5780">
    <p class='ocr_par' dir='ltr' id='par_1_118' title="bbox 1932 5707 3522 5780">
     <span class='ocr_line' id='line_1_119' title="bbox 1932 5707 3522 5780; baseline 0 -18"><span class='ocrx_word' id='word_1_769' title='bbox 1932 5707 2178 5780; x_wconf 47' lang='grc' dir='ltr'><strong>ἰῃὶῑὶεξὶά</strong></span> <span class='ocrx_word' id='word_1_770' title='bbox 2211 5717 2293 5763; x_wconf 92' lang='lat' dir='ltr'><strong>est</strong></span> <span class='ocrx_word' id='word_1_771' title='bbox 2321 5707 2559 5780; x_wconf 80' lang='lat' dir='ltr'><strong>Goffridi</strong></span> <span class='ocrx_word' id='word_1_772' title='bbox 2581 5707 2753 5764; x_wconf 87' lang='lat' dir='ltr'><strong>nostri</strong></span> <span class='ocrx_word' id='word_1_773' title='bbox 2782 5710 3137 5780; x_wconf 87' lang='lat' dir='ltr'><strong>temporibus.</strong></span> <span class='ocrx_word' id='word_1_774' title='bbox 3163 5711 3522 5765; x_wconf 49' lang='lat' dir='ltr'><strong>Abrstautem</strong></span> 
     </span>
    </p>
   </div>
   <div class='ocr_carea' id='block_1_119' title="bbox 1929 5779 3518 5906">
    <p class='ocr_par' dir='ltr' id='par_1_119' title="bbox 1929 5779 3518 5906">
     <span class='ocr_line' id='line_1_120' title="bbox 1931 5779 3518 5853; baseline -0.003 -17"><span class='ocrx_word' id='word_1_775' title='bbox 1931 5779 2248 5836; x_wconf 87' lang='lat' dir='ltr'><strong>Saviniacus</strong></span> <span class='ocrx_word' id='word_1_776' title='bbox 2275 5780 2403 5853; x_wconf 76' lang='lat' dir='ltr'><strong>pagi</strong></span> <span class='ocrx_word' id='word_1_777' title='bbox 2433 5779 2752 5846; x_wconf 86' lang='lat' dir='ltr'><strong>Vindocino,</strong></span> <span class='ocrx_word' id='word_1_778' title='bbox 2769 5795 2876 5852; x_wconf 88' lang='lat' dir='ltr'><strong>qua</strong></span> <span class='ocrx_word' id='word_1_779' title='bbox 2901 5780 2971 5835; x_wconf 86' lang='lat' dir='ltr'><strong>ad</strong></span> <span class='ocrx_word' id='word_1_780' title='bbox 2991 5781 3374 5837; x_wconf 89' lang='lat' dir='ltr'><strong>Cenomannos</strong></span> <span class='ocrx_word' id='word_1_781' title='bbox 3393 5781 3518 5845; x_wconf 86' lang='lat' dir='ltr'><strong>itur,</strong></span> 
     </span>
     <span class='ocr_line' id='line_1_121' title="bbox 1929 5849 2396 5906; baseline 0.004 -2"><span class='ocrx_word' id='word_1_782' title='bbox 1929 5849 2113 5906; x_wconf 90' lang='lat' dir='ltr'><strong>leucas</strong></span> <span class='ocrx_word' id='word_1_783' title='bbox 2144 5850 2260 5906; x_wconf 89' lang='lat' dir='ltr'><strong>fere</strong></span> <span class='ocrx_word' id='word_1_784' title='bbox 2290 5866 2396 5906; x_wconf 82' lang='lat' dir='ltr'><strong>vn.</strong></span> 
     </span>
    </p>
   </div>
   <div class='ocr_carea' id='block_1_120' title="bbox 1950 5865 2396 5908">
    <p class='ocr_par' dir='ltr' id='par_1_120' title="bbox 1950 5865 2396 5908">
     <span class='ocr_line' id='line_1_122' title="bbox 1950 5865 2396 5908; baseline 0.004 -2"><span class='ocrx_word' id='word_1_785' title='bbox 1950 5865 2113 5906; x_wconf 72' lang='lat'><strong>811088</strong></span> <span class='ocrx_word' id='word_1_786' title='bbox 2144 5865 2260 5906; x_wconf 93' lang='lat' dir='ltr'><strong>tere</strong></span> <span class='ocrx_word' id='word_1_787' title='bbox 2290 5866 2368 5906; x_wconf 76' lang='lat' dir='ltr'><strong>VII</strong></span> <span class='ocrx_word' id='word_1_788' title='bbox 2384 5893 2396 5908; x_wconf 82' lang='lat'><strong>.</strong></span> 
     </span>
    </p>
   </div>
  </div>
