3940 6412
463 382 565 447 127

1492 391 1829 449 GOFFRIDI
1867 389 2154 447 ABBATIS
2192 386 2742 446 VINDOCINENSIS

3660 390 3763 447 128

461 515 797 573 concesserit
830 517 1004 573 Deus.
1039 519 1253 575 Nostrae
1280 526 1463 573 tamen
1491 516 1749 588 parvitati
1797 516 1927 571 satis
1971 516 2061 571 in-
2090 513 2145 575 A
2177 513 2359 585 egisse
2371 512 2692 570 confiteatur
2706 513 2839 571 etde
2859 513 3380 588 suaimperfectione
3398 530 3507 573 non
3520 530 3760 589 poenam,

459 606 791 662 conveniens
820 622 943 662 esse
975 607 1183 662 videtur
1209 606 1354 680 quod
1376 605 1556 660 minus
1576 603 1781 660 vicario
1800 604 2061 661 Romana

456 693 722 751 Ecclesiae
751 696 903 751 credi
932 697 1130 754 debeat
1176 710 1340 767 quam
1398 693 1582 749 verbis
1637 692 1957 759 comitissae,
2007 701 2061 749 et

457 790 678 854 propter
704 800 892 840 sexum
914 784 1209 841 femineum
1252 783 1525 840 hominem
1581 790 1747 837 tantae
1809 783 2055 839 auctori-

462 871 587 929 tatis
616 873 828 929 habere
862 882 1192 943 suspectum.

957 996 1307 1054 EPISTOLA
1347 1000 1550 1054 XXIII.

468 1121 809 1177 Charissimo
840 1123 1066 1178 domino
1096 1139 1196 1179 suo
1226 1127 1282 1179 et
1314 1124 1574 1179 viseerali
1588 1125 1769 1179 amico
1789 1122 2062 1181 Ildeberto

536 1211 877 1267 venerabilis
905 1212 1042 1267 vitta
1072 1214 1349 1285 episeopo,
1389 1212 1668 1283 Goffridus
1698 1211 2063 1268 Vindoeinen-

534 1299 613 1353 sis
631 1300 973 1356 monasterii
1002 1316 1216 1366 servus,
1251 1301 1521 1373 quidquid
1568 1304 1757 1373 potest
1813 1299 2061 1373 obsequii

531 1391 587 1442 et
617 1389 828 1444 amoris
841 1429 854 1442 .

532 1483 675 1553 Quia
709 1485 869 1541 nobis
900 1486 1047 1557 quod
1079 1486 1411 1558 promisistis
1450 1486 1674 1542 minime
1716 1485 1898 1542 facere
1952 1500 2060 1557 po-

456 1573 654 1640 tuistis,
685 1590 784 1631 vos
804 1576 949 1646 apud
978 1591 1101 1643 nos,
1135 1577 1273 1632 sicut
1304 1577 1564 1650 rogastis,
1601 1583 1924 1633 excusatum
1956 1576 2054 1630 ba-

456 1678 672 1719 nemus.
716 1664 832 1720 Nec
863 1673 1152 1736 propterea
1206 1666 1352 1737 apud
1405 1667 1579 1722 Deum
1636 1682 1736 1721 vos
1793 1679 2057 1721 accusare

456 1766 767 1822 possumus,
796 1752 884 1809 vel
910 1754 1197 1821 debemus,
1229 1754 1373 1826 apud
1406 1769 1568 1827 quem
1599 1753 1644 1809 si
1677 1753 1837 1810 etiam
1866 1753 1919 1807 in
1949 1768 2055 1810 cte-

457 1841 587 1896 teris
617 1841 784 1897 rebus
813 1841 966 1897 illum
993 1842 1320 1910 ofendistis,
1353 1843 1401 1898 si
1450 1859 1559 1900 non
1618 1843 1835 1915 quantis
1882 1842 2055 1898 debe-
2084 1870 2136 1929 Β

455 1945 596 1993 mus,
630 1930 821 1985 saltem
852 1931 1048 2001 quibus
1079 1946 1390 2003 possumus,
1423 1932 1767 1988 orationibus
1814 1946 2051 1988 excusa-

458 2033 609 2073 mus.
677 2020 756 2075 De
815 2027 1000 2076 vestra
1050 2020 1321 2077 Charitate
1388 2029 1441 2077 et
1514 2021 1813 2077 humilitate
1873 2021 2054 2077 adhuc

453 2114 869 2177 praesumentes,
901 2108 1100 2165 iterum
1130 2110 1497 2181 supplicamus
1518 2109 1694 2177 vobis,
1714 2126 1784 2166 ne
1803 2115 2052 2166 nostram

463 2197 621 2265 137
655 2196 991 2268 petitionem,
1024 2206 1078 2254 et
1106 2205 1350 2255 vestram
1380 2198 1800 2270 promissionem
1815 2199 2054 2270 amplius

458 2283 701 2356 qualibet
722 2285 1016 2342 occasione
1060 2286 1288 2359 implere
1335 2286 1618 2355 diﬂ'eratis,
1670 2288 1767 2343 sed
1822 2288 2054 2344 veniatis

458 2372 816 2429 Lavarzinum
856 2374 1022 2447 (235),
1086 2377 1232 2448 quod
1278 2384 1549 2449 optamus,
1608 2377 1851 2433 facturus
1908 2377 2055 2434 sicut

458 2469 585 2517 ante
598 2462 981 2533 proposuistis,
1005 2472 1059 2520 et
1077 2464 1134 2519 in
1153 2466 1305 2536 (236)
1327 2482 1433 2538 qua
1451 2465 1794 2522 hebdomade
1808 2466 1952 2522 Junii
1963 2467 2053 2537 je—

450 2549 605 2619 junia
631 2551 750 2606 sitis
778 2552 1172 2621 celebraturus,
1205 2555 1363 2611 nobis
1391 2553 1683 2612 notificare
1714 2554 1942 2612 curetis.

959 2676 1307 2735 EPISTOLA
1344 2679 1527 2735 XXIX
1543 2722 1555 2735 .

461 2800 835 2859 Dilectissimo
858 2803 1020 2859 Patri
1049 2804 1326 2861 lldeberto
1346 2805 1650 2862 venerabili
1673 2806 2056 2863 CenomannO'

531 2906 659 2945 rum
675 2891 1251 2965 episcopo,Go//‘ridus
1282 2894 1703 2950 Vindocinensis
1719 2894 2056 2951 monasterii

528 2976 762 3035 humilis
793 2996 1005 3048 servus,
1038 2998 1169 3038 cum
1198 2982 1500 3040 dilectione
1520 2984 1788 3040 salutem.

524 3075 882 3149 Signiﬁcastis
947 3078 1105 3134 nobis
1173 3080 1323 3149 (237)
1387 3081 1653 3136 Joannem
1725 3080 2051 3137 monachum

453 3161 793 3219 Hierusalem
823 3164 1078 3221 rediisse.
1115 3166 1255 3221 Satis
1286 3167 1479 3223 melius
1510 3166 1611 3222 sibi
1642 3176 1794 3224 esset
1825 3168 1880 3222 in
1928 3184 2051 3225 mo-

452 3251 696 3307 nasterio
725 3267 824 3308 suo
856 3252 997 3309 bene
1009 3253 1232 3310 vixisse.
1256 3255 1380 3310 Non
1401 3270 1592 3311 omnes
1616 3256 1707 3327 qui
1735 3263 2052 3312 terrestrem

453 3338 795 3395 Hierusalem
821 3339 1098 3409 viderunt,
1132 3343 1232 3398 sed
1261 3343 1358 3415 qui
1386 3343 1527 3399 bene
1557 3353 1810 3417 egerunt,
1845 3346 2053 3401 Hieru-

451 3426 623 3483 salem
654 3445 774 3500 quze
803 3428 858 3483 in
889 3429 1047 3485 caelis
1077 3438 1161 3486 est
1188 3431 1393 3487 habere
1422 3441 1757 3488 meruerunt.
1793 3432 1952 3503 Quod
1982 3433 2051 3490 ad

452 3532 552 3571 vos
572 3516 885 3583 declinavit,
921 3518 1082 3574 nobis
1111 3519 1337 3576 minime
1366 3520 1756 3592 displicuisset,
1789 3521 1836 3577 si
1862 3523 1929 3577 ad
1951 3539 2052 3579 nos

454 3604 692 3660 venisset
718 3605 889 3677 prius,
923 3606 1059 3662 sicut
1091 3608 1393 3665 debuisset.
1433 3608 1592 3679 Quod
1623 3627 1688 3666 ex
1739 3620 1923 3668 nostra
1979 3610 2051 3665 li-

451 3692 632 3748 centia
659 3708 781 3748 eum
822 3695 1099 3767 requiritis
1130 3696 1410 3754 vobiscum
1426 3698 1696 3765 habitare,
1719 3716 1827 3755 non
1845 3707 1929 3756 est
1948 3698 2052 3757 hoc

451 3780 648 3837 animm
677 3798 788 3839 suae
804 3783 1115 3849 consulere,
1137 3786 1235 3840 sed
1256 3802 1475 3843 nocere.
1500 3788 1830 3844 Monasterio
1851 3789 2049 3844 etenim

453 3885 571 3936 suo,
604 3885 638 3925 a
666 3885 773 3942 quo
801 3887 906 3943 per
935 3872 1363 3929 inobedientiam
1390 3875 1665 3943 discessit,
1696 3877 1939 3949 regulari
1973 3895 2051 3934 sa-

452 3957 761 4016 tisfactione
790 3960 1130 4017 reconciliari
1153 3962 1305 4033 prius
1335 3964 1518 4033 debet,
1553 3982 1714 4036 quam
1756 3976 1936 4022 vestra
1982 3967 2051 4022 sit

454 4047 540 4102 vel
580 4047 809 4118 alicujus
828 4049 1080 4105 catholici
1118 4050 1322 4121 dignus
1382 4054 1793 4110 communione.
1858 4055 2051 4111 Veniat

452 4133 633 4207 itaque
661 4135 728 4191 ad
758 4136 1148 4192 monasterium
1180 4154 1362 4209 suum,
1397 4148 1450 4195 et
1479 4157 1540 4197 se
1589 4141 1767 4196 minus
1809 4142 2048 4213 perfecte

529 4302 677 4374 (235)
706 4304 1103 4361 Lavarzinum.
1130 4308 1534 4366 Lavarzinensc
1564 4311 1811 4366 Castrum
1843 4312 1896 4367 in
1931 4313 2051 4369 Vita

454 4372 736 4449 lldeberti,
766 4375 852 4449 cui
887 4378 1067 4449 patria
1097 4378 1197 4435 fuit
1233 4380 1614 4449 Lavarzinum,
1658 4382 1774 4439 sive
1806 4392 1864 4438 ut
1883 4385 2047 4441 hodie

452 4443 752 4569 i‘oqguntur
779 4443 1163 4518 Lavardinum,
1196 4451 1567 4509 Menti-aureo
1596 4443 1650 4507 in
1671 4454 1904 4510 adversa
1925 4456 2051 4527 ripa

472 4531 547 4569 im
575 4531 738 4569 imum
755 4558 767 4569 .

472 4531 738 4570 intumum
755 4558 767 4571 .

526 4587 676 4666 (239)
698 4589 1181 4666 Qua__l_lebdomada
1197 4594 1376 4649 Junii.
1401 4594 1539 4651 Hinc
1579 4604 1821 4666 apparet,
1852 4597 2046 4666 jejunii
2074 4587 2127 4647 D
2163 4597 2293 4652 leria
2324 4613 2379 4651 tv
2410 4596 2677 4651 rationem
2724 4595 2944 4666 inirent,

456 4658 629 4738 aestivi
653 4666 781 4738 ante
811 4660 903 4738 iga
932 4668 1185 4738 tempora
1215 4672 1409 4719 statam
1438 4682 1504 4721 ac
1532 4658 1817 4722 definitam
1852 4658 2046 4724 sedem

454 4744 564 4783 non
593 4727 785 4785 fuisse.
825 4730 985 4800 Quod
1014 4727 1148 4788 sane
1178 4751 1363 4790 verum
1395 4745 1496 4790 est.
1528 4738 1668 4791 Nam
1714 4738 1767 4792 in
1815 4739 2048 4795 concilio

454 4802 781 4881 Arvernensi
801 4817 934 4881 .cap.
965 4806 1035 4859 27
1065 4819 1273 4881 eorum,
1305 4824 1427 4877 quae
1455 4808 1677 4878 collegit
1724 4809 2047 4865 Lambertus

455 4874 753 4953 episcopus
781 4874 1182 4953 Atrebatensis,
1212 4874 1496 4953 decretum
1513 4874 1725 4953 constat
1746 4885 1810 4935 ut
1831 4896 2051 4953 semper

454 4942 559 5022 ﬁat
572 4944 855 5022 jejenium
884 4945 1029 5000 veris
1056 4947 1121 5001 in
1147 4948 1338 5022 prima
1359 4948 1700 5022 hebdomada
1731 4942 2049 5022 Quadrage-

455 5013 628 5090 siqu
640 5014 919 5090 Jeje_nium
936 5032 1060 5090 uero
1070 5013 1475 5090 restituatis/ra
1487 5013 1891 5077 hebdomadam
1907 5013 2052 5077 Pin-

457 5085 714 5159 tecostes.
734 5085 805 5159 Et
825 5086 971 5159 apud
992 5087 1307 5159 Bertoldum
1329 5085 1390 5142 in'
1405 5091 1705 5159 appendice
1729 5092 1797 5146 ad
1820 5093 2047 5146 Herma-

456 5171 585 5234 num
615 5155 980 5234 Gebebardus
1008 5157 1301 5234 episcOpus
1328 5155 1546 5234 legatus
1569 5162 1718 5216 sedis
1738 5162 2052 5234 apostolicae

456 5225 604 5280 idem
641 5227 826 5301 statuit
867 5227 921 5281 in
969 5225 1214 5301 synodo;
1256 5225 1418 5301 quam
1474 5225 1810 5288 Constantia)
1863 5232 2048 5287 habuit

456 5245 604 5280 mem
641 5245 826 5281 statuit
867 5245 921 5281 in
969 5245 1201 5352 εἴησαι),
1256 5246 1418 5301 quam
1474 5245 1810 5288 UODSlanlta)
1864 5245 2043 5287 uanuit

456 5310 600 5351 anno
633 5297 768 5377 1094
800 5312 994 5377 exemp
1018 5308 1194 5377 um_ut
1224 5316 1349 5377 reor
1396 5310 1614 5357 secutus
1670 5303 2043 5377 cregbvu,

458 5382 617 5438 quem
648 5369 884 5438 primum
906 5369 1065 5438 hujus
1095 5369 1296 5426 decreti
1327 5381 1608 5428 auctorem
1665 5369 1816 5429 facit'
1848 5372 2049 5430 Micro-

458 5433 664 5523 lcg‘usf
694 5433 1031 5523 Quamyeig
1057 5439 1262 5523 incerta
1276 5449 1562 5523 etanceps
1577 5451 1734 5498 antea
1756 5459 1847 5523 res
1869 5444 2049 5511 fuerit,

458 5512 691 5587 testatur
718 5509 958 5587 synodus
989 5509 1557 5587 salegunstadiensis,
1598 5530 1747 5587 cum
1784 5509 2053 5569 incertum

454 5576 725 5645 jejunium
752 5576 999 5646 Quatuor
1030 5576 1361 5655 Temporum
1384 5576 1563 5655 vocat.
1593 5584 1661 5638 Et
1679 5584 2055 5655 miraprorsus

457 5662 567 5729 per
586 5656 782 5729 gentes
800 5658 865 5729 et
885 5658 1077 5729 tetates
1102 5653 1343 5729 varietas
1362 5653 1495 5729 fuit.
1527 5654 1665 5710 Nam
1697 5653 1842 5729 utde
1866 5657 2055 5712 aestivo

460 5723 666 5792 tantum
688 5720 1071 5792 Juniimensis
1095 5722 1302 5792 jejunio
1346 5724 1547 5790 dicam,
1606 5726 1711 5780 etsi
1769 5735 2052 5792 receptum

402 5863 411 5868 _
459 5785 637 5868 fuerat
666 5804 699 5845 a
726 5789 1024 5868 plerisque,
1056 5785 1113 5848 ut
1140 5785 1380 5868 secunda
1408 5785 1545 5866 ejus'
1582 5796 1788 5868 mensis
1838 5785 2055 5868 hebdo-

458 5859 622 5916 mada
678 5859 1100 5930 celebraretur;
1149 5865 1295 5935 quod
1352 5859 1452 5920 ex'
1476 5866 1691 5937 synodo
1742 5867 2059 5940 Moguntina

2170 601 2267 657 sed
2297 602 2625 658 medicinam
2652 612 3042 676 consequatur,
3076 611 3130 660 et
3183 604 3446 677 quidquid
3499 605 3765 677 deinceps

2170 690 2433 748 sanctitas
2462 699 2647 747 vestra
2712 708 2745 747 a
2772 692 2932 748 nobis
2960 692 3193 765 petierit,
3249 702 3432 751 nostra
3486 693 3764 749 humilitas

2167 788 2550 851 prosequetur.
2583 781 2707 836 Non
2738 782 2929 837 timeat
2958 781 3051 837 ille
3078 781 3303 850 venire;
3348 798 3458 839 non
3506 782 3758 854 trepidet,

2167 867 2261 923 ubi
2288 883 2397 924 non
2428 876 2513 924 est
2541 868 2702 925 timor
2737 872 2922 940 138,
2951 870 3178 936 timore;
3210 871 3557 927 vulneratum
3576 870 3761 943 utique

2168 971 2297 1012 cura
2306 972 2367 1012 re
2386 972 2490 1012 nos
2509 957 2802 1023 decet,non
2824 959 3043 1016 vulnera
3054 960 3558 1034 augmentare,quia
3569 961 3761 1015 Pastor

2168 1061 2412 1100 summus
2441 1044 2647 1101 lassam
2667 1063 2825 1103 ovem
2849 1056 3095 1119 portasse
3110 1048 3448 1120 legitur,non
3466 1048 3758 1117 abjecisse.

2168 1134 2332 1203 Cujus
2363 1132 2660 1189 inﬁrmitati
2685 1135 2740 1190 in
2768 1144 2977 1192 tantum
3004 1152 3342 1208 compassus
3370 1145 3454 1193 est
3492 1145 3552 1192 ut
3601 1136 3756 1192 inﬁr-

2168 1239 2285 1277 mus
2315 1222 2433 1293 ipse
2463 1223 2587 1279 fieri
2606 1224 2791 1281 mallet
2812 1240 2974 1297 quam
3005 1226 3125 1295 ejus
3153 1224 3515 1281 inﬁrmitatem
3545 1224 3760 1296 pietatis

2167 1310 2415 1368 remedio
2444 1328 2553 1368 non
2582 1321 2827 1368 sanaret.
2868 1313 2926 1369 Si
2958 1330 3090 1370 vero
3119 1312 3279 1370 nobis
3305 1330 3428 1370 eum
3464 1313 3755 1386 diligenter

2166 1399 2485 1455 vocantibus
2522 1416 2629 1457 non
2660 1401 2975 1473 acquiescit,
3008 1402 3054 1457 si
3111 1402 3294 1458 oblata
3351 1402 3456 1458 sibi
3508 1409 3563 1458 et
3608 1418 3757 1472 saepe

2166 1487 2406 1544 exhibita
2433 1496 2675 1559 paternae
2704 1489 3055 1547 dilectionnis
3085 1491 3331 1547 remedia
3348 1490 3564 1563 refugit,
3584 1490 3630 1545 si
3647 1506 3753 1545 ma-

2167 1583 2332 1632 ternae
2360 1576 2666 1634 dulcedinis
2696 1578 2912 1635 viscera
2934 1580 3254 1648 contemnit,
3285 1595 3411 1635 eum
3428 1578 3567 1635 sicut
3586 1578 3756 1634 sacri-

2166 1664 2350 1736 legum
2379 1666 2935 1733 excommunicamus,
2965 1667 3144 1724 donec
3166 1667 3495 1741 regulariter
3534 1666 3754 1723 satisfa-

2164 1753 2287 1820 ciat,
2316 1754 2370 1810 in
2402 1762 2664 1826 quantum
2696 1755 2889 1827 regula
2913 1756 3035 1827 ipsa
3055 1756 3215 1813 docet
3242 1766 3294 1813 et
3322 1755 3587 1829 praecipit.

2680 1949 2726 2003 E
2747 1948 3038 2006 PISTOLA
3076 1950 3200 2005 XX.

2167 2125 2505 2182 Charissimo
2524 2126 2752 2183 domino
2765 2130 2821 2182 et
2837 2127 3020 2182 amico
3043 2127 3315 2184 lldeberto
3333 2126 3649 2184 honorabili
3662 2128 3757 2183 Ce-

2198 2229 2620 2269 nomannoram
2633 2215 2905 2287 episcopo,
2918 2216 3203 2286 Goffridus
3223 2215 3759 2272 Vindocinensism

2197 2304 2443 2358 nasterii
2461 2305 2778 2359 amicorum
2797 2305 3273 2370 servas,salutem
3304 2308 3360 2360 et
3374 2304 3757 2360 dilectionem.

2232 2448 2497 2503 Joannem
2528 2447 2935 2503 caementarium
2953 2463 3077 2504 esse
3122 2448 3450 2504 monachum
3495 2445 3761 2505 Ecclesiae

2163 2542 2386 2603 nostras,
2413 2543 2466 2591 et
2494 2535 2564 2592 ab
2591 2535 2709 2608 ipsa
2740 2535 2996 2593 Ecclesia
3013 2536 3213 2607 saepius
3228 2534 3759 2607 perinobedtentiam

2163 2624 2489 2691 recessisse,
2524 2623 2839 2681 firmissime
2871 2626 3041 2693 scitis,
3073 2633 3128 2681 et
3155 2625 3463 2681 nullatenus
3482 2624 3756 2680 dubitatis.

2164 2714 2305 2768 Eum
2338 2722 2443 2768 tam
2451 2729 2541 2779 en,
2564 2721 2757 2769 contra
2771 2730 2882 2770 suae
2898 2713 3252 2786 professionis
3267 2714 3430 2770 ﬁdem
3446 2722 3500 2769 et
3517 2721 3758 2770 nostram

2164 2805 2520 2869 voluntatem,
2547 2802 2638 2860 diu
2665 2802 2968 2859 retinuistis
3006 2811 3058 2859 et
3077 2803 3252 2859 adhuc
3293 2802 3556 2871 retinetis,
3588 2801 3755 2867 illius,

2166 2899 2223 2947 ut
2250 2891 2480 2959 videtur,
2514 2890 2703 2946 salutis
2733 2895 3095 2963 contemplor,
3126 2900 3179 2948 et
3206 2899 3402 2948 vestrm
3418 2889 3613 2948 oblitus
3629 2906 3758 2963 pro-

2165 2979 2468 3036 missionis.
2505 2980 2841 3036 Promisistis
2870 2980 3015 3038 enim
3049 2980 3266 3053 quando
3313 2979 3615 3037 novissime
3652 2996 3759 3035 no-

2166 3069 2381 3126 biscum
2411 3069 2624 3127 locutus
2647 3067 2845 3136 fuistis,
2878 3068 3021 3141 quod
3056 3069 3210 3125 illum
3254 3070 3326 3125 ad
3369 3068 3756 3126 monasterium

2166 3175 2321 3213 suum
2356 3159 2456 3214 sub
2479 3156 2764 3214 celeritate
2794 3158 3163 3215 remitteretis.
3187 3158 3392 3231 thuia
3409 3175 3511 3214 nec
3539 3173 3573 3213 a
3599 3156 3754 3214 vobis

2083 3227 2134 3289 δ
2165 3249 2386 3314 missus,
2416 3263 2521 3304 nec
2555 3264 2588 3302 a
2645 3263 2742 3302 sua
2799 3246 3083 3320 iniquitate
3138 3246 3465 3319 permissus,
3514 3246 3753 3304 nondum

2162 3337 2350 3393 venire
2427 3336 2612 3404 voluit,
2689 3336 2839 3392 illum
2919 3340 3037 3408 jam
3119 3336 3474 3401 admonitum,
3557 3337 3751 3392 iterum

2161 3427 2546 3493 admonemus,
2578 3433 2632 3482 et
2662 3426 2937 3481 monendo
2970 3441 3248 3498 rogamus,
3283 3433 3340 3481 ut
3368 3424 3459 3498 qui
3510 3442 3540 3480 a
3594 3423 3755 3481 nobis

2161 3516 2386 3572 recessit
2422 3517 2583 3585 139
2616 3514 3011 3583 inobedienter,
3050 3514 3119 3570 ad
3147 3531 3248 3572 nos
3269 3530 3439 3586 usque
3470 3513 3538 3570 ad
3568 3512 3751 3585 proxi-

2159 3620 2304 3659 mam
2337 3604 2682 3660 Dominicam
2731 3604 2911 3660 veniat
2937 3603 3265 3659 obediturus
3321 3602 3648 3675 regulariter
3700 3609 3758 3657 et

2159 3693 2542 3764 suscipiendus
2612 3691 3069 3749 misericorditer.
3151 3690 3311 3763 Quod
3395 3692 3440 3746 si
3514 3690 3757 3764 qualibet

2160 3782 2455 3838 occasione
2486 3780 2779 3848 distulerit,
2813 3797 2961 3848 eum,
2992 3781 3169 3838 donec
3198 3779 3504 3853 resipiscat,
3534 3780 3609 3836 ita
3649 3795 3750 3836 ex-

2158 3870 2629 3928 communicamus
2646 3879 2699 3926 ul
2717 3886 2821 3925 nec
2837 3869 3274 3928 communionem
3292 3866 3558 3941 percipiat
3578 3869 3749 3935 vivus,

2161 3976 2263 4016 nec
2294 3960 2628 4032 sepulturam
2659 3959 2971 4016 defunctus.
3012 3954 3178 4014 VObis
3206 3966 3389 4014 autem
3432 3957 3750 4014 charissimo

2158 4049 2380 4105 domino
2409 4055 2601 4104 nostro
2629 4054 2686 4104 et
2706 4047 2890 4103 amico
2929 4047 3289 4118 supplicando
3317 4046 3639 4102 mandamus
3692 4053 3752 4102 ut

2160 4155 2321 4212 quem
2353 4145 2551 4195 vestrae
2580 4137 2827 4209 petitioni
2860 4136 2932 4192 ad
2964 4145 3177 4206 tempus
3191 4135 3603 4203 concessimus,
3626 4136 3750 4190 cha-

2158 4312 2286 4366 anni
2316 4314 2418 4369 813
2450 4318 2765 4379 excerptum
2812 4309 3048 4382 legimus
3085 4306 3189 4382 lib.
3229 4323 3286 4382 v,
3320 4306 3539 4382 capital.
3570 4321 3620 4382 ᾳ.
3655 4309 3743 4382 86,

2161 4391 2213 4437 et
2244 4383 2299 4437 in
2330 4383 2541 4455 synodo
2596 4376 3026 4455 Rothomagensi
3070 4378 3321 4455 Joannis
3353 4376 3747 4455 archiepiscopi

2156 4470 2315 4529 anno
2329 4448 2495 4529 tim;
2526 4453 2583 4507 in
2602 4453 2774 4529 ipsius
2795 4448 2977 4508 tamen
2997 4448 3354 4529 hebdomadis
3373 4448 3749 4529 designatione

2161 4542 2273 4580 non
2301 4526 2449 4581 idem
2478 4519 2717 4580 omnium
2748 4540 2943 4578 sensus
2972 4530 3026 4578 et
3049 4537 3169 4577 mos
3213 4521 3329 4585 fuit,
3388 4536 3513 4578 cum
3573 4519 3667 4575 alii
3712 4535 3749 4575 a

3045 4592 3153 4648 uod
3202 4592 3461 4664 praecipit
3504 4590 3746 4664 synodus

2159 4666 2697 4742 Salegunstadie_n_sis
2723 4660 2937 4742 ;Aalii_a'
2954 4660 3219 4742 sabbato,
3246 4660 3388 4735 quod
3439 4660 3744 4742 faciendum

2158 4735 2318 4793 docet
2338 4739 2512 4792 Berno
2535 4737 2706 4791 abbas
2738 4735 3053 4808 Augiensis.
3075 4735 3315 4808 Fuerunt
3334 4741 3592 4808 praeterea
3630 4735 3741 4808 qui,

2159 4808 2208 4889 si
2234 4809 2731 4889 quandonevenerat
2758 4803 3318 4889 ut'secundum_‘lunii
3352 4804 3648 4889 Sabbatum
3687 4803 3743 4857 in

2160 4873 2401 4946 vigiliam
2438 4879 2785 4934 Pentecostes
2816 4877 3097 4940 incideret,
3129 4875 3221 4930 illa
3248 4875 3367 4946 ipsa
3397 4873 3745 4930 nihilominus

2160 4896 2210 4933 vr
2256 4896 2401 4933 mam
2438 4896 2785 4934 rentecostes
2816 4896 3097 4940 metueret,
3129 4896 3221 4930 ma
3248 4896 3367 4946 ipsa
3397 4896 3740 4930 uinuominu

2160 4896 2507 5005 he%)domada
2532 4949 2799 5019 jejunium
2852 4948 3253 5019 observarent;
3309 4946 3581 5019 nonnullis
3627 4953 3740 5019 tum

2160 5030 2506 5091 prmvertere,
2535 5016 2718 5090 atque
2772 5019 2827 5091 in
2879 5018 3293 5091 antecedentem
3344 5016 3745 5091 hebdomadam

2154 5087 2419 5159 jejunium
2449 5087 2709 5162 revocare
2735 5090 2939 5162 placuit
2959 5106 2987 5162 ί
3017 5087 3109 5143 alii
3139 5096 3327 5162 contra
3355 5087 3410 5141 in
3430 5094 3744 5162 sequentem

2160 5157 2343 5232 (quam
2372 5161 2535 5217 hodie
2560 5157 2861 5233 sequimur)
2891 5160 3121 5229 rejieere
3144 5158 3483 5233 maluerunt.
3504 5157 3625 5233 Nec
3647 5157 3746 5211 mi-

2161 5227 2263 5303 nor
2290 5233 2409 5287 fere
2436 5233 2491 5287 in
2541 5227 2729 5295 verno,
2789 5227 3127 5302 hibernoque
3173 5227 3735 5303 jejunio__diversitas_.

2162 5299 2276 5359 Hoc
2305 5303 2469 5375 igitur
2490 5304 2742 5375 quamvis
2772 5302 2824 5356 in
2856 5318 2916 5355 re
2948 5299 3057 5356 non
3106 5314 3309 5375 magna
3355 5299 3746 5375 discidiumah

2162 5369 2411 5429 Ecclesia
2440 5369 2575 5434 tolli.
2610 5380 2659 5428 et
2689 5388 3033 5429 communem
3091 5369 3344 5426 omnibus
3400 5370 3574 5441 legem
3632 5369 3747 5425 dari

2164 5445 2447 5516 intererat,
2463 5460 2646 5516 quam
2674 5443 2948 5516 sancitam
2980 5441 3216 5516 diximus
3245 5441 3300 5516 in
3331 5442 3748 5516 synpdoArjer-

2164 5515 2338 5570 nensi.
2374 5514 2482 5570 Sed
2500 5510 2620 5570 'non
2650 5514 2849 5585 ubique
2876 5513 3051 5567 statim
3083 5512 3330 5585 obtinuit.
3362 5510 3513 5585 Adeo
3531 5510 3748 5585 difficile

2164 5594 2244 5641 est
2270 5586 2546 5656 plerisque
2574 5582 2825 5655 antiquos
2856 5600 3084 5656 mores,“
3090 5582 3336 5656 ritusque
3365 5583 3451 5638 vel
3503 5582 3747 5656 meliori—

2167 5652 2283 5711 bus‘
2311 5652 2550 5711 mutare.
2617 5652 2913 5725 Propterea
2952 5652 3228 5709 Goﬁ‘ridus
3254 5652 3259 5653 ⁷
3283 5660 3536 5725 tanquam
3595 5653 3647 5707 in
3686 5669 3748 5708 re

2164 5727 2342 5785 adhuc
2370 5729 2575 5782 incerta
2602 5726 2929 5781 Ildebertum
2959 5726 3281 5794 interrogat.

2237 5798 2383 5866 (237)
2413 5799 2690 5854 Joannem
2718 5798 3085 5854 monachum.
3123 5795 3554 5861 Cmmentarium,
3589 5794 3749 5866 epist.

2170 5882 2289 5940 seq.
2320 5871 2390 5925 29
2418 5875 2473 5926 et
2501 5871 2595 5926 30.
