3940 6446
321 455 423 519 129

1575 454 1945 512 EPISTOL/E.
1976 485 2047 495 —
2077 448 2201 508 LIB.
2237 449 2328 508 III.

3519 455 3621 510 130

319 587 490 643 ritatis
523 586 720 659 gratia,
755 599 879 639 eum
911 583 1067 638 nobis
1093 583 1293 640 diutius
1325 597 1433 639 non
1461 582 1698 655 deneget
1735 588 1916 638 vestra
1945 579 2000 640 A
2031 595 2178 646 cere,
2211 594 2371 649 quem
2402 577 2457 632 in
2487 577 2658 644 nullo,
2693 576 2857 632 etiam
2887 577 2934 632 si
2979 577 3136 634 aliter
3193 578 3398 652 egisset
3452 581 3618 650 (241),

319 676 608 748 prudentia
622 717 634 729 .

840 779 1188 836 EPISTOLA
1223 779 1422 836 XXVI.

325 908 540 962 Dilecto
570 907 634 960 in
661 904 890 962 Christo
911 907 1072 960 Patri
1102 908 1156 960 et
1189 906 1414 960 domino
1446 903 1716 958 Ildeberto
1739 903 1916 957 Ceno-

392 1011 738 1050 mannorum
750 995 1025 1065 episcopo,
1053 992 1349 1064 Goffridus
1373 992 1789 1049 Vindocinensis
1808 1007 1920 1046 mo-

392 1084 653 1139 masterii
688 1082 923 1137 humilis
959 1098 1172 1149 servus,
1227 1081 1528 1136 veritatem
1573 1081 1826 1151 diligere,
1860 1083 1915 1135 et

392 1171 663 1244 quidquid
694 1175 777 1226 est
811 1171 1043 1226 veritati
1073 1172 1430 1227 contrarium
1461 1169 1586 1226 odio
1619 1169 1842 1225 habere.

394 1259 623 1332 Sagitta,
657 1276 778 1330 quae
795 1259 948 1330 quasi
969 1273 1001 1314 a
1016 1259 1091 1314 Tu
1101 1274 1231 1316 rono
1253 1259 1402 1329 (238)
1422 1265 1615 1314 contra
1635 1273 1735 1312 nos
1753 1257 1916 1310 missa

324 1357 424 1414 est,
456 1363 521 1402 ex
553 1364 663 1419 qua
692 1349 950 1420 pharetra
991 1348 1280 1418 processit,
1328 1347 1461 1402 satis
1505 1345 1864 1418 cognovimus
1898 1363 1913 1411 ;

323 1451 432 1490 non
464 1436 613 1491 enim
645 1437 914 1492 versutias
944 1435 1225 1490 hominum
1256 1434 1600 1505 ignoramus.
1639 1433 1801 1489 Nulla
1843 1433 1918 1487 si-

324 1523 545 1595 quidem
578 1524 782 1580 ratione
811 1523 897 1580 vel
925 1523 1246 1580 auctoritate
1268 1523 1428 1579 vobis
1451 1521 1916 1594 potuitprobiberi

322 1620 379 1666 ut
409 1612 633 1678 bonum,
668 1613 813 1685 quod
842 1613 1020 1685 gratia
1041 1611 1350 1668 dilectionis
1373 1628 1513 1682 pene
1552 1611 1758 1667 centies
1789 1626 1914 1682 pro-

322 1701 610 1767 miseratis,
650 1701 807 1756 nobis
836 1701 1115 1758 debuisset
1136 1700 1532 1774 negari.Defuit
1560 1700 1724 1772 plane
1743 1709 1918 1756 aucto-

320 1789 485 1856 ritas;
511 1789 628 1856 sed,
655 1790 701 1844 si
725 1806 968 1862 unquam
990 1789 1141 1844 affuit
1171 1789 1345 1856 vobis,
1380 1797 1461 1844 est
1491 1787 1772 1844 immutata
1815 1805 1916 1844 vo-

318 1877 519 1934 luntas.
555 1877 993 1934 Promissionem
1024 1885 1204 1934 tamen
1233 1885 1471 1933 vestram
1503 1877 1742 1933 veritatis
1773 1875 1909 1931 affe-

319 1973 441 2022 ctus
469 1966 861 2023 commendare
892 1965 1194 2032 debuisset,
1228 1982 1337 2021 non
1367 1965 1617 2038 quaslibet
1647 1965 1910 2036 impedire

318 2055 607 2111 dolositas.
647 2055 784 2111 Illud
815 2056 979 2111 etiam
1009 2067 1208 2112 vestrae
1237 2055 1467 2110 bonitati
1497 2070 1600 2110 nec
1630 2054 1913 2122 debemus,

317 2159 422 2200 nec
449 2159 742 2214 possumus
771 2144 1063 2210 occultare,
1099 2143 1243 2216 quod
1294 2143 1629 2199 excellentiae
1692 2142 1917 2214 pontifi-

319 2233 424 2288 cali
463 2235 625 2302 140
648 2232 871 2289 minime
892 2233 1104 2289 videtur
1135 2233 1413 2303 expedire,
1447 2231 1677 2288 amicum
1711 2232 1916 2288 scilicet

319 2322 595 2377 incassum
623 2321 876 2393 fatigare,
911 2329 964 2376 et
991 2320 1246 2391 decipere
1266 2320 1568 2387 credulum,
1588 2319 1680 2391 qui
1711 2336 1770 2374 se
1787 2336 1914 2375 sua-

321 2426 429 2482 que
459 2410 644 2466 omnia
671 2409 1025 2466 commiserat
1049 2408 1178 2464 ﬁdei
1196 2417 1418 2464 vestrae.
1445 2409 1674 2474 Valete;
1698 2416 1752 2464 et
1773 2409 1915 2480 quod

321 2497 500 2552 minus
531 2513 662 2571 erga
693 2498 951 2565 amicum,
985 2498 1216 2553 amicum
1247 2497 1371 2554 dico
1410 2513 1539 2551 nom
1598 2497 1912 2568 quemlibet,

325 2585 421 2640 sed
446 2585 600 2642 vobis
630 2587 683 2642 in
714 2586 973 2643 omnibus
1006 2585 1190 2652 fidum,
1235 2594 1290 2641 et
1347 2594 1530 2642 contra
1583 2585 1733 2640 illum
1789 2601 1911 2641 am-

323 2673 467 2746 plius
496 2674 718 2731 sinistro
748 2674 978 2732 consilio
1007 2675 1230 2742 fecistis,
1280 2674 1417 2731 sicut
1467 2674 1636 2731 vitare
1693 2675 1913 2732 debuis-

326 2763 477 2828 setis,
507 2763 580 2819 ita
609 2763 870 2820 studeatis
899 2762 1206 2834 corrigere.

822 2880 1155 2936 EPISTOLA
1183 2881 1414 2936 XXVII.

328 2979 594 3036 lldeberto
627 2979 1117 3036 Cenomannorum
1134 2981 1386 3052 episcopo
1399 2979 1740 3036 honorabilis
1787 2982 1918 3035 vitae

404 3071 544 3135 viro,
581 3070 868 3140 Goffridus
896 3069 1314 3125 Vindocinensis
1328 3069 1665 3124 monasterii
1683 3070 1916 3125 humilis

397 3173 607 3224 servus,
624 3159 717 3214 ubi
738 3175 852 3214 non
871 3163 955 3213 est
973 3159 1158 3223 timor,
1182 3173 1293 3213 non
1311 3159 1529 3224 timere,
1553 3173 1656 3212 nec
1669 3158 1916 3230 qualibet

397 3249 658 3303 suasione
686 3249 879 3302 minus
903 3247 1010 3304 Deo
1029 3262 1196 3317 quam
1225 3246 1543 3302 Ito-minibus
1563 3246 1796 3302 obedire.

399 3343 644 3407 Litteras,
679 3360 813 3414 quas
836 3342 1021 3399 clerici
1049 3343 1410 3398 Turonenses
1439 3342 1589 3413 (239)
1617 3343 1769 3398 vobis
1816 3343 1914 3398 mi-

326 3439 524 3488 eerunt
552 3432 711 3487 nobis
739 3431 989 3498 misistis,
1015 3432 1067 3485 in
1126 3432 1320 3502 quibus
1375 3430 1712 3487 altitudinem
1761 3431 1914 3487 ordi-

328 3521 414 3576 nis
461 3520 624 3576 vestri
681 3520 1032 3590 snbjectionis
1082 3519 1312 3575 vinculis
1338 3519 1646 3592 alligantes,
1681 3521 1916 3576 manda-

328 3617 544 3674 verunt,
577 3624 646 3664 ne
677 3608 731 3663 in
773 3616 952 3664 castro
1008 3607 1258 3664 Carceris
1314 3609 1459 3679 apud
1516 3609 1801 3666 ecclesiam
1859 3610 1914 3665 S.

324 3697 537 3753 Nicolai
569 3697 722 3767 (240)
754 3696 1126 3754 caemeterium
1157 3697 1436 3753 faceretis.
1481 3699 1600 3754 Hoc
1629 3706 1799 3754 totum
1850 3698 1918 3752 ad

325 3785 745 3857 depressionem
768 3794 965 3841 vestrae
982 3785 1283 3858 dignitatis,
1307 3793 1359 3841 et
1375 3786 1444 3841 ad
1463 3786 1723 3856 injuriam
1745 3788 1919 3843 Ceno-

323 3874 638 3929 mannensis
665 3873 931 3931 EcClesia:
960 3873 1303 3945 dignoscitur
1330 3883 1745 3947 praesumptum,
1795 3875 1919 3948 quia

323 3962 637 4034 episcOpum
669 3963 723 4017 in
753 3963 936 4034 aliquo
967 3963 1266 4031 subjectum
1296 3963 1510 4019 clericis
1568 3963 1719 4019 nulla
1770 3965 1917 4035 pati-

321 4060 410 4107 tur
439 4053 630 4124 regula
660 4052 1085 4123 Scripturarum.
1124 4051 1246 4120 Quo
1275 4051 1439 4124 igitur
1469 4052 1629 4124 adipe
1665 4053 1919 4125 iniquita-

324 4142 394 4196 tis
420 4148 888 4212 przesumpserunt
917 4140 1233 4212 episcopum
1261 4141 1365 4196 sibi
1391 4141 1698 4198 inordinate
1742 4142 1916 4212 subji-

397 4319 794 4399 (238)_Sagitta
824 4336 946 4399 qua
964 4324 1202 4399 gnosia
1224 4321 1476 4399 Turono._
1504 4321 1715 4399 Litterae
1743 4320 1916 4399 cleri-

324 4405 510 4446 corum
539 4391 941 4445 Turonensium
972 4391 1043 4445 ad
1073 4391 1421 4458 lldebertum,
1445 4393 1515 4448 de
1535 4391 1734 4464 quibus
1755 4393 1915 4463 epist.

325 4477 548 4657 :8???
581 4530 780 4613 Clerici
816 4533 1622 4606 Turonenses.Metropolitanae
1652 4533 1917 4591 Ecclesiae

327 4641 348 4657 μ
375 4645 388 4657 .
481 4619 506 4657 a
537 4619 667 4656 iam.

327 4619 388 4658 δ.
429 4619 667 4657 uauant.

1940 1933 1992 1992 B

1944 3292 1994 3355 C

2028 669 2360 740 redarguere
2389 665 2728 731 debuissent,
2764 666 2866 720 nisi
2907 667 3220 723 dissentiret
3263 683 3296 722 a
3349 670 3621 729 catholica

2028 755 2160 810 ﬁde.
2199 755 2664 826 Archiepiscopus
2695 754 2840 823 (242)
2879 757 3036 824 141
3069 773 3260 812 eorum
3290 758 3556 830 magister
3576 763 3620 816 si

2027 844 2267 909 adesset,
2300 843 2448 898 nulla
2477 842 2668 897 divina
2695 841 2840 913 lege,
2863 845 3007 914 quod
3039 859 3072 899 a
3102 845 3262 902 vobis
3303 845 3448 914 juste
3500 846 3620 904 fieri

2027 933 2408 1003 precabamur,
2442 931 2706 1002 potuisset
2762 931 3098 1001 prohibere;
3160 932 3305 1004 quod
3359 935 3404 988 si
3461 952 3608 1006 prae-

2026 1020 2370 1092 sumpsisset,
2389 1028 2634 1075 vestrum
2667 1035 2774 1074 non
2803 1029 2953 1076 esset
2973 1020 3022 1077 ei
3053 1038 3216 1092 super
3245 1021 3349 1078 hoc
3369 1024 3614 1082 obedire.

2027 1110 2264 1166 Praelata
2294 1108 2519 1180 quidem
2546 1108 2910 1164 obediendum
2941 1118 3041 1176 est,
3073 1126 3183 1166 non
3213 1117 3392 1166 tamen
3419 1112 3473 1166 in
3494 1129 3617 1170 om-

2025 1199 2210 1264 nibus,
2245 1214 2366 1269 quae
2395 1197 2514 1267 ipse
2542 1197 2809 1268 suggerit,
2856 1197 2952 1253 sed
2983 1198 3036 1252 in
3096 1199 3178 1253 his
3237 1207 3440 1254 tantum
3499 1219 3620 1274 qua?

2027 1288 2176 1342 Deus
2202 1284 2478 1356 praecipit.
2516 1285 2655 1338 Nam
2687 1284 2734 1339 si
2764 1285 2894 1356 quid
2925 1293 3118 1340 contra
3173 1287 3616 1345 constitutionem

2027 1375 2148 1440 Dei,
2181 1373 2266 1431 vel
2300 1373 2550 1440 Patrum,
2583 1373 2790 1444 praelati
2820 1373 3162 1445 praecipiunt,
3211 1375 3371 1430 statin
3425 1386 3619 1434 aucto—

2026 1463 2239 1519 ritatem
2267 1460 2621 1533 praecipiendi
2649 1461 2918 1529 amittunt,
2951 1471 3004 1518 et
3031 1462 3085 1517 in
3122 1461 3218 1518 illa
3267 1479 3324 1519 re
3382 1465 3618 1523 nullate-

2023 1569 2126 1607 nus
2154 1559 2241 1608 est
2270 1551 2350 1606 eis
2378 1549 2767 1615 obediendum,
2799 1550 3048 1622 exemplo
3078 1551 3326 1607 videlicet
3341 1555 3621 1624 apostolo-

2024 1657 2160 1696 rum.
2184 1639 2292 1710 Ipsi
2322 1646 2470 1694 certe
2499 1654 2532 1693 a
2560 1638 2704 1694 bono
2732 1639 2992 1709 Magistro
3023 1637 3255 1695 formam
3278 1650 3619 1712 acceperunt

2024 1728 2350 1786 obedientiae
2375 1744 2389 1797 ;
2421 1727 2475 1782 in
2493 1743 2600 1799 qua
2621 1727 2700 1782 eis
2718 1727 2786 1783 de
2809 1728 3012 1784 Scribis
3034 1736 3088 1794 et
3110 1729 3396 1785 Pharisaais
3416 1731 3620 1788 dictum

2024 1827 2106 1874 est
2138 1834 2149 1872 :
2187 1818 2538 1886 Quaecunque
2575 1815 2834 1872 dixerint
2882 1817 3049 1882 vobis,
3087 1822 3307 1874 servate
3345 1823 3402 1875 et
3441 1820 3619 1890 facite

2021 1908 2240 1978 (Matth.
2266 1921 2430 1970 xxm,
2455 1905 2527 1974 3).
2553 1903 2667 1960 Sed
2695 1919 2818 1960 cum
2847 1904 2954 1959 illis
2985 1905 3450 1976 praecipientibus,
3476 1925 3544 1964 ne
3563 1910 3617 1964 in

2023 1995 2244 2051 nomine
2271 1995 2401 2049 Jesu
2427 1994 2800 2065 loquerentur,
2824 2001 3020 2064 postea
3041 1994 3327 2050 audierunt
3349 1997 3493 2067 quod
3513 1998 3620 2055 sibi

2024 2085 2124 2140 sub
2141 2082 2361 2138 nomine
2381 2081 2707 2138 obcdientiae
2718 2080 2983 2138 fallaciter
2998 2081 3321 2154 imperatum
3335 2083 3618 2153 fuerat,sa-

2022 2173 2237 2244 pienter
2258 2172 2569 2228 vitaverunt
2585 2170 2832 2226 dicentes
2852 2188 2864 2233 ;
2888 2171 3117 2242 Oportet
3134 2171 3353 2228 obedire
3375 2175 3481 2231 Deo
3499 2193 3619 2232 ma-

2021 2264 2106 2333 gis
2123 2276 2290 2335 quam
2311 2261 2630 2316 hominibus
2645 2260 2952 2329 (Act.v,29)
2978 2260 3131 2316 Hanc
3145 2259 3340 2316 lineam
3363 2262 3621 2320 obedien-

2021 2351 2112 2406 tim
2147 2351 2193 2404 si
2228 2355 2416 2404 tenere
2453 2348 2610 2404 vobis
2645 2347 2960 2418 placuisset,
2981 2349 3402 2418 promissionem
3433 2351 3618 2424 utique

2023 2446 2257 2496 vestram
2279 2437 2522 2493 veritatis
2543 2435 2850 2493 dedicasset
2870 2435 3093 2493 eﬁ'ectus
3109 2438 3340 2509 (2t3),et
3357 2440 3487 2510 quid
3498 2456 3619 2498 con-

2023 2537 2106 2584 tra
2118 2543 2216 2584 vos
2235 2525 2679 2597 archiepiscopus
2702 2533 2926 2596 propter
2949 2526 3052 2582 hoc
3071 2526 3456 2583 rationabiliter
3470 2529 3617 2586 dice-

2026 2626 2122 2684 ret,
2157 2632 2267 2672 non
2290 2615 2538 2670 haberet.
2578 2614 2634 2669 Si
2655 2630 2791 2670 vero
2813 2623 3003 2670 contra
3014 2614 3316 2670 doctrinam
3336 2619 3616 2688 apostolo-

2025 2722 2162 2771 rum,
2181 2705 2378 2777 quibus
2395 2705 2512 2774 ipse
2530 2718 2638 2758 non
2655 2710 2742 2758 est
2757 2703 2967 2769 melior,
2991 2703 3094 2770 ira,
3117 2704 3203 2760 vel
3223 2704 3474 2772 odio,seu
3487 2723 3617 2779 qua-

2024 2795 2156 2850 libet
2183 2792 2381 2849 mentis
2421 2798 2738 2862 tempestate
2795 2791 3196 2862 simplicitatem
3253 2802 3491 2849 vestram
3528 2796 3616 2851 in-

2024 2883 2264 2956 quietare
2293 2879 2574 2948 voluisset,
2611 2879 2945 2950 evangelicae
2987 2880 3320 2936 auctoritatis
3376 2883 3617 2940 testimo-

2024 2971 2111 3027 nia
2141 2969 2297 3026 vobis
2317 2976 2500 3025 essent
2527 2967 2584 3022 in
2614 2967 2965 3036 adjutorium,
2991 2976 3043 3023 et
3068 2977 3258 3024 contra
3287 2969 3432 3025 illum
3455 2974 3614 3041 jacu-

2024 3061 2266 3116 larentur
2292 3058 2357 3112 ad
2381 3055 2774 3127 sempiternum
2805 3058 2922 3124 ejus
2950 3057 3330 3126 opprobrium.
3371 3059 3610 3128 Litterae,

2023 3165 2160 3222 quas
2191 3149 2340 3218 (2N)
2363 3145 2516 3201 vobis
2546 3152 2672 3200 ante
2727 3145 2856 3200 istas
2911 3145 3177 3212 misimus,
3235 3149 3611 3205 mansuetudi-

2023 3254 2148 3292 nem
2170 3244 2406 3293 vestram
2435 3233 2830 3305 aliquantulum
2864 3233 3229 3301 turbaverunt,
3261 3235 3402 3292 sicut
3452 3238 3613 3295 audi-

2024 3327 2200 3383 vimus
2232 3343 2244 3380 :
2281 3324 2426 3380 unde
2456 3339 2546 3378 eas
2577 3322 2793 3378 misisse
2823 3336 2919 3378 eas
2966 3323 3208 3393 poenitet,
3268 3324 3613 3398 Iatemurque

2025 3431 2266 3472 errasse.
2305 3413 2413 3469 Sed
2456 3411 2622 3468 nimio
2649 3411 2835 3467 labore
2889 3409 3093 3482 fatigati
3148 3420 3200 3467 et
3257 3411 3612 3471 immoderata

2026 3504 2248 3576 spiritus
2303 3501 2493 3575 agitati
2541 3500 2801 3572 procella,
2862 3507 3049 3556 contra
3099 3508 3174 3556 tot
3228 3500 3614 3559 reluctantium

2026 3594 2281 3650 ﬂuctuum
2327 3592 2565 3662 impetus
2597 3605 2793 3646 navem
2822 3597 3018 3645 nostra:
3047 3588 3276 3645 rationis
3304 3591 3612 3662 gubernare

2035 3685 2194 3752 142
2222 3680 2590 3752 nequivimus.
2623 3678 2830 3746 Valete,
2856 3683 2912 3734 et
2929 3677 3129 3734 bonum
3147 3679 3289 3751 quod
3303 3679 3613 3739 inordinato

2027 3773 2222 3828 timore
2253 3768 2555 3836 dimisistis,
2585 3768 2867 3832 charitate,
2893 3784 3011 3838 quae
3032 3770 3186 3838 foras
3218 3771 3404 3825 mittit
3438 3773 3610 3828 timo—

2026 3877 2143 3918 rem
2175 3861 2225 3930 (I
2248 3861 2388 3917 Joan
2422 3874 2496 3925 vr,
2527 3857 2638 3929 18),
2670 3854 2928 3929 perlicite.

2491 4000 2852 4058 EPISTOLA
2880 3999 3137 4057 XXVIII.

2029 4129 2367 4188 Charissimo
2400 4127 2624 4186 domino
2651 4142 2750 4182 suo
2772 4129 2829 4182 et
2849 4126 3219 4199 prwcordiali
3245 4126 3427 4183 amico
3467 4127 3614 4186 Ilde-

2027 4309 2118 4364 nis
2151 4326 2164 4362 ε
2189 4312 2244 4363 et
2273 4306 2415 4379 quod
2434 4305 2610 4379 aliter
2637 4306 2935 4379 actumest
2954 4303 3107 4379 nolle
3127 4304 3404 4379 corrigere
3425 4305 3614 4379 diabo-

2029 4382 2152 4436 lica:
2177 4373 2638 4450 praesumptionis
2663 4381 2766 4450 :_et
2792 4373 2966 4450 lib._v,
2998 4373 3517 4450 epist._22.Legerat
3535 4378 3618 4450 ni-

2028 4444 2222 4506 mirum
2254 4449 2307 4503 in
2338 4447 2394 4503 S.
2422 4444 2701 4521 Benedicti
2730 4444 2960 4521 Ilegula,
3007 4444 3193 4521 c’apr4
3255 4461 3266 4500 :
3314 4444 3615 4521 Praeceptis

2027 4523 2239 4578 abbatis
2259 4521 2320 4575 in
2342 4517 2597 4592 omnibus
2618 4515 2852 4592 obedire,
2878 4516 3107 4592 etiamsi
3128 4519 3248 4592 ipse
3265 4519 3458 4592 aliter,
3473 4515 3616 4592 quod

2027 4595 2206 4650 absit!
2238 4594 2388 4661 agat.
2421 4589 2580 4661 Quae_
2605 4587 2797 4661 eadem
2845 4587 3032 4661 verba,
3091 4587 3188 4661 sed
3217 4587 3286 4661 de
3341 4587 3616 4661 episcopis

397 4677 545 4758 (ate)
568 4674 889 4758 ΔΕεςειεείτινῃ
920 4675 973 4758 s_.
1003 4676 1320 4757 _Nicolai..ln
1333 4676 1635 4758 privilegiis
1649 4676 1918 4758 Innocen-
1946 4657 1998 4718 D
2025 4657 2541 4758 gcrggtgdggm
2569 4658 2624 4712 in
2653 4657 2812 4729 ερῖει·
2846 4661 2868 4712 1
2897 4657 3192 4713 Clementis
3219 4658 3291 4714 ad
3330 4657 3614 4732 Jdcobu‘m,

326 4745 383 4800 tii
414 4745 506 4810 III,
533 4752 584 4800 et
611 4746 810 4800 Joann.
844 4745 1014 4799 Castri
1047 4747 1289 4803 carceris
1336 4745 1599 4804 Ecclesiae
1643 4756 1758 4804 tres
1811 4765 1916 4802 nu-

325 4824 625 4882 merantur,
660 4814 1064 4888 quasGoffridi
1095 4819 1163 4874 de
1221 4819 1490 4874 Meduana
1541 4819 1765 4874 illustris
1812 4819 1918 4875 viri

325 4903 628 4944 consensus
657 4887 905 4943 ctenobio
935 4888 1324 4946 Vindocinensi
1352 4891 1697 4946 concessisse
1717 4889 1920 4946 dicitur

327 4959 659 5014 Ildebertus.
697 4958 933 5031 Easdem
967 4969 1216 5015 recenset
1246 4961 1426 5016 Guido
1456 4961 1742 5031 episcopus
1774 4961 1919 5016 llde-

324 5031 465 5103 berti
496 5045 784 5103 successor
814 5029 868 5083 in
899 5030 1090 5103 litteris
1123 5032 1323 5103 quibus
1366 5029 1682 5088 Fromundo
1737 5031 1918 5086 abbati

326 5101 607 5182 Ecclesiae
635 5116 827 5182 omnes
853 5100 1179 5186 confirmat,
1200 5104 1418 5186 quasoin
1448 5103 1765 5186 episcopatu
1815 5103 1916 5159 Ce-

324 5173 652 5228 nomannico
679 5172 1016 5241 possidebat.
1051 5172 1303 5240 Ecclsiw,
1343 5172 1536 5242 inquit,
1576 5172 1648 5230 de'
1671 5189 1916 5237 carcere,

326 5245 547 5317 capella
576 5244 798 5317 scilicet
831 5245 881 5317 δ,
921 5245 1130 5309 Mariae,
1169 5247 1389 5316 capella
1417 5247 1470 5300 S.
1529 5246 1826 5306 Vincentii,
1863 5249 1919 5298 et

325 5315 547 5388 capella
572 5316 626 5370 S.
648 5315 870 5388 Nicolai
897 5317 996 5370 sub
1028 5315 1297 5388 perpetuo
1328 5317 1694 5371 anathemate
1723 5317 1918 5386 prohi-

326 5386 424 5441 ben
435 5391 536 5449 tes,
561 5402 633 5458 ne
652 5387 812 5455 infra
844 5386 1192 5458 Banleugam
1214 5388 1460 5458 ejusdem
1483 5389 1658 5442 castri
1686 5387 1921 5442 ecclesia

324 5459 409 5512 uel
438 5457 661 5582 ﬂagella
691 5457 1206 5513 construatur'sine
1227 5459 1464 5514 licentia
1499 5457 1920 5515 Vindocinensis

324 5545 451 5582 eam
481 5546 517 5582 u
545 5545 584 5582 ι.

324 5529 584 5584 capituli.

390 5546 814 5672 tiamsi
841 5599 1012 5655 aliter
1029 5602 1256 5672 egisset.
1287 5599 1460 5654 Aliter
1483 5615 1654 5672 agere
1669 5601 1795 5654 trita
1809 5598 1920 5653 Go-

324 5669 466 5744 frido
493 5667 1006 5744 signiﬁcationeAest
1034 5667 1173 5744 male
1203 5679 1254 5725 et
1285 5667 1547 5744 perverse
1563 5686 1752 5744 agere,
1805 5677 1920 5744 tur-

323 5739 465 5864 Fiter
495 5739 850 5821 et’indecore.
891 5741 982 5796 Sic
1001 5742 1144 5795 enim
1177 5739 1466 5822 usurpavit
1485 5742 1580 5797 lib.
1603 5739 1833 5812 Lepist.
1863 5741 1915 5802 7,

345 5811 424 5864 ib.
467 5826 526 5864 ιι.
561 5819 727 5864 entst.
765 5811 798 5862 ’Ἰ
827 5817 881 5864 et
910 5811 943 5864 8
975 5825 988 5864 :
1021 5814 1198 5864 ethoc
1228 5812 1389 5864 libro.
1415 5813 1474 5864 41
1509 5831 1522 5864 :
1559 5816 1833 5864 Rogamus
1855 5815 1915 5864 ut

345 5811 424 5865 ib.
454 5826 534 5884 gn,
561 5811 727 5880 epist.
765 5811 798 5862 ’Ἰ
827 5817 881 5864 et
910 5811 943 5865 8
975 5825 988 5880 ;
1021 5820 1074 5866 et
1094 5814 1198 5868 hoc
1228 5811 1389 5877 libro,
1407 5813 1474 5884 41
1509 5831 1522 5866 :
1557 5816 1833 5884 Rogamus
1855 5815 1920 5884 ut

360 5883 465 5937 uod
481 5883 667 5955 aliter
683 5884 990 5955 acturaest
1021 5885 1338 5955 corrigatis.
1361 5883 1455 5936 lib.
1504 5900 1577 5949 IV,
1613 5882 1770 5954 epist.
1830 5882 1915 5935 12.

351 5962 458 6012 tem
476 5954 542 6008 47
565 5970 577 6007 :
603 5950 1017 6024 Aliquid-aliter
1035 5950 1196 6027 agere
1212 5971 1330 6010 esse
1344 5956 1609 6011 humanae
1618 5950 1921 6030 perfectio-

2025 4735 2220 4792 Rufino
2241 4734 2557 4802 interprete.

2096 4807 2242 4878 (i4?)
2273 4798 2758 4874 Archiepiscopus.
2797 4798 3081 4866 Radulfns,
3113 4799 3184 4854 ad
3214 4815 3373 4871 quem
3419 4801 3514 4856 lib.
3574 4817 3614 4870 t,

2025 4880 2190 4935 epist.
2222 4880 2310 4932 30.

2059 4896 2703 5018 ρξὲὼῗῖνοηιὶπεὶοηθτη
2720 4938 3033 4997 dedicasset
3046 4942 3288 5018 effectus
3304 4941 3620 5018 Epist,pm-

2027 5013 2274 5085 cedente,
2292 5017 2717 5090 promissionem
2737 5013 3184 5090 tamenuestram
3203 5013 3620 5090 ve_ritatis_e/fe-

2027 5098 2153 5149 ctus
2175 5079 2570 5147 commendare
2591 5084 2891 5144 debuisset,
2923 5079 2981 5134 id
3010 5089 3093 5136 est
3145 5083 3407 5153 probare.
3465 5079 3620 5143 Tunc

2029 5164 2171 5219 enim
2202 5159 2570 5232 approbantur
2599 5155 2892 5232 promissa,
2925 5166 3047 5205 cum
3071 5162 3420 5232 praestantur.
3459 5156 3618 5232 Szrpe

2028 5235 2163 5289 ludit
2197 5223 2251 5286 iii
2278 5223 2382 5286 boc
2431 5223 2634 5304 verbo'_
2656 5223 3059 5304 Tertullianus;
3101 5225 3180 5304 I_)e
3222 5223 3570 5304 ‘Mon‘ogamiz‘t
3602 5246 3614 5284 ;

2028 5309 2097 5362 At
2119 5305 2215 5360 ubi
2238 5305 2489 5374 primum
2520 5300 2704 5374 scelus
2721 5293 3182 5374 homicidiumin
3205 5293 3518 5374 χ’ηαίἰοῖάίομ
3533 5300 3618 5355 de-

2029 5364 2280 5432 dicatum
2303 5377 2418 5437 est;
2441 5373 2519 5444 De
2544 5365 2871 5444 _pteni_tgen_t_ia
2886 5381 2910 5444 ,ε
2933 5364 3058 5444 Jam
3080 5364 3212 5444 inde
3321 5372 3617 5444 semetipso

2028 5447 2424 5520 paenitentiam
2452 5441 2702 5520 dedicaui
2710 5442 2770 5520 ι..⁹
2784 5437 2856 5520 Et
2884 5437 2938 5488 in
2962 5437 3321 5520 Apologetico
3340 5437 3620 5520 Neronem

2028 5508 2390 5573 damnationis
2421 5521 2619 5568 nostrae
2647 5508 3014 5587 dedicatorem
3049 5515 3223 5587 vocat,
3256 5508 3362 5587 boc
3385 5514 3619 5587 ρει-ρά-

2028 5605 2178 5643 mum
2207 5595 2484 5641 auctorem
2514 5576 2931 5654 persecutionis.
2966 5576 3235 5633 Dedicare
3261 5579 3430 5654 in‘his
3482 5576 3620 5640 locis

2027 5657 2342 5716 Tertulliani
2372 5664 2454 5710 est
2482 5649 2769 5727 auspicari,
2793 5663 2911 5703 rem
2955 5663 3160 5727 novam
3207 5649 3486 5727 exhibere.
3545 5656 3620 5708 At

2029 5729 2297 5797 Goti‘rido,
2316 5725 2537 5797 exsequi
2565 5717 2926 5797 etperficere.
2954 5717 3094 5797 Quia
3111 5719 3368 5797 nimirum
3385 5729 3438 5776 et
3474 5738 3618 5781 nova

2029 5789 2364 5864 dedicantur,
2397 5805 2451 5853 et
2469 5789 2721 5850 'dedicari
2752 5790 2855 5870 nisi
2885 5789 3260 5870 perfecta‘non
3290 5791 3486 5848 solent.

2101 5873 2248 5943 (2H)
2279 5861 2527 5926 Litteras
2549 5881 2685 5938 quas
2724 5863 2892 5918 vobis.
2927 5861 3105 5932 Epist.
3130 5864 3219 5919 26.
