3940 6454
470 424 566 476 131

1482 418 1814 475 GOFFRIDI
1843 416 2128 475 ABBATIS
2160 416 2711 475 VINDOCINENSIS

3673 422 3778 478 132

537 545 692 601 berto
715 545 844 601 vita
874 545 1174 602 laudabilis
1193 546 1463 619 episcOpo,
1494 548 1577 616 fr.
1615 544 1912 616 Gof/‘ridus
1935 546 2060 601 Vin-
2088 544 2143 606 A
2173 542 2349 601 clesiaa
2377 542 2635 598 unitatem
2662 542 2830 612 vovit,
2854 542 3124 599 humiliter
3147 558 3404 617 rogamus
3434 551 3488 599 et
3525 544 3774 600 obtesta-

536 634 854 691 docinensis
879 636 1217 692 monasterii
1250 633 1486 690 humilis
1527 649 1744 700 servus,
1794 633 2058 690 dilectio-

535 739 669 778 nem
688 727 745 779 et
776 723 954 780 totius
981 723 1305 781 dilectionis
1323 724 1680 780 seruitutem.

533 838 732 906 Nestis,
764 837 1102 893 dilectissime
1132 839 1306 907 Pater,
1339 838 1483 908 quod
1529 837 1913 893 monasterium
1960 852 2057 893 no-

463 935 628 981 strum
657 927 1038 996 patrimonium
1067 928 1126 981 Β.
1154 927 1293 982 Petri
1322 926 1409 995 sit,
1450 934 1503 981 et
1539 926 1657 997 ejus
1694 925 1953 994 alodium,
2004 934 2058 981 et

462 1032 547 1070 res
564 1015 632 1070 ad
661 1015 837 1085 ipsum
866 1015 1214 1085 pertinentes,
1264 1014 1571 1086 ubicunque
1627 1014 1751 1083 sint,
1791 1014 1892 1068 sub
1922 1030 2053 1069 san-

462 1111 560 1161 cta
588 1103 846 1160 Romanae
876 1104 1130 1160 Ecclesiae
1148 1104 1338 1174 posita;
1370 1104 1477 1158 sint
1517 1103 1851 1159 defensione.
1901 1102 2053 1159 Unde

459 1192 712 1265 benignae
747 1192 1055 1262 paternitati
1111 1200 1304 1250 vestrae
1358 1192 1634 1247 humiliter
1686 1191 2054 1262 supplicamus

460 1288 721 1352 quatenus
750 1288 803 1335 et
829 1297 929 1351 pro
950 1282 1010 1336 B.
1056 1281 1195 1335 Petri
1253 1281 1560 1350 dilectione,
1617 1288 1671 1336 et
1715 1296 1816 1350 pro
1870 1288 2054 1335 nostra

459 1370 756 1425 humilitate
784 1368 851 1423 de
884 1370 1041 1424 Petro
1068 1369 1136 1423 de
1166 1369 1396 1425 Caortiis
1432 1370 1602 1439 (245),
1636 1377 1690 1422 et
1724 1368 1791 1423 de
1834 1369 2050 1424 castello

458 1459 512 1513 in
546 1473 654 1529 quo
683 1458 911 1527 habitat,
943 1456 1101 1511 nobis
1115 1458 1381 1528 justitiam
1421 1457 1632 1513 faciatis
1661 1471 1674 1526 ;
1717 1457 1808 1528 qui
1865 1473 2051 1527 quem-

455 1547 581 1602 dam
610 1548 934 1602 monachum
962 1554 1204 1601 nostrum
1232 1546 1300 1601 de
1328 1562 1469 1617 equo
1504 1562 1603 1601 suo
1622 1545 1912 1616 prostravit
1941 1553 2050 1600 tur-

455 1637 613 1706 piter,
646 1644 701 1690 et
728 1636 777 1691 ei
804 1650 972 1690 unum
1018 1651 1235 1692 servum
1279 1641 1521 1691 nostrum
1577 1642 1631 1690 et
1679 1634 1815 1690 duos
1870 1634 2049 1690 asinos

456 1726 651 1795 injuste
699 1723 937 1794 abstulit,
996 1731 1049 1779 et
1103 1724 1277 1779 adhuc
1332 1740 1425 1779 eos
1487 1723 1691 1779 detinet
1763 1723 2043 1779 violenter.

456 1813 659 1868 Valete.

951 1907 1289 1965 EPISTOLA
1324 1908 1512 1963 XXIX
1524 1949 1537 1962 .

451 2037 665 2094 Domno
693 2033 969 2094 Ildeberto
998 2032 1346 2090 honorabilis
1369 2034 1505 2088 vita:
1524 2032 1806 2106 pontiﬁci,
1825 2033 2050 2090 charis-

522 2125 664 2183 simo
686 2123 914 2181 domino
938 2126 997 2178 et
1026 2123 1210 2187 Patri,
1242 2123 1320 2193 fr.
1357 2121 1645 2193 Goifridus
1677 2121 2047 2179 Vindocincn-

523 2215 602 2271 sis
647 2212 985 2269 mnastcrii
1023 2210 1262 2267 humilis
1302 2226 1517 2278 servus,
1563 2210 1832 2283 quidquid
1857 2215 2049 2283 potest

520 2301 806 2368 mandari,
837 2303 897 2357 et
923 2299 1116 2356 haberi
1143 2299 1451 2356 salubrius.

519 2416 763 2485 Noverit,
795 2415 997 2486 optime
1027 2415 1202 2483 Pater,
1251 2420 1430 2471 vestra
1487 2413 1725 2483 dilectio,
1783 2415 2045 2470 Joannem

453 2504 866 2563 Camentarium
895 2505 1221 2559 monachum
1250 2510 1491 2558 nostrum
1527 2504 1712 2571 143,
1744 2502 1836 2573 qui
1865 2510 2045 2558 nostra

452 2594 667 2663 licentia
695 2609 861 2663 usque
880 2591 1042 2647 hodie
1071 2591 1329 2647 vobiscun
1359 2590 1572 2659 mansit,
1613 2607 1647 2646 a
1699 2590 1858 2646 nobis
1898 2592 2043 2646 mul-

452 2683 611 2739 toties
638 2698 754 2737 esse
783 2686 1056 2748 vocatum,
1088 2688 1146 2734 ut
1162 2679 1231 2735 ad
1270 2695 1372 2735 nos
1425 2679 1651 2749 veniret,
1708 2686 1762 2733 et
1814 2696 1871 2734 se
1928 2680 2045 2750 qui-

452 2772 579 2827 dem
606 2770 879 2825 multoties
895 2768 1147 2839 promisit
1176 2775 1480 2835 venturum,
1510 2784 1613 2823 nec
1641 2768 1808 2837 venit,
1851 2768 2044 2824 timens

452 2859 697 2917 fortassis
733 2874 800 2913 ne
829 2856 1045 2913 rediret.
1094 2858 1251 2913 Nunc
1303 2862 1483 2912 autem
1519 2873 1553 2912 a
1604 2864 1782 2915 vestra
1833 2856 2040 2913 discre-

451 2951 594 3005 tione
623 2955 804 3003 nostra
832 2945 1105 3001 humilitas
1131 2961 1256 3000 eum
1284 2945 1536 3015 reposcit,
1580 2962 1741 3017 quem
1795 2961 1894 3016 pro
1950 2964 2043 3003 ve-

447 3047 555 3094 stra
584 3036 897 3092 necessitate
926 3033 1083 3091 vobis
1109 3033 1178 3088 ad
1205 3034 1393 3090 horam
1421 3041 1603 3091 nostra
1625 3034 1856 3089 charitas
1883 3049 2040 3090 com-

446 3126 741 3182 mendavit.
766 3123 924 3193 Quod
954 3123 999 3177 si
1027 3139 1196 3193 usque
1244 3121 1314 3177 ad
1370 3123 1613 3193 quintam
1668 3123 1880 3192 feriam,
1938 3122 2040 3177 nisi

444 3216 597 3289 gravi
623 3213 866 3285 corporis
895 3210 1201 3267 inﬁrmitate
1229 3211 1495 3281 detentus,
1528 3211 1597 3267 ad
1625 3227 1725 3267 nos
1776 3227 1887 3267 non
1936 3228 2038 3269 ve-

2072 1905 2125 1965 B

2167 648 2292 687 mur
2316 638 2373 686 ut
2401 630 2470 686 ab
2500 632 2660 702 hujus
2686 631 3136 687 excommunicati
3178 632 3450 689 consortio
3487 649 3544 688 se
3594 632 3773 688 absti-

2164 726 2346 787 neant,
2376 736 2444 775 ne
2473 720 2610 790 ejus,
2642 720 2787 791 quod
2815 720 2955 776 absit
2986 723 2998 774 l
3032 720 3179 776 fmda
3214 728 3268 775 et
3310 721 3539 778 nimium
3586 721 3771 777 sordi-

2163 808 2234 863 da
2259 807 2672 877 participatione
2700 809 3033 865 maculentur
3061 816 3116 864 et
3169 816 3410 879 pereant.
3467 811 3770 866 Memorato

2163 903 2343 951 autem
2366 896 2669 952 honorabili
2690 896 2809 953 viro
2838 898 3253 966 Cenomanensi,
3311 898 3567 968 episcopo
3627 898 3767 953 dili-

2162 992 2353 1057 genter
2379 985 2745 1054 supplicamus
2772 992 2849 1054 ut,
2898 1001 3007 1041 non
3061 987 3239 1042 solum
3292 1002 3325 1042 a
3378 987 3769 1043 communione

2160 1089 2393 1144 nequam
2424 1073 2583 1144 illius,
2617 1090 2778 1145 quem
2800 1083 2856 1130 et
2880 1090 2980 1145 pro
3010 1075 3263 1131 Ecclesiae
3292 1091 3403 1132 sum
3449 1077 3769 1131 necessitate

2161 1162 2229 1218 ad
2260 1164 2447 1218 horam
2477 1162 2996 1233 commendavimus,
3029 1180 3086 1219 se
3113 1164 3401 1234 abstineat,
3440 1163 3556 1233 sed,
3615 1164 3767 1235 quod

2154 1252 2270 1322 jam
2311 1267 2368 1306 se
2427 1251 2691 1307 facturum
2741 1253 3005 1325 promisit,
3055 1252 3212 1309 nobis
3267 1252 3491 1311 reddere
3549 1253 3766 1309 studeat

2159 1337 2615 1395 commendatum.

2657 1485 2999 1543 EPISTOLA
3034 1487 3240 1543 XXXI.

2154 1663 2400 1735 Ranulfo
2421 1663 2597 1720 beate
2610 1664 2741 1719 vita:
2766 1666 3024 1738 episcopo
3048 1665 3218 1739 (247),
3237 1663 3537 1738 Gof/ridus
3553 1666 3759 1724 Vindo-

2223 1751 2475 1808 cinensis
2529 1753 2864 1809 monasterii
2904 1753 3134 1810 inutilis
3174 1769 3387 1822 servus,
3421 1759 3481 1809 ct
3538 1756 3761 1825 fratres

2227 1839 2336 1897 sibi
2368 1840 2673 1908 commissi,
2703 1857 2834 1898 cum
2859 1841 3161 1899 dilectione
3189 1844 3591 1899 reverentiam.

2230 1961 2371 2018 Satis
2400 1969 2585 2018 notum
2606 1962 2765 2019 vobis
2791 1978 2907 2018 esse
2937 1964 3152 2033 scimus,
3194 1963 3340 2034 quod
3381 1964 3605 2020 oonsilio
3651 1980 3756 2020 ve-

2157 2058 2266 2106 stro
2296 2057 2351 2105 et
2378 2051 2767 2120 admonitione,
2799 2067 2922 2107 cum
2954 2052 3160 2108 Eblone
3181 2054 3332 2123 (248)
3361 2060 3416 2108 et
3439 2052 3558 2123 ejus
3584 2068 3757 2108 uxom

2154 2153 2347 2207 pacem
2375 2137 2682 2193 fecerimus.
2709 2138 2828 2194 Hoc
2854 2139 3017 2194 etiam
3046 2138 3275 2209 qualiter
3320 2139 3521 2194 factum
3568 2138 3753 2209 fuerit,

2152 2241 2253 2282 vos
2280 2225 2503 2281 minime
2535 2226 2699 2283 latere
2728 2227 3141 2300 cognoscimus;
3174 2243 3335 2297 quem
3364 2227 3620 2284 nimirum
3662 2229 3759 2283 hu-

2147 2314 2238 2385 jus
2265 2315 2391 2371 facti
2420 2315 2773 2372 mediatorem
2822 2317 3027 2386 pariter
3068 2324 3123 2371 et
3172 2315 3507 2373 laudatorem
3562 2316 3754 2373 habui-

2152 2420 2290 2473 mus,
2322 2410 2376 2459 et
2401 2421 2497 2475 per
2525 2404 2680 2475 cujus
2705 2420 2926 2460 manum
2954 2406 3059 2460 hoc
3085 2405 3262 2474 ipsum
3290 2403 3407 2460 ﬁeri
3437 2413 3491 2460 et
3546 2403 3750 2461 ﬁrmari

2150 2499 2505 2570 decrevimus,
2546 2502 2648 2556 hac
2702 2502 3009 2558 conditione
3066 2503 3270 2558 scilicet
3320 2511 3376 2558 et
3428 2503 3748 2570 intentione,

2152 2597 2207 2644 ut
2234 2590 2278 2644 si
2308 2590 2428 2660 quis
2455 2590 2511 2644 in
2537 2598 2810 2660 posterum
2846 2591 2992 2662 quod
3021 2591 3076 2646 in
3112 2592 3274 2647 vestri
3329 2593 3616 2661 presentia
3668 2593 3746 2648 fa-

2150 2686 2292 2734 ctum
2322 2679 2496 2734 fuerat
2523 2679 2724 2735 violare
2771 2687 3138 2750 praesumeret,
3197 2688 3373 2737 vestra
3426 2682 3739 2738 auctoritate

2148 2784 2180 2822 a
2209 2774 2392 2823 sancta
2422 2768 2661 2822 Ecclesia
2690 2768 2914 2836 alienus,
2937 2768 3113 2824 donec
3158 2769 3509 2840 resipisceret,
3568 2771 3745 2826 habe-

2149 2863 2341 2924 retur;
2374 2855 2521 2925 quod
2550 2862 2722 2913 totum
2776 2857 3141 2914 ecclesiastica
3194 2873 3418 2914 censura
3471 2860 3747 2915 continere

2149 2943 2379 3001 videtur.
2414 2945 2474 2999 In
2504 2944 2669 3000 sacris
2697 2945 2844 3000 enim
2897 2946 3195 3002 canonibus
3245 2946 3506 3018 reperitur
3541 2955 3598 3002 ut
3652 2949 3746 3019 qui

2146 3058 2263 3097 rem
2294 3042 2592 3112 quamlibet
2627 3044 2787 3113 145
2821 3043 2875 3098 in
2904 3044 3192 3113 praesentia
3220 3045 3457 3116 episcopi
3484 3045 3563 3100 sui
3602 3046 3747 3117 juste

2146 3130 2463 3200 dispositam
2518 3147 2771 3202 quassare
2829 3134 3132 3203 tentaverit,
3189 3133 3375 3202 semel,
3441 3134 3748 3191 secundove

2072 3261 2121 3325 Ο
2148 3220 2506 3276 commonitus
2528 3261 2543 3289 ,
2598 3220 2644 3274 si
2700 3220 2992 3276 emendare
3048 3222 3445 3293 contempserit,
3502 3222 3570 3279 ab
3620 3224 3745 3294 ipso

443 3306 600 3371 nerit,
635 3302 1000 3359 indubitanter
1025 3308 1285 3372 agnoscat
1312 3299 1439 3371 quia
1492 3300 1549 3354 in
1602 3316 1727 3355 eum
1782 3300 2033 3355 faciemus

2149 3308 2407 3379 episcopo
2436 3310 2951 3377 excommunicetur,
3010 3310 3163 3381 cujus
3220 3311 3558 3382 praesentiam
3614 3313 3742 3368 irri-

444 3393 589 3464 quod
618 3393 675 3447 in
703 3391 855 3447 illum
884 3389 1001 3445 ﬁeri
1023 3389 1187 3444 debet
1215 3388 1307 3459 qui
1337 3396 1391 3444 et
1416 3388 1622 3459 proprii
1651 3389 1756 3444 loci
1809 3388 2044 3444 deseruit
2150 3404 2256 3454 tam
2292 3396 2472 3453 facere
2526 3399 2947 3469 prmsumpserit.
3003 3399 3143 3454 Hinc
3193 3400 3373 3470 itaque
3426 3399 3581 3457 facile
3635 3401 3742 3457 ad-

441 3481 807 3539 obedientiam
875 3487 929 3535 et
1000 3494 1113 3535 sum
1176 3477 1528 3547 professionis
1598 3476 1762 3532 ﬁdem
1834 3477 2037 3534 irritam

444 3572 589 3627 fecit.

962 3665 1302 3722 EPISTOLA
1335 3666 1515 3720 XXX.

448 3798 713 3856 Omnibus
734 3792 1170 3869 episcopis,abba
1180 3791 1331 3849 tibus
1351 3794 1406 3848 et
1418 3790 1699 3848 universis
1719 3789 2036 3848 samthc-

473 3888 658 3946 clesia:
670 3886 826 3956 ﬁliis,
843 3883 1124 3957 prtecipue
1141 3885 1335 3937 tamen
1352 3881 1556 3937 domno
1594 3879 1885 3947 Ildeberto,
1915 3879 2034 3935 dis-

471 3981 626 4035 creto
647 3980 705 4032 et
734 3971 1045 4031 venerabili
1076 3969 1534 4027 Cenomannensi
1561 3969 1836 4042 episcopo,
1885 3970 2026 4040 fret.

473 4065 761 4137 Goffridus
778 4061 1201 4119 Vindocinensis
1215 4057 1555 4115 monasterii
1569 4057 1806 4114 humilis
1815 4073 2026 4127 servus,

471 4157 704 4226 diligere
727 4151 870 4225 quod
894 4151 1043 4205 Deus
1056 4147 1266 4219 diligit,
1282 4151 1341 4202 et
1357 4146 1480 4203 odio
1507 4146 1711 4238 hebere
1725 4146 1869 4220 quod
1883 4146 2022 4203 odit.

503 4270 766 4324 Joannem
794 4262 1209 4321 Camentarium
1237 4262 1562 4317 monachum
1595 4259 1814 4331 quidem
1852 4262 2022 4331 (246),

431 4359 530 4415 sed
554 4372 663 4412 non
694 4353 984 4410 habentem
1040 4350 1313 4407 charitatis
1367 4356 1709 4420 cmmentum,
1768 4350 2023 4421 quoniam

430 4446 637 4521 proprii
666 4445 769 4500 loci
799 4440 1032 4497 deseruit
1057 4439 1443 4507 obedientiam,
1477 4446 1531 4494 et
1574 4455 1685 4496 sum
1734 4439 2024 4509 professio-

428 4539 513 4594 nis
541 4534 701 4592 ﬁdem
731 4532 934 4588 irritam
975 4529 1119 4598 fecit,
1177 4536 1231 4583 et
1284 4529 1555 4584 multoties
1610 4527 1917 4584 admonitus
1971 4537 2025 4584 et

2146 3492 2355 3543 vertere
2382 3486 2609 3557 potestis
2635 3486 2766 3557 quid
2796 3495 2983 3543 contra
3008 3487 3218 3544 Juetam
3257 3496 3309 3544 et
3362 3488 3739 3560 Isembertum,

2146 3582 2200 3630 et
2226 3575 2474 3631 homines
2500 3591 2686 3631 eorum
2709 3592 2874 3649 agere
2904 3575 3163 3633 debeatis.
3224 3576 3359 3633 Eblo
3415 3578 3630 3648 quidem
3687 3589 3742 3635 et

2144 3680 2287 3720 nunc
2313 3663 2457 3721 dicta
2481 3665 2600 3735 ejus
2629 3680 2766 3721 uxor
2793 3665 2966 3735 Jueta,
2994 3664 3152 3721 nobis
3177 3680 3277 3736 per
3314 3664 3476 3721 ﬁdem
3523 3668 3737 3737 promi-

2142 3759 2343 3822 serunt,
2374 3760 2429 3808 et
2456 3752 2613 3811 vobis
2642 3761 2696 3809 et
2723 3753 2882 3809 nobis
2907 3753 3124 3810 obsides
3147 3770 3310 3824 super
3342 3756 3445 3811 hoc
3496 3755 3735 3812 tradide-

2140 3848 2264 3896 runt
2316 3841 2462 3912 quod
2519 3841 2847 3898 Isembertus
2899 3858 3086 3898 eorum
3142 3841 3302 3913 ﬁlius,
3362 3844 3452 3914 qui
3526 3843 3729 3914 aberat,

2140 3929 2457 3985 concederet
2482 3946 2692 4001 pacem,
2724 3947 2887 4001 quam
2915 3930 3018 4003 ipsi
3047 3932 3103 3986 in
3131 3948 3296 3987 manu
3332 3939 3507 3989 vestra
3542 3931 3731 3989 ﬁrma-

2136 4026 2347 4075 verunt.
2378 4017 2535 4089 Quod
2558 4020 2686 4090 quia
2715 4020 2895 4075 facere
2922 4019 3126 4076 distulit
3153 4027 3207 4075 et
3234 4020 3411 4076 adhuc
3435 4020 3629 4090 differt,
3676 4023 3731 4078 ei

2137 4114 2191 4162 et
2216 4107 2335 4177 ejus
2360 4108 2538 4177 matri,
2579 4107 2725 4180 quod
2752 4108 2978 4181 dignum
3008 4116 3062 4164 et
3080 4109 3285 4180 justum
3314 4109 3433 4179 fuit,
3489 4109 3728 4167 divinum

2134 4194 2373 4250 ofﬁcium
2403 4196 2715 4266 abstulistis,
2739 4204 2792 4252 et
2846 4198 3035 4252 litteris
3090 4198 3281 4254 vestris
3336 4198 3491 4254 nobis
3543 4207 3730 4270 postea

2134 4284 2446 4354 mandastis,
2477 4293 2536 4340 ut
2563 4285 2632 4341 de
2674 4286 2900 4357 justitia,
2961 4302 3123 4357 quam
3179 4287 3536 4358 incaeperatis,
3593 4288 3727 4343 nihil

2130 4368 2344 4439 penitus
2369 4369 2773 4441 dubitaremus;
2807 4370 2951 4442 quod
2980 4370 3051 4427 ad
3078 4370 3292 4427 laudem
3312 4379 3504 4430 vestrae
3547 4370 3725 4444 digni-

2132 4458 2252 4513 tatis
2274 4459 2330 4512 in
2357 4459 2539 4514 multis
2565 4459 2699 4515 locis
2717 4459 2835 4530 jam
2894 4459 3396 4531 pmdicavemmus.
3437 4460 3543 4516 Sed
3596 4462 3725 4531 quia

2130 4563 2273 4603 nunc
2296 4563 2395 4604 vos
2421 4548 2630 4604 Juetam
2690 4547 3005 4619 absolvisse,
3067 4549 3121 4604 in
3179 4566 3286 4619 qua
3334 4550 3459 4605 mali
3514 4566 3721 4606 summa

426 4629 594 4699 longo
624 4632 866 4693 tempore
895 4626 1288 4689 exspectamus,
1320 4617 1465 4687 quod
1494 4617 1793 4687 deliquerat
1837 4634 2022 4673 emen-

2145 4644 2241 4692 ota
2276 4637 2533 4707 consistit,
2566 4637 2715 4693 fama
2740 4637 3007 4694 referente
3031 4638 3263 4709 sinistra,
3305 4637 3604 4694 audivimus
3634 4642 3719 4709 ;si

426 4717 555 4773 dare
584 4710 824 4786 neglexit
851 4717 906 4765 et
934 4707 1180 4780 negligit,
1213 4722 1245 4761 a
1280 4706 1437 4761 nobis
1490 4706 1750 4763 noveritis
1801 4723 2019 4763 excom-

425 4790 775 4870 municatum,
806 4806 860 4855 et
887 4814 919 4853 a
964 4811 1190 4866 corpore
1247 4801 1446 4851 sancta:
1496 4795 1752 4852 Ecclesia
1803 4811 2020 4866 separa-

421 4904 557 4963 tum,
587 4893 641 4947 in
671 4896 930 4963 quantum
957 4885 1147 4958 regula
1194 4890 1378 4939 sancta
1431 4882 1589 4940 docet
1644 4891 1699 4939 et
1750 4885 2013 4955 praecipit.

418 4984 574 5042 Unde
601 4996 790 5037 omnes
815 4976 1146 5034 Christianos
1174 4973 1229 5028 in
1266 4973 1536 5028 Christum
1566 4972 1863 5043 credentes,
1924 4974 2014 5045 qui

427 5074 592 5147 144
620 5068 892 5126 neminem
921 5071 1074 5120 extra
1102 5062 1380 5119 catholica:
1434 5069 1489 5116 et
1543 5062 1851 5133 apostolicae
1904 5063 2011 5121 Ec-

490 5288 640 5370 (245)
670 5288 841 5345 Petro
872 5283 940 5341 de
965 5280 1225 5339 Caeritis.
1257 5279 1375 5335 Lib.
1408 5294 1463 5348 ν,
1504 5278 1659 5349 epist.
1710 5282 1796 5335 12.
1851 5280 2011 5353 Hugo

419 5360 930 5508 fagféi‘iiamm
947 5423 1387 5508 Clementer-iugi
1399 5421 1746 5508 monachum
1761 5422 2004 5508 quidem.

419 5492 697 5574 Fugitivus
740 5499 828 5578 hic
881 5496 1266 5578 monachusma
1312 5492 1563 5578 ,ϐοᾶτιᾁο
1600 5492 1780 5578 saepe

418 5563 716 5647 revocatus,
747 5568 819 5623 ob
848 5568 976 5623 artis
1003 5582 1115 5647 sute
1133 5565 1426 5647 utilitatem.
1465 5563 1570 5647 ἀι)-
1600 5564 1867 5647 Πιιιξδθειο
1914 5582 2007 5647 _re-

415 5635 709 5723 tinebatur,
729 5647 791 5721 _ut
805 5646 1026 5723 questus
1043 5644 1123 5723 est
1150 5636 1245 5692 lib.
1277 5652 1315 5704 ι,
1341 5635 1517 5723 epist,
1652 5635 1720 5689 ad
1778 5636 2006 5723 Pascha-

412 5713 539 5770 lem.
570 5707 873 5792 Verisimile
900 5716 989 5792 est
1004 5714 1128 5790 post
1153 5707 1801 5792 excommunicationnem
1829 5707 2007 5789 νεᾳῶ-

414 5793 526 5842 tum
580 5781 905 5839 monasterio
961 5777 1143 5846 fuisse,
1198 5785 1254 5833 et
1308 5777 1678 5849 deprecatoria
1747 5779 2002 5848 quapiam

412 5858 570 5936 sese
592 5851 1064 5936 ορωωεηάεξςιέων.
1080 5848 1252 5936 ille”?
1289 5855 1396 5936 ssi
1410 5852 1542 5936 ,ἓῇ
1551 5848 2004 5936 Praesto“

414 5917 662 5983 lldeberti
691 5938 855 5996 quam
900 5917 1130 5976 libenter
1155 5919 1260 5976 huc
1287 5917 1652 5989 transferrem,
1814 5936 2002 5978 mona-

2127 4725 2200 4781 ita
2229 4734 2326 4796 est,
2356 4742 2467 4783 non
2493 4726 2836 4783 mediocriter
2853 4726 3109 4783 admirari
3139 4735 3192 4783 et
3219 4744 3501 4798 possumus
3528 4734 3579 4783 et
3614 4727 3717 4784 de-

2125 4813 2333 4883 bemus,
2366 4815 2570 4885 quippe
2596 4831 2721 4870 cum
2758 4815 2826 4871 de
2846 4824 3023 4873 vestra
3051 4817 3369 4885 constantia,
3415 4824 3467 4872 et
3497 4816 3716 4886 justitim

2125 4898 2431 4972 integritate
2460 4899 2693 4971 amplius
2723 4900 2972 4956 dubitare
2999 4901 3232 4974 potuerit
3257 4901 3452 4956 nullus.
3486 4901 3665 4957 Valete
3699 4918 3713 4971 ;

2124 4995 2178 5043 et
2204 4988 2351 5058 quod
2375 4989 2432 5044 in
2463 5004 2621 5044 causa
2669 4996 2851 5045 nostra
2907 4990 3084 5044 minus
3131 4989 3354 5060 justitim
3407 4990 3709 5061 peregistis,

2122 5078 2376 5149 supplere
2402 5094 2661 5151 rogamus
2687 5094 2787 5137 vos
2812 5094 2922 5137 non
2951 5077 3228 5135 diﬁ‘eratis.
3259 5079 3382 5136 Non
3435 5080 3576 5135 enim
3634 5079 3711 5134 in.

2119 5284 2205 5358 chi
2234 5301 2453 5358 nomen,
2484 5301 2583 5358 pro
2613 5302 2721 5357 quo
2775 5286 3075 5358 intercedit,
3136 5287 3281 5343 aliud
3337 5286 3500 5343 fuisse
3550 5287 3708 5357 primi

2116 5357 2286 5427 apicis
2311 5365 2440 5414 nota
2468 5357 2745 5413 indicaret.

2188 5430 2339 5504 (ιιι)
2367 5430 2616 5504 {tenui/'0
2643 5432 2922 5504 episcopo.
2951 5429 3323 5504 Sanctonensi,
3353 5428 3708 5504 Bosonissuc-

2116 5500 2331 5583 cessori:
2371 5501 2545 5583 Hujus
2560 5500 2812 5583 auspicia
2828 5500 3181 5582 episcopatus
3200 5501 3254 5556 in
3287 5508 3479 5583 vetere
3491 5571 3522 5583 ﬁ
3534 5501 3706 5583 Chro-

2115 5570 2235 5625 nico
2268 5570 2467 5627 Vineti’
2498 5570 2967 5642 conjiciuntur'in
3020 5570 3222 5628 annum
3280 5576 3437 5628 1083.
3489 5571 3705 5642 Synodo

2113 5642 2416 5711 Arvernica:
2444 5643 2704 5711 interfuit,
2736 5650 2794 5698 ut
2841 5650 3098 5700 testantur
3150 5643 3341 5700 litterae
3396 5643 3593 5700 Urbani
3653 5651 3705 5697 et

2115 5710 2403 5786 Paschalis,
2435 5730 2570 5784 quas
2594 5710 2951 5784 preduximus
2978 5714 3048 5771 ad
3077 5714 3172 5770 lib.
3206 5732 3265 5784 ιι,
3324 5714 3479 5786 epist.
3529 5717 3597 5771 26
3651 5724 3706 5769 et

2114 5785 2180 5839 12
2208 5783 2404 5855 hujus:
2435 5783 2681 5856 sepuenti
2709 5802 2851 5842 anno
2884 5786 3159 5843 Urbanum
3189 5783 3456 5844 Santonos
3483 5785 3705 5845 venien~

2110 5859 2219 5929 tem
2250 5855 2463 5929 excepit
2488 5855 2673 5929 Idibus
2701 5857 2918 5929 Aprilis.

2180 5926 2330 6002 (248)
2363 5926 2502 5988 Cum
2528 5926 2767 5990 Ebranei
2800 5929 2918 5987 Lib.
2945 5945 2985 6003 ι,
3018 5928 3173 6002 episi.
3208 5933 3260 5987 1.
