3940 6416
217 383 323 441 183

1518 377 1886 434 ΕΡΙΒΤΟΙΑΕ.
1918 408 1989 418 --
2021 378 2142 431 LIB.
2177 377 2268 431 IlI.

3407 377 3508 432 134

219 510 399 584 gratis
428 509 619 565 amicis
649 508 976 577 adjutorium
1007 514 1268 574 vestrum,
1301 506 1416 562 Deo
1448 504 1802 578 suffragante,
1835 501 1890 564 Α
1924 500 2084 555 etiam
2115 500 2373 568 scriptum
2417 499 2589 566 scitis,
2647 500 2692 554 si
2713 499 2978 556 oblivioni
3032 515 3142 556 non
3194 501 3509 568 tradidistis,

218 598 553 672 prtebebitis.

605 714 764 782 146
815 711 1162 768 EPISTOLA
1207 711 1438 764 XXXII.

222 821 467 890 Ranulfo
485 819 826 875 honoranda:
841 819 966 872 vita:
978 817 1228 888 episcOpo
1240 815 1571 870 charissima
1590 813 1814 869 domino

295 925 396 965 suo
426 911 481 962 et
500 907 1071 980 praecordialiamico,
1108 904 1404 975 Goffridus
1439 903 1813 959 Vindocinen-

295 999 373 1052 sis
403 996 737 1052 monasterii
762 1011 974 1060 servus,
1002 994 1248 1049 salutem
1271 997 1328 1048 ct
1357 992 1749 1048 reverentiam.

298 1121 434 1175 Illud
465 1119 608 1191 quod
641 1119 794 1191 quasi
824 1133 924 1189 pro
954 1117 1248 1174 concordia
1279 1115 1558 1173 Goffridus
1577 1114 1816 1170 Taunia-

232 1209 416 1266 censis
447 1210 595 1279 (249)
655 1224 715 1263 se
744 1207 902 1263 nobis
949 1207 1210 1262 obtulisse
1260 1207 1478 1273 asserit,
1540 1217 1815 1270 nunquam

227 1296 361 1352 mihi
391 1293 612 1367 placuit,
637 1311 739 1350 nec
789 1296 982 1366 placet,
1008 1310 1108 1350 nec
1165 1295 1220 1348 in
1247 1302 1514 1349 internum
1561 1290 1816 1363 placebit.

230 1386 495 1441 Caeterum
525 1384 667 1453 quod
718 1383 948 1439 consilio
978 1391 1157 1439 vestro
1188 1399 1246 1438 se
1282 1381 1685 1436 satisfacturum
1716 1395 1819 1434 no-

230 1473 316 1526 bis
345 1471 632 1544 promittit,
669 1471 801 1526 satis
830 1471 1116 1526 laudamus
1149 1489 1163 1537 ;
1195 1471 1297 1525 sed
1329 1469 1627 1525 verendum
1665 1467 1821 1524 vobis

230 1568 315 1616 est
344 1576 412 1616 ne
458 1559 560 1614 sub
589 1560 692 1615 hac
720 1558 1040 1614 humilitatis
1070 1557 1259 1630 specie
1281 1558 1680 1629 simplicitatem
1726 1571 1823 1610 ve-

229 1657 398 1703 stram
420 1648 658 1718 decipiat
685 1662 697 1702 :
723 1647 869 1720 quod
889 1655 941 1702 et
984 1663 1083 1703 nos
1111 1662 1217 1701 non
1252 1645 1604 1702 mediocriter
1633 1644 1825 1700 formi-

229 1738 451 1792 damus.
491 1737 770 1806 Rogamus
802 1735 969 1806 igitur
1006 1734 1350 1791 sanctitatem
1381 1741 1634 1800 vestram,
1655 1742 1707 1788 et
1738 1749 1826 1788 ro—

1923 589 2050 660 quia
2079 587 2343 660 quidquid
2374 588 2441 644 de
2466 588 2628 643 rebus
2656 589 2973 644 monasterii
3021 587 3191 644 nostri
3217 589 3335 645 sine
3356 591 3512 660 judi-

1921 678 2009 734 cio
2043 685 2094 732 et
2145 677 2418 733 voluntate
2450 678 2689 732 Romani
2749 676 3019 748 pontiﬁcis
3074 677 3375 744 deﬁnitum,
3427 681 3513 734 vel

1921 765 2244 821 distractum
2275 767 2417 834 (252)
2450 764 2630 830 fuerit,
2668 765 2878 820 irritum
2915 766 3153 821 manebit
3185 774 3237 822 et
3266 784 3510 836 vacuum,

1925 863 1977 909 et
2006 853 2097 924 qui
2147 852 2396 908 delﬁnire
2454 854 2759 918 tentaverit,
2801 855 2950 923 148
2982 855 3288 925 potestatis,
3349 857 3516 912 hono-

1925 942 2109 1012 risque
2141 943 2224 996 sui
2248 941 2505 1012 dignitate
2553 943 2870 1012 privabitur,
2933 959 3030 1014 sp:
3090 945 3517 1014 recuperationis

1927 1029 2161 1084 sublata.
2196 1030 2310 1084 Nos
2340 1038 2545 1095 tamen,
2580 1031 2671 1101 qui
2701 1031 2866 1086 vestri
2917 1031 3198 1087 debitores
3247 1034 3516 1089 charitate

1925 1135 2132 1182 sumus,
2169 1119 2468 1174 reverendo
2497 1120 2809 1189 conspectui
2851 1127 3032 1175 vestro
3063 1127 3306 1192 tempore
3365 1137 3517 1179 com-

1925 1207 2129 1278 petenti
2158 1207 2448 1280 diligenter
2494 1208 2968 1278 praesentabimur,
3001 1207 3075 1263 ibi
3132 1209 3200 1264 de
3234 1211 3514 1280 przedictis

1927 1295 2256 1350 adversariis
2279 1295 2548 1364 justitiam
2579 1297 2855 1368 accepturi
2885 1305 2937 1352 et
2967 1298 3305 1370 exsecuturi,
3340 1316 3518 1372 quan—

1929 1393 2042 1438 tum
2070 1383 2416 1439 debebimus.
2455 1385 2690 1456 Tempus
2722 1401 2851 1440 vero
2881 1392 2938 1441 et
2967 1385 3112 1441 diem
3172 1402 3280 1458 per
3306 1386 3519 1459 fratres,

1930 1473 2021 1544 qui
2052 1472 2121 1527 ad
2153 1472 2346 1528 festum
2393 1481 2593 1528 sanctae
2651 1473 2924 1529 Trinitatis
2974 1475 3236 1544 venerint,
3294 1485 3524 1549 accepto

1931 1576 2055 1617 cum
2081 1560 2158 1615 eis
2189 1561 2438 1629 consilio,
2475 1561 2628 1617 vobis
2681 1562 3090 1618 mandabimus.
3131 1563 3290 1633 Quod
3340 1567 3386 1620 si
3407 1568 3525 1624 haec

1933 1649 2244 1720 displicent,
2298 1666 2418 1720 quae
2465 1649 2686 1706 minime
2726 1650 3017 1722 displicere
3062 1652 3286 1720 debent,
3318 1653 3524 1709 domini

1934 1753 2090 1809 papae
2120 1737 2451 1792 audientiam
2481 1739 2839 1809 appellamus,
2875 1740 3025 1808 cujus
3053 1741 3223 1812 gratia
3251 1750 3305 1797 et
3333 1755 3525 1800 aucto-

229 1826 412 1898 gaudo
441 1841 745 1892 mouemus,
804 1841 871 1879 ne
902 1840 930 1879 a
955 1825 1114 1879 vobis
1165 1823 1408 1878 inducias
1447 1823 1662 1889 habeat,
1722 1822 1822 1876 nisi
1851 1862 1904 1921 B
1939 1826 2094 1881 ritate
2125 1826 2349 1881 firmiter
2380 1835 2603 1895 stantes,
2637 1829 2910 1884 neminem
2941 1829 3192 1886 timemus
3225 1847 3384 1902 quem
3418 1847 3524 1888 non

229 1915 384 1985 prius
414 1930 511 1969 vos
568 1913 708 1969 bene
765 1929 1020 1968 securum
1077 1912 1286 1978 fecerit,
1325 1912 1470 1984 quod
1527 1911 1824 1967 secundum

229 2002 434 2058 domini
467 2016 622 2074 papae
649 2002 931 2057 decretum
973 2001 1133 2057 nobis
1164 1999 1545 2057 satisfaciendo
1583 2000 1822 2056 obediat.

695 2142 1034 2200 EPISTOLA
1086 2143 1349 2198 XXXIII.

235 2257 482 2327 Ranulfo
493 2256 802 2312 venerabili
817 2257 1088 2328 episcopo,
1109 2256 1398 2327 Goffridus
1419 2259 1480 2312 Β.
1501 2258 1658 2313 Petri
1677 2256 1826 2312 allo-

305 2345 543 2409 diutius,
549 2345 862 2417 prudenter
873 2349 929 2401 et
944 2345 1287 2417 simpliciter
1298 2347 1360 2400 in
1373 2347 1629 2402 omnibus
1641 2361 1824 2416 agere.

305 2468 538 2524 Litteras
569 2483 602 2524 a
631 2468 794 2523 vobis
841 2467 1074 2522 directas
1133 2467 1492 2538 suscepimus,
1538 2483 1674 2539 quas
1726 2482 1827 2524 ve-

238 2565 380 2612 stras
411 2573 534 2612 esse
592 2557 818 2611 minime
875 2555 1319 2622 credidissemus,
1377 2556 1482 2610 nisi
1513 2571 1607 2612 eas
1649 2555 1829 2628 sigillo

238 2653 427 2703 vestro
458 2645 728 2716 sigillatas
757 2643 1115 2700 vidissemus.
1151 2644 1231 2698 Ibi
1251 2643 1469 2715 quidem
1498 2643 1827 2707 continetur,

233 2751 335 2791 vos
369 2734 439 2789 de
471 2734 641 2788 rebus
684 2733 1005 2788 monasterii
1024 2731 1214 2800 nostri,
1249 2731 1435 2787 allodii
1474 2731 1726 2789 videlicet
1755 2732 1820 2786 B.

234 2822 400 2888 Petri,
437 2820 674 2877 difﬁnire
707 2821 960 2892 coapisse,
992 2825 1047 2876 et
1075 2820 1402 2892 quibusdam
1430 2821 1724 2892 insperatis
1741 2821 1833 2876 ad-

234 2911 507 2967 versariis
536 2910 759 2978 nostris,
777 2910 935 2964 nobis
955 2909 1288 2974 absentibus,
1312 2909 1422 2964 imo
1438 2909 1830 2972 nescientibus,

235 2998 585 3056 difﬁnitionis
622 3001 779 3068 147
814 2997 958 3053 diem
1007 2997 1246 3054 dedisse.
1280 2996 1463 3065 Quod,
1515 2998 1667 3053 salva
1695 3013 1833 3069 pace

234 3096 443 3156 vestra,
474 3088 708 3143 dicimus
753 3102 854 3142 nec
884 3087 1090 3155 justum
1123 3086 1309 3154 fuisse,
1333 3102 1436 3142 nec
1473 3087 1822 3142 canonicum.

238 3179 304 3232 In
333 3176 570 3232 decretis
599 3176 783 3247 utique
827 3175 1196 3230 Romanorum
1235 3173 1552 3245 pontiﬁcum
1583 3175 1833 3247 praecipi-

239 3274 333 3322 tur
363 3281 430 3321 ne
457 3264 672 3337 judices
702 3263 963 3320 Ecclesiae
977 3263 1299 3319 sententiam
1315 3263 1592 3334 proferant
1612 3263 1838 3320 absente

241 3371 311 3412 eo
342 3355 494 3418 (230)
522 3355 676 3422 cujus
704 3369 868 3409 causa
898 3352 1205 3408 ventilatur.
1225 3350 1383 3421 Quod
1400 3352 1446 3406 si
1468 3351 1698 3421 objicitis
1715 3353 1836 3425 quia

240 3461 346 3516 per
375 3443 573 3498 fratres
630 3451 844 3497 nostros
867 3441 960 3512 qui
1006 3441 1231 3497 aderant
1274 3457 1375 3496 nos
1431 3441 1733 3509 monuistis,
1767 3442 1838 3497 ad

239 3534 381 3598 haec,
411 3532 634 3603 Optime,
656 3530 878 3601 praesul,
903 3545 1013 3584 non
1033 3530 1211 3601 magis
1241 3529 1516 3585 humiliter
1543 3545 1703 3600 quam
1734 3546 1838 3585 ve-

241 3620 446 3677 raciter
475 3620 872 3691 respondemus
903 3618 1161 3690 quoniam
1195 3633 1298 3674 nec
1317 3625 1557 3673 vestrum
1586 3626 1703 3674 erat
1757 3619 1840 3676 sic

240 3725 344 3766 nos
375 3725 476 3781 per
509 3724 606 3764 eos
635 3723 885 3774 monere,
914 3723 1016 3762 nec
1045 3722 1260 3774 eorum,
1288 3707 1433 3778 quod
1462 3707 1736 3778 sapienter
1752 3707 1837 3764 vi-

244 3805 520 3864 taverunt,
555 3798 702 3853 hanc
727 3803 964 3853 vestram
997 3795 1352 3852 monitionem
1385 3796 1689 3868 suscipere.
1720 3797 1838 3852 Mo-

241 3887 378 3943 nitio
407 3902 646 3958 namque
701 3886 852 3956 (251)
883 3884 1226 3956 huiusmodi,
1271 3884 1417 3956 quod
1447 3900 1546 3941 vos
1589 3885 1840 3956 ignorare

248 3991 362 4031 non
407 3975 706 4040 credimus,
771 3989 880 4029 non
915 3990 1012 4045 per
1064 3989 1163 4029 eos
1190 3973 1282 4044 qui
1330 3974 1692 4044 impetuntur,
1742 3973 1842 4030 sed

245 4081 348 4136 per
373 4079 469 4120 eos
501 4064 592 4134 qui
622 4063 906 4134 impetunt,
959 4062 1073 4117 sive
1100 4078 1202 4134 per
1229 4061 1362 4116 alios
1384 4061 1584 4130 judicis
1631 4062 1842 4135 legatos

246 4153 410 4209 debet
445 4152 586 4208 fieri.
625 4151 863 4224 lmpetiti
893 4158 1074 4206 autem
1121 4150 1167 4204 si
1195 4150 1525 4222 legationem
1565 4159 1753 4208 contra
1783 4167 1842 4207 se

248 4241 613 4312 susciperent,
638 4240 794 4312 quasi
823 4239 1076 4305 cultrum,
1099 4255 1206 4311 quo
1221 4239 1620 4312 jugularentur,
1654 4256 1843 4296 secum

249 4337 558 4402 portarent.
601 4330 658 4385 Si
701 4329 820 4401 quis
849 4329 1003 4384 aliter
1040 4329 1244 4384 sentire
1291 4328 1542 4395 voluerit,
1572 4329 1844 4385 ecclesia-

252 4420 389 4476 stica
420 4419 529 4475 sibi
553 4419 730 4474 deerit
774 4417 1088 4484 auctoritas,
1123 4425 1178 4472 et
1206 4417 1308 4472 erit
1335 4433 1438 4489 pro
1493 4417 1705 4473 ratione
1735 4433 1842 4474 vo-

252 4508 460 4564 luntas.
518 4507 599 4564 De
638 4507 810 4574 vobis,
870 4506 1189 4564 charissime
1247 4507 1429 4572 Pater,
1490 4507 1846 4562 vehementer

1936 1914 2230 1985 diligimus.
2269 1915 2454 1971 Valete
2486 1915 2539 1970 in
2572 1916 2822 1982 Domino,
2857 1917 3018 1973 Pater
3047 1927 3262 1975 sancte.

2402 2037 2743 2094 EPISTOLA
2773 2037 3034 2095 XXXIV.

1936 2150 2184 2220 Banul/o
2213 2151 2656 2208 Santonensium
2683 2152 2989 2209 venerabili
3002 2156 3276 2227 episcopo,
3305 2156 3530 2213 domino

2005 2254 2104 2294 suo
2131 2242 2187 2293 et
2203 2239 2558 2310 precordiali
2573 2242 2774 2310 amico,
2800 2242 3088 2313 Goffridus
3119 2246 3180 2299 Β.
3203 2247 3362 2301 Petri
3380 2247 3529 2303 allo-

2008 2327 2247 2392 diarius,
2270 2329 2596 2400 (equitatem
2618 2331 2869 2400 diligere,
2893 2335 2948 2387 et
2968 2332 3088 2389 odio
3102 2333 3303 2392 habere
3315 2335 3530 2406 iniqui-

2009 2419 2069 2470 ta
2077 2419 2186 2471 tem
2200 2457 2212 2469 .

2009 2539 2322 2595 Terminum
2355 2557 2518 2613 quem
2547 2542 2847 2598 mandastis
2863 2553 3146 2617 gratanter
3160 2548 3528 2621 suscepimus,

1939 2626 1984 2680 si
2017 2635 2195 2682 tamen
2230 2627 2447 2683 interim
2478 2646 2544 2684 ex
2573 2630 2808 2703 integro,
2835 2633 3078 2704 sicutjus
3100 2636 3530 2694 ecclesiasticum

1939 2715 2124 2787 exigit,
2148 2716 2386 2773 investiti
2433 2718 2732 2774 fuerimus.
2763 2721 2821 2775 In
2853 2721 3094 2778 decretis
3125 2725 3271 2780 enim
3328 2727 3530 2782 Roma-

1939 2820 2135 2860 norum
2167 2805 2488 2877 pontificum
2536 2806 2771 2880 legimus
2791 2811 2936 2880 quod
2963 2827 3126 2869 nemo
3184 2815 3255 2870 ad
3283 2831 3533 2888 compro-

1939 2893 2242 2962 vincialem,
2276 2894 2390 2950 sive
2411 2893 2482 2949 ad
2513 2896 2828 2962 generalem
2859 2900 3130 2969 synodum
3161 2903 3312 2974 (2.53)
3345 2907 3530 2961 vocari

1939 2981 2120 3048 debet,
2153 2983 2244 3038 vel
2277 2982 2332 3036 in
2361 2983 2542 3054 aliquo
2567 2984 3164 3058 judicariexspoliatus.
3183 2991 3251 3045 Et
3279 2993 3329 3047 si
3345 3003 3534 3051 contra

1937 3069 2071 3136 hare,
2105 3070 2266 3126 vobis
2296 3071 2692 3140 consentiente,
2745 3089 2846 3129 nos
2876 3075 3216 3134 deinvestire
3258 3088 3310 3134 et
3331 3097 3533 3154 exspo-

1899 3217 1912 3237 ε
1941 3157 2074 3213 liare
2101 3158 2389 3231 quisquam
2440 3161 2747 3227 tentaverit,
2789 3161 3056 3219 adversus
3103 3169 3534 3227 consentientem

1943 3246 2150 3318 pariter
2176 3255 2228 3302 et
2254 3248 2543 3304 tentatoris
2593 3251 3100 3322 praesumptionem,
3145 3255 3349 3312 domini
3378 3274 3536 3331 papae

1944 3336 2272 3391 audientiam
2303 3337 2660 3408 appellamus,
2695 3337 2852 3410 cujus
2881 3341 3147 3412 speciales
3199 3343 3290 3400 filii
3323 3363 3532 3403 sumus.

1944 3423 2133 3479 Valete
2166 3442 2178 3491 ;
2209 3432 2262 3480 et
2288 3425 2504 3481 netalia
2522 3425 2635 3482 ﬁeri
2648 3428 2999 3498 permittatis,
3015 3447 3117 3502 pro
3134 3433 3332 3504 quibus
3347 3436 3539 3493 intole-

1945 3512 2135 3568 rabilis
2171 3515 2332 3583 149
2363 3513 2518 3569 labor
2547 3515 2702 3571 vobis
2735 3524 3010 3586 nascatur,
3043 3521 3191 3591 quod
3235 3537 3347 3578 non
3374 3531 3536 3596 opta-

1944 3618 2089 3670 rrus,
2122 3603 2323 3674 optime
2351 3603 2576 3675 praesul,
2611 3605 2902 3676 providere
2931 3606 3169 3665 debetis.

2418 3743 2772 3801 EPISTOLA
2802 3747 3037 3804 XXXV.

1948 3850 2201 3921 Iianulfo
2220 3849 2471 3906 honestce
2487 3853 2618 3908 vitae
2633 3854 2902 3926 episcopo,
2925 3856 3214 3928 Cof/rillus
3235 3862 3358 3928 eius
3383 3880 3536 3935 pra:-

2018 3939 2284 3996 cordialis
2305 3941 2543 4010 amicus,
2567 3947 2899 3999 constanter
2919 3946 3251 4005 inomnibus
3293 3956 3534 4023 operari.

2020 4054 2316 4121 Judicium,
2351 4055 2498 4126 quod
2529 4071 2626 4111 vos
2657 4064 2710 4112 et
2738 4072 2840 4112 nos
2867 4058 3155 4117 vobiscum
3172 4061 3543 4133 fecimus,ani-

1949 4159 2069 4198 mos
2106 4142 2426 4199 aemulorum
2465 4152 2781 4202 nostrorum
2813 4147 3166 4206 vehementer
3216 4156 3538 4226 commovit,

1949 4232 2191 4298 adeo,uti
2223 4231 2352 4286 mihi
2382 4233 2613 4288 relatum
2643 4243 2743 4304 est,
2778 4240 2924 4307 quod
2949 4237 3019 4292 ad
3039 4242 3292 4313 eum,qui
3315 4243 3540 4302 sinistra

1951 4335 2172 4391 semper
2197 4320 2448 4393 graditur
2475 4321 2581 4388 via,
2614 4337 2718 4378 vox
2754 4338 2942 4379 eorum
2971 4341 3144 4383 rauca
3200 4334 3535 4401 pervenerit.

1953 4409 2198 4477 Quorum
2227 4408 2483 4465 latrantia
2512 4425 2611 4466 ora
2667 4413 2891 4468 veritate
2915 4423 3227 4472 sanctorum
3274 4435 3543 4479 canonum

1954 4507 2006 4554 et
2034 4496 2265 4568 potestis
2295 4497 2400 4553 Dei
2457 4499 2652 4569 gratia,
2687 4508 2741 4556 et
2794 4501 3011 4558 debetis
3042 4504 3341 4575 obstruere,
3404 4515 3460 4566 et
3488 4511 3542 4567 in

254 4597 539 4664 miramur,
569 4596 656 4669 qui
690 4595 976 4668 privilegia
997 4596 1254 4652 Romanae
1280 4593 1564 4658 Εοοιθείω,
1601 4613 1723 4668 quae
1737 4598 1843 4652 ha-
1873 4576 1925 4636 D
1952 4585 2188 4642 rebelles
2204 4585 2329 4640 illos
2355 4601 2646 4642 censuram
2674 4588 3063 4648 ecclesiastica
3090 4593 3390 4666 disciplinis
3420 4600 3544 4654 totis

255 4688 469 4752 bemus,
502 4695 554 4741 et
583 4685 793 4741 vidistis
841 4701 986 4756 saepe
1017 4693 1069 4739 et
1111 4683 1360 4756 legistis;
1393 4692 1446 4740 et
1472 4686 1590 4741 haec
1632 4683 1842 4753 omnia,

254 4791 357 4846 pro
414 4775 610 4847 quibus
630 4774 928 4831 adversarii
982 4773 1154 4829 nostri
1183 4781 1372 4829 contra
1427 4789 1529 4829 nos
1584 4773 1843 4841 clamant,

255 4864 400 4920 nodo
431 4864 746 4935 apostolica:
776 4864 989 4920 virtutis
1017 4862 1348 4918 monasterio
1385 4871 1571 4918 nostro
1600 4863 1845 4919 indisso-

257 4953 498 5009 lubiliter
525 4969 650 5010 esse
679 4951 908 5019 ﬁrmata,
955 4952 1196 5025 legendo
1225 4951 1534 5008 invenistis.
1574 4954 1635 5006 In
1653 4952 1848 5025 quibus

331 5161 477 5231 (249)
511 5160 809 5232 Gof/‘ridus
838 5161 1258 5216 Tauniacensis.
1290 5157 1609 5232 Tauniacus‘
1643 5155 1850 5232 duplex

260 5231 315 5286 in
342 5228 1037 5303 Santonis'praelabentium
1070 5232 1356 5287 fluviorum
1386 5229 1698 5303 nominibus
1715 5228 1850 5303 ‘dis-

260 5303 578 5396 tinguuntur
609 5299 783 5368 {nam
843 5303 1017 5358 altera
1064 5303 1357 5358 Carautoni
1413 5300 1628 5366 dicitur,
1681 5299 1852 5356 altera

263 5375 567 5430 Vultonnae.

333 5446 479 5516 (250)
508 5447 744 5502 Absente
773 5459 859 5500 eo.
889 5444 1059 5514 Supra
1090 5443 1252 5514 epist.
1287 5448 1376 5516 28.

332 5511 738 5597 ςὲδίλῦιοηὶιίο
795 5511 1062 5587 namque.
1109 5511 1311 5573 Judicii
1340 5513 1577 5572 vocatio.
1633 5511 1739 5567 lib.
1789 5529 1850 5580 ιι,

262 5589 822 5728 Ερέἒῐέἳξθὸεβηίιαηῑ
843 5657 929 5712 vel
949 5657 1310 5713 distractum.
1330 5653 1685 5728 Privilegium
1707 5653 1852 5709 Gre-

261 5729 404 5801 gorii
419 5727 548 5801 AVII,
562 5745 576 5801 _:
609 5729 668 5783 Si
679 5727 803 5801 qu_is
819 5743 944 5784 vero
961 5729 1359 5801 contraiillum
1381 5730 1441 5783 Β.
1473 5727 1636 5801 Petri
1657 5727 1854 5801 _locum_

257 5797 361 5873 pro
373 5799 653 5871 aliquibus
670 5797 834 5873 rebus
849 5801 1080 5855 causari
1096 5799 1357 5873 voluerit,
1374 5815 1488 5854 non
1509 5798 1561 5853 ei
1581 5797 1748 5873 abbas
1768 5797 1855 5852 vel

261 5868 353 5941 Ϊνα
361 5868 474 5926 tres
487 5868 1190 5940 respondeant,antequam
1207 5871 1518 5925 Romanum
1530 5868 1853 5939 pontiﬁcem

1218 6063 1248 6081 ν

1952 4674 2160 4731 viribus
2181 4690 2462 4741 exercere,
2495 4683 2553 4730 ut
2580 4676 2666 4732 vel
2698 4677 2778 4732 sic
2806 4690 3142 4751 cognoscant
3183 4698 3347 4754 quam
3377 4702 3544 4757 grave

1955 4765 2028 4820 sit
2056 4763 2317 4835 episcopo
2348 4780 2446 4820 suo
2468 4765 2613 4834 juste
2635 4765 2900 4834 iudicanti
2921 4783 3030 4824 non
3057 4770 3310 4828 obedire.
3346 4775 3548 4833 Aucto-

1956 4853 2117 4910 ritate
2147 4869 2390 4924 namque
2418 4853 2664 4909 Toletani
2713 4855 2930 4911 concilii
2963 4859 3131 4930 (254),
3190 4859 3409 4917 illorum
3438 4864 3545 4920 im-

1955 4949 2183 5012 portuna
2210 4941 2400 5015 lingua
2429 4942 2752 5013 refrenatur,
2783 4960 2907 5000 cum
2928 4944 3126 5002 dicitur
3158 4966 3171 5002 :
3203 4949 3347 5016 Quia
3378 4953 3548 5010 cleri-

1958 5150 2282 5215 consulant,
2306 5149 2436 5220 quia
2453 5148 2718 5220 quidquid
2728 5149 2851 5206 sine
2864 5155 3056 5210 nostra
3068 5155 3154 5209 vel
3163 5171 3547 5218 successorum

1959 5220 2509 5302 nostrorumjudicio
2524 5220 2828 5302 tie/{initum
2844 5224 2962 5302 sine
2972 5224 3322 5302 distractum
3332 5234 3540 5302 luerit,

1958 5295 2193 5350 irritum
2212 5292 2342 5347 erit.
2363 5291 2496 5345 Item
2529 5291 2731 5345 Urbani
2760 5291 2830 5356 II,
2868 5297 3025 5349 1099.

2029 5364 2384 5450 (βωλλῖίξνηίξ
2419 5361 3108 5450 αξίίέέίηαίὲωλι-Ειξξθδψε
3152 5383 3292 5450 μορε
3320 5371 3384 5450 in.
3434 5375 3552 5446 epi-

1959 5431 2096 5515 stola
2127 5431 2196 5515 ad
2224 5431 2625 5515 Alexandrinos
2656 5440 2708 5514 et
2733 5434 3014 5515 Egyptios
3033 5438 3102 5515 de
3145 5431 3417 5515 episcopis
3446 5431 3549 5502 ἐκ..

1960 5505 2212 5581 spoliatis
2239 5521 2250 5557 :
2266 5504 2420 5581 Quos
2434 5505 2647 5581 sciatis,
2668 5503 2860 5581 inquit,
2874 5503 2979 5563 nec
3013 5508 3086 5564 ad
3099 5503 3380 5581 synodum
3393 5532 3550 5574 com-

1957 5575 2385 5651 provincialem,
2402 5591 2509 5651 nec
2537 5575 2608 5630 ad
2622 5577 2948 5646 generalem
2958 5575 3343 5650 posse'vocari,
3361 5602 3466 5642 nec
3485 5589 3549 5645 in

1960 5645 2434 5723 aliquojudicari,
2470 5645 2780 5723 antequam
2810 5645 3280 5723 c-uncta,qu¢eeis
3321 5645 3551 5715 sublata

1961 5717 2127 5794 sunt,
2144 5717 2349 5794 legibus
2378 5717 2652 5794 potestati
2672 5733 2876 5794 eorum,
2900 5717 3388 5794 redintegrentur.
3429 5727 3546 5786 Lib.

1963 5809 2022 5858 ιι,
2045 5787 2210 5862 epist;
2227 5791 2316 5862 397
2339 5807 2352 5852 ;
2375 5787 2480 5862 lib,
2503 5802 2575 5854 iv,
2615 5787 2784 5862 epist.
2824 5790 2918 5846 12.

2039 5857 2191 5933 (itm
2223 5857 2742 5916 Toletaniconcilii.
2775 5876 2854 5930 IV,
2885 5876 3006 5920 can.
3032 5863 3130 5921 48.
