3940 6422
180 416 290 474 137

1430 407 1808 471 EPISTOL/E.
1869 443 1939 454 —
1969 412 2095 468 LIB.
2147 407 2243 468 III.

3389 405 3495 469 133

180 544 406 613 fecerat,
437 557 469 598 a
497 541 719 599 domino
749 556 893 612 papa
920 546 972 597 et
1000 555 1033 597 a
1061 540 1218 600 vobis
1247 540 1418 596 fuerat
1464 555 1785 595 excommu-
1814 540 1870 603 Α
1899 539 1966 594 sit
1994 538 2148 597 vobis
2187 535 2466 595 taediosum
2519 533 2808 611 corrigere.
2867 537 3188 603 Guillelmus
3241 539 3491 596 Oleronis

182 634 412 701 nicatus,
446 640 497 688 et
527 633 581 687 in
612 632 728 704 ipsa
753 631 1309 688 excommunicatione
1342 630 1489 699 justo
1543 629 1639 685 Dei
1688 629 1784 700 ju-

183 722 331 777 dicio
361 729 673 792 peremptus
699 729 796 788 est,
828 728 883 775 et
909 721 1032 775 ideo
1065 721 1254 775 merito
1284 719 1484 774 exstitit
1515 734 1546 774 a
1591 734 1788 774 cmme-

188 811 325 864 terio
356 811 580 865 alienus.
615 811 803 864 Postea
831 825 958 866 vero
988 809 1237 878 precibus
1282 808 1465 863 uxoris
1519 808 1678 875 illius,
1736 815 1790 860 et

191 900 385 970 pretio,
419 907 476 953 ut
534 898 753 968 quidam
811 898 1016 962 dicunt,
1069 906 1368 966 corruptus,
1423 897 1790 951 excommuni-

190 995 333 1052 cato,
367 987 888 1040 excommunicatum
914 987 1063 1040 illum
1109 986 1222 1040 sine
1279 985 1642 1040 satisfactione
1697 983 1791 1039 ab-

192 1071 474 1138 solvendo,
517 1071 970 1138 communicastis,
1026 1078 1076 1124 et
1132 1069 1486 1140 ptmsentibus
1541 1068 1792 1124 fratribus

193 1161 408 1226 nostris,
440 1175 539 1228 per
567 1175 702 1229 quos
730 1161 830 1228 15
842 1161 889 1228 2
949 1159 1158 1230 injuriae
1215 1167 1410 1214 nostra:
1467 1159 1520 1212 in
1575 1158 1793 1213 auribus

195 1249 386 1305 vestris
409 1248 750 1315 resonabant,
785 1264 905 1317 quae
935 1249 1110 1303 adhuc
1148 1264 1398 1303 resonare
1425 1263 1532 1302 non
1562 1255 1789 1316 cessant,

196 1353 394 1408 corpus
423 1336 541 1406 ejus
569 1337 872 1406 saepultura:
895 1338 1124 1408 ipsemet
1143 1337 1449 1392 tradidistis.
1471 1337 1794 1392 Auctoritate

201 1433 384 1480 tamen
415 1432 720 1480 sanctorum
751 1441 1018 1480 canonum
1049 1429 1199 1496 (262)
1255 1424 1479 1480 ﬁrmiter
1534 1433 1793 1494 tenemus,

205 1523 259 1569 et
315 1515 618 1569 nullatenus
674 1513 1002 1582 dubitamus,
1061 1515 1188 1584 quia
1241 1513 1435 1585 quibus
1490 1514 1628 1571 vivis
1689 1529 1798 1568 non

191 1603 676 1670 communicamus,
709 1619 810 1658 nec
840 1603 1063 1658 mortuis
1083 1603 1484 1658 communicare
1505 1601 1794 1672 debemus;

200 1699 254 1746 et
282 1691 371 1760 qui
401 1691 557 1746 aliter
587 1691 793 1757 fecerit,
833 1691 878 1745 si
908 1691 1075 1746 laicus
1102 1699 1200 1760 est,
1231 1691 1396 1746 debet
1421 1698 1474 1746 et
1528 1691 1644 1761 ipse
1697 1708 1798 1745 ex-

201 1779 590 1834 communicari
625 1795 638 1846 ;
672 1779 716 1832 si
747 1779 988 1848 clericus,
1021 1780 1383 1850 cujuscunque
1413 1779 1686 1852 dignitatis
1715 1779 1801 1836 vel

1891 629 2210 698 pmpositus
2237 628 2408 698 (264),
2432 635 2486 682 et
2539 627 2761 698 quidam
2817 627 2968 698 alter,
3027 629 3191 684 Astho
3247 629 3485 693 nomine.

1893 717 1986 771 sed
2016 733 2246 786 nequam
2277 715 2561 770 crudeliter
2606 733 2774 773 novas
2827 716 3108 787 quasdam,
3169 725 3222 773 et
3271 717 3488 787 praede-

1893 821 2160 861 cessurum
2192 813 2492 861 nostrorum
2531 807 2690 875 153
2725 805 3058 875 temporibus
3099 807 3310 876 penitus
3363 806 3488 862 inu-

1893 895 2074 948 sitatas
2101 895 2409 949 exactiones
2441 895 2590 948 terris
2647 894 2840 950 nostris
2881 895 3142 950 violenter
3197 896 3488 964 impresse-

1895 991 2035 1050 runt,
2067 999 2199 1052 quas
2246 982 2400 1039 vobis
2455 983 2648 1036 melius
2701 981 2882 1038 dicent
2937 984 3124 1038 fratres
3179 984 3343 1039 nostri
3397 993 3506 1054 qui

1899 1089 2085 1128 eorum
2119 1073 2370 1142 angarias
2393 1079 2760 1142 portaverant.
2793 1073 2906 1127 Nos
2957 1080 3157 1142 autem,
3217 1073 3318 1128 ista
3373 1073 3498 1129 licet

1897 1176 2028 1217 vera
2055 1161 2180 1228 sint,
2212 1160 2410 1216 idcirco
2441 1177 2550 1216 non
2608 1160 2899 1232 loquimur,
2959 1161 3084 1231 quia
3139 1160 3498 1217 excusabilius

1901 1258 1981 1304 est
2008 1250 2170 1304 etiam
2201 1266 2329 1305 vera
2358 1249 2607 1320 quaedam
2639 1249 2861 1305 reticere
2888 1266 3050 1319 quam
3091 1249 3329 1320 qualibet
3373 1265 3498 1320 sug-

1899 1339 2142 1410 gestione
2170 1339 2367 1393 lineam
2398 1338 2636 1394 veritatis
2683 1338 2964 1394 excedere.
3026 1339 3160 1394 Vitae
3218 1337 3501 1394 laudabilis

1899 1427 2111 1498 praesul,
2142 1427 2406 1482 malorum
2453 1427 2659 1482 semina
2690 1427 2835 1482 nulla
2862 1427 3147 1482 occasione
3197 1427 3499 1481 dissimule-

1903 1517 1970 1571 tis
1999 1531 2014 1586 ;
2048 1516 2143 1571 sed
2175 1532 2305 1570 mox
2334 1525 2394 1571 ut
2421 1517 2546 1571 oriri
2578 1517 2860 1586 cmperint,
2894 1516 3150 1572 radicitus
3194 1517 3498 1588 amputatis.

1905 1605 2134 1660 Arbusta
2158 1605 2376 1672 etenim,
2403 1605 2446 1659 si
2511 1605 2688 1660 statim
2731 1613 2790 1659 ut
2845 1605 3086 1674 plantata
3139 1612 3262 1660 sunt
3313 1620 3510 1660 concu-

1909 1693 2123 1762 tiuntur,
2154 1693 2382 1749 radicari
2411 1709 2518 1748 non
2549 1702 2770 1765 possunt
2800 1709 2814 1762 ;
2845 1694 2889 1748 si
2940 1710 3070 1751 vero
3126 1694 3323 1749 diutius
3377 1695 3506 1751 tole-

1903 1789 2104 1850 rantur,
2136 1782 2294 1836 altius
2320 1781 2557 1837 radicem
2586 1781 2777 1854 figunt,
2811 1791 2864 1838 et
2899 1797 3019 1853 quae
3067 1783 3216 1853 prius
3261 1790 3508 1854 poterant

199 1867 404 1923 ordinis
429 1869 514 1936 sit,
539 1868 700 1922 debet
726 1868 940 1937 penitus
967 1867 1274 1940 degradari.
1309 1868 1512 1939 Valete,
1571 1876 1624 1924 et
1677 1885 1797 1939 qua
1825 1899 1880 1964 Β
1909 1871 2057 1942 quasi
2088 1872 2202 1926 sola
2231 1887 2393 1926 manu
2424 1879 2475 1925 et
2501 1870 2705 1941 absque
2753 1869 3067 1926 difﬁcultate
3123 1869 3303 1940 avelli,
3363 1889 3504 1927 nun-

200 1957 344 2011 dieta
375 1965 497 2010 sunt
523 1956 796 2028 sapienter
823 1956 1102 2014 advertite.

657 2098 992 2154 EPISTOLA
1027 2098 1339 2153 XXXVIII.

199 2209 542 2266 Charissimo
573 2209 798 2264 domino
829 2212 884 2262 et
913 2208 1276 2280 praeordiali
1305 2208 1489 2264 amico
1511 2209 1677 2263 Petro
1697 2209 1802 2264 ho-

272 2297 520 2354 norabili
548 2297 994 2380 Sgntonensium
1025 2299 1278 2368 episcopo
1302 2296 1474 2367 (263),
1501 2295 1804 2368 Goffridus

282 2387 705 2444 l’indocinensis
737 2386 1068 2441 monasterii
1090 2385 1328 2441 humilis
1357 2400 1570 2450 servus,
1589 2385 1804 2441 oratio-

275 2493 414 2532 num
444 2476 792 2531 instantiam
822 2491 956 2531 cum
979 2490 1143 2546 pura:
1171 2474 1502 2530 dilectionis
1557 2477 1800 2546 affectu.

277 2609 539 2665 Absentes
567 2609 784 2680 quidem
821 2624 1065 2678 corpore,
1122 2608 1217 2663 sed
1268 2617 1559 2678 praesentes
1615 2608 1808 2663 mentis

203 2699 519 2762 devotione,
578 2697 905 2754 venerabilis
956 2699 1130 2766 Pater,
1188 2713 1288 2767 pro
1345 2697 1637 2766 beneﬁciis,
1687 2713 1808 2766 qua:

203 2788 367 2842 nobis
395 2787 590 2858 saepius
619 2787 902 2855 exhibetis,
936 2786 1091 2842 vobis
1127 2787 1329 2858 gratias
1376 2785 1666 2854 reddimus,
1717 2803 1808 2840 cu-

199 2879 296 2949 jus
324 2877 595 2931 charitatis
623 2877 805 2948 ignem
843 2884 986 2930 tanto
1017 2892 1146 2948 erga
1177 2891 1274 2930 nos
1299 2875 1658 2930 ardentiorem
1693 2891 1808 2930 esse

203 2965 567 3037 cognovimus
601 2971 822 3034 quanto,
853 2971 1038 3018 contra
1067 2977 1159 3018 eos
1188 2963 1278 3034 qui
1333 2963 1402 3019 de
1455 2963 1613 3018 nobis
1665 2979 1810 3034 qua:-

203 3061 417 3122 runtur,
451 3061 628 3108 vester
654 3053 982 3108 constantior
1009 3053 1185 3106 existit
1213 3052 1442 3107 animus.
1503 3052 1570 3106 Et
1623 3067 1812 3121 quam-

205 3143 296 3198 vis
325 3141 517 3214 dignas
563 3141 766 3196 meritis
793 3141 984 3196 vestris
1009 3148 1190 3212 grates
1235 3156 1345 3195 non
1399 3139 1674 3197 valeamus
1728 3156 1810 3195 re-

1911 1976 2070 2029 quam
2101 1960 2216 2015 sine
2243 1960 2434 2028 securi,
2467 1968 2522 2014 et
2548 1959 2640 2016 vix
2677 1976 2799 2014 cum
2829 1961 3022 2028 securi,
3047 1960 3231 2018 volent
3255 1959 3508 2030 deinceps

1910 2049 2212 2118 exstirpari.
2247 2049 2325 2102 Ex
2359 2050 2457 2102 hac
2504 2048 2666 2118 igitur
2719 2048 3070 2104 similitudine
3117 2049 3274 2103 facile
3323 2049 3510 2106 adver-

1913 2137 2038 2190 titur
2065 2135 2278 2206 quodsi
2310 2136 2364 2190 in
2393 2136 2569 2205 primo
2627 2136 2830 2205 impetu
2890 2136 3124 2191 inimicis
3178 2144 3379 2190 sanctae
3426 2153 3512 2191 ec-

1911 2225 2086 2280 chsia:
2134 2225 2359 2280 minime
2413 2225 2690 2293 resistitur,
2749 2241 2936 2280 eorum
2994 2225 3184 2280 crescit
3238 2226 3509 2296 iniquitas,

1912 2322 1966 2369 et
2017 2313 2296 2368 resistendi
2349 2313 2572 2368 facultas
2626 2313 2904 2368 minuitur.
2991 2314 3178 2369 Valeat
3261 2312 3516 2368 dominus

1912 2410 2095 2458 noster
2146 2403 2450 2472 episcopus,
2508 2401 2576 2458 de
2631 2401 2787 2472 cujus
2843 2403 3139 2458 constantia
3193 2410 3248 2457 et
3297 2403 3516 2474 justitie

1915 2491 2220 2562 integritate
2251 2491 2473 2546 omnino
2501 2489 2840 2546 conﬁdimus.

2398 2633 2730 2690 EPISTOLA
2769 2633 3030 2689 XXXIX.

1919 2755 2261 2813 Charissimo
2278 2757 2502 2814 domino
2515 2761 2570 2813 et
2589 2759 3121 2831 prtecordiatissimo
3141 2761 3326 2818 amico
3350 2763 3514 2819 Petro

1987 2846 2332 2902 honorabilis
2362 2847 2492 2902 vitae
2513 2847 2786 2920 episcopo,
2817 2847 3106 2920 Go/‘fridus
3140 2849 3513 2910 Vindocinen-

1985 2935 2064 2990 sis
2093 2935 2430 2992 monasterii
2451 2934 2690 2992 humilis
2713 2952 2927 3005 servus,
2951 2937 3202 2994 salutem
3231 2956 3266 2994 α
3296 2941 3432 3008 Deo,
3455 2945 3515 2996 et

1985 3040 2020 3079 a
2047 3038 2107 3080 se
2133 3039 2294 3095 pura:
2313 3022 2638 3080 dilectionis
2661 3024 3005 3096 obsequium.

1990 3151 2324 3221 Audivimus,
2355 3152 2697 3209 dilectissime
2754 3153 2927 3222 Pater,
2986 3155 3306 3212 Rainaldum
3365 3157 3508 3213 Che-

207 3230 472 3325 pendcrc,
505 3230 679 3284 adhuc
711 3237 890 3285 tamen
918 3229 986 3325 de
1014 3237 1191 3325 Vestra
1238 3228 1476 3285 bonitate
1533 3244 1642 3284 ηοῐι
1697 3245 1808 3283 ηιθ-
1834 3258 1885 3325 C
1914 3241 2139 3298 snellum
2171 3243 2320 3311 (2653)
2348 3241 2600 3296 clericum
2630 3249 2865 3298 vestrum
2923 3258 3045 3298 cum
3103 3243 3308 3300 domno
3343 3246 3508 3316 154

207 3320 467 3374 diocriter
493 3325 896 3388 praesumentes,
945 3318 1218 3372 humiliter
1269 3333 1525 3390 rogamus
1576 3325 1634 3372 ut
1688 3333 1809 3387 qua

211 3409 273 3462 in
299 3408 610 3478 episcopatu
639 3414 817 3464 vestro
855 3413 1040 3460 contra
1097 3421 1195 3461 nos
1251 3405 1444 3476 injuste
1492 3405 1642 3476 ﬁunt,
1701 3421 1807 3460 non

289 3587 438 3654 (262)
467 3587 820 3642 Auctoritate
847 3600 1154 3642 canonum.
1187 3583 1294 3640 Leo
1342 3584 1555 3640 Rustico
1600 3583 1808 3641 Narbo-

215 3658 369 3712 nensi
395 3677 406 3712 :
425 3659 530 3713 Nos
544 3661 737 3712 autem
753 3657 951 3728 quibus
971 3657 1285 3712 viventibus
1300 3672 1413 3712 non
1431 3657 1808 3712 communica-

211 3731 420 3796 vimus,
446 3730 696 3784 mortuis
723 3730 1271 3783 communicarenon
1289 3741 1613 3798 possumus.
1648 3729 1808 3781 Inno-

214 3807 424 3854 centius
461 3799 994 3868 Illiarchiepiscopo
1030 3798 1383 3865 Nidrosiensi,
1441 3813 1562 3866 cap.
1619 3801 1683 3852 12
1737 3798 1806 3853 de

214 3870 519 3938 sepulturis:
540 3867 821 3926 Sacrisest
835 3869 1145 3925 canonibus
1163 3870 1595 3935 institutum,ut
1607 3868 1806 3940 quibus

214 3957 334 3998 non
351 3942 896 3996 communicavimus
910 3941 1190 4006 vivis,non
1215 3941 1694 3997 communicemus
1711 3940 1807 3995 de-

213 4013 458 4085 functis,
489 4017 544 4066 et
576 4016 650 4085 ut
669 4015 903 4085 careant
933 4011 1317 4085 ecclesiastica
1346 4011 1664 4085 sepultura,
1711 4011 1808 4085 qui

213 4081 379 4158 prius
398 4087 566 4158 erant
595 4083 663 4158 ab
689 4083 1072 4158 ecclesiastica
1101 4081 1588 4158 unitateprrzcisi,
1609 4081 1806 4158 n_ec’in

216 4152 466 4210 articulo
484 4153 684 4209 mortis
713 4152 976 4224 Ecclesiae
995 4153 1348 4209 reconciliati
1357 4154 1601 4224 fuerint.
1629 4153 1806 4224 Potest

215 4224 474 4280 tamenin
502 4223 1058 4281 excommunicatione
1105 4224 1328 4277 mortuis
1361 4223 1644 4278 absolutio
1703 4223 1803 4276 im-

217 4295 423 4368 pertiri,
454 4304 506 4351 et
534 4302 657 4366 post
679 4294 1384 4368 absolutionem‘sepultura,
1417 4295 1475 4351 C.
1525 4294 1578 4349 A
1619 4293 1800 4362 nobis,

215 4365 284 4424 ite
313 4365 568 4424 sentent.
604 4365 1244 4422 excommunicationis.

289 4439 432 4518 (261;)
467 4441 630 4496 Petro
655 4436 1102 4492 Santonensium
1129 4439 1408 4509 episcopo.
1449 4433 1654 4490 Ranulﬁ
1685 4451 1803 4490 suc-

214 4523 411 4562 (‘CSSOI‘I
421 4548 434 4560 .

287 4581 450 4652 (726i?)
470 4577 804 4652 Guilletmus
820 4577 1073 4652 Olerqnis
1087 4579 1440 4652 pragpositus.
1456 4577 1626 4652 Hujus
1643 4585 1804 4647 atque

213 4649 504 4705 Ilaimerici
535 4649 714 4703 fratris
741 4650 931 4702 iterum
962 4648 1019 4702 fit
1041 4648 1240 4704 mentio
1272 4649 1366 4704 lib.
1398 4665 1453 4703 v.
1503 4649 1660 4718 epist.
1710 4652 1798 4703 21.

215 4722 400 4789 Olero,
432 4720 564 4786 sive,
588 4727 644 4772 ut
673 4720 907 4789 loquitur
951 4719 1222 4789 Sidonius,
1279 4720 1461 4775 Olario
1509 4720 1681 4774 insula
1727 4727 1808 4773 est

213 4792 419 4848 Oceani
449 4790 742 4845 Santonici.
774 4791 856 4846 De
882 4807 988 4861 qua
1015 4791 1217 4846 dictum
1249 4791 1409 4846 etiam
1439 4790 1535 4845 lib.
1567 4806 1606 4858 1,
1647 4790 1803 4859 epist.

214 4867 307 4922 25.
340 4863 569 4918 Uliarius
598 4861 790 4916 Plinio.

288 4935 438 5000 (265)
469 4933 812 4990 Rainaldum
843 4933 1223 4993 Chesnotlum.
1284 4931 1602 4988 Rainaldum
1659 4932 1805 4987 Che-

213 5005 369 5061 snelli
399 5005 536 5059 dixit
562 5004 657 5059 lib.
690 5019 730 5072 1,
758 5005 913 5075 epist.
946 5008 1035 5061 21.

289 5079 440 5146 (266)
473 5076 738 5131 Duettum
755 5147 767 5149 _
785 5073 1022 5149 cepisse.
1046 5075 1510 5149 Monorpachiam,
1532 5073 1805 5149 singulare

215 5144 488 5219 certamen
517 5162 624 5219 quo
662 5144 947 5219 ambiguas
975 5146 1426 5219 disceptationnes
1461 5144 1804 5219 dirimebant,

215 5234 339 5286 qua:
361 5217 632 5272 ordinario
679 5217 884 5286 judicio
942 5218 1212 5274 terminari
1264 5232 1372 5273 non
1425 5223 1691 5286 poterant.
1747 5217 1809 5269 In

220 5236 339 5274 tua:
361 5236 632 5272 orumano
679 5236 884 5286 JUUICIO
942 5236 1212 5274 terminari
1264 5236 1372 5273 non
1425 5236 1691 5286 powranl.
1747 5236 1808 5269 Ill

220 5236 518 5358 diplomate
549 5289 807 5357 Stephani
854 5289 999 5360 regis
1050 5289 1344 5360 Anglorum
1390 5287 1471 5360 ad
1524 5288 1808 5360 nugonem

215 5357 680 5430 archiepiscopum
711 5357 1036 5432 Rothomag.
1066 5357 1156 5432 _De'
1188 5359 1277 5432 his
1305 5359 1400 5432 qui
1436 5357 1684 5432 trebiam
1713 5357 1810 5432 Dei

215 5427 570 5503 inﬁ-in'gunt',
586 5432 721 5486 etin
740 5431 920 5503 trevia
939 5427 1594 5503 Det_t_tomines'occidunt
1603 5427 1812 5484 simili-

219 5499 521 5568 terstatui,
541 5502 1006 5574 quemamdodum
1021 5500 1306 5574 Henricus
1323 5499 1640 5574 avunculus
1656 5513 1812 5574 meus

217 5574 405 5632 teneri
432 5569 746 5640 mandavit,
778 5573 1042 5628 videlicet
1068 5573 1118 5642 si
1142 5572 1450 5642 occisor-em
1494 5570 1702 5642 aliquis
1725 5569 1813 5642 _s_‘n

219 5645 404 5703 trevia
427 5645 523 5716 Dei
552 5643 741 5716 duello
768 5641 1306 5716 probaregvoluerit.‘
1320 5640 1738 5716 duellumillud
1750 5640 1815 5695 in

217 5716 384 5774 curia
411 5715 544 5771 erit.
580 5714 646 5768 Et
670 5711 793 5783 post
818 5715 923 5769 alia
939 5713 1026 5770 ε.ςί
1054 5727 1182 5769 vero
1201 5711 1473 5783 defuerit,
1498 5711 1595 5783 qui
1612 5712 1816 5783 occiso-

216 5804 341 5846 rcm
369 5787 433 5842 in
451 5787 630 5841 trevia
661 5782 759 5856 Dei
783 5784 972 5856 duello
997 5783 1234 5856 probare
1261 5782 1522 5847 voluerit,
1557 5787 1694 5838 tunc
1705 5782 1816 5856 itte

219 5860 434 5931 occisor
448 5873 564 5931 per
576 5855 882 5931 ministros
899 5853 1166 5931 Ecclesia:
1191 5856 1437 5931 uocatus,
1468 5857 1667 5931 aperta
1682 5853 1817 5931 _tege

219 5921 566 6009 judiciifaut
585 5942 738 6000 aqua
756 5927 842 5984 oet
861 5926 986 6000 igni
1000 5939 1060 5985 se
1075 5921 1365 5999 purgabit.
1386 5921 1555 5996 Aqum
1565 5921 1819 5981 nimirum

440 6031 678 6089 ΡΑτιιοι..
728 6028 930 6090 CLVII.

1913 3329 2202 3386 Guillelmo
2235 3331 2500 3385 monacho
2557 3337 2738 3386 nostro
2793 3330 3030 3386 duellum
3070 3332 3277 3403 cepisse
3334 3335 3506 3406 (266),

1913 3419 2119 3474 nullum
2149 3425 2326 3475 tamen
2357 3435 2423 3474 ex
2454 3435 2548 3475 sua
2575 3427 2747 3491 parte,
2780 3420 2866 3476 vel
2923 3436 2990 3477 ex
3049 3428 3202 3492 parte
3256 3423 3506 3478 monachi

1913 3596 2101 3652 calidae
2131 3605 2223 3652 aut
2248 3595 2481 3667 frigidae,
2513 3598 2596 3653 vel
2629 3596 2753 3651 ferri
2783 3596 2934 3669 igniti
2961 3595 3187 3668 judicio.
3219 3598 3359 3654 Nam
3391 3601 3506 3655 haec

1912 3670 2020 3724 alia
2061 3677 2213 3723 erant
2266 3685 2467 3740 genera
2521 3669 2759 3740 vulgaris
2806 3669 3158 3740 purgationis.
3217 3671 3322 3740 Qui
3376 3673 3507 3726 ritus

1913 3756 1944 3794 e
2002 3741 2173 3811 prisco
2228 3739 2574 3811 Francorum,
2641 3739 3188 3810 Germanicarumque
3251 3739 3502 3810 gentium

1914 3810 2062 3864 more
2118 3812 2173 3864 in
2231 3810 2522 3864 Ecclesiam
2579 3811 2707 3864 olim
2764 3821 3026 3880 receptus,
3087 3813 3502 3868 reclamantibus

1913 3882 2037 3936 licet
2067 3881 2317 3936 Ecclesiae
2345 3881 2657 3946 rectoribus,
2690 3881 2767 3934 sic
2824 3883 3049 3936 invaluit
3099 3890 3157 3936 ut
3211 3884 3500 3938 multorum

1913 3952 2228 4007 saeculorum
2305 3953 2644 4007 contentione
2695 3953 2966 4020 impetrari
3024 3953 3113 4006 vix
3169 3955 3402 4022 potuerit
3446 3964 3502 4008 ut

1913 4023 2282 4091 abrogaretur.
2333 4023 2438 4077 Sed
2494 4025 2560 4077 ut
2596 4023 2665 4077 de
2719 4023 2899 4077 duello
2955 4025 3178 4078 seorsim
3234 4025 3496 4092 dicamus,

1913 4093 2078 4148 ﬁebat
2106 4095 2218 4149 haec
2245 4109 2428 4162 pugna
2455 4101 2603 4148 scuto
2633 4102 2686 4147 et
2713 4093 2870 4162 fuste,
2903 4094 2997 4148 lib.
3031 4110 3106 4163 Iv,
3141 4097 3360 4165 capital.
3407 4102 3496 4152 23.

1919 4166 2184 4238 Quicum
2200 4168 2380 4238 scutis
2409 4169 2467 4220 et
2493 4165 2742 4236 fustibus
2769 4165 2832 4238 in
2858 4181 3058 4238 campo
3085 4167 3396 4224 decertent.
3430 4170 3502 4224 Et

1910 4240 1996 4291 29:
2017 4237 2211 4292 Liceat
2227 4237 2280 4292 ei
2294 4240 2495 4292 contra
2512 4251 2694 4292 unum
2717 4251 2792 4292 ex
2807 4236 2945 4308 ipsis
2960 4236 3089 4293 cum
3104 4242 3266 4293 scuto
3280 4243 3337 4294 et
3327 4241 3500 4362 Juste

1910 4307 1972 4362 in
2000 4322 2194 4362 campo
2214 4306 2572 4362 contendere.
2607 4309 2673 4360 At
2711 4323 3018 4362 auanuuam
3042 4308 3124 4362 his
3143 4309 3309 4362 armis
3366 4311 3496 4362 imi-

1907 4307 1984 4378 in,
2000 4322 2201 4378 campo
2214 4306 2572 4363 contendere.
2607 4309 2673 4360 At
2711 4306 3018 4376 quanquam
3042 4308 3124 4362 his
3143 4309 3309 4363 armis
3327 4306 3496 4364 dimi-

1908 4377 2136 4444 cubant,
2155 4377 2245 4432 vix
2276 4385 2453 4432 tamen
2508 4378 2623 4448 sine
2676 4378 2958 4448 sanguine,
3016 4379 3280 4434 interdum
3338 4383 3500 4436 etiam

1909 4464 2014 4503 non
2044 4449 2160 4521 sine
2188 4447 2335 4521 caede
2363 4447 2720 4521 pugnabatur.
2747 4447 3011 4521 Velhanc
3042 4451 3204 4521 igitur
3255 4451 3326 4506 ob
3375 4469 3502 4508 cau-

1907 4535 2022 4575 sam
2053 4519 2420 4574 ecclesiasticis
2449 4521 2718 4589 praecipue
2758 4519 2921 4574 vetita
2968 4519 3084 4576 erat
3119 4525 3500 4578 monomachia

1829 4625 1883 4687 υ
1913 4589 2281 4687 Ἆὲῗέὶῗῗέίί-ῗ.
2314 4589 2989 4687 itieeleaisaast}.va
3046 4599 3104 4672 ιθι
3157 4593 3312 4687 εξρίεξξ·
3373 4597 3497 4676 2*?-

1916 4663 2202 4730 Proptcrea
2231 4662 2284 4716 in
2323 4661 2617 4732 diplomate
2646 4662 2904 4730 Stephani
2955 4663 3099 4732 regis
3149 4661 3388 4719 duellum
3445 4665 3500 4720 in

1913 4733 2061 4805 curia
2114 4733 2259 4805 regis
2308 4732 2597 4805 indicitur;
2635 4733 2706 4805 _in
2761 4733 3120 4805 ecclesiastico
3174 4734 3292 4789 foro
3347 4751 3503 4805 aque

1913 4804 2000 4859 vel
2037 4803 2198 4874 ignis,
2233 4803 2500 4874 purgatio,
2555 4803 2682 4873 quia
2736 4803 3108 4874 ecclesiasticis
3141 4820 3273 4874 non
3326 4803 3502 4862 solum

1913 4819 2000 4859 vel
2037 4819 2178 4927 ignis
2233 4819 2500 4874 purgatio,
2555 4819 2682 4873 quia
2736 4819 3108 4858 ecclesiasticis
3163 4820 3273 4859 non
3326 4819 3502 4862 SOIum

1913 4875 2045 4944 ipsis
2101 4873 2240 4928 uelle
2279 4873 2601 4929 contendere
2629 4890 2737 4929 non
2789 4873 3004 4942 licebat,
3061 4873 3157 4930 sed
3211 4891 3313 4931 nec
3365 4877 3502 4932 alios

1913 4945 2267 5016 committere.
2300 4945 2509 5016 Saepius
2537 4953 2716 5000 tamen
2745 4944 2816 4999 ab
2848 4945 2953 4999 illis
3011 4953 3313 5016 temporum
3365 4949 3500 5004 vitio

1915 5023 2196 5088 utramque
2223 5015 2277 5069 in
2304 5015 2514 5085 partem
2560 5022 2839 5086 peccatum
2897 5023 2994 5072 est.
3053 5015 3212 5086 Quod
3261 5017 3507 5088 subjecta

1917 5087 2086 5158 etiam,
2107 5087 2214 5158 duo
2243 5088 2494 5156 exempla
2533 5093 2829 5154 testantur;
2883 5103 3005 5158 quas
3058 5089 3315 5158 quoniam
3350 5087 3505 5146 vete-

1917 5175 2036 5213 rum
2057 5157 2356 5213 duellorum
2387 5173 2592 5214 morem
2633 5157 2917 5226 illustrant,
2963 5165 3017 5214 et
3069 5157 3505 5216 memorabilium

1917 5237 2178 5306 praeterea
2215 5243 2392 5284 rerum
2428 5229 2692 5306 Anotitiam
2749 5229 3040 5306 continent,
3095 5246 3247 5306 nonJ
3288 5231 3512 5306 indigna

1920 5299 2036 5356 visa
2076 5306 2198 5354 sunt
2251 5315 2372 5370 quae
2425 5299 2480 5354 in
2538 5300 2712 5356 lucem
2769 5299 3127 5370 proferantur.
3186 5299 3431 5358 Alterum
3482 5320 3514 5360 e

1921 5371 2207 5443 Tabulario
2274 5371 2454 5443 Sancti
2510 5371 2688 5443 Albini
2762 5371 3168 5442 Andcgavensis
3237 5375 3515 5443 specimen

1923 5441 2143 5499 exhibet
2169 5440 2348 5514 duelli
2353 5441 2526 5514 oblati
2556 5449 2608 5514 et
2633 5443 2856 5514 accepti,
2889 5440 2984 5497 sed
3036 5459 3147 5498 non
3201 5440 3425 5514 peracti,
3459 5447 3514 5501 in

1923 5513 2285 5569 controversia
2333 5511 2650 5567 Theoderici
2725 5511 2937 5569 abbatis
3009 5529 3134 5570 cum
3197 5511 3517 5577 vicecomite

1924 5583 2230 5651 Toarceusi,
2261 5584 2318 5638 in
2351 5584 2466 5641 haec
2494 5583 2660 5640 verba
2693 5601 2706 5638 :

1924 5679 2242 5740 Haimeriei
2270 5681 2615 5738 viceeomitis
2648 5682 2842 5738 Toarci
2889 5698 3022 5740 eum
3078 5685 3414 5746 Theodorico
3453 5689 3521 5747 S.

2304 5751 2492 5808 Albini
2516 5751 2716 5811 abbate
2733 5757 3142 5814 controuersia.

2004 5875 2034 5929 «_
2069 5852 2268 5929 Notum
2325 5848 2419 5929 ﬁat
2475 5849 2728 5929 omnibus
2780 5851 3115 5929 (’._liristis.nis,
3179 5857 3532 5929 praesentibus

1934 5932 1990 5984 et
2007 5923 2214 5992 futuris,
2244 5921 2390 5996 quod
2446 5922 2748 5983 vicecomes
2801 5921 3202 5998 'I'Oarceusium,
3269 5928 3534 5984 Ilaimcri-

3341 6032 3380 6084 Β
