3940 6400
510 427 612 485 130

1539 419 1870 482 GOFFRIDI
1909 419 2197 480 ABBATIS
2241 417 2795 480 VINDOCINENSIS

3735 422 3832 481 “0

513 563 699 610 testem
731 553 1001 610 habuisse.
1031 551 1188 622 Quod
1219 550 1345 622 quia
1392 550 1574 606 saeculi
1629 550 1778 623 leges
1833 549 1980 606 nulla
2031 565 2108 606 ra-
2133 553 2191 618 Α
2219 567 2374 608 versa
2429 548 2814 606 consuetudine
2869 549 3158 622 praevaleat
3203 551 3488 607 hominum
3569 551 3830 622 iniquitas

511 645 657 700 tione
685 641 796 699 fieri
831 643 1142 715 permittunt
1171 650 1223 696 et
1269 641 1404 696 sacri
1465 655 1700 695 canones
1755 639 1996 708 omnino,
2047 656 2115 694 ne

511 733 624 802 fiat,
685 733 1024 801 interdicunt,
1083 731 1358 786 humiliter
1412 745 1674 800 rogamus
1740 736 1796 783 ut
1851 728 1995 798 quod
2059 729 2113 782 in

514 822 826 893 episcopatu
875 829 1050 876 vestro
1081 819 1150 874 ab
1207 819 1560 873 ecclesiastics
1605 818 1735 874 viris
1789 825 1973 873 contra
2029 833 2114 872 ec-

511 910 834 966 clesiasticas
877 909 1090 982 regulas
1129 916 1516 980 prmsumptum
1558 906 1908 979 dignoscitur,
1941 913 2114 960 vestra

513 999 826 1054 auctoritate
855 998 1061 1054 irritum
1096 996 1189 1052 fiat
1218 1005 1271 1051 et
1301 996 1619 1068 corrigatur,
1684 1011 1750 1048 ne
1812 995 1946 1049 forte
1994 1011 2114 1065 per-

514 1191 606 1232 cus
643 1175 882 1242 nomine,
941 1175 1195 1246 exigebat
1245 1173 1556 1246 ol‘ﬁcialium
1608 1191 1824 1231 suorum
1882 1191 2106 1245 persua-

511 1249 662 1302 sione
691 1247 760 1302 ab
781 1246 976 1301 abbate
1007 1245 1065 1301 S.
1097 1245 1298 1308 Albini,
1328 1247 1663 1302 Theodorico
1717 1245 1956 1310 nomine,
2017 1246 2106 1316 qui

513 1317 723 1374 noviter
785 1334 921 1372 onus
992 1327 1300 1388 susceperat
1361 1317 1590 1384 abbatis,
1666 1316 2103 1372 consuetudinem

515 1389 804 1458 quamdam
837 1389 1151 1456 inauditam,
1183 1397 1236 1444 et
1264 1389 1411 1443 omni
1457 1388 1704 1459 religioni
1759 1389 2101 1454 contrariam,

514 1460 766 1516 videlicet
793 1475 890 1530 pro
919 1459 1130 1515 abbatis
1177 1460 1474 1514 mutatione
1508 1469 1580 1530 iet
1633 1459 1959 1522 relevatione
1996 1459 2107 1530 ab-

513 1531 674 1600 batis,
708 1529 904 1600 equum
935 1547 1100 1585 unum
1130 1538 1342 1585 centum
1387 1529 1702 1596 solidorum,
1762 1538 1853 1584 aut
1907 1529 2108 1583 solidos

514 1609 751 1657 centum.
786 1601 1011 1656 Dicebat
1039 1601 1204 1670 enim,
1235 1602 1372 1656 sicut
1409 1601 1514 1655 illis
1568 1602 1742 1655 fuerat
1793 1608 2106 1672 suggestum

513 1689 546 1728 a
575 1674 763 1728 talium
792 1672 1090 1743 aucupibus
1118 1673 1406 1738 lucrorum,
1457 1672 1599 1741 quod
1646 1672 1969 1741 quicumque
2017 1687 2113 1726 no-

513 1745 652 1799 vitcr
681 1752 951 1799 crearetur
979 1744 1148 1799 abbas
1175 1744 1231 1796 in
1261 1743 1586 1798 monasterio
1618 1743 1674 1797 S.
1707 1743 1907 1810 Albini,
1968 1758 2112 1812 prae-

515 1815 716 1895 dictum
748 1830 846 1895 pro
872 1830 1020 1895 “sua
1059 1813 1421 1895 ordinatione
1453 1813 1831 1895 praejudicimn
1885 1814 2116 1894 solveret

512 1883 834 1941 vicecomiti.
867 1883 1025 1953 Quod
1054 1901 1176 1939 cum
1207 1883 1738 1956 prmdictode’partc
1783 1885 2113 1938 vicecomilis

515 1957 822 2011 nuntiatum
854 1957 1042 2010 fuisset
1073 1955 1275 2023 abbati,
1308 1955 1594 2025 pervidens
1623 1962 1674 2010 et
1719 1955 1820 2009 sibi
1878 1963 1928 2009 et
1983 1972 2110 2008 suc-

515 2028 816 2081 cessoribus
844 2028 954 2081 suis
982 2028 1302 2092 nocituram,
1334 2027 1376 2080 si
1406 2027 1736 2092 redderetur,
1783 2029 1920 2080 hanc
1973 2042 2108 2080 con-

515 2098 854 2152 suetudinem
885 2098 1106 2168 negavit
1134 2099 1343 2152 solvere
1382 2097 1526 2168 quod
1583 2097 1919 2167 intelligebat
1965 2097 2108 2165 exigi

517 2186 765 2240 perverse
819 2167 978 2225 Unde
1004 2169 1201 2224 factum
1232 2175 1308 2222 est
1339 2175 1394 2220 ut
1423 2167 1494 2221 ob
1551 2169 1689 2240 hanc
1743 2184 1959 2223 causam
2017 2185 2111 2237 pe-

516 2239 650 2294 teret
704 2240 1007 2304 Toareium,
1067 2239 1438 2310 vicecomitem
1494 2239 1683 2310 adiret,
1752 2247 1966 2310 paratus
2021 2246 2111 2292 aut

514 2310 674 2365 calidi
705 2311 828 2365 ferri
879 2310 1086 2380 judicio
1138 2309 1431 2382 secundum
1490 2309 1665 2382 legem
1722 2309 2108 2382 monachorum

512 2397 614 2452 per
640 2397 794 2436 suum
829 2382 1100 2436 hominem
1147 2381 1395 2452 probare,
1455 2388 1547 2452 aut
1599 2388 1750 2434 scuto
1807 2389 1860 2434 et
1912 2381 2106 2434 baculo

507 2453 692 2524 juxta?
719 2453 898 2524 legem
962 2452 1298 2524 saecularium
1355 2451 1666 2524 defendere,
1710 2468 1996 2524 nunquam
2034 2451 2106 2524 Ain

513 2521 796 2578 abb'atiam'
823 2523 880 2577 S.
912 2523 1089 2576 Albini
1149 2523 1310 2577 fuisse
1369 2523 1542 2590 istam,
1602 2529 1652 2576 et
1709 2521 1901 2591 injuste
1960 2522 2104 2590 exigi

513 2593 975 2648 consuetudinem.
1010 2595 1196 2649 Utrum
1227 2593 1380 2647 fieret
1407 2596 1618 2660 horum,
1669 2592 2000 2646 vieecomitis
2027 2601 2106 2645 est

509 2663 718 2732 judicio
747 2663 1010 2718 relictum.
1043 2666 1284 2734 Cumque
1343 2663 1431 2717 ille
1486 2663 1720 2717 duellum
1771 2665 1946 2734 potius
2001 2665 2107 2717 elc-

514 2735 700 2806 gisset,
733 2734 926 2790 obtulit
953 2735 1124 2790 abbas
1153 2735 1424 2790 hominem
1457 2734 1514 2788 S.
1537 2735 1736 2806 Albini,
1771 2735 1860 2803 qui
1890 2742 1970 2806 et
2023 2751 2108 2789 sa-

514 2805 847 2862 cramentum
896 2805 1113 2873 faceret,
1171 2814 1223 2860 et
1277 2814 1611 2860 sacramento
1667 2805 1828 2859 ﬁdem
1885 2805 2106 2860 brachio

515 2876 686 2932 daret.
721 2879 928 2931 Interea
977 2877 1308 2932 vicecomitis
1363 2877 1648 2946 optimates
1703 2892 1863 2946 quam
1923 2877 2106 2930 imma-

513 2948 656 3002 niter
684 2950 800 3002 haec
855 2948 1182 3004 consuetudo
1240 2948 1386 3002 omni
1443 2948 1854 3002 Christianitatis
1908 2949 2107 3015 profes-

513 3019 674 3087 sioni,
706 3027 757 3072 et
788 3019 1056 3089 praecipue
1087 3019 1382 3073 monastim
1413 3017 1603 3090 ordini
1643 3021 1809 3090 possit
1836 3017 2102 3090 ioﬂieere,

513 3090 926 3160 perpendentes,
984 3091 1249 3159 simulque
1307 3089 1657 3154 vicecomiti,’
1706 3089 1849 3158 quod
1922 3099 2107 3143 contra

513 3161 686 3215 Deum
717 3168 770 3215 et
797 3169 1009 3215 sanctos
1038 3161 1154 3229 ejus
1183 3169 1236 3215 et
1263 3161 1498 3216 animam
1539 3162 1756 3228 faceret,
1815 3169 2106 3229 protestan-

517 3240 611 3302 tes,
653 3232 910 3301 injustum
970 3231 1374 3302 proclamabant
1431 3249 1545 3285 esse
1600 3247 1700 3300 pro
1757 3240 1863 3284 tam
1923 3232 2104 3300 iniqua

512 3301 712 3357 bellum
745 3303 857 3356 liet‘i
887 3301 1288 3358 consuetudine.
1340 3304 1458 3370 Ipse
1513 3318 1726 3372 quoque
1781 3303 2101 3372 vicecomes,

513 3381 569 3426 ut
596 3374 758 3428 homo
788 3375 1022 3442 prudens
1051 3383 1102 3428 ct
1156 3373 1371 3438 nobilis,
1430 3379 1482 3426 et
1537 3373 1675 3426 bene
1731 3375 2105 3444 morigeratus,

513 3443 634 3498 licet
658 3444 876 3512 juvenis
904 3445 1138 3499 sentiens
1169 3445 1220 3498 in
1252 3445 1546 3514 periculum
1595 3444 1790 3498 animae
1844 3443 1955 3498 sine
2012 3461 2108 3514 pu-

513 3532 678 3585 gnam
721 3517 897 3581 istam,
955 3523 1074 3571 uter
1121 3515 1476 3588 pugnantium
1509 3516 1828 3588 vinceretur,
1860 3531 2104 3588 vergere,

514 3595 754 3668 quze‘aut
782 3593 1057 3668 suumaut
1082 3586 1251 3666 sancti
1283 3592 1500 3668 cogeret
1539 3587 1810 3666 hominem
1871 3587 2108 3666 fortassis

515 3655 684 3710 occidi
720 3671 733 3717 ;
767 3657 992 3711 consilio
1022 3657 1152 3711 inito
1182 3673 1303 3712 cum
1335 3655 1583 3710 ﬁdelibus
1610 3659 1738 3724 suis,
1771 3673 1868 3726 pro
1925 3658 2107 3712 anima

513 3727 682 3795 patris
708 3728 787 3780 sui
813 3727 931 3795 jam
961 3728 1168 3797 pridem
1199 3727 1458 3793 defuncti,
1489 3729 1642 3796 cujus
1695 3729 1812 3797 ipso
1867 3727 1954 3797 die
2011 3746 2105 3782 an-

514 3799 806 3853 niversaria
835 3800 1154 3855 volvebatur
1179 3799 1313 3863 dies,
1347 3816 1445 3851 nec
1474 3813 1580 3851 non
1611 3806 1662 3852 et
1699 3816 1810 3852 suae
1865 3799 2103 3868 quotidie

512 3869 864 3938 periclitantis
894 3871 1082 3936 salute,
1116 3877 1168 3923 et
1197 3878 1252 3923 ut
1282 3869 1452 3924 abbas
1495 3868 1618 3935 sibi,
1652 3870 1914 3938 uxorique
1967 3886 2098 3937 sua),

512 3948 563 3994 et
595 3941 846 3996 fratribus
873 3942 1184 3995 societatem
1233 3941 1384 3994 daret
1429 3939 1674 3994 beneficii
1731 3943 2103 4008 congregatio-

514 4013 597 4065 nis
627 4013 684 4068 S.
715 4012 917 4078 Albini,
951 4013 1155 4066 remisit
1192 4028 1451 4083 pugnam,
1511 4011 1728 4065 remiset.
1765 4020 1826 4083 et
1880 4029 2103 4066 consue-

515 4083 772 4150 tudinem,
805 4092 858 4138 et
889 4089 946 4136 ut
971 4085 1147 4138 nullus
1176 4082 1398 4153 posthac
1434 4099 1544 4137 suae
1601 4083 1684 4138 vel
1743 4082 1960 4137 ditionis
2015 4084 2100 4139 vel

511 4155 804 4222 parcntelm
833 4155 973 4208 hanc
999 4156 1176 4208 valeat
1213 4155 1450 4224 exigere,
1511 4153 1753 4207 notitiam
1811 4155 1970 4224 hujus
2023 4155 2098 4208 rei

509 4224 672 4278 scribi
705 4224 977 4294 prmeepit.
1011 4225 1184 4293 Quam
1218 4223 1406 4279 fratres
1433 4241 1578 4289 suos,
1629 4223 1962 4278 Gautl‘ridum
2023 4227 2101 4279 vi-

509 4295 703 4350 delicet
725 4303 775 4348 et
807 4295 1116 4359 Rodulfum,
1141 4312 1240 4350 nec
1264 4312 1370 4350 non
1391 4304 1445 4350 et
1473 4296 1784 4364 milites,qui
1806 4297 1945 4350 hanc.
1973 4313 2100 4351 oon-

505 4365 842 4448 suet‘ud‘inem
871 4365 1042 4448 de_i_l_lo
1056 4367 1108 4422 in
1125 4365 1302 4448 fevum
1325 4369 1342 4436 [
1359 4367 1490 4448 f.,in
1502 4367 2096 4448 aevum]reelamabant,

507 4437 856 4493 Guillelmum
876 4437 1076 4490 scilicet
1114 4445 1164 4490 et
1194 4437 1498 4493 Americam
1531 4439 1894 4508 praepositioni
1917 4447 2099 4493 uincto-

503 4515 749 4580 ramento
777 4508 1010 4580 gratuito
1039 4507 1251 4580 firmare
1282 4507 1562 4578 persuasit.
1621 4507 1757 4564 Data
1812 4509 1976 4580 igitur
2028 4510 2097 4564 ab

505 4579 702 4635 abbate
731 4578 976 4634 beneficii
1005 4579 1276 4646 societate,
1309 4589 1362 4634 et
1415 4581 1562 4635 irrita
1614 4579 1756 4634 facta
1809 4578 1854 4635 a7
1895 4581 2097 4634 ViCt‘CO-

2136 3276 2185 3340 C

2223 640 2497 696 canonicae
2549 639 2809 709 aequitati,
2869 646 2920 693 et
2977 639 3072 708 sic,
3133 641 3274 711 quod
3331 641 3510 697 absit!
3563 641 3830 696 subdatur

2221 728 2418 784 veritas
2467 728 2702 783 falsitati.
2765 727 2820 782 Si
2876 744 3005 784 vero
3059 730 3348 784 Rainaldus
3405 739 3589 786 vester
3647 732 3827 786 claves

2219 825 2418 872 sancta:
2449 817 2702 872 Ecclesia:
2723 817 2928 888 agitare
2957 825 3007 872 et
3037 818 3400 874 Romanorum
3428 820 3652 875 decreta
3686 837 3824 890 pou-

2219 905 2440 974 tifieum,
2473 921 2594 976 qum
2624 905 2762 958 inter
2789 906 3176 961 ecclesiasticos
3205 908 3347 964 viros
3378 910 3822 964 monomacliiam

2217 995 2431 1065 penitus
2488 994 2750 1064 inhibent,
2811 995 3066 1050 annulare
3123 1005 3360 1064 conatur,
3440 1006 3630 1053 contra
3712 998 3824 1066 ejus

2213 1188 2339 1226 suus
2367 1178 2418 1224 et
2448 1171 2761 1246 Hamelinus
2791 1180 2944 1242 pater
2971 1189 3096 1246 suus
3125 1173 3194 1229 ab
3240 1175 3503 1246 episcopo
3561 1175 3818 1230 Mainoue

2217 1250 2476 1310 emerant,
2501 1249 2553 1296 et
2581 1243 2634 1296 in
2665 1259 2798 1310 pace
2829 1245 3180 1312 possederant
3234 1243 3298 1299 in.
3343 1243 3452 1300 vita
3509 1263 3628 1300 sua.
3699 1247 3817 1300 Post

2217 1330 2442 1382 quorum
2475 1315 2856 1388 mortemuipse
2915 1317 3008 1370 lvo
3056 1325 3110 1370 et
3141 1316 3354 1388 fratres
3408 1319 3526 1388 ejus
3581 1325 3817 1387 cogente

2217 1391 2528 1456 paupertate
2559 1392 2611 1438 et
2639 1385 2924 1439 solitudine
2963 1403 3078 1454 sua,
3137 1386 3192 1440 in
3247 1388 3408 1443 aliam
3438 1385 3817 1444 'demorantes

2217 1456 2549 1528 parochiam,
2608 1456 2972 1528 lizei'etlitutmn
3040 1475 3190 1512 suam
3273 1459 3678 1528 dereliquerunt
3762 1461 3812 1512 in

2217 1544 2379 1580 manu
2409 1527 2647 1596 episcopi
2677 1527 2905 1581 solutum
2939 1536 2987 1582 ct
3019 1530 3273 1598 quietam.
3298 1527 3682 1585 Nunc’autem
3743 1548 3815 1584 re-

2221 1613 2440 1673 poscere
2470 1615 2526 1651 se
2559 1598 2921 1673 luereditatem
2952 1616 3124 1673 suam,
3183 1617 3340 1673 quam
3398 1601 3814 1673 Mainguenoius

2221 1667 2415 1736 injuste
2446 1667 2740 1738 possideret
2771 1669 2982 1722 interim
3010 1671 3112 1725 sibi
3163 1667 3406 1726 traditam
3463 1687 3494 1726 a
3546 1667 3812 1726 ministris

2220 1739 2480 1814 episcopi,
2513 1756 2676 1814 quam
2732 1741 2908 1814 nullus
2963 1750 3354 1797 antecessorum
3412 1752 3568 1798 antea
3626 1761 3811 1814 posse-

2221 1809 2421 1886 dissel.’
2450 1809 2529 1886 Ad
2589 1811 2745 1886 hunc_
2783 1812 3072 1886 clamorem
3119 1822 3336 1886 vocatus
3398 1809 3810 1886 Mainguenoius

2140 1918 2194 1980 B
2223 1881 2311 1980 die
2339 1881 2622 1934 constituto
2653 1889 2706 1935 et
2735 1881 2871 1948 loco,
2907 1883 3208 1952 hujusmodi
3240 1885 3383 1937 dedit
3439 1881 3759 1956 responsum
3793 1904 3802 1936 :

2245 1953 2339 1980 βινη
2371 1969 2466 1980 κηη
2500 1961 2640 1980 ...η-η
2697 1968 2794 1980 “Im
2825 1954 2986 1980 nnc-An
3045 1955 3114 1980 ...ε
3195 1971 3291 1980 “nn
3350 1957 3508 1980 ..ιιι-ἶ,-
3567 1959 3623 1980 rr
3702 1959 3802 1980 ..__:1

2226 1953 2340 2032 Ego
2371 1961 2663 2032 nectuani,
2697 1968 2796 2032 nec
2825 1954 2989 2022 patris
3045 1955 3137 2032 tui,
3183 1971 3293 2032 _nec
3344 1953 3539 2032 patris'
3567 1959 3633 2026 [Ῑ.
3701 1959 3805 2025 avi}

2220 2023 2292 2075 tui
2315 2023 2564 2092 pOssideo
2595 2023 2980 2091 liat-retlitatem,
3030 2027 3122 2078 sed
3183 2023 3544 2080 haareditatem
3568 2023 3803 2090 ﬂmeam,

2219 2111 2379 2162 quam
2411 2101 2564 2162 pater
2591 2111 2760 2159 lin-us,
2795 2101 2854 2169 et
2874 2112 3024 2163 avus,
3057 2104 3108 2151 et
3137 2112 3369 2166 proavus
3397 2114 3548 2152 meus
3577 2099 3631 2151 in
3677 2117 3804 2169 pace

2219 2173 2500 2218 tenuerunt
2557 2171 2607 2217 et
2665 2165 3015 2234 possederunt
3089 2165 3328 2235 tempore
3391 2165 3691 2234 Mainonis;
3757 2179 3804 2222 et

2219 2235 2480 2302 Silvestri,
2513 2242 2563 2288 et
2621 2236 2881 2310 .ilarqui,
2911 2244 2991 2310 _et
3041 2237 3248 2292 Rotaldi
3307 2241 3707 2310 episcoporum,
3755 2249 3802 2293 et

2218 2323 2490 2380 nunquam
2548 2321 2595 2380 ag
2632 2307 2836 2380 justitia
2890 2307 3192 2380 defuerunt,
3251 2307 3424 2379 neque
3477 2307 3716 2380 unquam
3773 2329 3802 2364 a

2215 2377 2681 2452 possessioneista
2729 2377 2922 2452 dejeeti
2952 2386 3090 2444 sunt,
3133 2380 3252 2452 sed
3308 2377 3480 2450 neque
3537 2377 3664 2452 ego.
3725 2383 3800 2436 Ad

2215 2450 2444 2502 limclvo
2479 2467 2490 2502 :
2523 2449 2636 2502 Nec
2671 2457 2742 2514 tu,
2803 2449 3163 2517 Meinguenoi,
3225 2449 3416 2506 terram
3475 2449 3627 2507 istam
3689 2454 3801 2506 sine

2213 2519 2482 2574 calumnia
2537 2527 2715 2572 nostra
2769 2517 3073 2590 possedisti,
3131 2539 3231 2575 nec
3285 2531 3435 2593 pater
3490 2532 3625 2590 tuus,
3707 2541 3800 2578 nec

2215 2607 2352 2644 avus
2382 2597 2520 2654 tuus,
2544 2607 2910 2662 rnecproavus
2937 2599 3054 2645 tuus
3109 2594 3396 2662 aliquando
3452 2594 3519 2648 de
3567 2612 3630 2649 ea
3693 2597 3802 2649 fue-

2214 2669 2336 2715 runt
2366 2661 2617 2714 investiti.
2643 2661 2817 2730 Super
2847 2663 2925 2716 his
2953 2661 3213 2719 sententia
3269 2665 3392 2719 data
3445 2675 3542 2732 est,
3602 2667 3800 2720 scilicet

2215 2740 2270 2784 ut
2329 2733 2753 2808 lilaiuguenoius
2793 2735 3195 2808 narrutionnemr
3248 2753 3398 2790 suam
3449 2737 3800 2808 jurejurando

2215 2811 2517 2874 assereret.
2549 2803 2684 2856 Huic
2733 2804 3040 2874 juramento
3095 2807 3339 2862 resistere
3381 2803 3587 2862 se'Ivo
3645 2809 3798 2862 dixit.

2216 2875 2401 2950 Itaque
2425 2873 2832 2942 judicatum'est
2861 2876 2998 2950 inter
3027 2877 3146 2950 illos
3193 2878 3447 2950 duellum.
3509 2883 3799 2950 Acreptum

2213 2953 2294 3020 est
2320 2945 2389 2999 ab
2419 2952 2642 3020 utraque
2669 2953 2836 3014 parte,
2869 2955 2920 3000 et
2951 2947 3218 3002 laudatum
3245 2949 3525 3017 judicium.
3559 2945 3800 3020 Cumque

2213 3016 2300 3092 die
2357 3017 2644 3092 constituto
2691 3025 2911 3092 Ventum
2967 3027 3106 3092 esset
3162 3020 3214 3073 in
3249 3016 3542 3092 campum,
3574 3028 3625 3073 et
3683 3016 3798 3092 post

2217 3088 2354 3140 facta
2405 3087 2710 3156 juramenta
2758 3090 2968 3158 pugiles
3027 3090 3147 3145 hinc
3203 3098 3252 3145 et
3310 3087 3433 3144 inde
3491 3087 3699 3146 fortiter
3751 3101 3800 3145 et

2213 3159 2436 3233 viriliter
2462 3158 2777 3233 dimicarent
2808 3159 2858 3212 in
2893 3168 3043 3233 prato
3072 3162 3330 3232 episcopi,
3372 3163 3525 3233 juxta
3579 3164 3798 3218 ﬂuvium

2217 3230 2432 3294 Isolam,
2467 3229 2818 3299 praisentibus
2855 3229 3028 3297 nubis,
3088 3229 3141 3285 et
3199 3229 3392 3286 comite
3449 3235 3691 3300 Conano,
3749 3246 3798 3287 et

2220 3300 2450 3354 Roberto
2485 3300 2758 3355 Vitreiensi
2792 3308 2914 3354 tunc
2951 3305 3431 3370 excommunicato,
3462 3312 3515 3358 et
3563 3304 3798 3359 Oliverio

2217 3370 2282 3423 de
2309 3372 2662 3446 _l)inanno_,_et
2689 3372 2932 3446 Han‘ione
2962 3373 3331 3446 deGuirchia,
3381 3382 3434 3428 et
3487 3376 3606 3429 aliis
3665 3393 3794 3446 pro—

2216 3442 2425 3515 ceribus
2455 3442 2652 3508 multis,
2681 3450 2733 3496 et
2760 3444 2871 3515 fere
2901 3444 3048 3498 omni
3079 3444 3221 3500 clero
3267 3455 3320 3500 et
3371 3446 3570 3515 populo
3627 3442 3796 3501 Κράθ-

2217 3513 2387 3578 nensi,
2419 3521 2696 3567 tractatum
2729 3520 2806 3567 est
2843 3513 2911 3568 de
2965 3517 3269 3585 concordia,
3325 3513 3385 3571 eti
3421 3513 3690 3585 convenit,
3749 3529 3798 3571 et

2216 3585 2432 3654 placuit,
2464 3592 2522 3639 ut
2548 3585 2956 3658 Mainguenoius
2986 3593 3180 3658 terram
3227 3603 3376 3642 suam
3433 3588 3666 3658 quietam
3728 3598 3797 3641 te-

2215 3661 2363 3730 _n_e_ret
2383 3662 2436 3710 et
2462 3655 2775 3730 possideret,
2808 3662 2860 3708 et
2891 3657 3040 3730 lvoni
3078 3657 3225 3713 daret
3282 3655 3666 3730 quinquaginta
3722 3676 3795 3712 so-

2215 3726 2351 3800 lidos
2381 3734 2600 3800 propter
2627 3727 3002 3800 impensas,‘ct
3029 3729 3102 3783 ita
3157 3731 3250 3784 lvo
3298 3726 3616 3784 calumniam
3679 3747 3792 3800 pos-

2211 3797 2462 3850 sessionis
2492 3798 2632 3851 illius
2663 3813 2877 3864 prorsus
2905 3797 3215 3866 dimitteret,
3249 3808 3299 3854 et
3330 3801 3525 3856 factum
3557 3810 3636 3854 est
3677 3797 3745 3854 ita
3774 3817 3786 3864 ;

2211 3867 2464 3942 deditque
2493 3871 2586 3942 lvo
2635 3868 2805 3942 tidem,
2843 3885 3014 3942 suam,
3051 3871 3102 3924 in
3165 3887 3380 3942 manum
3437 3872 3672 3942 episcopi
3728 3872 3789 3923 de

2213 3940 2370 4008 hujus
2398 3941 2544 4008 pacis
2571 3941 2962 4008 compositione
2989 3941 3212 3996 ﬁrmiter
3229 3950 3281 3996 et
3337 3941 3560 3997 fideliter
3613 3940 3790 3998 Obser-

2209 4010 2404 4064 vanda.
2439 4010 2696 4065 Similiter
2723 4018 2775 4063 et
2821 4012 3010 4066 fratres
3065 4013 3371 4080 Rainaldus,
3430 4022 3481 4067 et
3533 4013 3784 4076 Judicael,

2209 4088 2261 4155 et
2291 4081 2578 4155 Ruell_on_us
2607 4081 2956 4148 Bodinardus,
2991 4090 3044 4137 et
3097 4084 3404 4155 Radulphus
3455 4099 3607 4140 socer
3665 4087 3785 4138 lvo-

2209 4153 2308 4218 nis,
2345 4160 2398 4225 et
2427 4153 2692 4225 Roberlus
2717 4169 2781 4206 ex
2813 4155 3034 4223 pallare,
3078 4153 3346 4225 natusque
3402 4163 3479 4209 est
3534 4157 3682 4210 locus
3740 4165 3786 4210 et

2209 4223 2572 4305 terminuslut
2608 4223 2996 4305 quinquaginta
3053 4223 3342 4305 illa-sotidi
3401 4227 3548 4305 lv_oni
3606 4227 3786 4280 redde-

2205 4301 2406 4348 rentur.
2463 4295 2560 4348 Die
2613 4295 2896 4367 constituto
2953 4313 3073 4350 cum
3129 4298 3534 4367 Mainguenoius
3598 4307 3784 4366 praesto

2207 4373 2362 4430 esset,
2395 4373 2446 4419 et
2475 4367 2569 4420 Ivo
2599 4383 2631 4419 a
2677 4366 2834 4419 nobis
2888 4366 3138 4423 invitatus
3188 4366 3372 4432 semel,
3431 4377 3483 4421 et
3535 4369 3780 4427 secundo,

2206 4444 2254 4510 et
2288 4437 2439 4510 tertio
2461 4437 2750 4510 pecuniam
2782 4438 3228 4510 nolletrecipcre,
3261 4456 3364 4510 ego
3395 4440 3536 4493 illam
3590 4441 3779 4510 recepi,

2205 4507 2339 4560 dans
2367 4509 2748 4580 Mainguenoio
2801 4507 3140 4564 securitatem
3196 4519 3246 4566 et
3298 4507 3516 4564 tutelam
3571 4507 3782 4580 promit-

2207 4585 2322 4632 tens
2345 4579 2491 4631 omni
2541 4587 2780 4650 tempore
2828 4596 2969 4649 meo,
3027 4589 3080 4635 et
3134 4597 3493 4636 successorum
3549 4579 3780 4636 meorum

508 4652 637 4706 mite
691 4650 980 4721 saepedicta
1035 4635 1438 4718 consuetudine,
1495 4651 1564 4706 ab
1641 4658 1862 4722 utraque
1947 4659 2096 4722 parte
2125 4635 2177 4696 Ῑ)
2209 4650 2602 4722 episcOporum.
2637 4635 2969 4704 Chartulam'
3003 4635 3530 4722 quoqueipactionis
3581 4652 3782 4722 signari

506 4723 800 4778 discessum
819 4729 898 4778 est
926 4723 978 4776 in
1009 4738 1161 4790 pace.
1196 4723 1354 4777 Facta
1400 4730 1522 4776 sunt
1569 4723 1684 4778 haec
1738 4723 1882 4793 apud
1937 4725 2102 4778 Tnar-

505 4796 648 4849 cium
678 4795 731 4848 in
763 4794 924 4849 Curia
952 4793 1284 4848 vicecomitis
1313 4793 1622 4858 Haimerici,
1659 4815 1680 4842 υ
1709 4801 1810 4848 etc.

575 4867 812 4921 Alterum
845 4881 874 4919 e
905 4865 1090 4919 codice
1122 4866 1180 4920 S.
1225 4865 1362 4919 Petri
1421 4865 1770 4930 Redonensis,
1828 4863 2098 4919 Hamelini

500 4937 958 5009 episcopilitteris
1003 4937 1323 5009 continetur,
1383 4952 1504 5004 qua}
1559 4935 2100 5009 duellum_commis-

501 5007 639 5088 sum,
671 5007 928 5134 sﬁdbsine
983 5007 1208 5063 victoria
1263 5007 1588 5078 diremptum
1645 5007 1950 5062 ostendunt.
2008 5007 2100 5061 Sic

501 5081 666 5134 igitur
729 5097 756 5134 a
803 5087 892 5134 et:

500 5079 666 5150 igitur
693 5079 857 5135 habet
880 5099 892 5135 :

497 5204 780 5261 Hamelini
810 5204 1096 5260 Rodanum
1126 5203 1601 5276 cpiscopilitlemz
1630 5203 1696 5258 de
1708 5205 2096 5261 controversia

568 5277 946 5360 Mqinguenoii
967 5280 1024 5332 et
1052 5275 1257 5345 leonis,
1292 5276 1592 5348 duelloque
1621 5277 1780 5331 inter
1815 5291 1908 5333 eos
1936 5292 2094 5332 cona-

564 5364 618 5402 ﬂ!
624 5363 757 5402 1880.

572 5483 592 5508 τι
627 5462 744 5533 Ego
772 5460 1102 5535 Hamelinus,
1136 5461 1238 5535 Dei
1287 5462 1481 5535 gratia,
1515 5459 1846 5518 Redonensis
1895 5463 2094 5534 episco-

495 5545 612 5605 pus,
645 5532 932 5605 memoriae
954 5532 1312 5598 commendo;
1333 5541 1384 5588 et
1441 5541 1778 5605 posterorum
1835 5532 2080 5590 meorum

493 5601 643 5676 trado
673 5603 876 5658 notitia:
900 5601 1494 5676 ﬁnenreontroversiaa,
1527 5620 1648 5676 quae
1681 5605 1778 5660 fuit
1836 5605 1889 5658 in
1947 5623 2082 5676 ιηἐε-

491 5675 663 5728 sentia
687 5681 872 5745 nostra
897 5673 1034 5728 inter
1070 5674 1509 5745 Mainguenoium
1546 5673 1733 5730 lilium
1792 5673 1964 5730 Eveni
2015 5677 2081 5731 de

491 5744 829 5808 Crotoniaco,
895 5750 952 5798 et
975 5745 1200 5798 lvonem
1225 5744 1510 5812 quondam
1563 5745 1731 5800 tilium
1793 5749 2077 5812 llameliui,

490 5813 994 5896 nepotem‘Galterii
1023 5814 1486 5896 tiroisnardidstc
1523 5817 1638 5896 alvo
1692 5833 1834 5871 anno
1893 5827 2082 5896 quarto

494 5883 834 5965 episcopatus
861 5883 1291 5965 mci‘clamorem
1330 5885 1462 5939 mihi
1517 5883 1660 5965 fecit
1699 5903 1861 5965 super
1911 5883 2082 5944 haere-

491 5952 766 6034 ditatefut
799 5952 1090 6027 asserebat,
1146 5968 1265 6026 sua,
1323 5969 1488 6028 quam
1542 5952 1808 6012 Galteriiis
1861 5965 2082 6027 patruus

2206 4721 2384 4788 sigillo
2415 4721 2726 4792 episcopali,
2789 4729 2844 4774 ut
2899 4730 3012 4776 rata
3068 4721 3143 4778 sit
3179 4731 3233 4779 et
3272 4721 3449 4790 firma,
3509 4730 3560 4776 et
3609 4723 3785 4777 incon-

2207 4807 2358 4845 cussa
2397 4800 2729 4864 permaneat.
2769 4816 2790 4839 υ
2827 4793 2933 4848 Sed
2963 4795 3217 4863 quoniam
3239 4796 3340 4848 huc
3360 4810 3525 4863 usque
3555 4797 3778 4864 provecti

2205 4879 2408 4930 sumus,
2440 4863 2728 4918 accedatet
2759 4865 2972 4918 tertium
3002 4865 3162 4920 duelli
3193 4867 3522 4934 exemplum,
3562 4863 3623 4918 in
3682 4881 3778 4934 quo

2205 4933 2450 5004 pugilum
2509 4935 2642 5006 alter
2695 4935 2944 5002 vincitur,
2993 4943 3046 4989 et
3091 4953 3206 5002 suo,
3258 4933 3400 5006 quod
3465 4933 3774 4997 monuimus,

2206 5021 2392 5059 cruore
2423 5005 2669 5076 perfusus
2696 5005 3028 5061 describitur.
3062 5009 3102 5062 Il
3159 5005 3535 5077 depromptum
3590 5014 3664 5060 est
3718 5024 3776 5060 ex

2206 5083 2386 5130 vetere
2423 5077 2654 5131 Historia
2710 5095 2804 5131 seu
2853 5079 3029 5132 Gestis
3084 5080 3338 5133 comitum
3395 5087 3446 5134 et
3499 5079 3776 5132 antistitum

2207 5147 2716 5218 Engolismensium,
2751 5147 2840 5202 ubi
2871 5149 2939 5204 de
2977 5149 3265 5204 Guillelmo
3323 5149 3537 5204 Arualdi
3595 5149 3650 5204 F.
3699 5166 3776 5203 (εο-

2205 5219 2334 5272 mite
2362 5218 2557 5288 agitur,
2591 5220 2642 5272 in
2663 5236 2824 5289 quem
2869 5220 3115 5276 malefica
3169 5221 3362 5278 mulier
3413 5221 3600 5276 noxias
3651 5230 3777 5276 artes

2203 5291 2503 5346 exercuisse
2525 5290 2812 5346 ferebatur.

2203 5415 2480 5490 Stephani
2495 5435 2602 5492 pro
2618 5418 3272 5493 comiterEngolismensi,
3309 5424 3364 5476 et
3384 5419 3671 5477 Guillelmi
3683 5436 3774 5493 pro

2720 5492 2990 5561 maleﬁca
3020 5493 3292 5549 duellum.

2268 5635 2290 5657 «ο
2325 5607 2463 5664 Dum
2496 5607 2760 5677 maleﬁca,
2793 5608 2986 5680 inquit,
3027 5609 3220 5666 mulier
3274 5625 3380 5666 non
3433 5607 3769 5674 confiteretur,

2185 5680 2391 5754 judicio
2424 5682 2530 5754 Dei
2562 5682 2910 5754 commissum
2941 5689 3021 5736 cst
3051 5689 3106 5736 ut
3134 5681 3278 5754 quod
3335 5697 3519 5736 verum
3569 5680 3767 5754 latebat,

2192 5769 2287 5824 per
2314 5751 2550 5806 duellum
2583 5754 2810 5806 duorum
2842 5753 3078 5808 virorum
3133 5751 3270 5808 inter
3321 5771 3377 5807 se
3433 5753 3766 5824 pugnantium

2189 5823 2315 5878 data
2365 5824 2587 5880 victoria
2637 5825 2970 5894 probaretur.
3027 5824 3202 5880 Factis
3255 5837 3385 5894 ergo
3439 5823 3768 5878 Sacramentis

2191 5894 2325 5948 feria
2353 5894 2590 5965 secunda
2621 5893 2810 5965 prima:
2857 5894 3214 5952 hebdomadae
3273 5893 3554 5961 Passionis,
3605 5894 3768 5950 decer-

2193 5971 2439 6024 taverunt
2471 5962 2563 6022 diu
2593 5962 2927 6038 multumque
2980 5975 3132 6025 extra
3157 5966 3445 6027 civitatem
3503 5965 3558 6025 in
3610 5965 3768 6022 insula
