3940 6464
168 480 266 537 141

1481 472 1854 533 EPISTOLzE.
1895 504 1962 513 —
1995 470 2122 527 LIB.
2166 465 2259 528 III.
2313 483 2316 487 '

3366 467 3470 536 142

166 608 388 664 inﬂatos
441 614 670 663 conatus
724 602 1085 662 humilitatem
1142 606 1402 661 Romanis
1475 603 1757 668 Ecclesiae,
1790 600 1844 660 A
1874 602 2033 671 quat.
2073 598 2178 653 Pro
2195 597 2501 656 reverentia
2535 605 2737 655 vestrm
2765 597 3047 670 religionis
3078 598 3181 655 hoc
3209 597 3465 669 injustam

170 714 292 768 quae
319 696 502 751 inﬂata
533 710 765 768 crepare
807 702 861 751 et
882 694 1114 766 superba
1146 709 1397 766 premere
1454 694 1624 761 novit,
1658 708 1761 763 ap-

173 786 471 856 pellamus.

719 918 1060 974 EPISTOLA
1100 918 1216 974 XL.

181 1044 547 1099 Charissimis
598 1043 845 1098 dominis
900 1046 955 1097 et
1023 1042 1483 1114 praecordialibus
1548 1040 1770 1104 amicis,

252 1135 454 1188 domno
485 1136 652 1187 Petro
681 1132 1125 1187 Santonensium
1156 1131 1467 1187 venerabili
1495 1130 1771 1201 episcopo,

252 1227 309 1278 et
336 1224 542 1277 domno
576 1221 862 1277 Goscelino
893 1219 1772 1289 honorabiliejusarchidiacono,

258 1310 537 1381 Goﬂ‘ridus
571 1325 765 1365 eorum
798 1308 1034 1364 humilis
1060 1312 1117 1363 et
1144 1308 1328 1376 ﬁdelis
1350 1307 1591 1376 amicus,
1615 1306 1777 1363 salu-

259 1404 394 1467 tem,
428 1401 725 1455 servitium
755 1402 808 1453 ct
839 1398 1222 1454 dilectionem.

260 1522 512 1578 Pervenit
550 1522 619 1577 ad
666 1537 792 1589 nos,
838 1520 984 1592 quod
1029 1520 1331 1576 oblationes
1375 1518 1782 1576 confessionum

184 1613 238 1666 in
270 1611 501 1666 ecclesia
527 1608 1245 1683 Surgeriarnm(267)nobis
1269 1607 1568 1663 abstulistis
1624 1608 1785 1676 Quod

186 1704 232 1754 si
262 1707 328 1757 ita
376 1716 477 1754 nos
509 1700 785 1763 absentes,
816 1697 884 1752 de
916 1699 1019 1754 hoc
1042 1697 1186 1768 quod
1217 1711 1320 1767 per
1349 1697 1573 1768 triginta
1612 1710 1787 1750 annos

186 1788 347 1843 nullo
361 1789 621 1859 episcopo
637 1787 721 1843 vel
738 1786 1123 1841 archidiacono
1140 1786 1470 1841 reclamante
1490 1783 1784 1853 tenuimus,

188 1888 356 1949 atque
408 1878 786 1931 Romanorum
822 1874 1143 1945 pontiﬁcum
1198 1872 1418 1929 licentia
1445 1872 1604 1928 nobis
1650 1888 1788 1927 con-

1875 703 1983 745 nou
2013 686 2265 755 dicimus,
2315 687 2414 742 sed
2434 686 2644 758 justum
2673 703 2798 743 esse
2855 687 3071 759 penitus
3118 688 3461 761 ignoramus.

1875 779 2016 833 Nam
2062 776 2149 832 lex
2205 776 2377 846 Moysi
2421 791 2529 830 non
2558 776 2837 848 prmeepit,
2869 778 3152 847 prOphetae
3181 792 3288 832 non
3325 794 3471 848 pra:-

1878 866 2148 934 dixerunt,
2209 872 2455 920 sanctum
2480 864 2839 935 Evangelium
2870 864 2997 921 inde
3024 865 3189 929 siluit,
3224 875 3473 921 auctores

1879 968 2148 1010 canonum
2181 960 2272 1007 aut
2302 952 2593 1007 noluerunt
2621 953 2826 1022 dicere,
2880 960 2973 1009 aut
3003 952 3261 1011 oblivioni
3306 956 3472 1010 tradi-

1882 1045 2072 1097 derunt
2088 1084 2100 1096 .
2144 1041 2351 1097 Valete.

2310 1182 2471 1252 156
2512 1181 2863 1237 EPISTOLA
2904 1183 3048 1238 XLI.

1888 1310 1950 1363 P.
1975 1306 2286 1362 honorabili
2303 1308 2557 1378 episcopo
2571 1308 2741 1376 (268),
2780 1311 2968 1379 frater
2992 1308 3284 1380 Go/fridus
3332 1310 3470 1369 abba

1967 1396 2411 1464 Vindocinensis,
2436 1397 2494 1450 al
2501 1395 2772 1452 lodiariu:
2791 1400 3115 1469 apostolica:
3128 1401 3274 1456 sedis
3287 1406 3341 1456 et
3353 1418 3476 1457 ser-

1960 1500 2082 1549 vus,
2114 1500 2229 1539 non
2251 1487 2441 1555 facere
2470 1485 2601 1541 aliis
2630 1485 2774 1557 quod
2795 1500 2911 1540 non
2942 1488 3060 1541 vult
3089 1488 3215 1557 fieri
3246 1490 3367 1545 sibi.

1962 1604 2178 1659 Domini
2212 1621 2363 1677 papae
2394 1605 2592 1660 Calixti
2632 1607 2919 1679 accepistis
2959 1610 3256 1676 decretum,
3292 1610 3343 1665 in
3374 1629 3479 1684 quo

1893 1694 2049 1749 vobis
2070 1702 2122 1747 et
2141 1693 2464 1763 quibusdam
2489 1694 2761 1765 episcopis
2800 1696 2919 1750 aliis
2953 1695 3122 1753 fuerat
3148 1712 3483 1771 praeceptum

1896 1791 1953 1836 ut
1987 1798 2169 1837 rerum
2191 1782 2576 1837 Vindocinensi
2609 1786 2945 1851 monasterii,
2981 1786 3118 1842 sicut
3147 1804 3332 1843 earum
3364 1807 3485 1862 quae

1898 1871 2214 1942 apostolicae
2241 1872 2391 1926 sedis
2425 1880 2548 1926 sunt
2577 1873 2833 1943 propriae,
2867 1873 3186 1931 defensores
3215 1879 3410 1933 essetis
3431 1885 3490 1935 et

190 1981 411 2021 cessum
439 1969 594 2035 155
641 1972 742 2029 est,
790 1963 1178 2030 exinvestistis,
1226 1970 1279 2017 et
1310 1961 1635 2033 presbytero
1682 1977 1787 2015 no-
1820 1956 1870 2018 B
1901 1960 2205 2029 adjutores.
2272 1961 2339 2014 Et
2368 1959 2458 2014 alii
2508 1961 2725 2032 quidem
2759 1979 2950 2017 omnes
3005 1980 3111 2020 non
3167 1967 3333 2021 verbo
3383 1985 3487 2025 nec

193 2064 333 2122 stro,
365 2054 515 2124 quod
545 2060 790 2107 nostrum
822 2059 960 2119 erat,
1019 2051 1177 2105 nobis
1207 2049 1535 2114 nolentibus,
1598 2058 1792 2105 contu-

192 2132 355 2208 listis,
392 2159 492 2198 nec
551 2140 899 2196 dilectionem
949 2140 1097 2196 circa
1152 2155 1254 2195 nos
1282 2138 1628 2203 exhibuistis,
1690 2153 1793 2193 nec

195 2231 504 2288 dilectionis
537 2229 803 2301 speciem.
840 2228 937 2283 Vel
970 2229 1014 2282 si
1044 2228 1117 2282 ita
1148 2227 1352 2282 amicos
1383 2236 1596 2283 vestros
1629 2227 1793 2282 beare

199 2321 392 2385 nostis,
429 2334 633 2374 novum
667 2334 842 2391 genus
896 2317 1244 2372 beatitudinis
1275 2325 1326 2370 et
1347 2316 1652 2371 dilectionis
1708 2315 1794 2369 in-

201 2410 454 2467 venistis.
522 2409 635 2462 Hoe
665 2416 847 2461 tamen
899 2408 942 2459 si
973 2406 1043 2461 ab
1077 2404 1199 2459 aliis
1255 2405 1566 2459 hominibus
1611 2414 1794 2458 contra

198 2514 302 2553 nos
320 2505 593 2565 ageretur,
628 2511 737 2550 non
783 2494 1111 2561 dilectionis,
1136 2493 1235 2549 sed
1265 2494 1374 2548 odii
1404 2508 1543 2563 opm
1576 2492 1794 2548 videre-

197 2598 313 2643 tur.
352 2586 409 2641 Si
459 2585 661 2657 aliquid
687 2584 818 2639 mali
865 2583 1021 2639 vobis
1063 2581 1263 2638 fecisse
1321 2581 1654 2649 videremur,
1704 2582 1800 2637 de-

203 2677 513 2731 buissemus
567 2673 714 2743 prius
745 2671 1046 2737 admoneri,
1105 2679 1159 2725 ut
1203 2671 1280 2727 sic
1307 2679 1396 2725 aut
1454 2670 1697 2742 culpam,
1755 2670 1801 2724 si

202 2765 445 2829 adesset,
497 2762 655 2817 nobis
710 2761 901 2818 liceret
967 2760 1251 2815 humiliter
1300 2775 1635 2832 agnoscere,
1703 2767 1802 2814 aut

206 2856 257 2909 si
312 2869 419 2908 non
476 2859 644 2920 esset,
717 2849 1112 2906 rationabiliter
1166 2863 1450 2905 excusare.
1528 2848 1584 2902 Si
1664 2864 1798 2904 vero

204 2942 411 3014 aliquid
469 2939 596 2995 boni
650 2938 810 2995 vobis
866 2938 1048 2994 facere
1104 2937 1398 3010 potuimus,
1465 2944 1518 2992 et
1572 2936 1803 2993 fecimus

194 3030 630 3095 retributionem,
702 3043 868 3100 quam
927 3028 1072 3082 Deus
1146 3042 1257 3082 non
1305 3026 1474 3092 novit,
1555 3026 1803 3097 recipere

191 3136 304 3176 non
333 3127 611 3191 optamus.
646 3118 804 3173 Unde
859 3132 977 3185 vos,
1022 3116 1162 3172 sicut
1207 3114 1591 3171 dilectissimos
1640 3114 1799 3169 dom-

194 3225 298 3264 nos
358 3217 407 3263 et
479 3207 685 3263 amicos
746 3205 1064 3276 suppliciter
1132 3219 1415 3276 rogamus,
1481 3218 1549 3257 ne
1609 3219 1638 3257 a
1696 3219 1802 3259 vo-

1899 2050 2085 2120 liugua
2114 2056 2337 2113 tantum,
2362 2049 2458 2104 sed
2507 2065 2669 2120 opere
2700 2059 2751 2106 et
2803 2051 3043 2118 veritate,
3078 2053 3286 2109 domini
3339 2073 3492 2128 papas

1903 2146 2257 2193 servaverunt
2289 2138 2623 2193 mandatum.
2683 2141 2792 2194 Vos
2814 2148 2990 2195 autem
3031 2159 3154 2213 quae
3185 2143 3237 2197 in
3269 2145 3489 2215 episco-

1904 2235 2034 2299 patu
2065 2234 2247 2282 vestro
2273 2227 2431 2281 nobis
2486 2227 2668 2282 ablata
2698 2236 2839 2294 sunt,
2884 2237 2935 2284 et
2968 2238 3116 2301 quot,
3178 2239 3230 2286 et
3260 2242 3493 2304 quantas

1905 2313 2104 2370 fratres
2133 2315 2324 2381 nostri,
2358 2314 2448 2386 qui
2480 2316 2554 2369 ibi
2585 2316 2848 2383 habitant,
2880 2322 3492 2394 portaveruntinjurias,

1907 2403 2039 2458 satis
2071 2404 2322 2469 audistis,
2383 2404 2479 2458 sed
2510 2412 2599 2459 aut
2627 2404 2880 2461 noluistis
2909 2409 3208 2479 corrigere,
3272 2418 3361 2466 aut
3391 2413 3498 2465 mi-

1908 2493 2053 2546 nime
2107 2492 2383 2562 potuistis.
2427 2492 2654 2565 Insuper
2709 2494 2874 2549 etiam
2904 2495 3144 2551 decimas
3198 2498 3498 2555 salinarum

1910 2588 2236 2645 vestrarum,
2269 2597 2407 2652 quas
2462 2581 2848 2638 monasterium
2909 2594 3173 2652 nostrum,
3237 2588 3497 2658 patrimo-

1910 2670 2059 2724 nium
2089 2669 2301 2725 scilicet
2332 2671 2388 2724 Β.
2412 2670 2552 2725 Petri
2582 2680 2634 2725 et
2664 2671 2781 2741 ejus
2807 2671 3502 2749 allodium,persexaginta

1912 2773 2087 2814 annos
2117 2758 2336 2829 paciﬁce
2381 2760 2621 2815 noscitur
2675 2761 3012 2833 possedisse,
3045 2764 3203 2819 nobis
3251 2766 3501 2822 auferlis.

1913 2847 2069 2903 Unde
2091 2847 2434 2904 dilectionem
2469 2857 2703 2903 vestram
2748 2866 3026 2921 rogamus,
3058 2859 3118 2906 ut
3173 2855 3316 2924 quod
3343 2856 3504 2913 aliter

1914 2945 2093 2991 actum
2122 2944 2203 2990 est
2231 2935 2537 3007 corrigatis,
2570 2953 2641 2992 ne
2679 2938 2769 3010 qui
2816 2940 3113 3011 apostolica
3139 2945 3505 3014 praeceptione

1914 3024 2072 3081 nobis
2101 3024 2361 3082 defensor
2403 3026 2725 3082 constitutus
2767 3026 2964 3095 fuerat,
2997 3029 3246 3086 videatur
3306 3048 3505 3103 perse-

1915 3123 2089 3182 cutor,
2138 3123 2190 3169 et
2245 3114 2325 3169 sic
2374 3114 2536 3185 lupus
2593 3116 2701 3179 fiat,
2754 3117 2901 3186 quod
2942 3118 3087 3173 Deus
3134 3119 3378 3176 abnuat!
3413 3125 3505 3194 qui

1916 3219 2039 3259 esse
2067 3202 2331 3258 debuerat
2360 3211 2565 3274 pastor.
2598 3203 2769 3260 Nobis
2798 3203 3005 3260 dictum
3054 3214 3138 3262 est
3167 3208 3291 3279 quia
3320 3210 3504 3267 dicitis

194 3299 299 3366 bis,
359 3297 430 3353 de
477 3296 682 3370 quibus
740 3310 959 3364 semper
1012 3293 1354 3365 speravimus
1412 3293 1575 3358 bona,
1639 3308 1794 3363 quaa-
1831 3315 1881 3381 Ο
1915 3291 2065 3363 quod
2098 3290 2474 3381 Ecclesianon
2500 3291 2666 3381 debet
2703 3292 2974 3381 decimam
3027 3294 3155 3350 da~e
3187 3299 3352 3368 (269).
3390 3301 3504 3358 Hoc

189 3388 325 3442 libet
396 3386 545 3441 mala
622 3384 941 3450 sentiamus,
992 3383 1122 3454 quia
1197 3390 1384 3438 vestra
1448 3382 1792 3453 gravamina,

192 3476 449 3549 quoniam
508 3474 668 3529 amici
726 3472 898 3527 nostri
953 3470 1343 3542 prarcordiales
1400 3471 1530 3525 estis
1578 3470 1797 3541 patien-

195 3576 283 3621 ter
339 3572 563 3635 portare
617 3577 727 3618 non
785 3576 1099 3632 possumus.
1152 3560 1209 3615 Si
1257 3559 1436 3615 dicitis
1499 3559 1646 3632 quod
1704 3558 1797 3614 ille

194 3654 530 3711 oblationem
560 3649 922 3707 confessionis
966 3649 1166 3705 habere
1194 3649 1358 3704 debet
1405 3649 1491 3704 cui
1523 3647 1796 3719 pcenitens

195 3742 507 3808 conﬁtetur,
530 3739 691 3795 simili
718 3739 881 3794 modo
901 3738 1086 3793 dicere
1116 3738 1341 3808 potestis
1385 3746 1441 3792 ut
1462 3737 1797 3794 oblationem

195 3831 389 3888 altaris
419 3830 613 3883 habeat
648 3843 674 3883 a
711 3841 820 3898 quo
848 3827 1015 3881 missa
1045 3834 1314 3892 cantatur,
1377 3834 1430 3880 et
1460 3826 1792 3881 oblationem

194 3920 419 3981 mortui,
454 3933 626 3988 aquo
674 3924 915 3971 mortuus
974 3914 1253 3985 sepelitur,
1314 3923 1366 3970 et
1414 3915 1491 3970 sic
1545 3914 1796 3969 minister

195 4018 386 4066 noster
418 4015 586 4062 totum
617 4004 845 4076 accipiat
868 4012 920 4058 ut
953 4004 1085 4059 nihil
1133 4002 1470 4059 oblationum
1501 4003 1554 4058 in
1609 4004 1795 4060 eccle-

198 4101 320 4165 siis,
378 4096 575 4169 quibus
630 4094 719 4150 die
766 4108 832 4150 ac
886 4100 1045 4149 nocte
1105 4093 1395 4162 servimus,
1430 4093 1590 4149 nobis
1622 4093 1794 4148 relin-

196 4273 494 4332 Carantoni
526 4270 789 4337 ﬂuminis,
822 4268 1290 4343 scilicetﬂmisss'tts
1320 4270 1537 4326 comitis
1564 4271 1798 4343 Stepha-

195 4363 322 4409 nus,
356 4353 409 4399 et
437 4344 699 4398 defensor
730 4339 992 4397 maleﬁcae
1019 4340 1365 4408 Guillelmus,
1426 4357 1551 4397 cum
1585 4339 1796 4398 baculis

196 4427 251 4473 et
304 4416 470 4471 scutis
501 4433 516 4480 ;
548 4413 808 4484 defensor
845 4414 1007 4484 enim
1056 4411 1321 4469 maleﬁcae
1378 4421 1494 4468 erat
1528 4414 1649 4484 ipso
1707 4414 1795 4469 die

194 4485 537 4543 maleticatus
567 4501 596 4538 a
625 4483 946 4554 quibusdam
996 4483 1448 4555 incantatoribus,
1500 4483 1797 4555 etquibus-

194 4561 323 4614 dam
353 4556 664 4628 potionibus
694 4554 1297 4628 herbaruminitiatus,
1323 4556 1429 4609 Sed
1463 4554 1790 4628 Stephanus,

193 4632 267 4685 de
298 4624 465 4684 solius
497 4625 711 4682 Domini
738 4639 869 4680 vero
887 4624 1093 4692 judicio
1122 4624 1424 4691 confidens,
1461 4624 1635 4681 victor
1664 4626 1783 4682 sine

1907 3395 2098 3435 verum
2129 3386 2230 3446 est,
2266 3379 2358 3434 ubi
2388 3379 2634 3435 Ecclesia
2663 3380 2795 3434 nihil
2828 3380 2994 3439 habet
3044 3382 3094 3437 in
3128 3386 3392 3455 parochia
3422 3389 3506 3443 al-

1904 3469 2069 3523 terius
2098 3467 2382 3534 Ecclesiee,
2439 3469 2531 3523 ubi
2562 3484 2695 3525 vero
2752 3469 2999 3525 Ecclesia
3036 3469 3091 3525 in
3138 3473 3360 3530 alterius
3390 3477 3500 3533 Ec-

1904 3557 2086 3613 clesiae
2121 3558 2382 3629 parochia
2409 3558 2817 3629 possessionem
2849 3558 3088 3631 aliquam
3126 3563 3285 3634 157
3312 3565 3495 3633 habet,

1905 3646 1991 3703 vel
2023 3647 2307 3719 quidpiam
2349 3645 2493 3718 quod
2534 3646 2789 3703 decimari
2841 3647 3083 3716 debeat;
3125 3651 3200 3705 ibi
3256 3653 3503 3710 Ecclesia

1907 3735 2168 3792 Ecclesia)
2192 3735 2460 3791 decimam
2483 3736 2713 3791 reddere
2743 3736 2925 3800 debet,
2960 3737 3004 3793 si
3037 3737 3166 3793 illud
3192 3742 3338 3809 jnste
3366 3759 3503 3814 pos-

1907 3825 2087 3879 sidere
2116 3824 2418 3880 desiderat.
2457 3825 2731 3880 Hoctenet
2761 3825 2913 3879 [talia
2945 3841 2958 3894 ;
2994 3826 3096 3884 hoc
3125 3834 3269 3884 tenet
3292 3830 3496 3896 Gallia.

1908 3914 1987 3969 lbi
2014 3914 2162 3969 enim
2195 3913 2450 3970 novimus
2476 3913 2751 3970 Ecclesias
2780 3913 3043 3969 Ecclesiis
3094 3917 3338 3975 decimas
3369 3922 3499 3977 red-

1905 4003 2055 4067 dere,
2091 4011 2143 4058 et
2170 4003 2409 4071 majores
2439 4002 2762 4071 minoribus,
2797 4009 2851 4057 et
2907 4002 3147 4060 minores
3176 4008 3497 4078 majoribus,

1904 4092 1998 4147 ubi
2027 4091 2200 4148 altera
2231 4106 2414 4148 earum
2449 4091 2855 4164 possessionem
2879 4091 3087 4149 obtinet
3142 4095 3194 4150 in
3218 4098 3339 4166 jure
3362 4098 3497 4156 alte-

1904 4271 2084 4327 versia
2108 4285 2231 4325 cum
2254 4268 2510 4341 episcOpo
2558 4271 2961 4341 Andegavensi,
3013 4272 3089 4328 uti
3139 4274 3490 4333 observatum

1904 4342 2090 4422 estnad
2121 4342 2281 4422 epist.
2318 4345 2383 4397 12
2412 4343 2620 4422 de‘qua
2665 4344 2807 4398 inter
2838 4344 3114 4422 Ulggrium
3172 4348 3491 4422 episcopum

1903 4421 1953 4467 et
1986 4413 2358 4468 Fromnndum
2414 4412 2662 4467 abbatem
2695 4430 2879 4469 coram
2910 4412 3252 4474 'Innocentio
3282 4412 3378 4482 ΙΙ,’
3413 4422 3489 4477 ita

1903 4491 2229 4559 conventum
2251 4492 2362 4559 est,_
2385 4483 2628 4559 utahbas
2662 4485 2992 4559 _oblationes
3048 4490 3491 4559 baptisteriorum

1903 4555 1954 4609 in
1988 4554 2236 4632 ecclesiis
2275 4555 2523 4632 episcopi
2555 4555 2975 4632 Andegavcnsis
3020 4554 3334 4632 remitteret,
3366 4564 3488 4632 epi-

1904 4641 2103 4697 SCOpUS
2133 4626 2314 4703 abbati
2344 4625 2649 4703 obtationes
2680 4625 3113 4703 puriﬁcationum
3145 4631 3234 4685 vel
3277 4625 3491 4703 nuptia-

194 4702 280 4756 sui
310 4699 560 4770 corporis
614 4697 812 4772 damno
842 4685 957 4750 fuit.
1008 4696 1160 4772 Alter
1185 4704 1295 4752 toto
1354 4685 1590 4768 corpore
1642 4714 1783 4772 con-
1812 4685 1868 4747 D
1902 4685 2040 4761 rum,
2082 4704 2145 4772 _et
2174 4696 2330 4772 alias,
2364 4697 2507 4772 sicut
2530 4685 2695 4753 antea
2722 4698 3074 4772 _obtin_uerat,
3100 4699 3152 4753 in
3209 4685 3487 4772 positarum

195 4766 473 4843 quassato,
531 4783 635 4843 suo
677 4767 900 4843 nimium
946 4766 1212 4843 sanguine
1258 4766 1570 4843 coopertus,
1594 4768 1784 4843 _victus

193 4838 345 4899 stetit
390 4842 444 4895 in
496 4840 725 4911 pedibus
771 4838 839 4891 ab
870 4838 1006 4911 hora
1048 4839 1210 4893 tertia
1266 4855 1440 4910 usque
1476 4840 1546 4894 ad
1593 4840 1786 4895 horam

193 4929 422 4969 nonam.
461 4909 595 4966 Cum
627 4927 686 4981 se
715 4923 937 4981 movere
963 4909 1077 4978 jam
1107 4925 1216 4981 non
1259 4909 1466 4978 posset,
1500 4911 1699 4981 clypeo
1731 4917 1788 4966 et

194 4985 393 5040 baculo
424 4980 663 5054 evomuit
701 4979 1239 5054 quadam__malei_ica
1270 4997 1393 5053 qua:-
1446 4979 1782 5054 gustaverat,

194 5055 488 5113 semivivus
542 5051 1067 5124 aliorum‘manibus
1117 5051 1472 5124 Adeportatur'
1507 5060 1561 5107 et
1616 5052 1787 5124 longo

194 5138 444 5197 tempore
474 5125 747 5195 languens
774 5122 1032 5197 decubuit
1065 5141 1079 5189 ;
1113 5122 1481 5179 incantatores
1504 5139 1635 5197 vero
1669 5122 1787 5197 ejus

194 5201 264 5254 de
286 5193 449 5269 longe
478 5193 703 5259 stantes,
728 5193 838 5269 qui
868 5200 920 5248 et
949 5198 1195 5269 quedam
1246 5194 1667 5269 praecantamina
1696 5194 1785 5248 di-

194 5264 415 5331 cebant',
464 5282 594 5321 mox
615 5264 782 5319 territi
816 5264 1086 5336 fugerunt.
1121 5265 1428 5335 Stephanus
1457 5280 1586 5321 vero
1632 5266 1787 5320 laetus

194 5351 250 5397 et
280 5338 539 5410 exsiliens
567 5337 761 5392 eadem
784 5336 918 5410 hora
947 5336 1328 5410 cucurritDeo
1358 5336 1564 5410 gratias
1582 5336 1787 5391 referre

194 5414 264 5467 ad
316 5407 584 5465 tumulum
630 5415 803 5462 sancti
851 5406 1126 5475 Eparchii,
1159 5408 1250 5460 ubi
1317 5406 1574 5477 praedicta
1628 5415 1787 5463 nocte

194 5483 427 5559 pervigil
460 5479 844 5559 excubaverat.
884 5479 1381 5559 Deinde‘re‘versus
1411 5486 1493 5532 est
1537 5479 1788 5559 equitans

193 5547 249 5611 in
289 5547 505 5608 civitate
537 5559 591 5604 ut
615 5565 674 5604 se
704 5547 978 5603 reficeret.
1014 5547 1259 5604 Malefica
1290 5564 1424 5604 vero
1455 5547 1637 5604 multis
1668 5558 1787 5604 tor-

195 5624 393 5681 mentis
449 5623 735 5693 ignorante
791 5619 990 5693 comite
1035 5634 1158 5693 mox
1218 5621 1526 5693 excruciata
1556 5636 1657 5676 nec
1709 5619 1788 5674 sic

195 5694 453 5755 confessa
473 5690 582 5758 est,
625 5691 721 5745 sed
754 5705 785 5762 a
815 5690 985 5762 tribus
1036 5690 1375 5762 mulieribus,
1422 5707 1544 5762 quae
1575 5707 1788 5762 cumpca

196 5768 554 5824 interfuerant
606 5759 918 5825 maleficiis,
976 5760 1233 5816 convicta
1291 5769 1375 5814 est
1434 5759 1777 5818 testimoniis.

197 5842 397 5897 Comes
432 5845 607 5888 tamen
640 5832 690 5888 ei
719 5832 963 5903 pepercit
990 5840 1043 5885 et
1075 5831 1239 5884 vitam
1271 5834 1560 5887 concessit.
1623 5855 1645 5881 ιι

273 5909 422 5981 (261)
447 5903 766 5981 nglationes
803 5904 1222 5981 contemtor-min
1239 5903 1297 5981 in
1321 5904 1555 5981 ecctcsia
1582 5905 1790 5975 Surge-

201 5969 446 6043 ridruni.
466 5977 585 6036 Non
616 5969 1022 6033 dissimilis'fuit
1055 5971 1534 6037 Vindocineusium
1561 5969 1786 6035 contro-

1893 4767 2243 4824 coucederet.
2286 4767 2669 4838 Surgeriarum
2709 4768 3000 4823 Castellum
3042 4767 3241 4826 nomen
3296 4774 3490 4830 retinet

1893 4841 1947 4893 in
1981 4839 2297 4911 episcopatu
2329 4838 2655 4911 Santonensi
2689 4857 2703 4903 ;
2739 4841 2806 4895 de
2836 4840 2999 4911 cujus
3029 4842 3268 4897 ecclesia
3318 4846 3488 4900 Urba-

1894 4909 2281 4982 nnsGaufrido
2310 4909 2514 4963 abbati.
2550 4912 2798 4966 Ecclesia
2839 4909 3182 4982 pa'rochialis
3216 4915 3269 4971 S.
3301 4916 3490 4971 Μανὶίε

1894 4983 1960 5054 de
1980 4981 2281 5054 surgeriis,
2315 4984 2371 5054 et
2392 4995 2585 5054 omnes
2597 4981 2866 5054 ecclesiae,
2889 4985 3181 5054 qzuein/‘ra
3208 4987 3485 5042 terminos

1895 5053 2145 5123 ejusdem
2169 5052 2451 5123 parochiw
2481 5053 2882 5108 continentur.

1965 5124 2115 5192 (268)
2146 5123 2836 5194 P.honorabiliepisc0po.
2887 5125 3044 5180 Petro
3066 5123 3245 5181 eidem
3294 5128 3488 5183 Santo-

1894 5194 2071 5248 nensi.
2106 5193 2302 5247 Habuit
2323 5200 2376 5247 et
2404 5193 2643 5249 decimas
2674 5196 2971 5249 salinarum
3016 5198 3326 5252 cmnobium
3361 5200 3487 5255 Vin-

1894 5264 2296 5340 docinensium,
2336 5270 2396 5340 ut
2425 5280 2489 5340 ei;
2526 5264 2746 5340 tabulis
2797 5265 3125 5340 fundationis
3156 5267 3371 5340 liquet,
3430 5271 3486 5326 in

1893 5351 2036 5407 pago
2066 5335 2391 5407 Pictaviensi
2414 5336 2493 5407 ad,
2515 5334 2775 5391 Olonam.
2814 5336 2991 5405 Quare
3036 5334 3270 5394 dubitari
3300 5334 3488 5407 posset

1893 5406 2189 5480 an'scripta
2220 5407 2294 5480 sit
2308 5406 2538 5476 epistola
2566 5407 2633 5461 ad
2680 5408 2896 5462 Petrum
2927 5408 3240 5480 episcopum
3300 5406 3486 5469 Picta-

1895 5477 2297 5551 vieusem,_uisi
2327 5486 2669 5551 compertum
2694 5487 2841 5551 esset
2868 5477 3062 5551 Calixti
3097 5477 3345 5551 tempore
3374 5500 3486 5539 non

1896 5549 2113 5603 Petrum
2149 5548 2382 5604 Pictavis
2412 5549 2643 5616 sedisse,
2690 5549 2784 5605 sed
2817 5549 3168 5607 Guillelmum
3199 5548 3484 5610 Petrisnc-

1895 5635 2197 5675 cessorem.

1992 5693 2114 5760 269)
2147 5690 2397 5746 Ecclesia
2419 5707 2533 5747 non
2562 5690 2719 5748 debet
2748 5690 3026 5748 decimam
3054 5693 3208 5751 dare.
3240 5695 3361 5752 Non
3393 5713 3489 5755 ηε·-

1895 5762 2061 5838 gebat
2089 5762 2384 5838 episcopus
2412 5762 2654 5838 decimas
2684 5778 2717 5838 a
2747 5764 3025 5838 monachis
3046 5766 3164 5838 jure
3184 5767 3481 5838 possideri,

1896 5831 1993 5909 sed
2023 5831 2488 5909 contendebatmab
2512 5833 2906 5893 ecclesiasticis
2935 5831 3281 5898 non'deberi.
3324 5831 3485 5909 Quod

1897 5904 2036 5964 scite
2066 5904 2261 5963 refellit
2282 5902 2328 5959 G
2357 5902 2585 5962 vffridus.
