3940 6418
496 440 596 496 143

1576 436 1908 496 GOFFRIDI
1933 435 2219 495 ABABTIS
2248 434 2794 495 VINDOCINENSIS

3703 436 3808 496 “4'

495 564 626 619 rius.
659 563 779 619 Hoc
805 561 1036 619 facimus
1079 578 1178 620 nos
1207 561 1476 632 Ecclesiis,
1499 569 1552 619 et
1579 563 1683 619 hoc
1709 561 1964 618 Ecclesiae
1994 561 2084 618 fa—
2111 561 2166 623 A
2195 561 2527 620 siasticarum
2555 578 2732 618 rerum
2788 562 2966 619 omnis
2993 562 3219 621 facultas
3259 571 3505 637 negatur.
3562 565 3804 621 Clericus

496 653 646 708 ciunt
675 652 850 709 nobis.
883 653 1000 708 Hoc
1029 653 1188 709 etiam
1217 652 1378 708 bona:
1397 652 1524 710 vita:
1552 661 1607 706 et
1631 651 1794 708 bona;
1818 652 2099 708 memoria:

499 743 660 798 vestri
709 742 1152 814 praedecessores,
1207 742 1298 812 qui
1331 757 1429 798 vos
1484 747 1871 814 praecesserunt
1920 741 1988 796 ad
2017 741 2096 795 si-

496 830 686 887 dereas
731 831 1059 900 mansiones,
1093 831 1358 900 fecerunt,
1416 831 1657 886 decimas
1708 831 1914 886 scilicet
1965 845 2100 901 quas

495 921 611 974 sine
635 919 842 990 judicio
871 928 926 975 et
979 921 1094 975 sine
1121 919 1393 976 audientia
1446 919 1604 975 nobis
1643 920 1864 976 aufertis
1919 919 2098 974 reddi-

493 1009 704 1064 derunt.
765 1008 872 1064 Sed
922 1008 998 1062 illi
1049 1008 1195 1064 beati
1252 1009 1353 1066 viri
1404 1009 1629 1065 forsitan
1695 1007 1878 1064 idiota:
1931 1008 2094 1063 fuisse

497 1104 766 1170 putantur,
825 1097 1081 1167 quoniam
1138 1097 1454 1152 charitatem
1507 1097 1828 1163 habuerunt,
1870 1104 1922 1150 et
1968 1097 2096 1153 vita-

495 1193 688 1243 verunt
715 1187 1088 1258 rapacitatem,
1133 1194 1187 1241 et
1214 1186 1488 1242 neminem
1545 1185 1690 1242 mole
1717 1201 1830 1240 sua:
1884 1184 2096 1256 magni-

496 1275 696 1331 tudinis
723 1291 974 1347 premere
1000 1275 1306 1331 voluerunt.
1355 1277 1480 1331 Non
1507 1275 1763 1330 convenit
1815 1274 1971 1329 matri
2003 1274 2101 1334 Ec.

488 1364 666 1420 clesize
681 1364 922 1419 aliarum
981 1365 1344 1420 Ecclesiarum
1397 1365 1522 1434 jura
1576 1363 1665 1420 vel
1697 1363 1937 1419 decimas
1989 1361 2091 1417 sibi

488 1469 766 1525 usurpare.
829 1453 1116 1509 Parentum
1175 1461 1260 1508 est
1311 1453 1479 1523 enim,
1555 1452 1722 1508 Paulo
1781 1450 2092 1508 testiﬁcante

490 1543 772 1615 Apostolo,
857 1542 1213 1598 thesaurizare
1293 1540 1420 1596 filiis
1500 1542 1575 1611 (II
1629 1540 1752 1600 Cor.
1827 1557 1926 1609 xu,
1980 1542 2090 1610 11),

487 1647 596 1686 non
627 1647 750 1702 quas
813 1638 936 1685 sunt
989 1629 1222 1686 ﬁliorum
1280 1631 1510 1686 auferre.
1545 1631 1600 1686 Si
1653 1638 1832 1686 tamen
1890 1628 2094 1700 aliquid

489 1719 632 1791 quod
677 1720 883 1791 justum
939 1719 1009 1774 sit
1062 1719 1119 1774 in
1173 1718 1443 1792 prmdictis
1469 1719 1695 1774 decimis
1747 1735 1846 1774 vos
1891 1718 2090 1773 habere

485 1807 771 1876 confiditis,
804 1808 1032 1864 Romani
1081 1807 1350 1880 pontiﬁcis
1387 1807 1650 1879 judicium
1708 1808 1863 1862 vobis
1915 1805 2092 1862 oﬂ'eri-

488 1914 626 1964 mus,
659 1897 744 1952 cui
775 1897 874 1951 soli
914 1897 981 1951 de
1037 1897 1199 1953 rebus
1255 1896 1566 1952 monasterii
1623 1896 1788 1951 nostri
1837 1895 2081 1966 judicare
2110 1922 2164 1982 Β

483 1987 609 2042 licet
635 1993 689 2040 et
715 1983 958 2040 deﬁnire.
1019 1986 1163 2040 Etut
1203 1985 1301 2040 ista
1357 2001 1478 2056 quas
1532 1985 1761 2039 dicimus
1788 2000 1916 2040 vera
1971 2001 2084 2038 cre-

483 2075 641 2142 datis,
673 2090 776 2129 nec
838 2073 1096 2146 deinceps
1123 2091 1222 2146 per
1267 2073 1628 2146 ignorantiam
1651 2073 1938 2129 adversum
1987 2089 2085 2128 nos

485 2163 814 2219 contrahatis
843 2162 1103 2218 oﬂ'ensam
1127 2161 1517 2219 venerabilium
1555 2163 1921 2218 Romanorum
1952 2177 2086 2233 pon-

485 2251 707 2320 tiﬁcum,
759 2251 962 2308 Urbani
1021 2258 1075 2306 et
1125 2251 1323 2307 Calixti
1380 2251 1666 2323 privilegia
1723 2254 1872 2322 (270)
1929 2249 2086 2306 vobis

485 2341 802 2412 transcripta
857 2339 1138 2394 mittimus.
1169 2339 1334 2396 Novit
1375 2339 1519 2394 enim
1551 2339 1832 2411 prudentia
1885 2347 2080 2408 vestra,

484 2428 629 2500 quod
659 2429 774 2484 sine
805 2429 1046 2500 periculo
1077 2444 1186 2484 non
1213 2427 1524 2484 dissolvitur
1551 2429 1664 2483 sive
1703 2428 2079 2496 contemnitur,

485 2517 631 2588 quod
661 2516 959 2588 apostolica
988 2517 1302 2573 auctoritate
1356 2516 1625 2572 ﬁrmatum
1656 2534 1770 2571 esse
1829 2517 2080 2586 noscitur,

484 2607 572 2663 vel
627 2613 978 2678 praeceptum.
1037 2606 1242 2674 Valete,
1298 2613 1369 2674 et,
1428 2605 1556 2660 dum
1595 2606 1754 2676 158
1778 2621 2079 2678 precamur,

485 2702 721 2750 nostram
769 2694 950 2750 audite
981 2711 1218 2766 precem,
1273 2695 1316 2749 si
1346 2702 1578 2750 vestram
1609 2710 1715 2749 non
1763 2695 1924 2751 vultis
1978 2695 2083 2751 sol-

482 2783 676 2838 licitari
705 2783 964 2854 quietem.

1008 2903 1348 2961 EPISTOLA
1383 2904 1552 2959 XLII.

479 3019 717 3078 Domino
747 3034 848 3076 suo
895 3021 950 3075 et
995 3019 1356 3090 praecordiali
1389 3020 1592 3086 amico,
1637 3019 1681 3075 l.
1737 3017 2083 3076 honorabilis

548 3111 681 3167 vita
717 3109 972 3182 episcopo
1015 3109 1188 3178 (271),
1237 3109 1434 3179 frater
1485 3107 1762 3178 (ἴσην-ἐάας
1813 3107 2080 3164 abbatum

549 3197 1228 3264 minimus,dilectionem
1258 3200 1317 3253 et
1339 3195 1661 3253 dilectionis
1687 3197 2040 3254 servitutem.

551 3335 612 3388 In
641 3333 872 3390 crastino
903 3331 1094 3403 capitis
1143 3331 1476 3404 jejuniorum
1505 3331 1575 3388 ad
1604 3349 1703 3390 vos
1738 3332 1922 3388 venire
1971 3349 2080 3388 non

480 3439 719 3495 possum,
779 3422 1091 3477 necessitate
1129 3421 1371 3492 corporis
1425 3429 1733 3492 occupatus.
1758 3423 1890 3476 Cum
1950 3439 2078 3478 vero

481 3529 515 3567 a
543 3511 880 3579 necessitate,
941 3527 1048 3580 qua
1076 3509 1340 3576 detineor,
1371 3510 1524 3566 fuero
1554 3509 1828 3579 liberatus,
1887 3509 1954 3565 ad
1983 3527 2080 3566 vos

480 3600 696 3658 veniam
727 3607 968 3670 tempore
1019 3597 1367 3668 competenti,
1398 3596 1465 3654 de
1495 3599 1734 3670 Pagano,
1793 3607 1847 3654 et
1874 3599 1940 3653 de
1970 3600 2080 3654 suis

475 3689 739 3760 justitiam
787 3695 1115 3759 recepturus.
1177 3687 1424 3760 Paganus
1480 3687 1589 3758 ille,
1621 3687 1757 3742 sicut
1811 3686 2021 3756 dicitur,
2045 3705 2078 3744 a

481 3777 637 3835 vobis
664 3777 907 3848 exposcit
962 3775 1106 3848 quod
1153 3776 1282 3832 olim
1305 3792 1336 3831 a
1363 3775 1559 3831 sanctis
1605 3777 1862 3847 apostolis
1916 3778 2078 3832 inter-

481 3867 682 3922 dictum
713 3874 809 3935 est,
843 3873 896 3920 et
949 3865 1177 3920 decretis
1205 3865 1514 3936 apostolica:
1568 3865 1710 3920 sedis
1739 3882 1880 3920 nunc
1917 3866 2078 3921 inter-

480 3955 692 4012 dicitur.
727 3955 898 4010 Laicis
945 3955 1110 4023 enim,
1143 3955 1305 4009 etiam
1335 3953 1602 4026 religiosis
1655 3957 1827 4024 (272),
1858 3962 1916 4010 ut
1962 3955 2077 4026 ipse

481 4045 674 4100 melius
701 4043 887 4114 nostis,
919 4042 1376 4115 disponendarum
1416 4043 1762 4098 ecclesiarum
1791 4044 1877 4099 vel
1907 4045 2078 4100 eccle-

554 4223 704 4296 (270)
740 4223 945 4296 Urbani
964 4225 1022 4278 et
1045 4221 1263 4296 Calimti
1289 4221 1604 4296 privilegia.
1636 4221 1840 4296 Urbani
1879 4223 1982 4278 hac
2009 4223 2076 4278 de

481 4309 538 4348 re
569 4293 841 4366 decretum
876 4295 1115 4366 citatum
1137 4293 1206 4366 ad
1262 4293 1418 4362 epist.
1461 4293 1527 4349 33
1558 4293 1750 4349 Calixti
1805 4295 2076 4366 integrum

483 4365 758 4420 attulimus
777 4364 846 4420 ab
875 4364 971 4418 lib.
1004 4380 1062 4433 ιι,
1085 4365 1240 4435 epist.
1257 4370 1362 4435 728.

555 4437 705 4505 (271)
744 4437 772 4492 1
811 4436 1091 4508 episcopo.
1121 4434 1398 4508 :Goﬁ'rido
1453 4435 1694 4506 suspicor
1739 4436 2072 4504 Carnotcnsi,

481 4506 550 4561 ad
580 4523 741 4577 quem
770 4505 1009 4578 scribens
1063 4505 1219 4578 epist.
1254 4511 1339 4578 39.
1371 4505 1574 4578 Pagani
1606 4507 1767 4562 etiam
1827 4509 2074 4563 monachi

482 4574 747 4633 meminit.
779 4574 1058 4648 Joﬂ'ridum
1072 4574 1169 4648 pro
1181 4575 1425 4633 Golfrido
1439 4574 1702 4632 interdum
1723 4578 2029 4634 scribebant
2053 4599 2066 4634 :

2205 659 2406 721 autem,
2438 652 2527 723 qui
2576 668 2674 722 per
2727 653 2920 709 laicam
2974 669 3264 723 personam
3319 654 3628 724 ecclesiam,
3691 656 3801 710 sive

2203 741 2595 811 possessionem
2617 742 3030 797 ecclesiasticam
3089 743 3274 797 nititur
3291 743 3553 812 obtinere,
3614 761 3802 800 secun-

2203 830 2331 884 dum
2361 830 2685 902 Gregorium
2722 831 3010 900 septimum
3041 833 3212 902 (273),
3243 838 3296 885 et
3316 832 3591 888 Urbanum
3624 834 3795 898 (274),

2203 927 2258 973 et
2285 919 2595 974 Paschalem
2645 921 2795 988 (275)
2827 919 3142 987 secundum,
3174 921 3673 976 excommunicatus
3701 931 3795 986 est,

2203 1014 2255 1061 et
2283 1007 2353 1063 ab
2383 1008 2514 1078 ipsis
2567 1009 2730 1062 etiam
2759 1009 3042 1063 haereticus
3081 1008 3370 1080 judicatus.
3412 1010 3542 1065 Vale
3574 1025 3588 1078 ;
3623 1019 3678 1065 et.
3733 1011 3798 1064 de

2201 1095 2372 1166 gradu
2402 1096 2457 1150 in
2484 1096 2714 1168 gradum
2736 1097 2881 1152 Deus
2909 1113 3006 1154 vos
3031 1104 3337 1167 promotum
3351 1098 3544 1153 habeat
3565 1098 3635 1154 ad
3656 1099 3795 1152 utili-

2205 1192 2365 1240 tatem
2396 1185 2646 1242 Ecclesia:
2675 1201 2804 1242 suae.
2837 1188 2899 1240 In
2927 1186 3084 1242 vobis
3111 1186 3436 1258 completum
3466 1196 3563 1255 est,
3596 1195 3655 1242 ut
3685 1204 3794 1244 cre-

2201 1273 2362 1341 ditur,
2396 1273 2541 1344 quod
2589 1274 2784 1346 legitur
2811 1274 2865 1329 in
2898 1275 3195 1348 Evangelia
3229 1294 3240 1331 :
3275 1275 3383 1344 Qui
3411 1292 3466 1332 se
3495 1277 3791 1345 humiliat,

2200 1362 2562 1419 excitabitur
2617 1364 2814 1432 (Math.
2868 1379 3034 1431 xxm,
3070 1366 3179 1428 12).
3237 1364 3508 1420 Humilem
3555 1373 3790 1421 mentem

2200 1459 2432 1507 vestram
2469 1467 2611 1507 nunc
2639 1469 2806 1522 usque
2855 1453 3180 1508 credidimus
3215 1468 3228 1522 ;
3261 1453 3565 1509 audivimus
3620 1456 3795 1510 humi-

2199 1541 2306 1595 lem
2353 1540 2624 1610 loquelam
2659 1555 2672 1610 ;
2706 1541 2834 1596 satis
2879 1541 3041 1596 etiam
3101 1541 3358 1596 humilem
3415 1551 3616 1599 vestem
3656 1561 3792 1598 con-

2198 1628 2492 1699 speximus.
2544 1631 2649 1684 Ista
2677 1629 2860 1698 utique
2891 1630 3074 1686 omnia
3123 1631 3390 1703 Oportebit
3418 1647 3516 1687 vos
3568 1649 3788 1705 augere,

2197 1735 2306 1773 non
2353 1717 2613 1787 minuere,
2647 1734 2714 1774 ne
2753 1717 2910 1773 vobis
2937 1719 3232 1792 contingat,
3265 1721 3424 1790 159
3457 1721 3600 1790 quod
3646 1722 3790 1776 Deus

2197 1806 2400 1862 abnuat
2433 1808 2445 1860 l
2484 1807 2588 1875 Qui
2604 1823 2661 1863 se
2681 1807 2930 1872 exultat,
2962 1806 3586 1880 humiliabitur(ibid.).
3632 1809 3787 1879 Quod

2199 1895 2284 1948 hic
2317 1895 2606 1950 novissime
2636 1896 2842 1950 locutus
2871 1912 3008 1965 sum,
3041 1904 3121 1950 est
3150 1896 3364 1966 quidem
3389 1909 3786 1969 praesumptuo-

2193 2000 2308 2038 sum
2344 1999 2358 2051 ;
2389 1983 2483 2038 sed
2538 1991 2924 2054 praesumptum
2981 1985 3156 2040 amica
3183 1987 3622 2056 praisumptionc.
3686 1989 3788 2044 Vos

2191 2073 2396 2128 viscera
2424 2089 2546 2128 mea
2593 2073 2776 2142 nostis,
2809 2080 2862 2128 et
2889 2089 2992 2144 ego
3041 2081 3215 2130 vestra
3235 2074 3496 2130 similiter.
3527 2077 3640 2132 Nec
3673 2092 3788 2133 ‘vo-

2190 2161 2295 2229 bis,
2327 2177 2426 2217 nec
2447 2161 2577 2216 mihi
2601 2170 2784 2216 mutua
2803 2161 3144 2217 familiaritas
3171 2170 3554 2234 comtemptum
3577 2166 3781 2235 pariet;

2191 2249 2283 2304 sed
2306 2249 2356 2304 in
2387 2249 2570 2304 divina
2596 2250 2804 2320 justitia
2842 2251 3206 2306 assensionem
3263 2253 3476 2320 nutriet,
3509 2262 3560 2308 et
3610 2257 3786 2329 magis

2192 2339 2247 2392 in
2276 2339 2390 2394 Deo
2420 2338 2671 2396 devotam
2693 2339 3058 2395 dilectionem.

2700 2482 3034 2540 EPISTOLA
3073 2484 3265 2539 XLIII.

2193 2588 2528 2645 Dulcissimo
2545 2587 2770 2646 domino
2787 2594 2844 2645 et
2873 2590 3235 2663 prcecordiali
3257 2593 3458 2659 amico,
3491 2592 3704 2670 domno
3723 2595 3780 2649 li.

2263 2677 2566 2734 laudabilis
2607 2679 2735 2733 vitae
2771 2680 3025 2752 episcopo
3069 2681 3240 2751 (276),
3270 2683 3455 2752 frater
3497 2683 3784 2755 Go/‘fridus

2261 2765 2620 2822 dilectionem
2654 2771 2710 2822 ct
2731 2766 3056 2825 dilectionis
3084 2771 3437 2826 servitutem.

2261 2891 2582 2961 Concilium,
2615 2899 2674 2946 ut
2692 2909 2833 2947 nunc
2879 2891 3090 2962 dicitur,
3134 2895 3319 2951 Romae
3348 2897 3497 2964 (277)
3542 2896 3780 2953 celebra-

2188 2977 2350 3048 bitur,
2383 2996 2512 3048 non,
2563 2980 2699 3037 sicut
2726 2981 3086 3051 audieramus,
3147 2983 3446 3040 Cremonae.
3477 2984 3628 3041 Unde
3675 2987 3782 3041 ani-

2190 3084 2310 3122 mus
2367 3085 2519 3123 meus
2564 3071 2914 3124 vehementer
2938 3070 3298 3140 perturbatur,
3356 3073 3608 3144 quoniam
3653 3075 3781 3129 illuc

2189 3155 2266 3211 ire
2294 3157 2542 3213 voluntas
2569 3158 2772 3213 domini
2802 3159 3135 3232 papaacogit,
3167 3161 3260 3216 sed
3280 3162 3535 3232 asperitas
3563 3171 3778 3232 tempo-

2111 3282 2162 3346 G
2189 3245 2263 3300 ris
2317 3252 2371 3300 et
2425 3247 2686 3319 longioris
2731 3247 2834 3304 vim
2891 3247 3162 3305 tribulatio
3205 3250 3492 3306 dissuadet.
3551 3251 3618 3306 Et
3665 3253 3780 3308 haec

2191 3333 2408 3405 quidem
2465 3351 2564 3405 pro
2621 3337 2752 3391 tanti
2819 3335 3023 3391 domini
3081 3345 3135 3392 et
3189 3339 3428 3412 magistri
3503 3339 3777 3395 voluntate

2189 3423 2561 3494 postponenda
2610 3424 2850 3492 fuissent,
2915 3425 2960 3480 si
3016 3427 3255 3498 corporis
3308 3426 3585 3482 inﬁrmitas
3629 3430 3774 3499 quod

2181 3512 2406 3583 jubetur
2449 3511 2564 3566 fieri
2605 3513 2716 3568 ulla
2759 3514 2966 3569 ratione
3013 3515 3364 3586 permitteret.
3387 3516 3634 3586 Seipsum
3692 3535 3778 3572 ex-

2185 3616 2390 3670 ponere
2437 3601 2616 3669 morti,
2675 3601 2778 3656 nisi
2834 3610 2978 3658 certa
3006 3619 3102 3674 spe
3145 3604 3510 3660 retributionis
3534 3614 3771 3676 aeternae,

2186 3690 2362 3744 nullus
2391 3697 2634 3744 sensatus
2660 3707 2896 3760 unquam
2929 3691 3072 3747 fecit.
3107 3692 3163 3746 Si
3193 3693 3314 3762 quis
3331 3709 3457 3748 vero
3476 3695 3530 3748 in
3558 3711 3614 3748 se
3635 3711 3773 3751 con-

2185 3778 2369 3834 citavit
2396 3787 2646 3846 mortem,
2687 3796 2848 3849 quam
2879 3780 3046 3836 vitare
3076 3779 3364 3849 debuisset,
3411 3783 3649 3852 requiem
3683 3785 3771 3838 in-

2187 3867 2396 3923 venisse
2423 3883 2530 3922 non
2560 3867 2775 3939 legitur,
2831 3868 2926 3923 sed
2947 3885 3265 3925 aerumnam.
3300 3871 3534 3926 Christus
3589 3873 3771 3943 utique

2184 3955 2428 4026 bajulare
2466 3973 2678 4012 crucem
2704 3957 2860 4028 jubet
2910 3959 3068 4026 (Luc.
3100 3975 3218 4028 inv,
3250 3960 3363 4030 24),
3395 3977 3502 4016 non
3531 3975 3770 4031 quaerere

2185 4045 2531 4117 sepulturam.
2565 4046 2716 4102 Vale.

2184 4240 2285 4278 nec
2312 4223 2462 4298 enim?
2514 4225 2761 4298 occurrit,
2819 4225 2930 4298 cui;
2960 4225 3136 4298 potius
3181 4225 3374 4283 ascribi
3428 4237 3604 4298 queat.
3655 4229 3770 4285 Hoc

2184 4302 2342 4376 pacto
2377 4295 2602 4376 adjungi
2658 4297 2866 4351 caeteris
2901 4295 3082 4368 debet,
3114 4315 3235 4368 qua:
3289 4298 3358 4354 ad
3405 4295 3550 4354 illum
3607 4318 3770 4372 supra

2183 4374 2392 4437 scriptae
2420 4374 2559 4421 sunt.

2257 4441 2406 4511 (277)
2424 4437 2740 4511 ﬂoncilium
2755 4439 2956 4511 Romae.
2971 4441 3015 4494 Α
3035 4439 3476 4506 Calixtoll,anno
3500 4443 3653 4494 “23.
3669 4445 3770 4511 Ap-

2183 4508 2386 4578 pendix
2417 4508 2704 4580 Sigeberti,
2743 4508 3056 4583 Concilium
3077 4513 3262 4567 Romae
3289 4511 3624 4576 celebratur,
3645 4508 3768 4583 pair

2185 4583 2339 4635 inter
2360 4597 2596 4652 regnum
2625 4585 2692 4652 et
2709 4581 3085 4638 sacerdotium
3108 4585 3476 4652 reformatur,
3503 4585 3558 4638 et
3571 4581 3669 4650 jus
3691 4585 3768 4639 in-

479 4657 642 4726 atque
669 4649 743 4726 ita
765 4656 916 4726 vetus
943 4646 1117 4726 codex
1160 4648 1414 4726 abbatem
1440 4657 1678 4726 nostrum
1722 4658 2070 4726 repraesentat
2100 4646 2152 4706 D
2183 4646 2592 4726 vestituritrum
2604 4651 3006 4726 episcopalium
3018 4653 3086 4708 ab
3101 4646 3771 4726 impcraloi'eexfestucm

478 4721 634 4792 epist.
665 4719 745 4792 ad,
790 4719 1086 4792 Honorium
1106 4738 1131 4792 7:
1164 4721 1336 4775 Locus
1363 4736 1494 4792 ergo
1536 4721 1660 4776 huic
1687 4719 1928 4791 epistola:-
1982 4722 2076 4776 de-

478 4787 709 4847 bebatur
735 4791 788 4846 in
809 4791 956 4846 calce
975 4787 1071 4844 lib.
1103 4791 1172 4845 II.

549 4864 700 4934 (272)
730 4863 913 4934 Laicis
933 4863 1110 4920 etiam
1129 4861 1426 4934 religiosis.
1453 4861 1533 4916 Ex
1563 4861 1875 4934 Symmachi
1916 4879 2072 4934 papa:

1459 5077 1521 5129 In
1550 5073 1754 5147 synodo
1803 5075 2066 5146 Romana,

477 5147 634 5217 epist.
660 5150 720 5202 11
756 5147 1022 5218 etbpusc.
1045 5149 1099 5202 2.

547 5219 699 5290 (274)
735 5217 1040 5290 Urbanum.
1071 5217 1137 5290 In
1163 5217 1370 5290 synodo
1397 5217 1738 5290 Arvernensi.

549 5286 700 5360 (275)
729 5286 1412 5360 Ρέιεοιιαισηιᾏίηὲγηοάο
1441 5288 1806 5345 Lateranensi.

549 5357 700 5435 (276)
757 5357 1040 5437 Episcopo.
1081 5357 1343 5422 Rainaldo
1388 5359 1612 5418 fortasse
1666 5361 2066 5438 Andegavensi,

2185 4725 2352 4793 turri
2385 4722 2683 4776 abdicatur.
2707 4722 2822 4776 Hoc
2849 4723 3017 4777 idsem
3049 4731 3126 4776 est
3153 4722 3672 4793 concilium,opinor,
3705 4725 3772 4780 ad

2181 4792 2326 4862 quod
2373 4802 2627 4864 evocatus
2667 4793 2980 4858 lldebertus,
3020 4811 3214 4864 graves
3243 4795 3297 4848 in
3325 4792 3510 4849 itinere
3546 4794 3777 4850 difﬁcul-

2183 4871 2316 4920 tates
2343 4863 2631 4919 meditatur
2659 4865 2713 4918 in
2749 4864 2906 4933 epist.
2939 4868 3008 4921 76
3029 4863 3044 4920 ξ
3073 4865 3315 4921 Maxime
3356 4869 3546 4922 autem
3579 4867 3684 4922 hac
3716 4871 3776 4923 in

2181 4939 2518 5008 tempestate
2529 4935 2880 5008 orationibus
2895 4939 3008 4992 tuis
3020 4951 3242 5007 egemus
3253 4936 3539 5008 fatigandi
3551 4939 3778 4994 Rouuuu

2215 5005 2441 5080 uopapa
2455 5005 2842 5063 cardinalibus
2858 5005 3302 5080 citranionlanis
3318 5005 3592 5080 episcopis
3608 5013 3666 5064 et
3680 5011 3778 5066 ab-

2179 5024 2441 5132 zuopapa
2455 5024 2842 5063 caramauous
2858 5024 3302 5064 curamomams
3318 5024 3592 5080 episcopis
3608 5024 3666 5064 et
3680 5024 3776 5066 ao-

2189 5078 2402 5150 atibus
2419 5080 2742 5150 conuocatis
2751 5080 3016 5150 generale
3028 5079 3335 5150 concilium
3353 5080 3415 5134 in
3441 5079 3576 5135 urbe
3588 5085 3674 5136 est
3691 5097 3776 5136 ce-

2181 5149 2503 5205 lebraturus
2519 5168 2538 5222 ς
2552 5149 2708 5222 nobis
2729 5149 2870 5222 illuc
2887 5149 3232 5222 profecturis
3254 5155 3476 5222 tempus
3493 5151 3680 5208 hieme
3691 5169 3776 5208 su-

2178 5223 2453 5294 spectum,
2471 5221 2695 5294 nivibus
2714 5220 2897 5294 Alpes,
2925 5220 3296 5294 incrementis
3331 5220 3514 5294 caute,
3538 5223 3777 5281 vinculis

2177 5291 2508 5366 imperator,
2525 5291 2892 5351 seditionibus
2903 5293 3134 5360 civitas,
3153 5291 3458 5352 exactione
3467 5294 3774 5369 palatium.

2687 6397 2980 6408 —-“
3027 6401 3256 6412 ,4,-
3370 6403 3408 6412 ε,
