3940 6392
199 379 307 438 us

1241 536 1402 610 Ῐδθ
1465 556 1798 644 LIBER

692 729 1027 790 EPISTOLA
1077 731 1310 790 PRIMA.

193 841 580 902 Dilectissimo
598 841 824 901 domino
873 861 940 900 ac
961 843 1282 903 beatissimo
1319 845 1482 903 Patri
1503 863 1602 906 suo
1646 847 1798 918 (278)

269 933 758 1006 llugoniomnium
779 931 1052 990 abbatum
1079 936 1578 1002 excellentissimo,
1596 936 1802 1008 Go/fri-

271 1021 378 1078 dus
397 1022 650 1092 ﬁliorum
693 1039 926 1080 suorum
943 1023 1236 1090 minimus,
1271 1023 1588 1097 quodPatri
1613 1025 1794 1094 ﬁlius,

271 1115 326 1166 et
357 1111 582 1168 domino
610 1127 830 1168 servas.

268 1219 412 1290 Quid
447 1223 650 1290 salutis,
682 1221 879 1293 quidve
936 1221 1173 1291 honoris,
1207 1223 1367 1278 nullis
1422 1223 1556 1278 meis
1584 1239 1795 1295 praece-

193 1305 448 1363 dentibus
502 1311 590 1366 vel
635 1310 1084 1381 subsequentibus
1139 1311 1360 1381 meritis,
1390 1328 1528 1384 pura
1580 1313 1796 1369 dilectio

190 1404 372 1452 vestra
391 1398 523 1453 mihi
562 1399 862 1468 contulerit,
921 1400 1048 1454 dum
1079 1416 1222 1472 saepe
1268 1408 1446 1456 mente
1477 1402 1787 1470 considero,

194 1501 321 1554 quae
351 1502 448 1558 pro
498 1488 656 1542 tantis
710 1487 986 1543 beneﬁciis
1041 1488 1204 1560 digne
1234 1489 1530 1559 rependere
1583 1491 1795 1546 valeam

195 1573 440 1630 invenire
489 1591 598 1631 non
645 1592 882 1648 possum.
942 1575 1099 1646 Quod
1123 1584 1301 1633 tamen
1340 1579 1552 1634 charius
1598 1579 1792 1648 habeo,

194 1661 367 1718 oﬂ‘ero
396 1663 682 1736 meipsum,
735 1665 934 1736 quippe
957 1665 1108 1736 cujus
1138 1673 1306 1721 totum
1363 1666 1600 1724 bonitate
1621 1676 1796 1724 vestra

195 1750 447 1806 hausistis
474 1753 734 1807 animum.
770 1752 876 1808 Sed
917 1770 1076 1824 quem
1105 1754 1319 1810 bonitas
1348 1763 1522 1810 vestra
1571 1756 1793 1826 sapien-

193 1847 279 1893 ter
311 1841 500 1909 hausit,
559 1858 718 1911 quem
750 1840 1038 1914 diligenter
1093 1841 1195 1898 sibi
1249 1843 1504 1912 subdidit,
1565 1844 1795 1898 domnus

190 1929 348 1998 (279)
403 1930 662 1984 Henricus
691 1929 861 1985 abbas
905 1931 1224 2002 impugnare
1254 1933 1392 2002 161
1430 1948 1538 1987 non
1578 1932 1789 1988 desinit.

187 2020 496 2088 Antequam
529 2018 750 2073 haberet
799 2018 1097 2088 abbatiam,
1130 2028 1184 2075 et
1211 2029 1416 2092 postea,
1474 2021 1619 2076 bona
1673 2035 1793 2092 qua!

1476 383 1848 446 EPISTOLE.
1875 415 1950 434 --
1975 386 2103 446 LIB.
2135 381 2227 448 IV.

3405 377 3509 446 “6

1896 556 2446 660 QUARTUS.

1827 736 1884 799 A
1913 737 2043 795 lare.
2067 736 2204 795 Hinc
2229 735 2510 795 occasione
2539 741 2778 809 accepta,
2809 732 2994 794 omnia
3045 731 3505 804 machinamenta,

1909 827 2106 899 quibus
2121 835 2295 901 potest
2349 841 2540 884 nocere
2572 827 2627 882 in
2655 841 2743 882 me
2798 833 3030 896 exercet,
3062 825 3145 882 cui
3167 825 3211 881 si
3265 842 3374 883 non
3404 841 3502 900 pro

1908 917 2260 986 fraternitate,
2318 917 2506 972 saltem
2562 931 2660 988 pro
2708 923 2883 972 vestra
2911 915 3229 988 paternitate
3283 931 3502 988 parcere

1907 1005 2196 1061 debuisset.
2231 1006 2386 1062 Velut
2415 1005 2549 1061 alter
2579 1005 2728 1074 Saul,
2760 1020 2849 1060 me
2899 1003 3049 1076 quasi
3070 1004 3246 1060 David
3290 1005 3504 1077 fugien-

1907 1102 2015 1151 tem
2045 1095 2382 1166 pexsequitur
2422 1109 2436 1164 ;
2469 1094 2614 1150 nulla
2647 1111 2778 1167 erga
2834 1109 2920 1149 me
2951 1093 3293 1150 fraternitatis
3345 1109 3500 1150 com-

1907 1184 2155 1256 passione
2185 1190 2448 1240 movetur.
2483 1182 2599 1254 Ego
2628 1181 2676 1237 ei
2706 1181 2950 1236 resistere
2982 1197 3079 1236 nec
3133 1197 3370 1252 possum,
3403 1198 3503 1238 nec

1905 1281 2099 1349 debeo,
2133 1280 2387 1352 quoniam
2443 1279 2905 1336 mansuetudinem
2944 1287 3175 1336 vestram
3230 1277 3500 1336 oﬂ'endere

1905 1377 2106 1426 metuo.
2157 1371 2224 1425 Et
2246 1369 2371 1440 quia
2400 1384 2490 1424 me
2546 1369 2752 1442 erigere
2809 1375 2994 1423 contra
3021 1385 3144 1423 eum
3201 1368 3503 1424 nullatenus

1905 1474 2192 1531 pmsumo,
2241 1465 2417 1514 vestra
2460 1457 2552 1528 pia
2579 1456 2854 1524 severitas,
2888 1455 3160 1511 humiliter
3211 1471 3414 1527 quaeso,
3442 1473 3499 1513 se

1904 1556 2092 1605 contra
2119 1563 2241 1603 eum
2265 1547 2456 1618 erigat,
2487 1553 2541 1601 et
2567 1544 2670 1600 sibi
2717 1544 2975 1600 mandare
3003 1544 3272 1619 dignetur,
3306 1561 3373 1600 ne
3403 1561 3492 1602 me

1904 1653 2080 1703 vestro
2111 1660 2295 1701 amore
2330 1643 2508 1714 potius
2550 1658 2712 1714 quam
2758 1643 2902 1698 mole
2948 1659 3059 1698 suae
3114 1642 3500 1715 magnitudinis

1905 1741 2133 1808 premat.
2167 1734 2224 1790 Si
2255 1740 2434 1789 autem
2463 1733 2530 1786 de
2579 1748 2666 1787 me
2695 1732 2951 1802 queritur,
2983 1731 3334 1801 querimoniae
3387 1747 3500 1788 sua:

1905 1833 2189 1905 praesentia
2217 1838 2394 1887 vestra
2429 1830 2596 1901 judex
2628 1829 2838 1884 existat.
2890 1830 2997 1884 Vos
3027 1845 3241 1898 semper
3257 1829 3499 1901 appella-

1903 1923 1976 1990 vi,
2034 1929 2087 1976 et
2141 1921 2315 1976 adhuc
2360 1919 2595 1991 appello.
2655 1918 2944 1990 Sapientiae
2998 1925 3188 1975 vestrae
3237 1917 3498 1988 judicium

1901 2011 2080 2065 subire
2109 2009 2374 2065 desidero.
2407 2007 2582 2063 Ambo
2611 2005 2878 2064 ﬁliivestri
2905 2023 3089 2062 sumus
3119 2021 3134 2074 ;
3167 2006 3254 2063 ille
3275 2007 3494 2079 quidem

188 2107 343 2178 potui
373 2105 438 2160 de
469 2106 561 2162 illo
617 2107 814 2177 dicere,
845 2107 956 2163 dixi
990 2123 1003 2175 ;
1035 2109 1103 2162 ad
1145 2109 1402 2165 honorem
1451 2093 1788 2165 monasterrii
1815 2100 1870 2162 Β
1900 2100 2008 2155 oris
2035 2097 2387 2171 Ρτοΐοεδίοηο,
2439 2096 2534 2152 89d
2565 2097 2715 2166 162
2747 2112 2872 2168 θεον
2909 2095 3052 2151 Deus
3080 2095 3178 2150 δοίῐ
3223 2096 3311 2166 (illi
3333 2096 3496 2152 corda

187 2195 557 2251 Cluniacensis
602 2213 800 2252 nomen
853 2198 970 2268 ejus
1000 2197 1307 2269 przedicavi.
1358 2199 1576 2254 Illorum
1627 2200 1787 2255 etiam

186 2284 516 2352 inimicitias,
591 2286 784 2356 quibus
839 2295 1049 2358 prmest,
1104 2287 1370 2342 incurrere
1419 2303 1515 2359 pro
1559 2303 1623 2344 eo
1681 2305 1788 2345 non

186 2374 376 2428 metui.
409 2374 530 2445 Ipse
557 2391 686 2430 vero
731 2375 863 2429 mihi
893 2377 1148 2430 confrutri
1177 2392 1274 2431 suo
1321 2377 1464 2431 mala
1493 2394 1590 2448 pro
1632 2375 1791 2433 bonis

183 2462 435 2518 retribuit
489 2463 660 2532 (280),
719 2463 1069 2519 retributione
1124 2465 1375 2520 videlicet
1431 2481 1592 2536 quam
1645 2465 1791 2520 Deus

187 2567 299 2606 non
331 2551 496 2605 novit.
529 2552 722 2608 Nescio
779 2568 884 2622 qua
913 2554 1107 2607 mentis
1165 2560 1478 2623 tempestate
1534 2555 1786 2626 agitatur,

189 2647 247 2694 ct
275 2640 326 2693 in
357 2656 442 2693 me
471 2655 684 2695 servum
732 2649 922 2696 vestrae
953 2642 1246 2696 sanctitatis
1273 2642 1386 2697 sine
1418 2659 1580 2698 causa
1628 2643 1786 2698 inve-

190 2729 353 2784 hitur.
385 2729 622 2784 Terram.
657 2745 818 2800 quam
850 2731 1231 2786 monasterium
1289 2739 1524 2786 nostrum
1550 2739 1789 2802 tempore

191 2817 583 2872 venerabilium
659 2826 1052 2874 antecesserunt
1108 2835 1324 2876 suorum
1391 2836 1486 2891 per
1573 2819 1789 2892 triginta

192 2922 365 2962 annos
393 2914 538 2962 eteo
587 2907 819 2978 amplius
873 2908 1092 2978 paciﬁca
1131 2916 1186 2962 et
1211 2909 1506 2979 apostolica
1562 2909 1788 2964 auctori-

193 3001 300 3049 tate
341 2993 445 3049 sibi
500 2993 766 3050 ﬁrmatam
823 2997 1058 3052 noscitur
1099 2997 1419 3068 possedisse,
1475 2997 1626 3051 terris
1681 2999 1788 3052 suis

192 3083 319 3154 quia
349 3083 526 3139 vicina
577 3091 676 3153 est,
707 3084 808 3139 sibi
838 3085 967 3140 satis
995 3085 1348 3142 immoderate
1401 3085 1586 3141 nititur
1612 3102 1785 3158 copu-

263 3280 411 3349 (278)
443 3281 661 3354 Παροιιὶ
682 3279 950 3354 abbatum
979 3281 1482 3354 excellentissimo.
1501 3281 1785 3354 Singulare

234 3365 411 3407 rorsus
467 3352 647 3408 saeculi
678 3352 836 3422 hujus
889 3361 1283 3419 ornamentum,
1341 3352 1648 3424 ordinisque
1703 3355 1784 3409 sui

183 3423 532 3494 decusllugo
578 3424 1004 3494 Cluniacensium
1057 3424 1227 3478 abbas
1258 3441 1310 3476 v.
1344 3423 1632 3482 Ordericus
1689 3426 1782 3479 Vi-

186 3492 306 3547 talis
335 3493 403 3550 de
431 3492 896 3560 R_oberto,abbate
909 3501 1094 3565 postea
1127 3495 1356 3550 Uticensi
1389 3513 1402 3550 :
1438 3497 1776 3552 Cluniacum

181 3569 538 3638 perrexerat,
553 3566 648 3620 ubi
665 3569 802 3638 tunc
822 3567 1152 3638 monasticm
1165 3565 1438 3638 phalangi
1452 3567 1602 3638 Hugo
1613 3568 1776 3624 abbas

186 3635 1418 3709 temporibusnostrisspecialemonachorurn
1429 3635 1779 3709 decuspraee-

182 3707 490 3778 rat.Hujus
511 3715 654 3762 muto
684 3707 937 3761 illustrior
965 3708 1079 3762 laus
1109 3707 1224 3774 fuit,
1258 3716 1458 3777 quanto
1498 3707 1778 3778 praelectu-

181 3793 242 3830 ra
261 3777 575 3833 diuturnior.
609 3781 790 3832 Annos
811 3779 954 3833 enim
987 3779 1198 3849 praefuit
1252 3781 1340 3834 i3.
1372 3777 1566 3848 Quanti
1597 3787 1775 3834 autem

183 3864 306 3902 eum
339 3849 542 3916 fecerit,
574 3849 819 3905 Urbanus
874 3851 922 3904 Il
953 3850 1041 3918 qui
1071 3851 1377 3905 monasticae
1403 3851 1778 3907 vitainitiatus

184 3919 348 4002 abeo
380 3920 570 4001 fuerat,
613 3920 882 4002 de‘claram
913 3921 1130 4002 quaead
1152 3920 1299 4002 illum
1331 3921 1543 4002 _i_n_ipsis
1563 3921 1774 4002 pontifi-

183 3997 330 4061 catus
384 3990 463 4044 sui
521 3991 757 4046 exordiis
812 3992 949 4045 inter
1001 3992 1107 4046 alia
1157 3992 1368 4061 scripsit
1399 3990 1480 4046 his
1525 3990 1704 4047 verbis
1756 4012 1768 4048 :

188 4060 462 4131 Tibiergo,
475 4063 853 4126 sanctissime,
869 4060 1318 4118 reverentissime
1330 4079 1397 4118 ac
1409 4063 1773 4120 dilectissime

181 4135 382 4202 frater,
395 4136 514 4188 tam
526 4149 599 4188 ea:
614 4137 717 4188 ant
726 4131 857 4198 igua
868 4134 1016 4189 sedis
1027 4135 1351 4205 apostolica:
1360 4135 1772 4205 familiaritate

180 4218 348 4274 quam
366 4219 440 4258 ea:
451 4205 810 4276 nobilissima
835 4205 1182 4276 tuw,tuique
1210 4205 1442 4261 σθενιοὺἱὶ
1471 4205 1769 4276 religionis

180 4273 517 4347 reuerentia,
558 4275 917 4345 singularisa
945 4273 1103 4331 nobis
1138 4276 1372 4332 debetur
1393 4273 1772 4347 prwrogativa

180 4343 522 4402 dilectionis.
546 4343 940 4418 Est—praeterea
969 4347 1111 4418 quod
1139 4363 1241 4418 nos
1274 4347 1372 4402 tibi
1393 4343 1525 4418 non
1553 4343 1768 4411 minus,

183 4419 389 4488 tuoque
414 4417 759 4490 monasterio
774 4417 1054 4490 debitores
1081 4417 1280 4488 faciat,
1312 4417 1573 4490 quoniam
1605 4433 1704 4490 per
1717 4421 1772 4473 te

180 4487 509 4560 monasticae
520 4488 810 4560 religionis
823 4487 1086 4560 nidimen
1091 4492 1148 4542 ta
1164 4487 1398 4560 suscepi,
1407 4490 1466 4544 in
1484 4493 1578 4544 tuo
1589 4487 1771 4546 caeno-

182 4558 266 4614 bio
293 4573 396 4628 per
421 4559 728 4615 secundum
755 4561 945 4630 sancti
973 4559 1027 4628 8;
1049 4560 1222 4614 iritus
1240 4558 1489 4630 gratiam
1511 4564 1766 4630 renatus.

253 4630 402 4701 (279)
449 4630 727 4701 Henricus
782 4629 970 4684 abbas.
1028 4629 1451 4701 Angeriacensis,
1501 4629 1570 4685 ad
1606 4646 1767 4700 quem

180 4699 334 4771 epist.
368 4703 418 4754 3.
478 4700 869 4772 Angeriacense
895 4699 1273 4772 monasterium
1304 4701 1358 4772 in
1414 4702 1478 4756 iis
1505 4703 1607 4756 hoc
1627 4699 1768 4756 item-

182 4785 310 4842 pore
338 4771 672 4836 censebatur,
693 4787 814 4840 quae
845 4787 878 4825 a
907 4771 1240 4826 Cluniacensi
1269 4771 1464 4826 abbate
1494 4772 1764 4841 regeban-

185 4821 283 4895 iur.
306 4842 473 4896 Tania
499 4843 642 4896 enim
659 4821 672 4836 ’
690 4821 790 4896 fixit
816 4843 1001 4912 primis
1029 4843 1236 4897 szeculis
1263 4843 1410 4898 fama
1437 4821 1761 4898 Cluniacen-
1794 4821 1846 4882 θ

183 4913 317 4966 sium
337 4981 349 4984 _
374 4920 433 4984 ut
460 4913 728 4984 principes
755 4921 913 4982 atque
942 4913 1199 4967 antistites
1227 4914 1446 4983 antiqua
1485 4914 1622 4984 juris
1674 4914 1756 4968 sui

181 4981 427 5038 coenobia
456 4981 508 5038 in
539 4981 724 5055 eorum
753 4981 947 5052 corpus
965 4991 1016 5036 et
1046 4984 1304 5055 familiam
1325 4981 1574 5055 cooptare
1595 4993 1763 5040 certa-

181 5055 273 5108 tim
303 5061 632 5124 expeterent.
664 5053 784 5123 Quo
812 5055 865 5108 in
890 5071 1114 5109 numero
1145 5053 1366 5110 Goﬂ'ridi
1389 5053 1562 5120 aetate,
1585 5056 1760 5110 abba-

182 5126 278 5179 tias
330 5124 697 5194 duodeviginti
753 5125 952 5180 Gelasii
991 5134 1045 5179 et
1095 5126 1297 5180 llonori
1325 5129 1394 5194 ll,
1426 5127 1495 5182 ad
1551 5129 1762 5182 Petrum

180 5195 539 5251 venerabilem
570 5195 757 5250 litteris
785 5213 1062 5266 expressas
1093 5197 1326 5251 vidimus
1358 5217 1370 5252 :
1405 5199 1461 5253 8.
1514 5199 1766 5254 Martialis

181 5267 570 5339 Lemovicensis
600 5281 614 5333 ;
648 5267 700 5321 in
731 5268 878 5339 Page
922 5267 1261 5324 Arvernensi.
1291 5269 1347 5324 S.
1406 5269 1761 5324 Austremonii

178 5338 570 5403 Mauziacensis,
604 5338 946 5392 Tiernensem
977 5346 1032 5392 et
1057 5340 1416 5394 Menatensem
1451 5355 1464 5406 ;
1498 5341 1551 5395 in
1583 5341 1761 5394 Picta-

177 5409 314 5472 vico,
370 5409 509 5463 Novi
564 5408 896 5476 Monasterri,
954 5409 1011 5474 S,
1074 5409 1209 5464 Petri
1285 5411 1667 5476 Malleacensis,
1710 5417 1763 5465 et

265 5479 512 5554 prriani
542 5479 885 5554 Pictaviensis
915 5493 928 5547 ;
953 5481 1014 5554 in
1037 5479 1350 5554 Cadurcinp
1372 5482 1758 5554 Figiacensem,

180 5558 233 5603 et
259 5551 312 5604 8.
342 5550 502 5621 Petri,
541 5551 918 5621 Moysiacensis
945 5551 1002 5606 8.
1026 5550 1759 5620 GermaniAltisibdorensis;

182 5622 235 5674 in
262 5620 529 5684 .rEduensi,
579 5620 644 5676 8.
692 5621 874 5675 Maria:
929 5621 1322 5690 Viziliacensis;
1353 5623 1406 5676 in
1461 5625 1762 5679 Rothoma—

181 5693 349 5764 gessi,
377 5690 522 5764 apud
549 5692 926 5764 Pon‘teseram;
959 5693 1014 5746 in
1041 5693 1386 5764 Tarvanensi,
1427 5696 1484 5750 S.
1544 5695 1760 5764 Bertini,

183 5761 234 5835 et
261 5763 316 5817 8.
377 5761 578 5835 Ulmarj
609 5773 625 5831 ;
656 5762 711 5835 i_n
739 5762 1129 5835 Cameracensi.
1165 5763 1399 5835 Hunoldi
1447 5766 1608 5821 curtis
1637 5781 1652 5835 ;
1709 5761 1789 5821 in-

185 5833 489 5906 Santonico.
534 5832 631 5906 ξι.Δ
654 5833 879 5906 _J_oan_nis
927 5833 1390 5906 Angeriacensisg;
1423 5835 1477 5892 in
1533 5832 1768 5893 Nemau-

187 5903 339 5974 sensi,
398 5904 457 5965 S.
514 5902 710 5976 Egidii
744 5916 759 5972 ;
791 5901 846 5958 in
892 5901 1044 5961 Italia
1071 5905 1129 5962 S.
1161 5901 1432 5964 Benedicti
1481 5924 1642 5981 super
1660 5909 1767 5965 Pa-

1812 3459 1864 3524 C

1898 2202 2066 2269 novit,
2097 2199 2274 2256 cordis
2303 2197 2610 2256 devotione.
2641 2199 2764 2254 Non
2793 2198 3054 2254 debemus
3081 2198 3490 2271 igiturinvicem

1897 2289 2197 2356 dissentire,
2260 2287 2355 2342 sed
2408 2289 2667 2343 honorem
2724 2295 2777 2342 et
2823 2287 3104 2342 utilitatem
3134 2287 3497 2343 Cluniacensis

1899 2377 2205 2434 monasterii
2262 2392 2500 2447 quaerere
2555 2375 2907 2444 concorditer,
2939 2375 3096 2432 vobis
3140 2375 3494 2448 multiplicare

1898 2467 2119 2534 amicos,
2153 2464 2400 2520 inimicos
2457 2465 2706 2537 mitigare
2740 2478 2755 2533 ;
2787 2463 2831 2517 si
2860 2464 3145 2518 necessitas
3197 2464 3384 2535 exigit,
3415 2465 3496 2519 eis

1897 2555 2103 2628 pariter
2127 2553 2371 2610 obviare.
2403 2554 2618 2625 Magnae
2647 2552 2983 2608 discretionis
3013 2554 3186 2621 Pater,
3242 2569 3310 2607 ne
3340 2553 3496 2609 aliter

1898 2652 2046 2718 agat,
2078 2643 2400 2716 compescite
2430 2643 2689 2697 domuum
2730 2642 2879 2696 illum
2909 2641 3183 2710 abbatem,
3214 2657 3375 2712 quem
3403 2641 3494 2696 di-

1898 2740 2025 2789 cunt
2078 2733 2325 2788 homines
2379 2748 2445 2786 ex
2497 2731 2662 2804 longo
2693 2737 2932 2800 tempore
2989 2730 3150 2785 fuisse
3215 2730 3496 2789 discordia

1897 2831 2214 2889 amatorem,
2245 2820 2624 2876 seminatorem
2667 2819 2994 2892 jurgiorum,
3026 2819 3178 2888 pacis
3206 2820 3495 2890 perturba-

1898 2919 2087 2966 torem.
2119 2911 2242 2966 Non
2269 2909 2478 2965 auferat
2522 2907 2776 2963 frau'ibus
2803 2908 2996 2964 nostris
3023 2915 3254 2963 vestram
3311 2909 3496 2964 chari-

1898 3008 2059 3056 tatem
2083 3014 2097 3068 ;
2130 3014 2239 3054 non
2268 3013 2362 3054 eos
2388 2997 2502 3052 sine
2532 2997 2758 3051 utilitate
2790 3003 3046 3069 provocet
3072 2997 3141 3052 ad
3169 2996 3304 3052 iram
3337 3011 3352 3065 ;
3384 3012 3492 3053 non

1898 3089 2093 3146 tribuat
2120 3087 2196 3142 eis
2223 3093 2408 3142 contra
2435 3086 2612 3142 locum
2660 3085 3088 3154 Cluniacensem,
3122 3101 3283 3156 quem
3340 3087 3492 3158 (281)

1893 3285 2042 3340 dum.
2102 3285 2337 3341 Fuerunt
2367 3289 2420 3338 et
2448 3282 2581 3354 aliae
2597 3289 2784 3353 postea
2814 3282 3150 3354 complures,
3183 3282 3266 3354 in,
3293 3281 3490 3353 quibus

1893 3365 2088 3426 praeter
2123 3370 2443 3412 consensum
2497 3353 2712 3410 abbatis
2766 3353 3130 3426 Cluniacensis
3183 3353 3354 3409 abbas
3381 3371 3490 3426 non

1893 3425 2212 3499 eligebatur.
2241 3428 2564 3499 itaquenon
2602 3441 2747 3499 vana
2771 3425 2886 3499 laus
2914 3432 3205 3499 est,_quam
3264 3425 3488 3499 Clunia-

1891 3495 2130 3554 cerisium
2160 3495 2358 3553 ordini
2394 3495 2576 3568 tribuit
2606 3497 2873 3552 Paschalis
2918 3495 2986 3551 ad
3017 3497 3300 3568 llugouem
3333 3497 3490 3568 scri-

1880 3569 2017 3625 bens
2051 3589 2063 3625 :
2095 3569 2387 3640 Religioni,
2407 3567 2598 3640 inquit,
2621 3571 2822 3640 vestra:
2839 3583 2941 3640 per
2955 3565 3371 3640 omnipotentis
3385 3568 3486 3625 Dei

1881 3642 2128 3713 gratiam
2147 3639 2294 3713 sedis
2309 3639 2630 3713 apostolicae
2660 3639 2980 3713 benignitas
2999 3639 3352 3713 gratulatur,
3375 3655 3484 3710 quo

1880 3709 2044 3796 nigra
2053 3709 2424 3796 plenisque'in
2443 3709 2886 3796 locis,largiente
2907 3709 3140 3796 Domino
3157 3725 3262 3796 per
3280 3709 3479 3796 uestra:

1878 3780 2288 3838 sollicitudinis
2326 3781 2598 3845 studium,
2630 3780 2901 3836 ubinulla
2929 3783 3142 3847 fuerat,
3176 3781 3472 3845 instituta,

1877 3853 1975 3910 ubi
1993 3854 2409 3924 defeceratmer
2427 3852 2743 3924 Galliarum
2751 3855 2944 3924 partes
2956 3855 3040 3906 est
3055 3851 3326 3924 restituta
3342 3851 3474 3908 reli-

1874 3925 1982 3996 gio.
2000 3921 2318 3996 EtCalixtus
2343 3922 2392 3976 ll
2421 3921 2765 3996 ad__Pontiuni
2773 3921 3046 3996 abbatem,
3067 3921 3471 3996 religionismo-

1875 3991 2093 4050 hasticie
2121 3994 2230 4049 suis
2284 3992 2614 4064 temporibus
2657 3993 2953 4064 speculum,
2978 3992 3031 4064 in
3060 3991 3247 4064 Gallia
3275 3991 3464 4064 docu-

1875 4073 2115 4120 mentum
2144 4061 2493 4121 Cluniacense
2522 4061 2903 4118 monasterium
2934 4063 3095 4118 fuisse
3125 4061 3328 4118 scribit.

1949 4139 2100 4204 (280)
2129 4135 2516 4206 Retributiene
2535 4135 2881 4206 quamiDeus
2909 4149 3026 4206 non
3055 4135 3231 4191 novit.
3262 4132 3475 4206 Marha-

1874 4207 1974 4262 dus
2012 4207 2344 4263 Redonensis
2398 4205 2466 4260 ad
2499 4204 2818 4277 Bainaldum
2873 4205 3312 4277 AndegavorumA
3345 4204 3471 4274 epi-

1873 4295 2118 4350 scopum.
2149 4279 2274 4334 Hcec
2295 4279 2380 4332 est
2401 4275 3057 4350 retributio‘impiorum',
3080 4291 3252 4350 quam
3280 4275 3472 4350 pomi-

1875 4345 1986 4420 nus
2018 4349 2216 4416 nescit,
2249 4363 2359 4420 qua
2378 4347 2535 4420 mala
2555 4345 2961 4420 retribuu’ntur
2971 4363 3074 4420 pro
3091 4345 3474 4420 bonis.Noster

1875 4419 1971 4474 lib.
2007 4435 2043 4487 ι,
2076 4417 2272 4490 epist.‘
2296 4421 2403 4487 15;
2440 4417 2535 4471 lib.
2594 4433 2652 4486 ιι,
2684 4418 2840 4488 epist.
2879 4420 2944 4472 17
2971 4417 3055 4472 'et
3082 4421 3152 4472 28
3185 4432 3200 4488 ;
3235 4417 3330 4473 lib.
3387 4433 3469 4486 ιιι,

1874 4492 2029 4562 epist.
2067 4489 2129 4545 10
2159 4497 2213 4546 et
2239 4489 2346 4562 40._
2633 4559 2669 4562 __
2885 4558 2932 4562 __
2966 4555 2972 4562 ,

1945 4564 2096 4632 (281)
2125 4559 2447 4632 Secundum
2467 4559 2845 4632 paradisum,
2878 4557 2972 4614 Sic'
2999 4557 3279 4616 Fulbertus
3305 4559 3462 4632 epist.

1875 4629 1964 4700 7t,
1996 4632 2063 4688 ad
2080 4629 2433 4702 Guillelmum
2463 4629 2714 4702 abbatem
2728 4629 3110 4702 Divionensem
3135 4644 3149 4699 ;
3172 4645 3278 4686 sua
3295 4629 3470 4702 culpa

1873 4703 1941 4760 de
1952 4699 2367 4760 vestricamobii
2376 4717 2519 4772 para
2529 4699 2640 4756 iiso
2650 4716 2708 4756 se
2717 4699 3470 4772 conquer-ebaturexpulsum

1874 4774 2031 4844 Quod
2059 4781 2237 4829 autem
2271 4773 2330 4844 hi
2359 4771 2426 4827 de
2457 4786 2563 4826 uno
2587 4779 2744 4844 atque
2801 4771 2967 4844 altero
2999 4771 3268 4844 emnobio,
3306 4771 3467 4844 idem

1874 4841 1965 4902 alii
2012 4845 2079 4899 de
2135 4843 2387 4900 omnibus
2413 4850 2556 4897 recte
2595 4841 2847 4897 institutis
2894 4842 3155 4898 coenobiis
3173 4841 3466 4912 praedicare

1870 4931 1979 4971 non
2025 4915 2352 4970 dubitarunt.
2384 4915 2570 4970 Petrus
2610 4913 2872 4984 Blesensis
2907 4913 3062 4984 epist.
3114 4915 3178 4967 13
3213 4932 3228 4984 ξ
3285 4914 3468 4970 Juxta

1869 4988 2215 5044 sententiam
2237 4985 2418 5042 cordis
2435 4984 2568 5048 mei,
2591 4985 2642 5040 si
2655 4983 2956 5056 paradisus
2967 4984 3028 5038 in
3045 4983 3156 5056 hac
3179 4983 3297 5056 vita
3315 5000 3466 5056 grte-

1869 5058 2020 5114 senti
2041 5060 2148 5118 est.
2172 5057 2258 5112 uel
2286 5057 2350 5114 in
2397 5053 2780 5120 claustro‘est,
2804 5055 2890 5112 vel
2913 5056 2975 5110 in
3004 5053 3229 5112 scholis.
3245 5053 3352 5108 Sed
3373 5054 3468 5110 ad-

1873 5135 2057 5183 monet
2085 5129 2170 5182 hic
2195 5128 2343 5182 locus
2396 5126 2605 5198 veteris,
2644 5126 2699 5180 in
2748 5127 2851 5198 hoc
2905 5141 3106 5198 genere
3182 5125 3461 5198 poematii,

1873 5142 2057 5183 monet
2087 5142 2343 5182 mCIOCllS
2396 5142 2592 5182 veteris
2644 5142 2699 5180 ιιι
2748 5142 2851 5182 noc
2890 5142 3106 5250 (genere
3182 5142 3461 5198 poemam,

1871 5199 2103 5254 auctoris
2130 5198 2347 5268 quidem
2393 5197 2568 5252 adhuc
2595 5197 2800 5268 incerti,
2823 5213 2887 5268 se
2954 5204 3012 5252 ut
3032 5204 3274 5268 tempora
3321 5197 3466 5252 fere-

1874 5271 2005 5325 bant
2023 5267 2243 5349 mini’me
2269 5267 2501 5349 insulsi:
2533 5267 2679 5349 quod
2707 5267 2936 5349 quidem.
2979 5267 3240 5349 huic
3280 5268 3462 5349 inseri,

1871 5349 1929 5396 ut
1956 5357 2024 5396 ex
2053 5340 2236 5395 codice
2268 5338 2326 5395 S.
2377 5338 2589 5394 Melanii
2637 5339 2967 5394 Redonensis
2995 5355 3027 5393 a
3054 5338 3211 5393 nobis
3267 5339 3466 5394 exscri-

1869 5420 2020 5482 ptum
2049 5418 2148 5478 est,
2208 5411 2419 5482 ferent,
2455 5417 2513 5464 ut
2565 5425 2744 5480 spero,
2801 5425 2936 5480 quos
2967 5410 3085 5482 ejus
3105 5409 3228 5466 vita:
3282 5409 3468 5466 laudes

1871 5479 2107 5552 capiunt,
2140 5497 2249 5538 non
2273 5479 2444 5536 inviti.

2310 5597 2460 5652 Laus
2497 5596 2626 5652 vita:
2662 5596 3010 5653 monasticae.

1875 5696 2025 5752 Felix
2069 5710 2203 5768 grex
2234 5693 2534 5775 hominum,
2567 5694 2659 5818 qui
2716 5693 2909 5775 Christi
2939 5693 3141 5776 dogma
3185 5701 3410 5766 aequent

1946 5769 2280 5818 Contemntrs
2307 5764 2502 5818 ombus
2532 5781 2583 5818 ιιι
2636 5779 2912 5818 proprium
2942 5772 3190 5818 retinent.

1946 5764 2280 5848 Qontemptis
2307 5764 2522 5848 0ρὶδωῖ
2532 5764 2606 5820 nil
2635 5764 2912 5848 proprium
2942 5764 3190 5848 retinent.

1946 5781 2280 5848 uomempns
2307 5781 2502 5834 opimus
2532 5781 2606 5820 nu
2671 5781 2912 5835 roprium
2942 5781 3154 5820 reunen

1874 5837 2044 5910 Unius
2071 5837 2298 5910 arbitrio
2320 5851 2455 5906 quos
2482 5781 2690 5910 Regni;
2717 5841 2901 5910 sancta
2919 5844 3154 5910 coercet,

1948 5909 2189 5982 Quorum
2211 5906 2436 5980 quisque
2463 5906 2664 5965 suo'nil
2691 5907 2806 5982 agit
2831 5924 2899 5963 ex
2919 5907 3090 5964 libito.
