3940 6404
456 381 558 442 14η

1487 381 1816 442 GOFFRIDI
1858 383 2141 442 ABBATIS
2183 382 2724 442 VINDOCINEN818

3664 383 3780 438 148

458 508 750 563 secundum
809 508 1116 580 paradisum
1173 523 1366 564 vocare
1435 509 1627 576 audeo,
1684 510 2052 582 proclamandi
2080 510 2132 573 Α
2167 528 2316 567 mam
2335 513 2414 566 sui
2439 516 2787 570 monachatus
2816 507 2978 565 fidem
3007 506 3209 564 irritam
3242 504 3430 563 fecisse
3491 504 3774 574 videatur,

457 597 818 653 occasionem.
855 599 921 652 Et
965 614 1084 668 qua:
1105 596 1234 653 olim
1282 605 1554 668 amputata
1593 607 1717 654 sunt
1769 600 2056 656 vestrzedi-

461 685 704 743 lectionis
750 687 1050 755 dulcedine,
1081 687 1344 756 pullulare
1383 705 1489 743 non
1513 688 1675 742 faciat
1727 706 1820 743 sua
1851 690 2056 744 amari-

462 777 663 830 tudine.
700 776 821 831 Non
851 783 1060 845 separet
1117 793 1146 830 a
1177 776 1452 845 (Jluniaco,
1501 777 1844 832 beatitudinis
1899 778 2056 833 vide-

459 864 586 919 licet
617 866 732 919 loco
791 865 1170 919 monasterium
1217 874 1454 919 nostrum
1491 881 1502 934 ;
1537 885 1642 921 non
1693 867 1828 922 inter
1858 884 1953 921 vos
2006 873 2060 920 et

462 956 651 1008 fratres
709 963 916 1009 nostros
989 957 1202 1010 suscitet
1255 955 1588 1010 scandalum.
1649 958 1728 1011 De
1776 974 1882 1024 me,
1933 957 2058 1026 quia

461 1043 806 1098 seandalizari
855 1043 1105 1110 debeam,
1165 1043 1384 1098 minime
1451 1045 1686 1114 loquor;
1719 1063 1842 1098 nam
1891 1050 1947 1100 et
2009 1046 2060 1100 si

463 1147 656 1187 omnes
675 1132 1055 1187 seandalimti
1069 1133 1314 1203 fuerint,
1339 1149 1432 1205 ego
1465 1150 1757 1206 nunquam
1780 1133 2062 1189 scandali-

467 1222 628 1275 zabor
651 1221 850 1284 (Malh.
881 1237 1042 1286 xxvi,
1078 1227 1186 1285 33).
1225 1222 1406 1276 Valeat
1448 1223 1784 1277 dulcissimus
1812 1223 2062 1277 dominus

468 1325 616 1364 meus
637 1317 688 1364 et
715 1310 868 1365 Pater
899 1328 1067 1365 meus.

1043 1427 1376 1482 EPISTULA
1415 1429 1484 1481 ll.

468 1534 848 1590 Dilectissimo
871 1535 1033 1591 Patri
1067 1533 1270 1591 domno
1315 1535 1898 1592 Pontio.honorabilis
1938 1535 2066 1590 vita:

538 1623 727 1680 abbati
747 1625 918 1694 (282),
951 1626 1136 1685 frater
1181 1623 1458 1696 Goﬁridus
1501 1625 1921 1680 Vindocinemi:
1944 1640 2066 1679 mo-

542 1714 791 1768 nasterii
857 1712 1096 1769 humilis
1145 1729 1359 1772 servus.
1384 1717 1600 1768 sancta:
1633 1715 1894 1769 Romana:
1920 1713 2068 1767 sedis

545 1801 1122 1873 allodiarius,puram
1148 1801 1528 1869 dilectionem,
1549 1807 1604 1855 et
1631 1818 1792 1872 parte
1807 1802 2067 1858 dilectio-

543 1892 636 1947 nis
651 1894 983 1950 servitutem
999 1931 1012 1944 .

545 1995 849 2064 Quemdam
880 1999 1201 2053 monachum
1234 2005 1490 2065 nostrum,
1536 1998 1748 2052 Petrum
1803 1997 2070 2052 Goscelini

476 2089 626 2154 (283)
659 2087 898 2153 nomine,
947 2087 1015 2140 ad
1045 2103 1143 2140 vos
1171 2087 1378 2140 venisse
1436 2086 1758 2153 audivimus,
1787 2087 1926 2154 163
1977 2085 2072 2139 sed

477 2190 582 2244 qua
637 2175 929 2230 intentione
976 2176 1200 2242 venerit,
1261 2175 1591 2246 ignoramus.
1641 2174 1797 2243 Quod
1853 2175 1896 2228 si
1951 2190 2067 2240 vos,

478 2264 568 2318 vel
599 2263 776 2319 locum
821 2273 1055 2318 vestrum
1117 2264 1553 2335 visitandigratia
1603 2264 1747 2331 fecit,
1781 2264 1904 2317 licet
1947 2279 2067 2317 cum

477 2351 692 2407 licentia
721 2361 904 2408 nostra
932 2351 1044 2406 ﬁeri
1095 2352 1386 2418 debuisset,
1411 2369 1508 2420 pro
1553 2353 1852 2407 reverentia
1871 2359 2066 2417 vestra,

476 2441 781 2512 vituperare
813 2457 918 2496 non
950 2442 1230 2496 audemus.
1265 2441 1372 2496 Sed
1400 2441 1443 2494 si
1473 2457 1538 2494 ea
1569 2441 1861 2496 intentione
1892 2449 2067 2496 actum

477 2536 558 2582 est
585 2536 642 2582 ut
669 2529 844 2584 locum
875 2529 928 2584 in
942 2546 1048 2600 quo
1075 2529 1325 2584 secundae
1351 2528 1774 2600 regenerationis
1827 2529 2068 2583 habitum

475 2618 726 2688 suscepit,
765 2618 1048 2687 relinquat,
1081 2617 1297 2672 laudare
1327 2634 1434 2671 non
1466 2633 1765 2688 possumus,
1819 2635 1938 2672 cum
1968 2620 2070 2672 hoc

477 2705 536 2761 S.
569 2706 838 2761 Benedicti
872 2705 1077 2778 Regula
1124 2706 1344 2760 omnino
1373 2705 1720 2774 contradicat,
1771 2713 1822 2759 et
1847 2714 2068 2760 sancto-

475 2810 596 2848 rum
627 2795 989 2850 Romanorum
1031 2793 1338 2864 pontiticum
1397 2794 1706 2860 auctoritas,
1739 2811 1842 2864 qua
1896 2795 2068 2864 patri-

473 2883 716 2942 monium
775 2883 834 2937 B.
871 2884 1030 2951 Petri,
1090 2882 1470 2938 monasterium
1529 2883 1778 2938 videlicet
1808 2892 2065 2952 nostrum,

473 2972 728 3039 munitur,
783 2971 884 3026 sub
965 2973 1307 3027 anathemate
1361 2971 1659 3026 interdicat.
1739 2972 1890 3028 Unde
1934 2973 2069 3028 sicut

473 3060 846 3116 cliarissimum
893 3061 1172 3116 dominum
1205 3068 1257 3121 et
1284 3067 1489 3128 patrem
1531 3061 1802 3116 humiliter
1829 3079 1928 3116 vos
1972 3078 2066 3116 r0-

471 3166 683 3220 gamus,
709 3158 970 3219 quatenus
1027 3148 1094 3203 ad
1151 3165 1252 3203 nos
1297 3149 1592 3203 secundum
1631 3150 1889 3204 humilem
1933 3151 2068 3220 peti-

2165 616 2218 664 et
2246 608 2516 666 vinculum
2555 609 2844 676 charitatis,
2894 624 3000 678 quo
3029 606 3352 662 venerabilis
3401 604 3781 678 praedecessor

2166 707 2360 768 vester,
2390 701 2472 753 vir
2501 701 2605 769 pia:
2645 697 3047 764 recordationis,
3106 697 3336 752 domnus
3364 697 3521 767 Hugo
3578 695 3688 750 sibi
3719 703 3780 748 et

2167 797 2492 853 monasterio
2515 796 2853 852 Cluniacensi
2903 811 3002 850 nos
3029 794 3317 865 diligenter
3369 793 3634 866 alligavit,
3667 791 3777 847 sub

2167 885 2266 938 hac
2296 887 2596 954 occasione,
2630 886 2775 956 quod
2803 885 2942 939 absit
2971 885 2981 936 l
3014 891 3312 953 rumpatur.
3340 882 3475 936 Illud
3505 882 3664 937 vobis
3685 899 3778 934 ve-

2167 974 2360 1029 raciter
2388 975 2636 1043 dicimus,
2698 975 2822 1030 utsi
2856 973 2984 1043 quid
3037 973 3323 1042 praedictus
3368 973 3528 1026 frater
3577 980 3778 1027 contra

2169 1091 2266 1128 nos
2294 1073 2423 1146 egit,
2473 1074 2515 1126 si
2548 1081 2727 1129 tamen
2756 1074 2824 1128 ad
2853 1089 2950 1126 nos
2976 1073 3200 1138 venerit,
3232 1087 3328 1140 pro
3359 1087 3540 1126 amore
3563 1079 3773 1134 vestro,

2169 1172 2222 1217 ct
2241 1180 2338 1232 pro
2369 1163 2548 1217 anima
2579 1163 2801 1235 gloriosi
2850 1162 2946 1216 viri
2992 1161 3176 1216 domui
3206 1160 3465 1231 llugonis,
3497 1160 3587 1230 qui
3647 1176 3774 1223 nos,

2172 1279 2291 1316 cum
2328 1278 2425 1316 nec
2453 1263 2591 1315 servi
2637 1263 2753 1330 ejus
2774 1260 2884 1315 fieri
2909 1261 3058 1331 digni
3118 1260 3418 1326 fuissemus,
3453 1275 3575 1313 suos
3633 1260 3778 1312 cha-

2177 1352 2329 1405 ritate
2361 1351 2498 1406 tilios
2531 1351 2674 1417 feeit,
2709 1350 2781 1404 illi
2815 1358 2979 1405 totum
3013 1357 3067 1402 et
3105 1356 3209 1402 teto
3240 1348 3398 1402 corde
3429 1347 3775 1402 dimittimus.

2181 1440 2236 1496 Si
2268 1457 2398 1494 \et‘o
2418 1440 2484 1493 ad
2510 1457 2606 1494 nos
2637 1441 2856 1494 minime
2889 1437 3118 1493 veniens
3157 1437 3374 1495 obedire
3431 1444 3778 1507 contempse-

2175 1529 2261 1597 rit,
2294 1537 2347 1584 et
2366 1529 2540 1601 prima
2562 1529 2912 1600 professione,
2957 1544 3116 1596 quam
3139 1527 3283 1596 apud
3339 1542 3437 1580 nos
3467 1525 3610 1593 fecit,
3643 1525 3778 1580 vio-

2177 1619 2302 1684 lata,
2335 1619 2440 1672 alio
2497 1617 2550 1672 in
2583 1618 2701 1672 loco
2732 1617 2968 1688 profiteri
3021 1615 3540 1687 priesunipseritnec
3593 1615 3781 1683 prima

2177 1708 2296 1777 ejus
2325 1707 2586 1779 professio
2622 1707 2736 1761 Deo
2765 1714 2916 1777 grata
2948 1705 3066 1772 erit,
3100 1721 3196 1759 nec
3225 1703 3459 1757 secunda
3518 1703 3645 1772 quia
3674 1719 3778 1756 nec

2178 1798 2352 1866 prima
2381 1796 2658 1867 promissa:
2715 1793 3016 1849 stabilitatis
3055 1793 3384 1865 exspectavit
3420 1792 3668 1855 fructum,
3715 1779 3779 1844 et

2101 1877 2152 1938 Β
2181 1884 2434 1952 secunda,
2474 1886 2619 1952 164
2649 1900 2769 1954 quae
2813 1884 3043 1952 primam
3083 1881 3162 1935 sui
3219 1882 3565 1936 monachatus
3609 1879 3773 1935 obla-

2185 1974 2382 2029 tionem
2414 1973 2650 2028 eeelesiaz
2671 1981 2864 2027 nostra:
2886 1971 3119 2038 abstulit,
3153 1968 3373 2025 habebit
3407 1968 3770 2040 sacrilegium.

2181 2061 2338 2131 Quod
2367 2062 2410 2115 si
2441 2062 2668 2132 alicujus
2699 2060 2966 2132 privilegii
2999 2058 3310 2114 auctoritate
3341 2058 3664 2112 monachum
3700 2056 3771 2110 de

2179 2161 2306 2208 noto
2335 2159 2389 2206 et
2408 2150 2640 2222 regulari
2688 2149 3013 2204 monasterio
3043 2149 3156 2202 sine
3187 2147 3398 2201 licentia
3426 2146 3504 2202 sui
3561 2145 3776 2201 abbatis

2179 2241 2334 2296 vobis
2363 2241 2590 2294 retinere
2612 2239 2938 2305 conceditur,
2980 2237 3138 2307 hujus
3167 2236 3450 2292 auctoritas
3503 2234 3772 2306 privilegii

2178 2338 2364 2384 contra
2419 2329 2584 2382 sancti
2641 2327 2908 2382 Benedicti
2967 2325 3229 2395 Regulam
3289 2324 3469 2378 nititur
3514 2331 3566 2378 et
3621 2323 3769 2377 aliud

2178 2434 2338 2487 quam
2367 2417 2733 2489 privilegium,
2758 2415 2900 2485 quod
2957 2414 3192 2468 Christus
3243 2413 3501 2467 Dominus
3523 2413 3578 2466 B.
3613 2412 3772 2464 Petro

2177 2506 2416 2574 donavit,
2467 2505 2740 2560 continere
2771 2504 2996 2558 videtur.
3059 2504 3173 2556 lloe
3228 2502 3370 2555 enim
3429 2500 3768 2572 privilegium

2177 2605 2327 2660 fuita
2358 2605 2470 2659 Deo
2503 2605 2656 2659 Petro
2704 2603 2974 2669 collatum,
3037 2609 3091 2655 ut
3145 2616 3264 2670 quae
3319 2607 3470 2654 erant
3513 2597 3774 2653 solvenda

2177 2694 2425 2760 solveret,
2461 2701 2512 2747 et
2542 2710 2662 2762 quae
2721 2691 2938 2762 liganda
2969 2691 3177 2762 ligaret,
3237 2705 3343 2744 non
3365 2695 3422 2743 ut
3465 2685 3774 2742 hominibus

2177 2790 2339 2846 ﬁdem
2369 2789 2682 2858 mentiendi,
2715 2789 2801 2846 vel
2848 2806 2904 2842 se.
2939 2787 3245 2859 perjurandi
3276 2787 3606 2841 occasionem
3638 2800 3775 2856 prte-

2177 2880 2346 2935 beret.
2382 2881 2446 2934 Et
2475 2879 2728 2950 quoniam
2768 2895 2928 2948 quem
2952 2877 3009 2932 S.
3043 2875 3358 2931 Benedictus
3413 2874 3776 2930 damnationis

2177 2969 2404 3024 vinculis
2475 2969 2681 3039 alligat,
2755 2985 2854 3021 nec
2887 2967 2943 3021 Β.
2978 2967 3162 3020 Petrus
3214 2965 3390 3030 solvil,
3414 2980 3511 3018 nos
3563 2963 3774 3018 solvere

2177 3075 2285 3114 non
2342 3058 2621 3122 debemus,
2678 3056 2803 3110 licet
2841 3056 3065 3110 multum
3091 3054 3241 3108 inviti
3291 3061 3340 3108 et
3371 3053 3540 3108 coacti
3595 3053 3773 3107 facia-

2177 3173 2314 3223 mus,
2349 3157 2400 3209 in
2429 3155 2621 3211 virtute
2653 3162 2848 3209 sanctae
2897 3153 3138 3226 Regulm,
3171 3159 3251 3206 est
3295 3151 3599 3205 auctoritate
3652 3167 3777 3204 san-

474 3239 673 3296 tionem
705 3247 940 3295 nostram
973 3241 1135 3296 frater
1164 3237 1251 3293 ille
1285 3246 1464 3293 noster
1492 3238 1810 3306 remittatur,
1871 3257 1936 3294 ne
1967 3241 2074 3313 pri-
2104 3241 2152 3305 C
2179 3254 2382 3302 ciorum
2414 3262 2701 3312 canonum,
2732 3243 2880 3298 illum
2915 3243 3004 3309 ita,
3038 3243 3209 3297 donec
3237 3241 3528 3310 resipiscat,
3555 3257 3778 3295 excom-

476 3472 581 3527 Cor
601 3472 796 3542 quibus
825 3481 904 3528 est
933 3491 1118 3541 unum,
1145 3474 1340 3544 quibus
1370 3476 1656 3532 indiscreta
1685 3479 1952 3534 voluntas.

548 3544 649 3597 Par
667 3546 870 3599 cunctis
900 3545 1112 3600 habitus
1134 3553 1188 3599 et
1215 3546 1367 3600 cibus
1389 3556 1467 3601 est
1495 3548 1702 3602 similis.

478 3614 586 3691 Sic_
597 3623 776 3691 tamen
806 3625 863 3691 ut
887 3617 1074 3691 capiat
1091 3633 1206 3691 quo
1229 3618 1462 3691 quisque
1475 3619 1684 3674 videtur
1711 3637 1891 3691 egere,

549 3686 694 3740 ditas
715 3695 780 3758 ut
808 3687 1016 3756 fragilis
1044 3687 1362 3741 debilitasve
1387 3689 1561 3758 jubet.

478 3756 658 3828 Luxus
678 3756 831 3812 abest
857 3758 1050 3825 omnis,
1083 3760 1338 3828 peccandi
1368 3756 1484 3815 rara
1500 3761 1742 3828 facultas,

552 3827 735 3882 Cuncti
757 3837 1068 3884 ctmctoruni
1084 3827 1220 3884 cum
1247 3830 1467 3885 timeant
1494 3832 1697 3886 oculos.

480 3898 590 3972 Le;
621 3901 921 3954 communis
951 3900 1272 3972 habetvisas
1301 3918 1426 3956 mox
1458 3903 1684 3970 prodere
1716 3904 1920 3972 culpas,

553 3971 871 4042 Urtinascens
898 3971 1086 4025 vitium
1122 3989 1281 4042 pinna
1311 3989 1538 4042 sequens
1567 3983 1788 4028 resecet.

481 4040 753 4118 Desidiam
785 4043 1015 4114 fugiunt,
1048 4040 1624 4118 laborantis—occupat
1651 4062 1860 4100 omnes.

551 4114 728 4193 pria
762 4120 1029 4193 torpentes
1059 4114 1380 4193 nes-obeant
1410 4114 1636 4193 animos.

482 4183 772 4256 Confusam
806 4183 936 4238 nihil
965 4193 1062 4250 est,
1096 4185 1184 4238 ubi
1206 4184 1338 4239 ﬁunt
1367 4187 1552 4241 ordine
1583 4195 1790 4256 cuncta,

553 4255 780 4308 Curatur
801 4263 987 4322 totum,
1018 4257 1412 4326 negligiturque
1444 4259 1594 4312 nihil.

485 4324 800 4398 Necsolum
832 4326 975 4390 vitm,
1007 4324 1387 4383 sedeanstat—et
1417 4329 1549 4384 ordo
1571 4329 1844 4398 loquendi.

562 4395 882 4466 Dispensant
907 4414 1060 4464 seque
1093 4399 1328 4453 maxima
1357 4417 1478 4453 cum
1502 4395 1756 4466 minimis,

485 4465 606 4540 Non
638 4465 734 4520 nisi
759 4467 1070 4540 praescripto
1101 4470 1380 4538 quisquam
1410 4471 1709 4540 loquiturve
1728 4472 1934 4538 siletve,

559 4537 692 4611 Stat,
717 4538 886 4611 sedet,
917 4537 1133 4606 incedit,
1165 4541 1352 4596 ordine
1379 4537 1602 4611 quisque
1626 4559 1743 4596 suo.

482 4605 739 4682 Ecclesia:
768 4609 932 4664 limen
964 4605 1248 4682 noctesque
1279 4605 1495 4680 diesque
1517 4605 1876 4682 frequentant,

562 4680 624 4753 ’ἢ
651 4682 846 4734 sanctis
865 4680 1114 4753 precibus
1134 4699 1296 4751 seque
1326 4701 1555 4753 suosque
1581 4680 1790 4752 juvant.

485 4748 626 4818 Quid
651 4769 848 4818 moror,
865 4748 934 4805 vet
955 4751 1132 4808 verbis
1161 4748 1410 4808 evolvere
1430 4748 1643 4818 siiigula
1674 4763 1816 4808 tento
1847 4757 1874 4807 ζ)

557 4821 827 4892 Quidquid
859 4832 1021 4891 agunt
1046 4840 1182 4892 opus
1200 4833 1279 4877 est
1307 4827 1544 4893 corporis
1573 4834 1665 4880 aut
1691 4827 1904 4881 animze.

487 4893 628 4961 Quid
652 4897 678 4947 2’
699 4895 840 4964 quod
863 4912 940 4949 sic
963 4893 1202 4950 habitant
1225 4903 1277 4968 ut
1299 4897 1366 4968 sit
1384 4912 1536 4949 sacer
1555 4897 1666 4968 ipse
1697 4897 2002 4951 domorum.

567 4969 627 5019 lit
657 4968 786 5021 situs
805 4975 859 5022 et
888 4983 1158 5031 numerus,
1191 4966 1718 5036 sufiicielisque'sibi.

485 5039 569 5108 Qu
589 5037 811 5091 ulmtam
843 5037 1076 5104 speciem
1097 5044 1357 5092 structura
1387 5039 1679 5093 domestica
1707 5039 1940 5108 precfert.

557 5111 702 5164 Atria
733 5109 816 5162 bis
836 5108 977 5161 binis
999 5109 1190 5176 inclyta
1212 5109 1524 5176 porticibus.

487 5179 620 5248 Qua:
653 5180 818 5234 tribus
838 5177 1055 5234 inclusa
1083 5166 1352 5245 domibus,
1385 5197 1518 5249 quas
1547 5180 1785 5248 corporis
1818 5197 1940 5234 usus

563 5251 792 5304 Postulat
814 5258 867 5304 et
895 5258 1076 5320 quarta
1109 5266 1230 5318 qua:
1259 5251 1450 5304 domus
1480 5259 1559 5304 est
1581 5251 1813 5305 Domini.

485 5321 762 5376 Dicursam
795 5321 1091 5383 monachis,
1122 5322 1285 5374 vitam
1317 5322 1462 5388 dant,
1495 5331 1545 5375 et
1574 5323 1877 5376 stationem.

559 5393 676 5460 Qua
695 5392 844 5446 velut
867 5391 916 5444 in
947 5393 1113 5444 caudis
1134 5394 1504 5447 contineantur
1525 5410 1671 5448 oves.

483 5459 532 5530 Q
554 5459 721 5516 [Orum
751 5461 923 5529 prima
950 5463 1142 5516 domus
1171 5471 1347 5516 servat
1376 5472 1669 5533 potumque
1695 5463 2002 5533 cibumque,

560 5535 632 5587 Ex
665 5534 858 5602 quibus
889 5535 982 5585 hos
1016 5533 1180 5587 reiicit
1204 5535 1386 5602 juncta
1419 5535 1653 5588 secunda
1683 5535 1892 5588 domus.

481 5602 654 5657 Tertia
687 5604 926 5657 membra
955 5604 1101 5657 fovet
1131 5614 1321 5660 vexata
1351 5606 1535 5660 labore
1564 5606 1782 5660 diurno'

549 5674 754 5741 Quart-1
785 5674 880 5727 Dei
914 5674 1095 5727 laudes
1123 5677 1333 5728 assidue
1361 5683 1590 5732 resonat.

482 5742 541 5796 Pl
565 5745 716 5817 trima
747 5753 1002 5817 prietereo
1032 5745 1192 5798 simili
1213 5747 1488 5817 condigna
1507 5748 1695 5801 relatu.

554 5815 660 5869 Sed
690 5814 923 5868 breviter
950 5815 1146 5878 dicam,
1171 5816 1241 5868 nil
1271 5814 1530 5884 superest,
1565 5819 1647 5872 vel
1669 5817 1840 5872 abest.

485 5883 594 5939 Hos
624 5885 784 5957 igitur
811 5900 1078 5953 proceres,
1111 5886 1252 5940 hunc
1295 5883 1519 5957 dignum
1543 5887 1696 5944 laude
1735 5894 1998 5956 senatum,

2249 3479 2519 3549 Exiguum
2552 3478 2748 3548 specie,
2782 3475 3022 3530 moribus
3050 3473 3328 3549 eximium,

2179 3544 2448 3620 Comparo
2472 3544 2740 3614 formicis,
2760 3564 2984 3617 quarum
3017 3545 3252 3620 studiosa
3282 3544 3524 3600 laborum

2249 3617 2504 3675 Turmula
2533 3627 2812 3675 convectat
2839 3634 3060 3686 corpore
3093 3617 3268 3686 majus
3288 3632 3438 3671 onus.

2179 3692 2311 3761 Qua:
2341 3709 2407 3746 ne
2439 3708 2542 3745 non
2576 3691 2781 3760 possint
2809 3704 3151 3744 communem
3181 3687 3374 3761 ducere
3395 3687 3582 3753 vitam,

2252 3763 2427 3817 Isdem
2450 3762 2550 3816 sub
2578 3759 2985 3815 laribushorrea
3015 3776 3182 3827 parva
3213 3759 3405 3813 locant.

2179 3836 2448 3904 Compara
2477 3833 2673 3887 divinis
2703 3833 2912 3902 apibus,
2942 3847 3062 3904 quze
3092 3845 3314 3900 corpore
3336 3845 3520 3900 parvo.

2253 3902 2503 3970 Ingentes
2532 3905 2740 3958 animas
2768 3902 3122 3973 egregiasque
3147 3907 3358 3973 gerunt.

2181 3969 2490 4045 Hexagonis
2519 3976 2664 4028 cellis
2693 3969 3284 4045 quaimelleliquentia
3315 3969 3568 4037 condunt,

2253 4043 2390 4102 Utile
2417 4043 2848 4114 miriticnm’qute
2883 4043 3208 4098 fabricantur
3231 4059 3388 4114 npus.

2181 4118 2314 4186 Quae
2343 4118 2702 4187 disciplinam,
2723 4113 2841 4185 quae
2862 4117 2986 4185 jura
3013 4113 3306 4187 domestica
3335 4120 3566 4166 servant.

2252 4185 2502 4258 Quasque
2531 4189 2691 4242 simul
2719 4185 3194 4258 relicitringeniosa
3221 4185 3430 4238 domus.

2183 4253 2451 4328 Compare
2481 4259 2764 4334 sideribus,
2796 4253 2998 4334 quibus
3019 4257 3139 4334 aula
3169 4271 3396 4334 superna
3427 4253 3681 4325 refulget,

2253 4333 2390 4384 Aera
2421 4347 2542 4398 quae
2571 4331 2781 4383 furvum
2815 4329 3059 4382 noctibus
3090 4327 3361 4381 irradianl.

2183 4401 2316 4470 Quae
2347 4396 2511 4454 semel
2551 4401 2857 4470 impositam
2890 4406 3106 4453 servant
3133 4414 3226 4467 per
3243 4397 3435 4452 saecula
3465 4396 3667 4468 legem.

2255 4473 2390 4540 Quae
2417 4473 2600 4526 solitos
2626 4489 2808 4548 cursus
2838 4479 2890 4523 et
2920 4485 3170 4548 numeros
3200 4474 3476 4548 peragunt.

2185 4547 2452 4613 Comparo
2481 4545 2688 4615 gvranti
2711 4541 3042 4615 sollemniter
3068 4540 3258 4615 omnia
3277 4540 3410 4594 cwlo
3444 4553 3457 4607 ;

2257 4610 2763 4683 Insuper‘angelicis
2790 4627 3045 4680 comparo
3074 4610 3364 4681 spiritibus.

2187 4684 2288 4752 Qui
2319 4682 2534 4754 semper
2563 4687 2787 4739 Sanctus
2817 4684 3087 4754 triplicata
3107 4698 3238 4754 voce
3268 4682 3540 4754 resultant.

2257 4758 2316 4809 ln
2347 4752 2495 4807 terris
2525 4757 2768 4810 monachi
2793 4752 2936 4824 quod
2968 4753 3308 4824 modulantur
3335 4752 3496 4806 idem.

2187 4827 2277 4881 Sic
2303 4827 2560 4880 cherubin
2591 4829 2747 4893 cudo,
2781 4823 3026 4879 monachi
3060 4823 3243 4876 tellure
3261 4830 3553 4889 manentes,

2259 4898 2431 4952 Unum
2463 4898 2592 4952 dant
2620 4900 2708 4950 uni
2732 4898 3002 4950 servitium
3039 4895 3289 4949 Domino.

2257 4971 2406 5035 (282)
2443 4971 2642 5023 Pontio
2690 4969 2900 5024 abbati.
2953 4965 3308 5028 Cluniacensi,
3367 4965 3608 5036 Hugonis
3659 4984 3767 5021 suc-

2185 5039 2400 5102 cessori,
2451 5041 2543 5092 St'tl
2589 5041 2748 5110 longe
2806 5037 3070 5110 dissimili,
3121 5045 3175 5089 ut
3206 5036 3489 5110 ostendunt
3540 5053 3658 5110 quia
3701 5039 3763 5092 de

2186 5111 2276 5164 illo
2305 5121 2521 5164 narrant
2553 5107 2736 5164 l’elrus
2767 5109 3115 5173 Venerabilis,
3149 5115 3198 5158 et
3233 5107 3414 5161 Petrus
3443 5108 3576 5162 alter
3597 5109 3762 5164 Picta-

2183 5182 2399 5235 viensis.

2257 5258 2404 5310 (283)
2438 5255 2669 5307 Petrum
2702 5251 2998 5308 Goscelini.
3045 5247 3346 5302 Transierat
3403 5249 3487 5303 hie.
3517 5267 3544 5304 a
3581 5251 3760 5305 Vindo-

2185 5323 2489 5376 cinensihus
2511 5324 2575 5376 ad
2619 5324 3012 5384 Cluniaeenses,
3061 5319 3206 5397 illuni
3242 5322 3432 5387 repetit
3484 5321 3755 5386 Gotli‘itlus,

2185 5411 2246 5446 ae
2300 5395 2412 5446 sine
2495 5413 2593 5447 suo
2646 5409 2905 5447 consensu
2964 5394 3177 5446 retineri
3244 5407 3346 5443 non
3397 5409 3550 5460 posse
3598 5394 3754 5446 docet.

2187 5465 2438 5532 Ejusdem
2463 5467 2762 5530 argumenti
2806 5473 2880 5516 est
2916 5463 3140 5534 epistola
3193 5462 3368 5528 prima
3407 5463 3463 5516 S.
3522 5464 3754 5518 Bernardi

2185 5537 2250 5588 ad
2311 5537 2598 5590 Illibertuln
2691 5543 2940 5606 nepotem
2997 5535 3084 5604 qui
3119 5547 3166 5606 7a
3221 5534 3650 5606 Cisterciensibus
3696 5537 3755 5589 ad

2185 5608 2560 5661 (lluniacenses
2604 5605 2932 5661 convularat.
2967 5608 3086 5674 Quo
3116 5605 3252 5666 loco,
3313 5612 3366 5658 et
3421 5606 3471 5657 in
3503 5605 3638 5660 libro
3687 5607 3755 5660 De

2184 5686 2451 5746 praecizpto
2483 5686 2535 5731 et
2561 5678 2979 5746 dispensatione,
3012 5677 3104 5730 ubi
3136 5674 3238 5726 hoc
3266 5677 3427 5730 etiam
3460 5692 3754 5746 argumen-

2185 5744 2292 5801 tum
2326 5744 2530 5811 tractat,
2587 5744 2754 5804 multa
2809 5757 2931 5802 sunt
2967 5744 3106 5802 cum
3150 5747 3330 5801 Vesbis
3358 5744 3582 5804 Goflridi
3637 5765 3754 5804 con-

2181 5825 2454 5874 sentanea.

2822 6390 2994 6400 ..ν-
3047 6391 3102 6398 -
3155 6392 3207 6400 -
3265 6392 3332 6400 .-
3349 6396 3372 6402 ,Α
