3940 6410
222 357 326 416 149

1500 355 1875 417 ΕΡῙΞΤΟΙιΕ.
1906 390 1978 405 -—
1999 359 2125 419 LIB.
2150 361 2240 419 IV.

3420 369 3522 431 150

218 483 574 549 municamus,
650 490 707 538 ut
757 498 853 539 nec
906 481 1341 540 communionem
1398 499 1605 538 sacram
1661 484 1815 538 vivus
1845 488 1893 547 Α
1927 495 1979 542 et
2016 487 2335 552 concordiae,
2368 487 2503 546 sicut
2531 506 2562 547 a
2593 491 2750 551 nobis
2778 500 2831 552 et
2858 509 2890 553 a
2928 489 3086 554 vobis
3142 501 3349 554 constat
3408 512 3526 557 esse

214 571 494 645 percipiat,
527 589 625 629 nec
655 581 895 629 mortqu
924 575 1271 645 sepulturam.
1325 573 1500 629 Uuun
1557 582 1816 645 pt‘mterett

210 661 369 717 vobis
396 662 734 729 mandamus,
768 661 912 733 quod
942 662 1338 733 simplicitatem
1370 670 1603 718 vestram
1664 663 1817 735 igno-

210 768 328 805 rare
363 768 469 806 non
519 752 808 819 crei‘limus,
868 752 994 822 quia
1050 768 1487 822 unumquemque
1546 757 1814 822 pastorem

215 840 370 893 deCet
398 858 526 894 oves
557 841 801 911 proprias
831 857 1167 905 conservare,
1203 857 1307 893 non
1366 856 1551 911 rapere
1591 840 1812 895 alienas.

217 928 374 997 Quod
405 929 447 982 si
476 930 679 983 alienas
706 929 959 998 rapuerit,
990 929 1100 999 lupi
1144 928 1582 983 consuetudinem
1635 929 1813 997 habet,

217 1034 326 1072 non
348 1019 592 1089 pastoris.
628 1018 682 1073 Si
715 1018 833 1088 quis
866 1018 1054 1071 iterum
1088 1019 1400 1073 auctoritate
1430 1017 1701 1089 privilegii
1759 1036 1814 1072 se

220 1106 343 1160 talia
376 1124 531 1177 posse
581 1105 877 1175 confitetur,
929 1106 1119 1161 eadem
1175 1106 1484 1161 auctoritate
1533 1106 1676 1176 quod
1707 1122 1816 1162 non

216 1194 501 1249 seminavit
529 1195 802 1266 colligere,
837 1196 1062 1249 aliorum
1102 1195 1274 1259 villas,
1321 1195 1556 1271 castella,
1590 1202 1643 1249 et
1677 1194 1814 1250 civi-

220 1290 351 1337 tates
381 1284 642 1351 obtinere,
677 1283 916 1354 patribus
960 1284 1068 1337 suis
1113 1284 1423 1337 subtrahere
1473 1282 1630 1351 ﬁlios,
1693 1300 1816 1337 suas

217 1373 526 1426 hominibus
573 1390 766 1427 uxores
846 1374 1074 1428 auferre.
1130 1372 1270 1441 Quid
1329 1374 1538 1444 plura?
1595 1389 1810 1427 onmem

216 1460 449 1515 alienam
481 1462 830 1516 substantiam
864 1479 1012 1515 suam
1048 1462 1221 1515 facere
1251 1478 1305 1515 se
1338 1478 1494 1530 posse
1552 1459 1812 1515 confitea-

217 1558 318 1603 tur.
354 1549 698 1620 l’rivilegium
744 1550 924 1619 utique
956 1550 1232 1621 pravitatis
1278 1552 1437 1620 165
1522 1550 1810 1621 plurimum

216 1636 399 1706 habet,
432 1646 485 1691 et
514 1638 642 1692 nihil
676 1639 886 1710 penitus
915 1638 1112 1693 divinae
1147 1639 1282 1709 legis
1315 1654 1327 1707 ;
1372 1639 1523 1709 cujus
1575 1638 1811 1693 auctori-

219 1734 297 1781 tas
327 1744 451 1780 suos
482 1727 533 1780 in
565 1727 753 1796 primis
782 1728 1152 1782 observatores
1183 1744 1301 1781 reos
1332 1727 1474 1793 facit,
1526 1735 1576 1781 et
1635 1727 1815 1798 proxi-

1921 584 2193 645 statutum,
2229 578 2361 632 nihil
2400 581 2558 650 166
2592 583 2804 653 penitus
2829 584 3155 641 haesitantes.
3196 586 3321 642 Non
3378 586 3524 643 enim

1923 667 2051 719 tales
2078 683 2261 720 sumus
2289 668 2379 738 qui
2408 669 2553 723 aliud
2583 681 2893 745 promptum
2926 675 2978 730 in
3010 675 3214 750 lingua,
3266 683 3320 732 et
3376 676 3522 733 aliud

1922 754 2160 809 clausum
2190 756 2244 809 in
2273 765 2486 828 pectore
2518 759 2838 816 habeamus.

2468 856 2801 914 EPISTOLA
2834 862 2923 915 IV.

1927 942 2134 998 Damno
2164 944 2427 1001 Ilainrico
2484 948 2793 1005 venerabili
2848 950 3264 1023 Angeriacensi
3312 953 3520 1021 abbati,

1956 1033 2181 1087 doniino
2211 1037 2267 1088 et
2295 1034 2693 1105 amico,frater
2710 1036 2998 1109 Go/fridus
3016 1057 3048 1095 α
3066 1041 3173 1096 Deo
3191 1057 3351 1113 parte
3382 1043 3527 1099 veri-

1961 1122 2098 1177 tatis
2121 1124 2413 1192 effectum,
2446 1127 2501 1178 ct
2524 1140 2557 1178 α
2589 1138 2646 1181 se
2674 1140 2822 1181 vene
2850 1126 3175 1185 dilectionis
3197 1132 3510 1201 affectum.

1994 1218 2358 1285 Locutionem,
2392 1236 2553 1309 quam
2582 1221 2648 1275 de
2681 1238 2841 1277 causa
2870 1224 2966 1278 Dei
2998 1225 3286 1280 habuimus
3332 1227 3399 1282 ad
3442 1228 3524 1282 in-

1921 1306 2115 1373 vicem,
2175 1306 2427 1362 labialem
2489 1324 2555 1363 ex
2614 1318 2790 1365 vestra
2845 1322 2995 1383 parte
3050 1313 3214 1369 fuisse
3272 1315 3522 1384 arbitror,

1923 1409 2029 1450 non
2060 1396 2483 1466 praecordialem.
2519 1397 2669 1454 Unde
2701 1415 2798 1455 vos
2826 1401 3003 1456 minus
3050 1402 3296 1475 vigilanti
3356 1404 3522 1461 verbo

1921 1499 2073 1537 usum
2104 1482 2281 1552 doleo,
2314 1493 2367 1540 et
2393 1486 2772 1557 gladiatorium
2809 1489 3053 1560 spiritum
3112 1492 3262 1561 (285)
3322 1492 3519 1548 habere

1920 1571 2181 1644 intelligo.
2217 1574 2332 1645 Ego
2365 1581 2561 1642 tamen,
2596 1576 2709 1631 Deo
2737 1578 2969 1647 volente,
3005 1579 3147 1649 quod
3196 1579 3329 1648 dixi,
3390 1581 3521 1636 inci-

1920 1661 2087 1728 piam,
2122 1670 2175 1717 et
2204 1662 2347 1731 quod
2378 1663 2671 1735 incoeptum
2707 1665 2883 1733 fuerit,
2918 1668 3033 1739 ipso
3091 1668 3353 1740 largiente
3401 1686 3523 1739 per-

1918 1748 2116 1804 ticiam.
2152 1751 2334 1806 Valete
2367 1766 2380 1818 ;
2415 1760 2466 1806 et
2495 1752 2539 1806 si
2580 1769 2689 1823 qua
2745 1763 2867 1809 sunt
2922 1756 2977 1810 in
3035 1756 3190 1812 vobis
3245 1759 3522 1814 catholica:

216 1832 335 1870 mos
364 1816 623 1887 opprimit
650 1816 977 1870 innocentes.
1014 1817 1079 1870 Et
1122 1816 1444 1886 quicumque
1502 1815 1806 1887 privilegio,
1838 1843 1890 1902 Β
1921 1836 2132 1908 pictatis
2161 1815 2384 1906 viscera"
2420 1839 2550 1894 mihi
2575 1815 2629 1894 εἰ
2656 1841 2710 1895 in
2739 1843 2960 1897 verm“,
2989 1845 3280 1899 rescribite.

216 1911 401 1958 contra
433 1904 777 1975 privilegium
809 1904 953 1973 quod
983 1905 1222 1959 Christus
1252 1904 1474 1959 contulit
1502 1905 1676 1970 Petro,
1740 1905 1809 1958 fa-

215 2010 335 2047 cere
384 2000 624 2059 conatur,
687 1993 836 2063 quasi
889 1995 1149 2063 propheta
1215 1993 1414 2047 docens
1471 1993 1811 2048 mendacium

213 2081 614 2153 comprobatur.
687 2082 851 2152 Cujus
907 2098 1117 2147 vocmn,
1179 2082 1368 2137 falsam
1425 2083 1811 2137 beatitudinem

211 2179 264 2225 et
292 2187 474 2225 veram
526 2170 795 2225 miseriam
854 2179 1257 2242 protestantem,
1291 2171 1418 2225 dum
1481 2172 1676 2226 animm
1731 2189 1813 2225 se—

210 2267 443 2329 quuntur
471 2260 807 2328 Christianae,
841 2260 1229 2329 periclitantur.

766 2420 1102 2475 EPISTOLA
1158 2422 1253 2475 IlI.

213 2535 597 2591 Dilectissimo
615 2534 841 2591 domino
859 2552 959 2591 suo
984 2536 1247 2591 IIai-nrico
1261 2536 1432 2606 (28L),
1446 2536 1573 2591 vitae
1591 2552 1813 2591 venera-

247 2623 376 2679 bilis
391 2624 856 2695 viros,Goffridus
886 2624 1303 2681 l'indocinensis
1326 2625 1663 2681 monasterii
1680 2642 1813 2697 qua-

248 2714 557 2787 liscumque
572 2714 1041 2779 scrvus,eamdem
1066 2731 1169 2787 qua
1182 2732 1233 2768 in
1245 2714 1352 2769 sibi
1366 2718 1525 2787 optat
1539 2715 1808 2771 salutem.

279 2835 411 2905 Quae
442 2845 639 2891 mutuze
670 2837 941 2892 charitatis
968 2836 1160 2892 affectu
1191 2854 1362 2907 nuper
1386 2854 1416 2892 a
1474 2838 1631 2892 nobis
1688 2846 1817 2891 sunt

207 2927 514 2992 constituta,
547 2926 728 2979 multis
756 2926 930 2979 modis
958 2935 1144 2994 postea
1184 2926 1445 2995 impedire
1497 2926 1665 2981 voluit
1713 2927 1811 2980 ini-

206 3014 402 3068 micus.
437 3014 516 3068 Ab
544 3015 662 3083 ipso
693 3016 912 3085 quippe,
947 3023 1004 3069 ut
1032 3016 1259 3077 aestimo,
1318 3014 1571 3069 fratribus
1620 3015 1812 3069 nostris

204 3111 520 3175 suggestum
551 3111 715 3157 estut
771 3112 956 3158 contra
1012 3119 1077 3159 ea
1134 3103 1470 3157 recaleitrare
1528 3103 1807 3169 deberent,

2517 1947 2853 2003 EPISTOLA
2885 1950 2946 2003 V.

1918 2033 2303 2089 Dilectissimo
2336 2035 2497 2092 Patri
2526 2040 2583 2092 et
2612 2038 2837 2094 domino
2866 2038 3133 2095 llainrico
3174 2039 3519 2098 honorabilis

1990 2123 2120 2263 piae
2149 2122 2357 2192 abbati,
2387 2126 2577 2195 frater
2612 2125 2905 2197 Goffridus
2934 2143 3061 2184 cum
3090 2127 3391 2187 dilectione
3421 2146 3519 2186 sa-

2015 2212 2193 2263 utem.

2015 2212 2193 2263 utem.

1992 2295 2123 2351 Fere
2181 2296 2408 2352 duorum
2434 2298 2698 2353 mensium
2726 2298 2842 2370 jam
2872 2301 3130 2370 prmteriit
3158 2302 3407 2373 spatium,
3452 2319 3518 2358 ex

1921 2401 2026 2456 quo
2056 2385 2210 2440 vobis
2242 2402 2409 2455 usque
2440 2387 2698 2442 Pictavim
2752 2397 2987 2443 nostrum
3048 2391 3315 2445 transmisi
3368 2394 3520 2461 (286)

1919 2475 2176 2546 sigillum,
2210 2475 2345 2529 sicut
2374 2475 2577 2530 locutus
2610 2476 2814 2532 fueram
2843 2477 3141 2533 vobiscum.
3177 2480 3243 2533 Ειι
3270 2480 3393 2550 quia
3442 2480 3519 2535 ibi

1920 2563 2150 2618 inveniri
2178 2563 2400 2617 minime
2428 2565 2675 2635 potuistis
2722 2566 2865 2635 quod
2907 2574 3029 2621 tunc
3079 2568 3309 2622 libenter
3366 2569 3520 2625 fecis-

1919 2669 2054 2720 sem,
2085 2667 2253 2722 usque
2279 2652 2347 2707 ad
2378 2651 2860 2725 Quadragesimam
2893 2655 3069 2710 facere
3110 2672 3217 2710 non
3274 2672 3513 2728 possum.

1921 2741 2165 2796 Facultas
2195 2742 2376 2810 utique
2405 2742 2634 2797 faciendi
2664 2742 2808 2811 quod
2837 2744 3112 2799 vobiscum
3145 2745 3321 2800 facere
3340 2745 3521 2815 dispo-

1920 2846 2153 2897 sueram,
2192 2830 2324 2882 mihi
2384 2829 2655 2885 subtracta
2693 2839 2791 2898 est,
2853 2848 2957 2887 non
3016 2833 3295 2888 immutata
3354 2835 3512 2904 167

1920 2920 2184 2973 voluntas.
2219 2918 2451 2973 Pecunia
2479 2919 2674 2974 etenim
2708 2920 2837 2973 mihi
2870 2937 2978 2974 non
3006 2922 3273 2992 suppetit;
3307 2939 3516 2994 guerraa

1919 3006 2202 3061 imminent
2232 3014 2284 3060 et
2312 3007 2569 3077 asperitas
2598 3008 2853 3078 temporis
2884 3008 3168 3063 interdicit.
3205 3010 3387 3065 Valete
3418 3025 3431 3078 ;
3464 3018 3519 3065 et

1918 3096 2063 3165 quod
2113 3097 2302 3149 fratres
2356 3096 2520 3149 nostri
2579 3104 2889 3165 queruntur,
2951 3098 3093 3167 quod
3151 3098 3294 3169 apud
3348 3098 3516 3153 abba-

205 3208 303 3246 nec
336 3192 479 3261 pacis
508 3191 914 3261 dilectionisque
948 3208 980 3246 a
1026 3192 1183 3247 nobis
1236 3192 1532 3247 constitute
1586 3192 1801 3246 vinculo
1833 3192 1882 3255 C
1914 3184 2041 3239 tiam
2073 3190 2303 3239 vestram
2334 3183 2511 3238 minus
2536 3184 2800 3256 regularis
2841 3186 3144 3240 humanitas
3174 3185 3251 3240 eis
3305 3186 3513 3257 impen-

207 3288 516 3351 paterentur
540 3281 782 3352 astringi.
815 3284 881 3334 At
917 3281 1184 3352 benignus
1203 3282 1365 3346 Deus,
1400 3281 1487 3350 qui
1512 3281 1809 3351 malignum

208 3368 372 3422 etiam
406 3368 457 3421 in
490 3368 859 3439 superioribus
886 3369 1099 3440 :Egypti
1131 3368 1355 3439 ligatum
1392 3374 1550 3435 tenet,
1605 3369 1675 3423 ita
1735 3369 1811 3423 lo-

209 3457 281 3510 ris
311 3473 420 3511 sua:
463 3457 716 3527 potentiae
742 3457 889 3510 illum
921 3457 1216 3528 colligavit,
1250 3464 1307 3510 ut
1334 3456 1592 3527 quidquid
1613 3457 1811 3510 discor-

208 3546 313 3599 dia:
344 3562 406 3601 ac
436 3545 784 3601 dissensionis
813 3546 1066 3600 fratribus
1100 3546 1244 3615 prius
1288 3553 1645 3618 suggesserat,
1706 3546 1809 3601 hu-

208 3633 336 3689 bere
396 3634 539 3688 vires
595 3652 696 3689 non
760 3635 948 3705 potuit.
1006 3635 1155 3690 Unde
1217 3635 1569 3705 praesentibus
1624 3634 1810 3689 litteris

191 3723 554 3777 dilectionem
586 3730 816 3776 vestram
840 3723 1126 3791 admoneo,
1154 3731 1210 3776 ut
1228 3740 1393 3792 usque
1416 3724 1483 3777 ad
1504 3724 1805 3794 proximam

210 3812 552 3866 festivitatem
586 3813 645 3865 Β.
678 3811 859 3866 Mariae
909 3828 1225 3881 quacunque
1284 3812 1371 3865 die
1429 3813 1702 3867 volueritis
1754 3813 1805 3866 in

206 3900 497 3970 capitulum
531 3908 768 3956 nostrum
801 3900 1050 3967 veniatis,
1082 3901 1148 3954 de
1202 3899 1605 3956 continuatione
1663 3902 1807 3972 pacis

279 4079 427 4145 (28.1)
461 4074 741 4133 Hainrico.
803 4077 994 4132 Abbati
1052 4078 1452 4149 Angeriacensi,
1512 4077 1580 4131 ad
1639 4095 1801 4147 quem

206 4149 365 4201 etiam
400 4152 492 4203 lvo
524 4150 677 4219 epist.
698 4150 1191 4217 233.Angeri:umm
1206 4150 1499 4204 Santonum
1523 4149 1587 4202 ad
1616 4150 1801 4203 Vulto-

208 4236 331 4273 nam
361 4220 581 4273 ﬂuvium
613 4220 870 4291 oppidum
901 4221 1028 4273 olim
1052 4220 1303 4274 dixerunt
1324 4220 1803 4285 ;deindelitterulae

207 4292 498 4345 mutatione
529 4292 898 4360 Angeliacum,
931 4299 983 4345 et
1012 4292 1068 4345 δ.
1101 4292 1363 4345 Joannem
1392 4292 1459 4345 de
1488 4292 1798 4359 Angeliaco,

206 4370 488 4433 postquam
522 4378 586 4415 eo
616 4360 851 4416 delatum
881 4369 961 4415 est
990 4371 1149 4431 caput
1178 4362 1519 4432 pr'recursoris
1560 4362 1797 4431 Domini,

204 4434 695 4501 monasteriumque
726 4450 758 4487 a
790 4434 1015 4503 l’ippino
1064 4433 1363 4501 Aquitaniae
1417 4449 1545 4503 rege
1599 4434 1792 4487 condi-

208 4512 338 4569 tum,
372 4511 427 4557 ut
456 4504 617 4556 habet
644 4512 795 4557 vetus
827 4504 1056 4557 narratio
1087 4504 1154 4557 ad
1192 4505 1392 4558 calcem
1451 4521 1674 4573 operum
1736 4504 1791 4559 S.

1920 3274 2078 3339 ditur,
2112 3273 2385 3344 agnoscite
2421 3286 2433 3340 ;
2468 3279 2521 3326 et
2548 3272 2692 3342 quod
2721 3273 2874 3328 aliter
2904 3275 3102 3329 factum
3135 3282 3232 3340 est,
3254 3275 3296 3328 si
3317 3276 3512 3343 placet,

1919 3362 2188 3432 corrigite.
2222 3362 2303 3415 De
2332 3361 2669 3431 susceptione
2693 3361 2960 3431 hospitum
2993 3362 3148 3418 vobis
3184 3362 3512 3434 scripsissem

1918 3450 2010 3505 sed
2039 3451 2233 3505 docere
2262 3449 2558 3505 Minervam
2588 3450 2713 3505 novi
2744 3453 3092 3522 superﬂuum.

2455 3551 2791 3609 EPISTOLA
2822 3554 2910 3607 VI.

1916 3642 2124 3699 Joanni
2151 3641 2280 3698 vitre
2310 3641 2847 3697 venerabilisabbati
2875 3644 3024 3712 (287)
3045 3642 3331 3713 Go/fridus
3356 3644 3512 3700 abba-

1990 3731 2111 3783 tum
2140 3726 2397 3781 omnium
2426 3725 2720 3794 minimus,
2754 3726 2815 3780 in
2854 3727 3111 3783 omnibus
3137 3727 3513 3784 misericordi-

1989 3820 2076 3871 ter
2105 3830 2271 3885 agere
2284 3855 2297 3866 .

1986 3900 2119 3954 Huic
2151 3899 2319 3968 fratri,
2353 3898 2441 3968 qui
2470 3899 2779 3954 necessitate
2811 3899 2968 3955 simul
3000 3916 3061 3956 ac
3117 3901 3390 3956 voluntate
3439 3900 3507 3956 ad

1913 4095 2033 4135 rem
2053 4079 2394 4150 jurgiorum,
2426 4078 2582 4149 pacis
2612 4077 3085 4150 perturbatorem.

1984 4147 2441 4215 (286)Pictavim
2492 4147 2810 4213 transmisi,
2870 4148 3200 4203 Flodoardus
3248 4147 3498 4203 Chronic.

1911 4237 2052 4275 anno
2074 4224 2197 4274 9:33.
2221 4219 2285 4273 In
2307 4220 2672 4290 Aquitaniam
2690 4219 3199 4290 profectusmrbem
3222 4220 3500 4275 Pictavim

1947 4294 2092 4347 etiit.
2113 4291 2227 4345 Lib.
2253 4306 2312 4357 ιι,
2330 4293 2417 4344 21.
2438 4290 2778 4361 Andegavim
2798 4290 3037 4346 conduci
3056 4292 3289 4361 faciam.
3319 4292 3502 4345 Petrus

1954 4362 2189 4416 lesensis.
2226 4361 2391 4431 Epist.
2426 4363 2510 4414 13.
2550 4362 2681 4416 Tota
2705 4371 2827 4431 fere
2847 4363 2906 4415 in
2934 4362 3211 4431 [acri/mas
3234 4362 3496 4417 Aurelia-

1908 4436 2000 4488 nis
2022 4430 2294 4505 efﬂueret.
2318 4431 2923 4505 _Aurelianim,_Blesim,
2954 4430 3212 4505 Pictavim
3244 4432 3361 4502 ejus
3389 4449 3498 4488 sse-

1908 4505 2011 4559 culi
2053 4502 2117 4558 'et
2174 4503 2544 4572 proximorum
2602 4502 2888 4573 scriptores
2940 4503 3200 4573 singulari
3274 4519 3499 4558 numero

205 4546 479 4657 Cypi'iaui2
510 4575 815 4657 Ademarus'
834 4574 1180 4657 salitur-ﬁalis
1221 4546 1521 4657 monachpfs.
1551 4594 1562 4629 :
1611 4576 1796 4657 Pippi-
1823 4551 1876 4612 D
1906 4546 2252 4657 usurpabaiit.
2368 4581 2565 4657 tqmem
2596 4572 2687 4657 ubi
2709 4546 2922 4657 laliquid
2952 4573 3007 4657 in
3025 4546 3118 4654 bis
3175 4574 3308 4657 locis
3362 4590 3497 4653 esse,

203 4661 314 4701 nus
329 4661 431 4700 rex
445 4645 1053 4716 Aquitanire,Ludovici
1063 4646 1425 4714 imperatoris
1435 4646 1609 4714 ﬁlius.
1625 4645 1796 4715 jussu

204 4717 396 4771 Patris
418 4718 826 4770 monasterium
857 4716 912 4771 S.
944 4717 1178 4787 Joannis
1202 4718 1506 4787 Angeriaco
1518 4716 1796 4785 (edi/icari

203 4789 359 4855 fecit.
398 4787 627 4839 l’rismm
659 4787 821 4855 igitur
847 4786 1261 4855 appellationem
1292 4786 1414 4840 cum
1473 4802 1615 4842 nova
1671 4788 1795 4842 reti-

206 4858 336 4921 nuit,
371 4858 513 4927 quod
546 4858 597 4911 in
632 4858 814 4928 paucis
841 4858 891 4909 id
922 4874 1092 4928 genus
1123 4859 1321 4911 factum
1370 4865 1449 4911 est
1481 4872 1499 4923 ;—
1555 4875 1677 4912 nam
1738 4860 1792 4912 in

207 4929 324 4983 aliis
351 4929 529 4999 priora
556 4929 773 4982 nomina
806 4929 961 4998 plane
992 4929 1165 4981 silent.
1200 4930 1268 4983 Ut
1295 4944 1450 4983 mons
1506 4928 1791 4983 Indiciatus

203 4999 257 5052 in
288 5000 343 5053 S.
382 5001 534 5055 Floro
567 5000 708 5070 apud
739 5002 1022 5063 Arvernos,
1055 5000 1275 5053 Ceutula
1302 4999 1354 5052 in
1413 5001 1475 5054 S.
1543 5001 1789 5055 Richario

204 5071 345 5139 apud
376 5071 685 5134 Ambianos,
717 5071 1024 5142 Segestrum
1057 5071 1108 5123 in
1144 5072 1199 5124 S.
1234 5071 1484 5139 Sequano
1504 5071 1647 5140 apud
1670 5071 1789 5125 Lin—

203 5157 391 5211 gones,
426 5143 640 5195 Cessato
671 5142 723 5195 in
746 5142 803 5194 S.
837 5142 1051 5196 Tiberio
1079 5142 1219 5211 apud
1251 5142 1611 5211 Septimanos.
1636 5143 1792 5195 Catu-

203 5213 449 5285 liaeuset
472 5214 835 5285 Novigentum
867 5214 919 5266 in
953 5213 1009 5268 S.
1042 5213 1296 5282 Dionysio
1327 5220 1378 5265 et
1408 5214 1465 5266 S.
1497 5213 1793 5285 Clodoaldo

203 5283 342 5352 apud
379 5283 632 5346 Parisios,
655 5292 707 5338 et
739 5284 857 5338 aliis
884 5285 1194 5338 innumeris.
1228 5284 1603 5339 Monasterium
1639 5300 1795 5353 porro

204 5354 594 5436 Angeriaeeisc
625 5357 971 5436 insmuqatum
1013 5364 1195 5436 postea
1235 5362 1289 5436 e_t
1342 5354 1637 5436 redditibus
1691 5372 1792 5408 au-

203 5433 351 5497 ctum
374 5433 451 5478 est
480 5426 548 5479 ab
580 5430 781 5497 Agnete
808 5426 1102 5481 fundatrice
1137 5426 1533 5491 Vindocinensi,
1566 5434 1619 5479 et
1657 5443 1793 5480 nova

204 5495 443 5559 basilica,
476 5495 793 5551 anno—1038
832 5498 1073 5553 Goffrido
1129 5497 1346 5563 abbate,
1406 5497 1645 5561 Arualdi,
1703 5497 1792 5565 qui

206 5566 580 5620 Vinvlocinensi
615 5568 936 5625 dedieationi
962 5571 1223 5635 adfuerat,
1256 5584 1561 5623 successore
1612 5584 1796 5622 conse-

204 5653 287 5690 cra
300 5644 366 5689 ta.
822 5646 827 5651 ’

274 5710 423 5784 (ass)
449 5708 861 5784 Gladiatorium
881 5712 1173 5784 spiritum.
1197 5710 1362 5784 Epist.
1391 5714 1453 5784 1.
1474 5710 1543 5765 de
1567 5709 1790 5784 eodem:

207 5778 510 5835 Dom‘inum
523 5778 693 5834 illum
720 5778 994 5846 abbatem,
1027 5798 1191 5846 quem
1212 5778 1415 5838 dicunt
1436 5782 1691 5838 homines
1720 5795 1796 5836 ex

208 5850 297 5905 lon
302 5864 369 5922 go
383 5852 632 5922 tempore
643 5849 822 5921 fuisse
833 5849 1126 5910 discordiae
1143 5853 1796 5921 amatorem,seminato-

1905 4654 1997 4701 aut
2024 4643 2134 4700 ﬁeri
2165 4643 2557 4716 significabant.
2589 4644 2906 4716 Aurelianis,
2952 4644 3136 4709 Blesis,
3194 4645 3502 4716 Andegavis

1904 4718 2137 4788 plurium
2168 4714 2390 4788 numero
2420 4715 2689 4788 dicebant.
2724 4714 3022 4788 Fulbertus,
3054 4723 3112 4769 ut
3147 4714 3371 4783 quidem
3412 4715 3497 4769 le-

1902 4785 2111 4857 gcmlus
2140 4794 2238 4852 est,
2272 4787 2323 4839 in
2355 4786 2582 4855 epistola
2633 4789 2731 4839 113
2778 4786 2857 4857 ad
2911 4785 3211 4857 Robertump
3256 4801 3443 4857 regem
3481 4801 3493 4837 :

1900 4855 1999 4915 sed
2028 4860 2223 4914 audito
2240 4857 2382 4928 quod
2412 4856 2737 4928 Aureliani:
2766 4856 2830 4911 in
2860 4857 3090 4912 civitate
3122 4855 3493 4928 videlicetin-

1899 4930 2094 4986 ceniio
2125 4927 2346 4984 vastata
2365 4927 2667 4983 consilium
2699 4927 2995 4983 habiturus
3024 4927 3303 4990 sis,miror
3323 4931 3379 4981 et
3398 4945 3497 4996 pa-

1898 5002 2244 5067 veo.l\'oster,
2277 5000 2432 5068 epist.
2469 4999 2532 5051 lt
2568 5016 2579 5052 :
2632 4999 2944 5068 Andegauis
2977 4998 3267 5069 negotium
3297 4999 3491 5054 acturi

1898 5087 2113 5128 sumus.
2148 5070 2459 5137 Eodemque
2490 5069 2652 5123 modo
2683 5070 2978 5136 Turonum,
3011 5078 3063 5123 et
3091 5085 3122 5123 a
3147 5070 3362 5123 Turono
3397 5069 3479 5122 di-

1903 5159 2025 5197 cere
2053 5143 2205 5205 solet,
2239 5148 2292 5196 et
2312 5139 2537 5194 Turonis
2565 5157 2699 5205 esse,
2732 5156 2796 5194 ac
2824 5139 3049 5194 Turonis
3077 5140 3244 5209 loqui.

1974 5216 2123 5279 (287)
2155 5211 2363 5268 Joanni
2385 5211 2593 5266 abbati.
2619 5211 2857 5277 Dolensi,
2888 5218 2948 5265 ut
2976 5211 3159 5267 docuit
3187 5225 3286 5265 ros
3341 5210 3494 5265 elen-

1903 5286 2033 5339 chus
2062 5283 2274 5337 Codicis
2303 5282 2741 5337 Cenomanensis.
2776 5282 2868 5335 Est
2892 5290 3070 5337 autem
3118 5282 3350 5336 Dolense
3402 5298 3495 5336 seu

1904 5356 2063 5426 Burgi
2091 5354 2339 5426 Doleusis
2368 5353 2570 5426 illustre
2603 5354 3005 5426 monasterium
3030 5425 3039 5426 ί
3062 5353 3117 5406 in
3171 5352 3498 5426 Biturigibus

1903 5427 1972 5481 ab
2006 5423 2229 5480 Ebbone
2258 5425 2557 5494 Teparcha,
2590 5424 2782 5479 Carolo
2815 5440 2922 5478 non
2949 5425 3137 5488 Calvo,
3171 5431 3229 5477 ut
3266 5423 3494 5493 quibus-

1902 5498 2029 5552 dam
2060 5497 2232 5551 visum
2263 5503 2361 5562 est,
2390 5494 2485 5547 sed
2514 5494 2774 5567 simplice
2796 5502 3077 5567 regnante,
3136 5494 3325 5548 iisdem
3358 5495 3499 5567 fere

1902 5567 2099 5637 quibus
2127 5567 2476 5637 Cluniaceuse
2534 5565 2879 5636 temporibus
2918 5566 3213 5620 conditum.
3272 5566 3393 5620 Fuit
3446 5572 3503 5621 et

1904 5636 2135 5694 Dolense
2162 5636 2307 5692 aliud
2338 5637 2643 5692 cmnobium
2675 5637 2729 5690 in
2759 5637 3049 5692 Armoricis
3096 5637 3152 5690 in
3208 5637 3496 5707 episcopa-

1904 5712 2029 5776 lem,
2063 5717 2246 5780 postea
2285 5708 2591 5763 cathedram
2648 5723 2965 5764 conversum
3003 5723 3017 5777 ;
3075 5724 3196 5779 qum
3255 5707 3500 5763 Dolensis

1906 5781 2143 5837 Ecclesia
2167 5780 2319 5836 lvoni
2350 5780 2505 5852 epist.
2546 5782 2667 5834 176.
