3940 6456
525 397 623 458 151

1527 397 1857 455 GOFFRIDI
1896 395 2181 456 ABBATlS
2235 398 2352 452 VIN
2361 393 2781 456 DOCINENSIS

3759 399 3876 452 132

516 533 638 593 Vos,
689 521 826 580 sicut
879 522 947 581 ad
1005 521 1334 599 spiritualem
1363 531 1570 598 patrem
1631 541 1785 581 suum
1832 524 2130 595 revertitur,
2158 524 2215 588 Α
2246 522 2553 595 exhibens;
2587 525 2810 583 vocibus
2847 537 2980 597 quas
3035 521 3092 581 in
3147 536 3212 583 eo
3259 517 3517 583 deformis
3569 522 3870 582 formabat

533 629 753 669 necesse
809 621 890 670 est
940 621 997 670 ut
1055 631 1259 688 magna
1338 613 1705 671 misericordia
1790 612 2126 688 suffragetur.

534 703 758 758 Multum
787 703 1002 774 quidem
1034 704 1313 776 peccavit;
1337 702 1480 774 quod
1502 703 1620 774 ejus
1647 704 1832 777 lingua
1859 705 1986 758 satis
2005 720 2131 758 con-

533 793 814 848 venienter
839 793 1089 864 loquitur.
1142 793 1295 850 Unde
1349 792 1393 847 si
1448 800 1639 850 vestrae
1694 794 1878 866 pietati
1933 793 2128 864 placet,

537 881 714 953 magis
733 881 929 954 dignus
957 882 1131 950 venia,
1163 898 1322 952 quam
1353 898 1474 937 cum
1500 899 1564 937 eo
1611 890 1666 937 et
1721 883 1824 952 ipsi
1887 882 2131 955 pestula-

541 985 662 1024 mus
687 987 800 1025 esse
831 971 1059 1026 videtur.
1094 971 1280 1026 Valeat
1309 971 1474 1043 igitur
1499 971 1644 1043 apud
1677 970 1971 1027 bonitatem
2030 987 2131 1027 ve-

538 1065 698 1112 stram
731 1058 889 1130 hujus
918 1059 1223 1131 ptenitentis
1252 1060 1470 1115 humilis
1496 1068 1548 1115 et
1575 1077 1722 1128 vera,
1756 1068 1812 1114 ut
1844 1059 2130 1127 credimus,

540 1147 825 1203 confessio.
862 1147 1048 1203 Valeat
1105 1149 1268 1203 etiam
1326 1157 1506 1203 nostra
1553 1165 1652 1218 pro
1710 1165 1775 1204 eo
1831 1149 2028 1203 devota
2083 1156 2136 1204 et

535 1235 846 1291 charitativa
883 1236 1224 1308 supplicatio.
1286 1237 1462 1309 Super
1518 1238 1704 1294 omnia
1758 1246 1935 1292 autem
1997 1239 2130 1304 haec,

536 1323 1138 1380 considereturavobis
1184 1325 1258 1398 pii
1310 1327 1478 1396 patris
1536 1327 1850 1382 revertentis
1906 1326 1998 1380 iilii
2045 1327 2135 1396 pia

535 1413 820 1483 susceptio,
845 1413 934 1483 qui
949 1412 1002 1468 in
1023 1414 1552 1487 longinquaregione
1575 1424 1781 1487 partem
1803 1415 2131 1482 substantiae,

535 1517 694 1574 quam
708 1503 1136 1573 acceperat,dissi
1143 1504 1292 1576 pavit
1309 1503 1581 1559 luxuriose
1601 1505 1831 1561 vivendo
1854 1506 1990 1574 (Luc
2013 1509 2131 1574 xv).

999 1641 1161 1712 163
1205 1641 1538 1697 EPISTOLA
1593 1642 1705 1696 vn.

540 1753 758 1811 Dilecto
779 1755 839 1810 in
873 1753 1100 1813 Christo
1132 1757 1297 1812 Patri
1322 1756 1621 1813 Guillelmo
1639 1755 1985 1812 honorabilis
2007 1755 2136 1810 vitae

609 1843 800 1899 abbati
820 1845 968 1915 (288,
994 1844 1288 1917 Cof/sidus
1338 1845 1758 1902 Vindocinensis
1800 1843 2135 1899 monasterii

613 1931 850 1990 humilis
877 1949 1088 2000 servus,
1120 1935 1592 2006 hospitalitatem,
1618 1951 1720 2008 per
1756 1951 1924 2008 quam
1961 1933 2138 1988 multi

609 2023 982 2093 placuerunt,
1011 2023 1351 2080 nullatenus
1381 2023 1659 2080 oblivisci.

615 2147 885 2218 Quoniam
910 2149 1120 2204 utilitati
1151 2150 1382 2222 proximi
1408 2158 1660 2220 tanquam
1711 2158 1905 2208 nostrae
1951 2152 2139 2223 provi-

551 2236 699 2305 dere,
733 2238 848 2310 ipsa
880 2239 1195 2312 evangelica
1223 2239 1584 2311 praeceptione
1640 2257 1941 2309 monemur,
1998 2241 2143 2312 quod

551 2326 742 2381 honori
775 2326 1014 2383 etbonte
1042 2327 1285 2399 Opinioni
1342 2328 1651 2384 monasterii
1703 2330 1868 2384 nostri
1923 2338 2138 2386 contra-

547 2414 685 2470 rium
717 2431 833 2470 esse
861 2415 1258 2488 cognoscimus,
1283 2415 1440 2472 vobis
1475 2417 1651 2472 celare
1707 2433 1805 2472 nec
1858 2434 2142 2487 possumus

549 2517 649 2558 nec
679 2502 958 2560 debemus.
991 2505 1124 2559 Cum
1156 2521 1328 2576 nuper
1355 2505 1701 2560 Santonicum
1741 2505 1958 2574 iremus,
2005 2507 2142 2562 sicut

549 2587 696 2660 prius
723 2589 880 2645 vobis
908 2604 1006 2643 nos
1066 2589 1193 2644 illuc
1248 2590 1413 2645 ituros
1467 2590 1793 2659 dixeramus,
1852 2592 2139 2648 metuenda

548 2685 770 2746 repente
792 2677 1006 2732 tonitrui
1037 2685 1090 2732 et
1118 2678 1501 2734 coruscationis
1521 2686 1810 2748 tempestas
1855 2681 2092 2736 exoritur
2123 2696 2138 2751 ;

543 2780 648 2834 qua
675 2767 1022 2821 vehementer
1052 2767 1236 2834 territi,
1285 2774 1339 2821 et
1392 2767 1912 2824 reverberationibus
1967 2787 2135 2842 gran-

543 2852 702 2924 dinis,
734 2860 788 2908 et
814 2854 1012 2925 pluvia:
1041 2855 1478 2911 inundationibus
1504 2873 1612 2912 non
1667 2857 2007 2914 mediocriter
2062 2859 2139 2914 fa-

543 2941 715 3013 tigati,
743 2943 810 2997 ad
839 2942 1202 2999 obedientiam
1233 2953 1463 2999 vestram
1493 2945 1562 3000 de
1591 2945 1720 3000 Pinu
1751 2949 1922 3016 (289),
1973 2964 2134 3018 quam

539 3029 756 3088 obviam
789 3031 1091 3100 habuimus,
1151 3033 1454 3104 hospitandi
1510 3035 1687 3106 gratia
1739 3035 2003 3092 divertere
2057 3036 2137 3091 di-

537 3134 706 3191 gnum
737 3119 1006 3174 duximus.
1043 3121 1144 3178 Ubi
1173 3121 1330 3178 valde
1359 3122 1641 3195 indignum
1689 3123 1996 3180 obedientia
2042 3141 2132 3180 re-

538 3208 774 3279 perimus
803 3211 1127 3265 monachum
1159 3211 1417 3266 Garinum
1448 3212 1722 3266 cellarium
1781 3213 1994 3281 domus,
2055 3215 2133 3269 in-
2162 3242 2213 3306 Ο

539 3298 830 3353 humanum
863 3299 1115 3354 videlicet
1162 3301 1435 3354 hominem
1490 3309 1545 3354 et
1598 3301 1836 3358 avaritize
1894 3320 2129 3358 servum.

535 3384 638 3454 Qui
670 3387 884 3456 quando
915 3387 1148 3459 primum
1179 3389 1409 3459 primum
1455 3389 1649 3444 domus
1705 3399 1914 3460 portam
1974 3392 2134 3448 intra-

537 3475 732 3545 vimus,
763 3476 1024 3547 grunnire
1051 3477 1234 3548 coepit,
1267 3484 1322 3532 et
1349 3493 1445 3531 nos
1469 3487 1619 3533 torvo
1651 3480 1820 3546 vultu,
1879 3488 1931 3535 et
1986 3481 2131 3536 obli-

539 3579 644 3632 quo
676 3565 952 3619 oculorum
983 3565 1186 3620 lumine
1209 3565 1516 3636 inspicere;
1570 3575 1754 3638 postea
1803 3585 1931 3624 vero
1986 3569 2130 3624 indi-

533 3652 814 3722 sciplinata
842 3654 1008 3709 verba
1054 3655 1297 3726 proferre
1351 3671 1459 3710 non
1517 3655 1737 3722 distulit,
1795 3657 1967 3712 Deum
2025 3676 2130 3714 non

528 3748 790 3810 metuens,
823 3743 1027 3797 nullam
1061 3743 1236 3811 nobis,
1282 3743 1484 3798 nullam
1545 3745 1720 3800 ordini
1775 3748 2130 3803 reverentiam

599 3917 750 3987 (288)
775 3919 1074 3976 Guillelmo
1101 3920 1307 3976 abbati.
1341 3921 1690 3988 Salmurensi,
1717 3923 1819 3976 hoc
1841 3929 1917 3976 est
1945 3921 2002 3978 S.
2019 3923 2133 3978 Flo-

531 3989 684 4062 rentii
716 3990 784 4045 ad
813 3991 1046 4062 Ligerim
1082 4005 1095 4059 ;
1129 3991 1265 4056 viro,
1299 4001 1355 4046 ut
1382 3993 1500 4062 ejus
1529 3993 1762 4048 etrnobii
1803 3994 2133 4048 monimenta

537 4060 1002 4134 tradunt,genere
1029 4079 1094 4134 ac
1124 4063 1392 4134 religiosis
1414 4060 1660 4118 moribus
1697 4063 1915 4134 insigni.
1950 4066 2134 4120 Frater

537 4132 682 4206 enim
717 4133 815 4206 fuit
845 4133 1090 4206 Dolensis
1127 4132 1422 4204 Toparchaa
1453 4148 1466 4202 ;
1499 4134 1589 4206 qui
1621 4135 1674 4188 in
1731 4132 1848 4204 ejus
1900 4137 2131 4206 gratiam

539 4201 739 4276 lautam
771 4204 828 4276 S_.
863 4205 1132 4276 Florentio
1178 4201 1238 4276 et
1289 4201 1640 4276 proventibus
1693 4201 1931 4275 opimam
1988 4207 2132 4276 apud

539 4273 735 4328 Dolum
766 4273 1128 4329 obedientiam
1159 4273 1353 4330 dicitur
1381 4275 1658 4342 obtulisse,
1715 4273 1929 4345 praefuit
1981 4273 2134 4333 annis

542 4345 631 4410 48,
665 4360 831 4412 usque
869 4345 936 4400 ad
967 4362 1243 4400 excessum
1274 4349 1384 4402 fere
1408 4348 1676 4402 Paschalis
1705 4349 1774 4401 II.

549 4483 560 4494 ο
611 4415 764 4494 ίξβθ)
787 4415 1178 4494 Qbedientiant
1196 4417 1264 4494 de
1281 4420 1448 4494 Pinu.
1472 4419 1532 4494 Id
1561 4427 1640 4494 est
1656 4419 1950 4494 prioratum
1973 4419 2134 4494 paulo

547 4486 770 4558 interius
793 4488 908 4558 Quo
919 4488 1204 4543 intrantis
1223 4491 1252 4541 ξ)
1275 4490 1440 4544 Prior
1453 4490 1628 4544 abest.
1655 4490 1936 4556 Ecclesias,
1952 4486 2132 4558 cellas,

545 4556 754 4631 altaria,
785 4556 906 4628 quae
935 4559 1278 4631 monasterio,
1311 4561 1397 4615 vel
1428 4561 1618 4630 majori
1669 4561 1902 4631 cuipiam
1945 4556 2134 4618 Eccle4

547 4627 642 4682 size
667 4606 904 4697 ι)θῖθῖιῖ
907 4629 1033 4698 quia
1061 4630 1178 4699 ejus
1207 4606 1332 4686 nutu
1349 4606 2140 4755 ve-t'iinkveriovregmiturtvej‘us
2168 4606 2220 4666 D

548 4699 648 4754 loci
681 4699 1015 4755 obedientias
1043 4700 1328 4755 vocabant.
1361 4702 1451 4755 Sic
1479 4703 1514 4755 li
1562 4743 1573 4754 .
1608 4717 1646 4755 ι.
1678 4703 1833 4755 enist.
1869 4708 1922 4755 9.
1953 4703 2047 4755 lib.
2079 4721 2138 4755 ιι.

548 4699 648 4773 loci
681 4699 1015 4773 obedientias
1043 4700 1328 4756 vocabant.
1361 4702 1451 4756 Sic
1479 4699 1573 4755 lib.
1608 4717 1646 4769 ι,
1678 4699 1833 4773 epist.
1869 4708 1922 4771 9,
1953 4699 2138 4768 libfn,

551 4770 719 4844 epist.
743 4777 808 4844 32
839 4779 892 4828 et
921 4772 1016 4826 lib.
1050 4787 1104 4838 γ,
1138 4773 1293 4840 epist.
1331 4778 1417 4827 38.
1453 4770 1730 4828 Fulbertus
1755 4773 1910 4844 epist.
1950 4777 1970 4829 1
2001 4776 2143 4830 :Alii

547 4843 676 4927 duo,
709 4843 1207 4929 l’ivi‘anusscilieet
1231 4848 1292 4929 et.
1320 4844 1640 4910 Durandus,
1673 4845 1833 4929 ambo
1850 4846 2142 4929 praepositi

543 4914 985 4987 simulantesad
1015 4915 1237 4970 obedien
1247 4915 1359 4970 tias
1379 4931 1510 4987 suas
1529 4931 1588 4970 se
1609 4916 1750 4972 velle
1770 4914 2015 4972 exireJn
2030 4918 2142 4987 epi-

545 4985 695 5038 stolis
725 4985 1034 5056 pontificum
1064 4987 1262 5054 passim
1289 4994 1347 5040 ut
1373 4985 1571 5042 Urbani
1602 4988 1649 5040 ll
1683 5002 1694 5038 :
1735 4988 1986 5044 Urbanus
2015 5005 2043 5042 e
2064 4985 2138 5042 Vi-

545 5071 742 5112 scapus
755 5057 1213 5112 arcltienisconis.
1227 5057 1517 5112 enisconis.
1532 5060 1594 5112 in
1607 5073 1842 5112 auorum
1860 5006 2138 5112 uaros-[iis

543 5071 742 5128 scapus
755 5057 1213 5129 archiepiscopis,
1227 5057 1517 5129 episcOpis,
1532 5060 1594 5112 in
1607 5073 1842 5129 quorum
1857 5057 2140 5128 parochiis

543 5129 831 5197 prioratus
851 5133 908 5185 et
923 5127 1539 5184 obedientiw’i‘cclesiw
1561 5127 1950 5184 Cluniacensi:
1978 5131 2138 5185 exis-

546 5201 698 5272 tunt.
734 5199 1710 5272 Ulgeriusepiscopusitndegavensis
1748 5199 1816 5272 ad
1851 5201 2136 5272 Sngerium

547 5267 883 5342 deelectione
898 5267 1115 5325 ltoberti
1127 5267 1339 5342 abbatis
1349 5267 1712 5342 Burguliensis
1727 5286 1737 5321 :
1754 5270 1900 5326 Sane
1917 5267 2140 5327 uenera-

545 5336 672 5412 bilis
690 5356 760 5412 ac
781 5342 1079 5412 religiosus
1100 5341 1349 5411 ejusdem
1369 5336 1924 5412 loci'conventusqui
1939 5342 2012 5398 ad
2027 5348 2137 5412 fes-

546 5411 669 5464 tum
683 5409 788 5465 loci
807 5409 967 5467 illius
987 5409 1158 5466 etiam
1174 5413 1240 5467 de
1254 5413 1650 5468 remotissimis
1669 5409 1999 5468 obedientiis
2012 5409 2137 5469 con-

546 5483 1266 5556 uenerantJestinaperunt
1282 5485 1487 5553 eligere
1503 5484 1608 5538 sibi
1620 5485 1682 5556 in
1702 5485 1932 5556 Putrem
1947 5488 2006 5540 et
2017 5501 2137 5556 pas-

546 5554 723 5607 torem
745 5567 922 5607 unum
948 5553 1012 5608 de
1025 5554 1324 5609 visceribus
1343 5555 1684 5610 monasterii
1705 5555 1814 5618 sui,
1836 5553 2134 5611 Roberlum

437 5635 455 5651 '
544 5622 729 5678 virum
749 5637 1039 5694 magnum.
1057 5624 1192 5678 llinc
1213 5631 1264 5679 et
1291 5624 1666 5679 obedientiarii
1705 5625 2133 5680 obedientiarum

542 5693 938 5762 praepositi,’ut
995 5696 1048 5748 in
1107 5694 1293 5748 litteris
1337 5697 1614 5752 Innocenti
1671 5696 1765 5749 II:
1814 5697 2034 5752 Priores
2076 5701 2132 5752 et

539 5763 936 5838 obedientiarii
982 5765 1458 5838 Cluniacensium
1537 5769 1810 5838 fratrum.
1869 5768 2132 5824 Caeterum

539 5831 593 5886 in
623 5850 766 5904 pago
799 5835 1132 5902 Pictaviensi,
1163 5843 1356 5905 prater
1383 5831 1844 5906 hunc'prioratum
1884 5838 1941 5894 S.
2001 5838 2131 5892 Flo-

527 5907 711 5975 rentii,
742 5921 776 5961 a
799 5907 932 5962 Pinu
960 5905 1124 5961 etiam
1153 5921 1352 5961 nomen
1379 5907 1915 5979 geritmonasterium
1937 5907 1994 5965 S.
2017 5909 2129 5964 Ma-

2242 614 2519 684 tenacitas,
2554 631 2652 670 nos
2681 612 3062 672 subsannando
3092 613 3340 671 dominos
3367 631 3586 684 vocans,
3639 613 3869 670 dieme-

2246 703 2431 759 niacns
2467 705 2628 774 169
2661 705 2956 759 monachus
2985 705 3072 760 ille
3102 704 3405 772 clamabat;
3436 703 3556 774 Quo
3583 703 3814 759 intratis
3837 704 3867 755 ἱ)

2243 793 2394 848 Prior
2418 793 2569 848 abest
2601 808 2614 861 ;
2645 792 2774 847 nihil
2837 793 3098 848 faciemus
3151 793 3348 862 vobis;
3407 810 3516 848 non
3574 791 3862 850 habemus

2244 880 2407 936 etiam
2436 883 2688 953 spatium,
2723 881 2775 935 in
2807 898 2914 952 quo
2943 881 3225 936 duodecim
3284 881 3407 951 equi
3464 882 3627 936 vestri
3687 884 3859 950 (290)

2243 970 2458 1024 valeant
2487 970 2757 1025 collocari.
2801 971 2866 1024 Et
2921 971 3069 1026 locus
3123 969 3454 1025 stabulorum
3511 969 3860 1025 sufﬁcienter

2243 1074 2436 1130 capere
2465 1066 2694 1128 poterat,
2727 1066 2778 1114 et
2808 1059 2984 1114 adhuc
3011 1066 3184 1129 potest
3236 1075 3403 1130 equos
3453 1059 3672 1130 viginti.
3735 1058 3858 1127 Qui

2244 1162 2365 1200 cum
2396 1148 2508 1202 haec
2537 1155 2589 1201 et
2617 1147 2721 1202 alia
2753 1147 2920 1202 multa
2948 1147 3256 1219 expulsoria
3287 1145 3454 1202 verba
3498 1147 3567 1202 ab
3624 1163 3691 1203 eo
3755 1146 3854 1200 diu

2243 1235 2592 1291 similitudine
2626 1245 2829 1290 tantum
2858 1237 3131 1305 patientiae
3179 1243 3659 1308 supportassemus,
3719 1236 3858 1290 licet

2244 1323 2298 1377 in
2336 1324 2497 1379 corde
2526 1332 2708 1380 nostro
2739 1325 2883 1379 aliud
2914 1333 3232 1392 versaretur,
3266 1325 3610 1396 impatientia:
3661 1334 3854 1379 tamen

2244 1413 2519 1468 flammam
2551 1415 2758 1468 ratione
2787 1415 3174 1486 supprimente,
3205 1414 3440 1468 diximus
3492 1415 3591 1469 sibi
3627 1433 3638 1468 :
3701 1415 3852 1470 Fra-

2244 1508 2342 1568 ter,
2377 1503 2485 1558 noli
2516 1503 2814 1558 contristari
2850 1517 2863 1570 ;
2897 1503 3048 1558 vides
3086 1504 3212 1573 quia
3249 1502 3431 1574 pluvia
3482 1520 3580 1559 nos
3634 1512 3802 1574 urget
3837 1519 3849 1571 ;

2239 1590 2355 1662 jam
2386 1591 2466 1646 sol
2496 1591 2719 1660 occidit;
2745 1593 3030 1648 necessitas
3051 1592 3306 1648 admonet
3326 1593 3578 1664 hospitari
3601 1607 3614 1662 ;
3641 1609 3849 1664 panem

2244 1687 2298 1734 et
2327 1679 2530 1748 vinum,
2565 1681 2765 1751 piscem
2805 1688 2858 1735 et
2915 1698 3128 1735 caseum
3185 1681 3461 1736 nobiscum
3517 1690 3802 1753 portamus
3836 1697 3849 1748 ',

2245 1784 2487 1822 ememus
2516 1769 2746 1824 libenter
2773 1777 2966 1825 caetera
2997 1786 3116 1840 quae
3146 1786 3252 1826 non
3283 1770 3560 1824 habemus.
3592 1771 3684 1826 Sic
3730 1778 3851 1824 tan-

2172 1884 2224 1944 B
2255 1855 2377 1912 dem
2407 1858 2572 1928 ca‘pit
2599 1859 2930 1913 atrocitatem
2979 1859 3155 1914 vultus
3209 1859 3464 1930 paulatim
3521 1859 3800 1930 deponere
3834 1875 3845 1926 ;

2253 1946 2643 2016 aliquantulum
2674 1947 2856 2003 levare
2884 1948 3190 2019 supercilia,
3222 1955 3273 2002 et
3302 1963 3435 2018 quos
3488 1949 3634 2017 prius
3689 1949 3846 2018 quasi

2248 2035 2456 2091 clausos
2514 2044 2753 2091 tenuerat
2806 2037 3008 2103 oculos,
3069 2045 3384 2104 monstrare,
3441 2035 3634 2091 deinde
3685 2038 3848 2092 nobis

2248 2123 2501 2197 dignatus
2531 2133 2611 2180 est
2641 2125 2786 2194 loqui
2821 2140 2834 2193 ;
2869 2123 3148 2180 nobiscum
3181 2125 3364 2193 etiam,
3395 2125 3488 2180 sed
3509 2126 3738 2179 multum
3761 2142 3846 2180 ro-

2248 2221 2405 2285 gatus
2439 2214 2609 2268 voluit
2628 2212 2794 2268 retici.
2829 2215 3028 2269 Panem
3061 2222 3113 2268 et
3133 2213 3338 2279 vinum,
3368 2230 3487 2284 quae
3514 2229 3611 2269 nos
3641 2214 3846 2269 habere

2249 2302 2471 2370 sciebat,
2505 2309 2556 2358 et
2586 2319 2706 2372 quae
2736 2302 2951 2373 longius
2981 2304 3121 2357 ferre
3150 2319 3315 2372 equos
3358 2302 3637 2374 gravabat,
3683 2303 3842 2358 nobis

2247 2391 2440 2446 obtulit
2473 2405 2485 2459 ;
2520 2392 2701 2446 fenum
2733 2399 2782 2446 et
2816 2407 3108 2461 annonam,
3161 2391 3356 2462 quibus
3405 2390 3734 2458 abundabat,
3794 2401 3844 2446 et

2247 2495 2346 2535 nos
2374 2495 2591 2552 prorsus
2622 2480 3019 2552 indigebamus,
3053 2480 3264 2551 penitus
3291 2480 3592 2552 denegavit.
3659 2481 3842 2536 Valete

2247 2576 2300 2622 et
2329 2568 2649 2640 discipulum
2684 2563 2918 2637 Satanae,
2961 2569 3050 2639 qui
3108 2569 3363 2624 charitate
3417 2569 3686 2624 conditum
3744 2586 3840 2624 or-

2247 2657 2426 2712 dinem
2456 2675 2553 2713 sua
2581 2657 2939 2714 amaritutine
2989 2657 3294 2726 insapidum
3350 2657 3540 2726 reddit,
3598 2674 3669 2713 ne
3711 2674 3838 2713 am-

2244 2747 2386 2817 plius
2414 2755 2621 2816 noceat,
2657 2745 2785 2802 loris
2812 2747 3122 2802 monasticae
3151 2747 3446 2803 severitatis
3473 2747 3708 2820 alligato.

2680 2884 2720 2953 1
2733 2884 2844 2954 7O
2887 2884 3221 2939 EPISTOLA
3253 2885 3391 2938 VIII.

2251 2999 2664 3056 Venerabilibus
2686 2999 2929 3055 dominis
2951 3003 3007 3055 et
3025 2999 3302 3070 fratribus
3322 2997 3616 3056 Cuillelmo
3639 3000 3834 3056 S.FIo-

2277 3088 2455 3144 rentii
2475 3088 2908 3157 abbati(29l),et
2934 3087 3219 3144 Bernardo
3239 3087 3424 3143 abbati
3443 3087 3834 3160 S.Sergii,Go/-

2277 3175 2468 3247 fridus
2490 3177 2910 3234 l’indocinensis
2940 3176 3277 3233 monasterii
3306 3192 3592 3233 servorum
3612 3193 3827 3234 servus.

2275 3264 2465 3321 Deum
2486 3270 2674 3338 etquae
2690 3267 2787 3322 Dei
2799 3276 2936 3322 sunt
2945 3269 3199 3339 perfecto
3211 3265 3372 3322 corde
3383 3265 3695 3337 diligere,et
3709 3283 3831 3338 qua?

2277 3359 2478 3410 contra
2499 3356 2664 3411 illum
2675 3356 2826 3424 ﬁunt
2851 3357 2912 3412 in
2933 3355 3146 3412 mundo
3168 3357 3418 3428 perfecto
3446 3355 3566 3412 odio
3605 3353 3825 3412 habere.

2315 3477 2370 3532 Si
2403 3493 2547 3533 verae
2576 3477 2850 3532 charitatis
2877 3477 3092 3534 vinculo
3123 3477 3176 3532 in
3209 3477 3434 3534 invicem
3495 3477 3695 3551 alligati
3747 3497 3829 3534 su-

2241 3583 2380 3632 mus,
2411 3566 2536 3620 etsi
2593 3566 2807 3622 fervore
2865 3567 3096 3638 Spiritus
3152 3567 3320 3622 sancti
3377 3567 3584 3622 accensi
3648 3577 3828 3623 contra

2243 3663 2537 3710 tortuosum
2569 3663 2622 3710 et
2649 3655 2937 3710 subdolum
2969 3655 3118 3710 illum
3152 3658 3323 3725 (292),
3356 3672 3514 3726 quem
3544 3657 3725 3724 nostis,
3766 3674 3828 3712 ne

2240 3745 2436 3800 anima:
2467 3752 2660 3800 nostra:
2712 3762 2834 3800 cum
2892 3745 3092 3816 populo
3147 3745 3245 3804 Dei
3300 3753 3536 3817 pereant,
3594 3762 3828 3818 pugnare

2238 3922 2332 3978 riae
2362 3921 2429 3975 de
2463 3922 2593 3978 Pinu
2622 3922 2824 3978 ordinis
2851 3922 3232 3978 Cisterciensis.

2311 3998 2460 4055 (290)
2491 3994 2789 4050 Duodecim
2837 3995 2964 4067 equi
3003 3994 3568 4067 vestri.__Numeroso__
3597 3995 3820 4064 equitatu

2239 4064 2490 4135 stipatum
2523 4067 2621 4120 iter
2650 4067 2826 4120 facere
2852 4064 3064 4120 solitum
3115 4064 3412 4120 Goﬁ‘ridum
3465 4065 3695 4120 indicant
3742 4083 3820 4130 ea,

2240 4152 2361 4205 quae
2391 4136 2575 4190 scribit
2601 4136 2676 4190 lib
2706 4153 2744 4202 ι,
2769 4137 2904 4206 epist
2933 4141 2985 4204 8,
3017 4136 3084 4190 ad
3118 4136 3446 4200 Paschalem,
3494 4144 3545 4191 et
3598 4135 3690 4189 lib.
3745 4153 3818 4202 ιιι,

2240 4208 2394 4276 epist.
2433 4210 2495 4261 16
2541 4208 2610 4261 ad
2639 4207 2984 4262 lldebertum.
3017 4207 3284 4262 Nimirum
3315 4207 3359 4260 is
3391 4207 3636 4261 Ecclesiae
3657 4208 3822 4276 splen-

2240 4277 2340 4332 dor
2366 4286 2419 4332 et
2448 4294 2579 4348 opes
2610 4287 2732 4333 tunc
2780 4287 2974 4344 erant;
3035 4293 3208 4347 neque
3256 4285 3433 4332 tamen
3483 4279 3816 4332 immodicum

2241 4349 2440 4404 dixeris
2468 4347 2522 4402 in
2551 4348 2812 4416 Goil'rido,
2845 4350 3056 4419 qualem
3085 4350 3140 4403 in
3195 4348 3300 4404 alio
3353 4347 3584 4418 quodam
3633 4349 3818 4404 abbate

2241 4420 2432 4500 merito
2461 4421 2770 4500 perstringit
2798 4422 2861 4500 ελ
2889 4421 3187 4500 Βθινιιιιιιςιιιε
3214 4421 3269 4500 in
3297 4420 3560 4500 Apologia
3584 4420 3651 4500 ad
3680 4421 3815 4500 Guil-

2242 4491 2462 4545 lelmum
2491 4491 2742 4546 abbatem
2777 4510 2790 4545 :
2825 4492 2976 4559 Quod
3004 4491 3178 4557 enim,
3211 4491 3399 4558 inquit,
3430 4496 3494 4545 ut
3522 4495 3719 4545 θέειον-α
3744 4496 3816 4545 ta—

2251 4577 2429 4626 ceam,
2451 4564 2734 4634 specimen
2759 4562 3107 4618 humilitatis
3125 4565 3363 4634 est,cum
3385 4565 3545 4634 tanta
3563 4577 3755 4633 pompa
3770 4567 3820 4617 et

2251 4635 2512 4705 equitatu
2542 4634 2821 4696 incedere.
2848 4637 3030 4689 tantis
3051 4633 3346 4705 hominum
3363 4633 3696 4705 crinitarum
3715 4635 3818 4705 sti-

2250 4701 2377 4829 pari
2407 4701 2703 4786 obsequiis,
2727 4709 3006 4787 quatenus
3032 4702 3529 4786 duobusepiscopis
3550 4703 3713 4786 unius
3733 4703 3819 4757 ab-

2283 4778 2395 4829 atts
2425 4775 2734 4829 multitudo
2759 4777 3057 4829 sufficzat?
3088 4775 3345 4829 Mentior.
3373 4790 3428 4829 si
3445 4790 3558 4829 non
3590 4774 3694 4829 mdt
3724 4776 3816 4828 ab-

2283 4776 2395 4830 atis
2425 4773 3057 4845 multitudo'sufﬁciat?
3088 4773 3345 4836 Mentior,
3373 4775 3558 4830 sinon
3590 4774 3694 4829 vidi
3724 4776 3816 4828 ab-

2251 4846 2436 4901 batem
2467 4848 2531 4918 40
2563 4851 2820 4918 equos,et
2847 4862 2908 4902 eo
2937 4847 3185 4918 amplius
3217 4847 3282 4900 in
3309 4861 3410 4900 suo
3436 4845 3632 4918 ducere
3650 4847 3814 4900 comi-

2253 4920 2400 4972 tatu.
2433 4915 2675 4983 Triginta
2703 4933 2868 4986 equos
2898 4916 2986 4970 uni
3017 4915 3268 4986 episcopo
3299 4915 3643 4982 concederet;
3698 4925 3813 4986 quot

2251 4989 2406 5058 pauci
2438 4987 2597 5042 hodie
2625 4988 2768 5042 alere
2799 4988 3002 5056 possint
3031 4987 3288 5056 episcOpi.

2322 5061 2412 5122 (Ξῖ)
2425 5062 2443 5111 1
2456 5069 2472 5125 ,)
2497 5059 2780 5114 Bernardo
2801 5055 2986 5114 abbati
3005 5055 3282 5126 SfSergii.
3306 5059 3364 5111 In
3385 5055 3636 5111 suburbio
3654 5056 3812 5110 Ande~

2248 5145 2404 5200 διῆγεν
2437 5129 2682 5184 civitatis.
2716 5131 3038 5184 Numeratur
3066 5129 3121 5182 in
3169 5127 3355 5200 litteris
3399 5128 3636 5200 Hugonis
3664 5127 3810 5200 legati

2247 5199 2385 5254 inter
2413 5200 2654 5266 abbates,
2684 5200 2772 5270 qui
2824 5200 3071 5254 Fulconis
3121 5199 3332 5253 comitis
3384 5198 3815 5270 abso1utioni‘ad-

2245 5271 2476 5336 fuerunt,
2509 5269 2806 5326 Bernartius
2833 5270 3003 5325 abbas
3031 5271 3130 5325 SS.
3164 5271 3336 5341 Sergii
3385 5278 3440 5324 et
3487 5269 3692 5334 Bacchi,
3744 5270 3809 5323 sic

2245 5342 2521 5420 enimlioc
2538 5342 2937 5420 ιιιοιιιιδιυιοιιιιιι¹
2986 5341 3252 5420 interdum
3293 5341 3565 5420 appellant
3593 5355 3605 5406 ;
3631 5341 3810 5420 hiat-er-

2243 5413 2371 5466 dum
2402 5414 2500 5467 SS.
2534 5414 2706 5484 Sergii
2741 5422 2792 5468 et
2821 5413 3078 5480 Medartli,
3113 5419 3168 5467 ut
3195 5412 3252 5484 in
3289 5411 3600 5484 diplomate
3624 5411 3812 5484 Childe—

2243 5483 2376 5538 berti
2409 5486 2484 5538 ΙΙΙ
2513 5487 2676 5553 regis,
2711 5484 2776 5538 ad
2808 5485 2960 5553 cujus
2988 5500 3147 5538 avum
3178 5483 3528 5538 Clodovzeum
3557 5483 3604 5536 ll
3657 5483 3803 5554 origi-

2245 5572 2366 5610 nem
2401 5573 2552 5610 suam
2583 5557 2818 5610 referunt
2848 5556 3094 5610 monachi
3129 5554 3184 5609 S.
3220 5553 3414 5624 Sergii.

2313 5632 2462 5684 (292)
2499 5628 2705 5682 Contra
2738 5630 3055 5682 tortuosum
3086 5629 3143 5679 et
3160 5625 3451 5680 subdolum
3477 5624 3663 5679 illum.
3693 5624 3807 5679 Bai-

2243 5698 2458 5752 naldum
2486 5699 2711 5752 electum
2735 5697 3360 5766 Andegavensem,cujus
3387 5695 3474 5750 hic
3499 5710 3693 5766 nomen
3713 5713 3808 5766 pm!

2240 5767 2610 5839 indignatione
2663 5765 2966 5839 supprimit,
3025 5767 3120 5822 sed
3175 5767 3418 5839 nominat
3465 5765 3687 5839 epistola
3716 5765 3804 5823 ise-

2238 5837 2440 5963 pgen’ti.
2489 5840 2572 5898 De
2625 5837 2784 5913 hujus
2842 5839 3100 5896 electione
3156 5837 3355 5895 dictum
3412 5845 3492 5894 est
3543 5837 3678 5911 epist
3725 5843 3802 5910 2t,

2259 5927 2274 5962 ι
2321 5950 2332 5963 .
2367 5926 2445 5963 III.

2259 5926 2332 5963 ιι).
2367 5926 2445 5965 Ill.
