3940 6464
238 400 338 457 1553
1404 434 1432 469 ει
1490 403 1871 463 EPISTOLE.
1908 434 1977 448 -
2004 406 2134 465 LIB.
2174 404 2264 465 IV.

3432 400 3536 464 15$

238 524 593 597 decrevimus,
626 525 867 600 ejusdem
899 520 1128 602 Spiritus
1164 527 1331 586 sancti
1380 526 1506 604 igne
1548 531 1724 605 magis
1769 546 1833 587 ac
1859 530 1914 596 Α
1943 532 2143 588 referre
2173 548 2278 588 non
2326 546 2609 605 possumus
2655 530 2749 589 sed
2792 530 2923 590 illud
2965 530 3188 590 ﬁrmiter
3233 529 3533 603 credamus,

238 616 415 690 magis
443 616 599 690 igniri
632 617 698 673 de
726 617 813 673 die
845 617 900 673 in
931 618 1075 674 diem
1123 616 1402 674 debemus.
1455 620 1667 675 Scimus
1709 621 1834 690 qui-

237 704 364 759 dem
394 706 648 776 quoniam
680 723 787 761 non
816 708 1069 762 omnibus
1098 708 1234 762 bene
1267 708 1641 764 inchoantibus
1685 718 1836 765 aeter-

238 810 322 848 nae
353 794 700 849 beatitudinis
727 797 1010 865 praemium
1043 797 1457 867 repromittitur;
1491 799 1581 853 sed
1606 799 1709 852 illis
1741 815 1835 853 so-

240 883 537 951 lummodo,
598 884 687 953 qui
735 886 1210 954 perscvenu'erint,
1262 887 1459 940 habere
1508 888 1833 941 conceditur.

239 969 434 1022 Parum
465 970 608 1023 enim
635 970 719 1023 vel
752 970 881 1023 nihil
913 971 1126 1040 penitus
1155 989 1269 1025 esse
1301 980 1645 1037 monstratur,
1698 972 1837 1026 bene

241 1066 443 1135 aliquid
474 1066 769 1133 inchoasse,
801 1068 946 1137 quod
978 1068 1348 1138 imperfectum
1380 1068 1685 1123 dimittitur.
1724 1070 1838 1123 Hoc

241 1156 401 1208 etiam
434 1156 575 1226 apud
606 1156 888 1211 saeculares
918 1174 1115 1228 magna
1147 1157 1409 1225 irrisione,
1443 1158 1664 1229 dignum
1698 1158 1837 1212 vicie-

244 1250 343 1309 tur,
377 1260 495 1297 cum
528 1244 720 1313 aliquis
749 1262 935 1299 eorum
968 1246 1260 1315 quidquam
1294 1246 1531 1317 iucmpit,
1574 1246 1717 1316 quod
1764 1246 1831 1300 ad

240 1330 402 1385 finem
434 1333 655 1387 minime
684 1333 945 1404 perducit.
983 1335 1038 1388 Si
1070 1335 1142 1389 ita
1172 1343 1268 1402 est,
1312 1335 1421 1388 imo
1472 1335 1598 1403 quia
1649 1334 1719 1389 ita
1761 1341 1841 1388 est

240 1421 297 1474 in
326 1422 542 1492 negotio
571 1424 769 1491 saeculi,
803 1423 969 1492 liquet
998 1424 1236 1495 profecto
1270 1424 1455 1492 quales
1484 1440 1598 1477 esse
1642 1423 1839 1478 debea-

241 1533 361 1571 mus
390 1519 444 1571 in
473 1519 689 1591 negotio
722 1521 837 1575 Dei.
870 1521 989 1574 Nan
1018 1520 1060 1573 si
1085 1520 1180 1587 illi,
1217 1520 1306 1589 qui
1350 1520 1610 1574 mundum
1659 1528 1714 1575 et
1776 1536 1841 1574 ea

241 1623 361 1675 qua:
391 1607 575 1661 mundi
607 1615 744 1677 sunt,
787 1608 1035 1680 diligunt,
1087 1608 1153 1662 de
1203 1624 1365 1679 opere
1413 1625 1507 1663 suo
1556 1608 1599 1661 si
1646 1609 1843 1679 imper-

240 1695 439 1751 fectum
487 1698 832 1768 relinquatur,
866 1698 943 1752 sic
1001 1697 1364 1752 erubescunt:
1425 1705 1622 1767 quanto
1668 1698 1843 1769 magis

239 1809 358 1861 nos,
393 1794 483 1863 qui
512 1795 703 1863 Deum,
737 1803 791 1849 et
820 1811 939 1865 qua:
969 1795 1066 1849 Dei
1096 1802 1235 1863 sunt,
1270 1803 1393 1849 ante
1424 1796 1608 1850 omnia
1647 1803 1699 1850 et
1746 1814 1839 1849 su-

1945 630 1998 678 et
2024 622 2293 679 credendo
2325 638 2642 687 asseramus,
2673 624 2797 694 quia
2826 623 3086 695 quidquid
3118 623 3242 680 fecit
3269 631 3325 679 et
3350 630 3535 696 pertu-

1945 718 2025 786 lit,
2061 727 2228 773 totum
2261 726 2453 773 nostrae
2484 719 2667 772 salutis
2696 719 3005 788 mysterium
3056 720 3172 775 fuit.
3224 720 3416 775 Factus
3460 728 3537 775 est

1944 817 2107 871 homo
2139 816 2203 869 de
2238 816 2454 886 Virgine
2484 824 2672 880 matre,
2705 833 2825 870 cum
2857 816 2999 871 Deus
3018 826 3190 885 esset;
3224 816 3536 889 opprobria,

1948 921 2235 985 irrisiones,
2278 921 2538 989 convicia,
2582 922 2968 990 tribulationes,
3036 923 3269 994 ﬂagella,
3328 939 3542 994 percus—

1945 1010 2142 1077 siones,
2203 1008 2497 1064 inﬁdelium
2544 1019 2702 1080 sputa
2774 1012 3065 1065 sustinuit:
3154 1013 3295 1067 cruci
3372 1012 3539 1068 clavis

1948 1106 2115 1177 adigi,
2175 1107 2342 1178 spinis
2397 1108 2663 1176 coronari,
2720 1108 2842 1162 felle
2891 1108 3079 1176 cibari,
3138 1117 3286 1164 aceto
3343 1109 3536 1179 poturi,

1948 1195 2134 1250 lancea
2164 1196 2431 1252 vulnerari
2462 1197 2632 1252 voluit
2664 1211 2677 1263 ;
2712 1204 2765 1251 et
2791 1205 3012 1267 gustans
3058 1206 3284 1252 mortem
3331 1197 3399 1252 ad
3447 1200 3540 1254 ho-

1949 1300 2063 1339 ram
2094 1292 2308 1339 azternte
2366 1286 2552 1339 mortis
2607 1285 2821 1340 vincula
2878 1286 3055 1343 solvit.
3107 1286 3268 1354 Quid,
3328 1286 3536 1354 fratres,

1950 1373 2094 1428 aliud
2118 1374 2229 1427 haec
2259 1373 2471 1444 agendo
2502 1390 2601 1427 nos
2638 1374 2837 1441 docuit,
2893 1374 2993 1427 nisi
3044 1375 3321 1429 ambulare
3376 1376 3491 1431 vias
3523 1390 3535 1443 ;

1950 1488 2082 1540 quas
2111 1472 2258 1541 prior
2286 1472 2399 1543 ipse
2428 1473 2725 1528 ambulavit
2755 1474 2782 1525 ‘?
2821 1471 3172 1528 Ambulemus
3208 1474 3372 1545 igitur
3425 1475 3540 1529 vias

1951 1568 2084 1638 ejus,
2110 1576 2162 1624 et
2188 1585 2476 1638 sequamur
2506 1586 2648 1638 eum,
2682 1570 2818 1624 sicut
2844 1570 3197 1640 frequendum
3226 1588 3282 1626 se
3311 1572 3492 1627 docuit
3521 1585 3535 1639 ;

1951 1688 2111 1740 quem
2141 1672 2228 1741 qui
2260 1672 2422 1728 modo
2451 1674 2601 1742 sequi
2650 1674 2896 1741 noluerit,
2938 1673 3088 1728 illum
3137 1675 3320 1745 procul
3373 1674 3538 1730 dubio

1950 1777 2215 1837 sequetur,
2250 1771 2403 1840 cujus
2449 1786 2612 1839 poena
2665 1769 2772 1825 fine
2826 1771 3047 1825 carebit;
3107 1771 3213 1826 Sed
3269 1772 3541 1842 quomodo

240 1898 339 1952 per
381 1883 563 1938 omnia
591 1883 815 1956 diligere
844 1883 1122 1952 debemus,
1171 1883 1483 1939 erubescere
1533 1901 1831 1955 possumus,

1952 1868 2124 1921 Deum
2163 1884 2226 1923 ac
2279 1868 2569 1922 Dominum
2627 1877 2865 1923 nostrum
2919 1868 3211 1939 sequimur,
3269 1869 3541 1940 quomodo

238 1971 283 2024 si
314 1971 432 2041 ejus
459 1987 611 2043 opus,
653 1972 795 2042 quod
850 1973 1188 2043 incoepimus,
1249 1972 1623 2043 imperfectum
1668 1973 1836 2028 relin-

242 2076 472 2130 quamus
499 2062 527 2113 ἱ)
566 2063 723 2131 1³71
759 2062 1121 2129 Dilectissimi,
1156 2062 1198 2115 si
1239 2078 1379 2117 nunc
1432 2062 1486 2115 in
1529 2062 1626 2117 Dei
1678 2079 1842 2132 opere

241 2162 427 2234 tepidi,
460 2163 544 2218 vel
577 2164 912 2236 negligentes
939 2164 1235 2232 existimus,
1269 2171 1323 2218 et
1368 2165 1521 2234 quasi
1565 2165 1664 2218 sub
1711 2182 1841 2236 spc-

243 2252 325 2306 cie
364 2250 719 2323 simplicitatis
765 2253 1086 2308 adversariis
1139 2253 1391 2308 Ecclesiae
1446 2270 1557 2309 sua:
1600 2255 1842 2310 resistere

243 2350 661 2419 dissimulamus,
693 2352 987 2408 verendum
1019 2351 1174 2406 nobis
1202 2359 1281 2405 est
1313 2369 1377 2405 ne
1425 2351 1481 2405 in
1528 2352 1617 2407 die
1657 2352 1841 2425 magni

243 2448 298 2493 et
324 2439 647 2495 formidandi
678 2441 833 2496 valde
859 2440 1049 2511 judicii
1078 2440 1228 2495 illum
1277 2440 1601 2496 contrarium
1648 2442 1842 2497 sentia-

245 2558 384 2610 mus,
442 2549 495 2597 et
545 2542 637 2598 illo
692 2542 998 2614 increpante
1054 2559 1445 2615 cognoscamus
1508 2560 1605 2599 nos
1684 2545 1843 2600 stulta

242 2640 583 2710 simplicitate
614 2642 776 2696 fuisse
804 2642 1075 2713 deceptos.
1108 2642 1257 2697 Tunc
1285 2642 1511 2696 forsitan
1561 2641 1618 2695 in
1664 2649 1844 2697 contu-

244 2738 464 2793 meliam
520 2747 774 2808 nostram,
835 2739 980 2810 quod
1043 2740 1200 2808 absit,
1276 2740 1558 2795 vulnerum
1623 2755 1840 2795 suorum

243 2827 518 2883 cicatrices
544 2828 856 2897 denudabit,
914 2826 1142 2883 dicens:
1203 2828 1250 2883 Ο
1308 2828 1445 2883 falsa
1498 2828 1839 2898 simplicitate

242 2916 475 2987 decepti,
508 2918 623 2971 haec
655 2934 752 2988 pro
781 2917 939 2972 vobis
967 2918 1080 2988 ipse
1113 2917 1303 2988 pertuli
1338 2924 1428 2984 ;ct
1455 2933 1618 2986 quam
1666 2916 1840 2971 vicem

242 3013 376 3067 mihi
406 3014 741 3084 rependistis,
800 3014 889 3083 qui
946 3030 1160 3084 semper
1215 3013 1467 3069 homines
1518 3012 1723 3068 laudari
1779 3029 1843 3067 ac

242 3116 488 3170 venerari
517 3116 831 3171 occultando
859 3115 1139 3172 veritatem
1199 3115 1610 3186 praesumpsistis
1639 3117 1666 3167 ἱ)
1714 3117 1842 3170 Haec

243 3214 447 3281 omnia,
478 3232 542 3268 ne
574 3222 758 3269 contra
781 3230 877 3268 nos
922 3213 977 3267 in
1021 3213 1227 3283 judicio
1264 3229 1361 3268 suo
1410 3212 1673 3266 Dominus
1720 3229 1841 3285 pro-

246 3315 402 3382 ferat,
434 3332 540 3371 non
570 3316 912 3371 mediocriter
936 3315 1227 3370 formidare
1266 3314 1545 3383 debemus,
1580 3332 1700 3384 quae
1725 3315 1840 3385 jam

246 3438 313 3475 ex
344 3430 493 3492 parte
520 3439 615 3492 per
642 3422 759 3491 ejus
788 3421 1057 3476 ministros
1100 3421 1413 3475 annuntiata
1460 3437 1575 3475 esse
1631 3436 1841 3492 cogno-

241 3520 436 3573 vimus.
472 3520 549 3573 Ex
585 3519 886 3575 testimonio
917 3519 1061 3574 enim
1111 3518 1402 3587 Scriptura:
1450 3517 1650 3571 divinae
1703 3517 1841 3570 didi-

241 3623 413 3676 cimus
440 3621 583 3692 quod
613 3622 655 3675 si
686 3629 905 3693 propter
932 3638 1216 3692 personam
1276 3619 1511 3675 hominis
1559 3620 1839 3676 veritatem

240 3722 542 3789 reticemus,
579 3722 771 3792 ipsum,
795 3719 884 3790 qui
907 3727 985 3774 est
1003 3718 1219 3786 veritas,
1238 3717 1505 3772 Christum
1538 3734 1827 3789 negamus.

241 3823 398 3893 Quod
419 3825 577 3878 etiam
611 3838 721 3894 prie
753 3821 919 3877 nimia
947 3820 1289 3892 simplicitate
1314 3819 1534 3889 quidam
1592 3819 1839 3874 damnari

241 3930 529 3989 merentur,
563 3922 617 3977 in
647 3922 913 3990 Propheta
968 3928 1149 3991 aperte
1200 3927 1541 3987 monstratur,
1590 3919 1680 3973 ubi
1742 3920 1842 3973 sic-

241 4029 299 4074 ut
322 4037 449 4076 oves
478 4021 533 4074 in
560 4019 769 4075 inferno
816 4018 974 4088 positi
1021 4024 1387 4072 memorantur
1415 4016 1613 4086 (Psal.,
1648 4032 1838 4083 xnvm,

246 4126 355 4192 15).
413 4124 555 4178 Oves
609 4123 705 4190 ibi,
761 4140 865 4176 non
913 4128 1131 4192 propter
1183 4136 1367 4176 veram
1445 4119 1826 4187 innocentiam,

242 4222 337 4275 sed
394 4229 612 4292 pr0pter
672 4220 1005 4274 inhonestam
1046 4216 1465 4287 simplicitatem,
1526 4233 1632 4285 qua
1687 4218 1843 4271 malis

244 4321 487 4376 resistere
544 4319 749 4385 nolunt,
805 4316 915 4387 vel]
945 4316 1205 4381 nesciunt,
1253 4314 1499 4369 homines
1554 4315 1837 4385 appellat;

246 4425 382 4479 quos
423 4409 538 4463 sine
595 4406 700 4462 ﬁne
755 4406 1016 4477 perituros
1249 4403 1544 4457 denuntiat.
1600 4404 1664 4457 Et
1720 4404 1841 4458 ideo

244 4499 445 4568 rejecto
474 4496 828 4569 simplicitatis
856 4494 1144 4560 velamine,
1176 4493 1359 4565 palam
1408 4493 1657 4562 loquatur
1704 4494 1843 4548 veri-

1949 1966 2064 2036 ejus
2089 1965 2203 2021 vias
2230 1966 2589 2034 ambulamus,
2622 1965 2865 2023 videntes
2895 1966 3354 2023 abominationem
3400 1976 3542 2023 stan-

1949 2062 2056 2110 tem
2086 2055 2141 2108 in
2170 2056 2288 2110 loco
2317 2061 2520 2123 sancto,
2553 2055 2596 2109 si
2627 2057 2900 2111 tacemus?
2931 2057 2992 2110 In
3023 2056 3139 2112 loco
3188 2064 3371 2113 sancto
3413 2056 3543 2113 abo-

1950 2144 2172 2199 minatio
2202 2151 2340 2200 stare
2369 2145 2595 2213 videtur,
2630 2161 2749 2199 cum
2803 2145 2857 2199 in
2911 2152 3093 2200 sancta
3130 2146 3369 2201 Ecclesia
3414 2147 3545 2202 abo-

1950 2241 2221 2296 minabilis
2251 2241 2493 2312 quisque,
2527 2242 2741 2297 nemine
2771 2242 3185 2312 contradicente,
3225 2245 3385 2313 173
3426 2244 3544 2299 aliis

1949 2342 2272 2398 dominatur.
2306 2343 2407 2412 Qui
2442 2346 2543 2399 hoc
2572 2343 2719 2400 videt
2752 2352 2804 2399 et
2834 2352 2989 2413 tacet,
3014 2345 3328 2403 maledictus
3359 2363 3392 2402 a
3436 2348 3544 2402 Do-

1950 2441 2097 2497 mino
2128 2457 2244 2496 esse
2272 2441 2603 2511 perhibetur,
2635 2442 2846 2497 dicente
2874 2444 3138 2514 prOphcta
3169 2463 3180 2498 :
3213 2444 3542 2501 Maledicta:

1949 2542 2045 2614 qui
2057 2540 2314 2613 prohibet
2326 2541 2580 2611 gladium
2597 2558 2765 2598 suum
2778 2560 2812 2598 a
2827 2542 3106 2612 sanguine
3118 2542 3253 2612 (Jer.
3269 2547 3455 2612 Lvm,i
3466 2545 3539 2613 0),

1949 2639 2004 2693 id
2033 2646 2111 2693 est
2132 2656 2320 2695 vocem
2351 2656 2503 2695 suam
2534 2657 2565 2694 a
2592 2639 2798 2709 peccati
2830 2639 3213 2708 increpatione.
3248 2641 3305 2697 Si
3329 2640 3405 2695 illi
3453 2642 3545 2711 qui

1951 2727 2193 2799 quolibet
2225 2728 2427 2783 malum
2468 2745 2575 2784 non
2624 2729 2918 2799 increpant,
2951 2727 3200 2784 maledici
3238 2746 3270 2785 a
3312 2729 3544 2786 Domino

1951 2825 2239 2883 merentur,
2282 2825 2481 2888 quanto
2534 2818 2842 2890 graviorem
2889 2817 3325 2875 maledictionem
3373 2820 3545 2874 incur-

1952 2921 2090 2980 runt,
2124 2912 2213 2983 qui
2242 2912 2701 2968 abominationcm
2732 2912 2955 2967 tacendo
3012 2920 3383 2983 augmentant,
3446 2929 3545 2983 per

1952 3032 2112 3085 quam
2144 3014 2256 3069 sine
2286 3015 2451 3069 dubio
2478 3016 2658 3084 plures
2704 3016 2973 3070 foedantur
3000 3018 3028 3070 ‘?
3067 3017 3536 3072 Abominationem

1952 3104 2151 3175 quippe
2172 3105 2299 3158 satis
2326 3111 2656 3175 augmentat,
2691 3104 2800 3173 qui,
2853 3104 2908 3158 in
2955 3113 3211 3175 quantum
3267 3106 3541 3175 praevalet,

1954 3210 2073 3247 eam
2102 3209 2207 3247 non
2239 3199 2499 3262 amputat.
2534 3193 2722 3247 Ortum
2772 3199 2851 3246 est
2903 3201 3047 3249 certe
3101 3193 3362 3249 moderno
3420 3200 3544 3249 tem-

1952 3307 2081 3361 pore
2110 3307 2307 3345 novum
2338 3307 2510 3361 genus
2550 3289 2966 3345 abominationis
2999 3305 3012 3358 ;
3061 3291 3177 3361 jam
3227 3290 3415 3360 incipit
3459 3308 3541 3346 re-

1949 3410 2116 3466 gnare
2135 3392 2275 3446 ﬁlius
2294 3393 2644 3462 perditionis;
2678 3400 2731 3448 et
2760 3393 2903 3463 quod
2932 3393 3060 3448 olim
3092 3394 3241 3464 quasi
3261 3394 3317 3448 in
3336 3393 3542 3449 occulto

1952 3494 2203 3562 faciebat,
2236 3510 2375 3549 nunc
2405 3495 2585 3566 palam
2634 3502 2886 3566 operatur
2931 3495 3239 3565 mysterium
3294 3492 3543 3565 iniquita-

1951 3584 2035 3637 tis.
2068 3583 2240 3653 Quem
2273 3590 2458 3638 contra
2490 3584 2579 3654 pui
2609 3584 2851 3655 legitime
2870 3585 3170 3652 certaverit,
3211 3600 3336 3641 vero
3384 3599 3544 3639 coro-

1952 3672 2165 3727 nabitur
2197 3692 2207 3726 :
2242 3679 2296 3726 et
2316 3673 2463 3727 velut
2507 3673 2642 3727 alter
2684 3673 2903 3728 Henoch
2968 3673 3053 3728 vel
3110 3672 3257 3727 Elias
3304 3670 3540 3741 effectus,

1951 3762 2076 3816 licet
2104 3761 2414 3832 martyrium
2445 3761 2516 3815 ob
2547 3763 2649 3816 hoc
2680 3778 2787 3815 non
2824 3768 3199 3831 consequatur,
3253 3769 3543 3832 martyrum

1954 3858 2133 3905 tamen
2172 3850 2573 3905 immortalitate
2618 3848 3027 3921 gloriﬁcabitur.
3076 3851 3147 3905 Et
3192 3858 3255 3905 ut
3294 3850 3547 3908 adversus

1956 3940 2274 4011 praedictum
2330 3956 2563 4008 nequam
2620 3938 2867 3994 fortiores
2940 3939 3151 3993 animos
3220 3938 3535 4003 habeamus,

1948 4028 2077 4098 quid
2108 4030 2332 4098 Moyses,
2365 4046 2486 4082 cum
2518 4028 2799 4097 quosdam,
2835 4044 2899 4081 ne.
2940 4028 3142 4098 pOpulo
3200 4026 3363 4081 Isreal
3432 4044 3547 4097 pro-

1951 4116 2116 4170 olives
2144 4116 2211 4170 ad
2250 4117 2580 4187 peccandum
2641 4116 2961 4183 considerat,
3020 4116 3164 4170 dicat
3218 4114 3540 4170 audiamus:

1955 4214 2016 4269 Si
2031 4213 2159 4283 quis
2176 4218 2259 4269 est
2277 4213 2509 4279 domini,
2507 4214 2794 4284 jungatur
2805 4212 3188 4282 mihi,occidat
3201 4213 3288 4268 vir
3302 4214 3544 4284 fratrem

1950 4318 2005 4371 at
2025 4316 2271 4371 amicum
2295 4319 2349 4369 et
2362 4317 2691 4385 proximum
2708 4330 2877 4372 suum
2898 4316 3098 4385 (Exod.
3123 4332 3308 4385 χχχιι,
3333 4319 3539 4382 26,27).

1953 4405 2192 4458 Fratrem
2226 4404 2444 4474 quippe,
2479 4410 2532 4457 et
2560 4404 2814 4471 amicum,
2849 4412 2903 4459 et
2929 4405 3238 4474 proximum
3285 4422 3439 4459 suum
3472 4405 3544 4459 in-

1954 4500 2161 4568 terﬁcit,
2193 4501 2304 4570 qui,
2337 4517 2458 4555 cum
2488 4500 2759 4571 punienda
2788 4502 3009 4571 invenit,
3058 4518 3234 4572 neque
3280 4503 3357 4558 eis
3412 4518 3546 4571 ques

248 4602 430 4662 tatem,
461 4611 582 4649 cum
613 4595 879 4662 Propheta
907 4592 1179 4647 dicentes:
1220 4590 1348 4659 Qui:
1386 4594 1690 4659 consurget
1736 4606 1841 4645 no-
1872 4611 1923 4672 D
1954 4606 2051 4660 per
2079 4590 2457 4661 cognationem
2487 4589 2682 4660 diligit,
2716 4591 2903 4661 parcit.
2937 4591 2992 4645 Si
3016 4607 3145 4663 ergo
3176 4591 3266 4646 ille
3297 4591 3394 4645 Dei
3413 4591 3546 4644 dici-

241 4691 327 4744 bis
348 4690 612 4745 adversus
632 4689 1037 4758 malignantes,
1067 4690 1170 4742 aut
1201 4687 1323 4757 quis
1343 4687 1515 4741 stabit
1548 4687 1834 4743 nobiscum

240 4788 511 4843 adversus
531 4790 828 4858 operantes
859 4786 1223 4857 iniquitatem
1247 4787 1274 4838 ‘P
1306 4786 1457 4841 Ρειιι.
1516 4801 1670 4853 xcm,
1726 4789 1838 4856 16.)

242 4876 379 4930 Illud
407 4876 646 4946 Apostoli
671 4875 1076 4947 subjungentes.
1108 4874 1168 4928 Si
1190 4874 1340 4929 Deus
1372 4890 1472 4946 pro
1502 4875 1676 4939 nobis,
1717 4875 1841 4946 quis

238 4984 442 5035 contra
453 4995 553 5035 nos
568 4978 596 5031 φ
610 4979 974 5048 (Rom.vm,3i
988 4978 1026 5045 .)
1050 4977 1163 5030 Nos
1192 4977 1227 5043 1
1243 4979 1289 5044 7
1303 4978 1349 5043 2
1378 4975 1507 5030 tales
1524 4978 1841 5044 sumus,imo

240 5084 372 5137 tales
401 5098 517 5138 esse
544 5081 821 5146 debemus,
856 5080 949 5149 qui
986 5078 1172 5133 laudes
1210 5078 1489 5133 hominum
1539 5094 1646 5133 non
1698 5078 1837 5134 ali'e-

237 5180 460 5237 ctemus,
494 5187 667 5240 neque
697 5185 883 5225 eorum
928 5168 1346 5238 vituperationes
1393 5183 1835 5237 expavescemus,

237 5261 491 5330 quoniam
522 5260 610 5329 qui
642 5257 945 5328 hujusmodi
976 5264 1115 5323 sunt,
1142 5257 1299 5326 juxta
1336 5256 1662 5324 apostolum,
1713 5273 1832 5311 ser-

236 5349 289 5402 vi
321 5348 512 5402 Christi
542 5365 656 5401 esse
690 5363 797 5401 non
825 5353 1064 5415 possunt.
1099 5345 1252 5400 Umle
1283 5352 1334 5399 et
1366 5346 1631 5414 Propheta
1665 5363 1676 5399 :
1734 5345 1839 5412 Qui

237 5447 555 5503 hominibus
576 5448 830 5518 placent,
865 5445 1090 5517 con/usi
1109 5448 1249 5499 sunt
1297 5444 1474 5513 (Psal.
1527 5459 1619 5511 LII,
1666 5448 1741 5509 6).
1776 5445 1833 5499 Si

238 5538 373 5591 forte
401 5535 703 5605 quaerimus,
737 5534 865 5603 quid
896 5550 990 5605 pro
1020 5535 1134 5588 Deo
1180 5549 1361 5603 agere,
1424 5533 1509 5587 vel
1562 5548 1657 5602 pro
1716 5534 1834 5603 ejus

235 5625 452 5679 nomine
484 5623 593 5693 pati
622 5623 933 5689 debeamus,
968 5622 1096 5691 quid
1126 5621 1238 5693 ipse
1271 5622 1460 5693 egerit,
1507 5622 1702 5691 quidve
1742 5638 1839 5693 pro

236 5718 394 5777 nobis
423 5719 697 5791 pertulerit
736 5718 1153 5785 consideremus,
1186 5724 1237 5771 et
1281 5718 1357 5772 sic
1405 5718 1533 5788 quid
1598 5735 1694 5789 pro
1748 5720 1839 5774 illo

236 5834 421 5873 sumus
450 5816 615 5872 acturi
659 5815 870 5885 plenius
922 5831 1298 5888 agnoscamus.
1346 5815 1542 5871 Omnia
1598 5816 1836 5886 quidem,

238 5934 359 5991 qua:
388 5930 488 5988 pro
520 5914 675 5973 nobis
701 5913 962 5972 Dominus
996 5914 1051 5970 in
1100 5912 1301 5970 mundo
1348 5914 1478 5986 egit,
1527 5922 1580 5970 et
1623 5914 1841 5988 pertulit

1953 4686 2052 4745 tur,
2085 4678 2175 4748 qui
2204 4686 2389 4734 contra
2417 4678 2786 4748 delinquentes
2815 4681 2929 4735 zelo
2969 4680 3135 4734 divini
3169 4679 3367 4734 amoris
3397 4679 3546 4734 exci-

1953 4784 2109 4843 tatur,
2142 4778 2385 4845 profecto
2416 4794 2472 4831 se
2502 4777 2599 4833 Dei
2630 4794 2743 4832 esse
2772 4778 3022 4849 denegat,
3056 4778 3145 4848 qui
3197 4793 3382 4832 eorum
3430 4794 3547 4848 pra-

1953 4883 2048 4920 vas
2075 4865 2312 4920 actiones
2360 4867 2638 4936 increpare
2683 4875 2909 4921 recusat.
2961 4866 3097 4921 llinc
3153 4866 3329 4936 itaque
3388 4866 3544 4921 facile

1953 4963 2247 5018 advertitur
2274 4964 2402 5032 quid
2432 4964 2717 5019 ambitioso
2744 4965 2819 5019 illi
2849 4982 2880 5020 a
2909 4965 3099 5020 Christi
3148 4962 3396 5019 ﬁdelibus
3443 4964 3545 5018 de-

1950 5052 2158 5119 beatur,
2192 5052 2343 5122 cujus
2382 5068 2579 5107 nomen
2628 5070 2738 5124 pra:
2792 5055 2954 5123 174
3002 5053 3370 5126 indignatione
3422 5069 3547 5123 sup-

1950 5158 2261 5228 pressimus.
2285 5158 2423 5213 Nam
2456 5175 2560 5228 quo
2594 5161 2811 5230 proprio
2840 5160 3058 5216 nomine
3087 5160 3284 5231 dignus
3340 5158 3547 5214 habea-

1953 5264 2035 5310 tur
2063 5273 2279 5326 prorsus
2337 5258 2620 5312 nescimus.
2682 5260 2837 5313 Illum
2895 5260 3077 5328 utique
3134 5260 3269 5313 ultra
3324 5258 3544 5314 modum

1952 5355 2277 5409 malitiosum
2310 5373 2445 5425 esse,
2476 5375 2505 5411 a
2534 5373 2703 5426 puero
2729 5358 2875 5411 fama
2922 5358 3185 5413 referente
3241 5357 3543 5421 didicimus,

1950 5452 2002 5498 et
2031 5461 2097 5497 ex
2130 5452 2276 5514 parte
2307 5462 2405 5514 per
2448 5462 2545 5501 nos
2582 5447 2950 5517 cognovimus.
3013 5448 3078 5501 Et
3118 5447 3244 5516 quia
3290 5448 3431 5501 hunc
3480 5448 3546 5502 ad

1950 5547 2300 5612 augmentum
2359 5542 2697 5611 iniquitatum
2765 5560 2981 5598 suarum
3051 5552 3237 5600 contra
3307 5550 3545 5597 sanctam

1953 5630 2248 5684 Ecclesium
2280 5638 2392 5685 arte
2433 5632 2669 5687 Simonis
2701 5633 2843 5705 Magi
2898 5633 2992 5687 niti
3049 5633 3374 5701 audivimus,
3418 5633 3545 5685 utile

1948 5728 2108 5783 valde
2146 5736 2243 5795 est,
2305 5728 2414 5783 imo
2470 5729 2859 5795 necessarium,
2919 5738 3180 5800 quatenus
3237 5729 3546 5785 auctoritate

1950 5817 2187 5873 Simonis
2218 5819 2355 5873 Petri
2386 5819 2435 5873 ei
2467 5819 2520 5872 in
2567 5818 2762 5873 faciem
2816 5820 3146 5875 resistamus.
3210 5820 3304 5875 Cui
3362 5819 3407 5873 si
3450 5834 3548 5886 pro

1950 5916 2111 5974 officii
2138 5917 2259 5974 loco
2281 5919 2627 5975 vehementer
2653 5932 2762 5974 non
2809 5918 3157 5976 restiterimus
3189 5933 3203 5987 ;
3264 5932 3386 5976 cum
3431 5914 3546 5987 ipse
