3940 6402
509 345 611 403 155

1515 355 1848 414 GOF'FBIDI
1887 357 2176 418 ABBATIS
2216 361 2788 422 VINDOCINENSIS.

3709 371 3820 429 156

507 472 728 569 Simone
761 473 1062 569 llago,_qui
1096 476 1197 536 hoc
1227 495 1404 554 genus
1432 481 1729 556 iniquitatis
1757 483 1972 555 primus
2017 486 2102 542 in-
2132 489 2186 550 A
2215 489 2338 544 Non
2368 491 2512 548 enim
2543 491 2799 550 diabolus
2830 498 2978 550 tanta
3006 492 3204 566 poterit
3227 493 3442 552 auferre
3473 502 3678 569 quanta
3709 514 3819 556 vo-

507 561 674 629 venit,
709 579 808 620 nos
842 567 1125 624 habituros
1154 572 1482 640 portionem,
1512 573 1655 645 quod
1687 573 1840 629 Deus
1868 575 2103 641 abnuat,

505 651 814 708 nullatenus
845 656 1312 715 dubitemus.Nam
1335 661 1462 732 quid
1483 663 1679 733 podest
1709 663 1872 719 nobis
1905 679 2060 720 orare
2080 665 2108 719 ?

508 741 639 812 quid
669 743 894 813 prodest
923 747 1214 818 aliquando
1241 750 1497 821 jejunare
1527 752 1555 805 7
1597 751 1728 824 quid
1761 753 1925 807 etiam
1957 770 2097 825 pau-

507 845 667 900 peres
699 848 951 891 recreare
980 838 1009 892 ?
1041 837 1125 892 vel
1171 840 1426 910 quaelibet
1475 841 1584 896 alia
1632 841 1890 897 bonitatis
1943 859 2106 913 opera

509 935 790 989 exercere,
825 925 869 978 si
903 927 1268 984 Simoniacam
1304 931 1558 986 haeresim
1590 947 1622 987 a
1661 931 1858 988 finibus
1905 935 2108 989 nostris

507 1007 918 1067 dissimulamus
948 1017 1216 1085 repellere
1249 1019 1276 1072 ?
1305 1020 1527 1087 Quaz,ut
1559 1021 1931 1093 B.Gregorius
1951 1023 2107 1095 dicit,

506 1105 629 1153 ante
657 1115 848 1155 omnes
878 1103 1018 1158 alias
1047 1105 1102 1159 in
1131 1117 1321 1164 sancta
1352 1110 1602 1165 Ecclesia
1644 1111 1869 1166 subdola
1917 1111 2107 1167 fraude

506 1184 744 1257 irrepsit,
778 1198 830 1246 et
861 1193 1020 1262 quasi
1051 1194 1225 1266 prima
1256 1206 1310 1252 et
1339 1198 1577 1254 maxima
1631 1199 1897 1256 Ecclesiae
1945 1201 2108 1256 casti-

506 1281 671 1331 tatem
704 1278 846 1334 fteda
876 1282 1100 1338 nimium
1133 1285 1431 1355 pollutione
1455 1289 1827 1344 contaminare
1849 1306 2109 1360 praesum-

506 1366 630 1434 psit.
667 1368 839 1438 Igitur
867 1371 921 1424 in
957 1371 1152 1439 Deum,
1185 1383 1238 1430 et
1269 1385 1491 1447 propter
1521 1377 1692 1432 Deum
1729 1395 1986 1450 rogamus
2011 1396 2108 1434 vos

507 1461 561 1508 et
588 1456 948 1526 obtestamur,
984 1462 1034 1516 si
1064 1463 1264 1519 habere
1294 1475 1505 1535 partem
1556 1466 1610 1520 in
1659 1467 1880 1523 Christo
1924 1467 2106 1537 vultis,

505 1559 608 1598 una
642 1546 928 1604 nobiscum
959 1565 1316 1610 summonere
1360 1553 1637 1621 laboretis,
1689 1564 1747 1610 ut
1795 1565 1903 1611 tam
1962 1572 2110 1613 saeva

506 1633 697 1702 pestis,
729 1653 851 1707 quae
881 1653 976 1708 per
1004 1656 1150 1710 saepe
1182 1634 1385 1698 dictum
1407 1643 1676 1700 haeretica:
1697 1645 1978 1715 pravitatis
1999 1645 2106 1699 mi-

508 1720 734 1777 nistrum
766 1725 820 1780 in
866 1727 1113 1796 partibus
1167 1731 1366 1786 nostris
1423 1732 1696 1789 diabolica
1752 1734 2109 1805 suggestione

507 1811 748 1879 emersit,
785 1831 893 1870 non
927 1817 1145 1888 quidem
1168 1819 1354 1890 gladio
1379 1819 1524 1886 ferri,
1552 1823 1648 1876 sed
1669 1821 1855 1894 gladio
1877 1823 2107 1894 Spiritus

507 1904 679 1956 sancti
707 1903 924 1973 penitus
954 1913 1320 1978 computetur,
1357 1926 1425 1965 ne
1458 1910 1614 1966 nobis
1659 1912 1967 1967 tacentibus
2017 1912 2105 1967 in-

507 1989 767 2059 Spiritutn
796 2003 1043 2049 sanctum
1074 2006 1351 2066 peccetur,
1382 1999 1524 2068 quod
1560 2016 1735 2072 neque
1767 2002 1876 2070 hic,
1929 2017 2106 2072 neque

506 2077 562 2132 in
595 2079 774 2137 futuro
805 2083 1006 2140 saeculo
1036 2085 1337 2142 remittetur
1365 2089 1590 2158 (Matth.
1646 2105 1744 2156 xu,
1791 2090 1904 2158 32).
1945 2093 2104 2161 175

509 2177 696 2234 Valete
727 2179 780 2234 in
813 2181 1044 2238 Domino
1074 2200 1294 2257 semper
1325 2205 1339 2251 ;
1374 2186 1568 2242 iterum
1599 2187 1722 2242 dico
1758 2203 1771 2242 :
1798 2189 2007 2244 Valete.
2039 2189 2108 2243 Et

509 2275 797 2324 contumax
828 2269 938 2338 ille,
969 2271 1038 2326 de
1071 2291 1178 2344 quo
1209 2275 1413 2346 agitur,
1444 2277 1646 2330 sentiat
1691 2293 1793 2332 nos
1843 2277 1945 2332 Dei
2006 2277 2112 2333 vir-

511 2364 619 2411 tute
650 2357 773 2428 plus
805 2374 966 2431 posse
997 2378 1153 2433 quam
1185 2363 1358 2434 possit
1387 2363 1504 2435 ipse
1538 2364 1780 2421 Simonis
1814 2365 1958 2438 Magi
2002 2366 2107 2420 im-

512 2459 601 2516 pia
631 2455 775 2503 arte.

1073 2610 1412 2668 EPISTOLA
1453 2615 1550 2667 IX.

517 2748 818 2808 Guilteimo
847 2754 1028 2808 sancti
1057 2754 1333 2809 Florentii
1356 2755 1564 2812 abbati.
1597 2759 1653 2811 et
1682 2755 1982 2811 Guiltelmo
2012 2774 2108 2812 ar-

583 2839 913 2898 chidiacono
935 2843 1081 2911 (293)
1099 2843 1253 2910 ﬁdeli
1273 2861 1390 2908 suo,
1413 2844 1703 2915 Gof/ridus
1733 2845 2106 2901 Vindocinen-

583 2929 662 2984 sis
693 2932 1024 2987 monasterii
1055 2933 1322 3004 indignus
1354 2950 1569 3004 servus,
1605 2951 1874 3006 prospera
1909 2935 2110 2990 mundi

581 3018 884 3090 despicere,
918 3023 973 3076 et
995 3022 1159 3076 nulla
1190 3025 1310 3092 eius
1340 3023 1575 3080 adversa
1605 3024 1936 3095 formidare.

581 3161 862 3236 Rogamus
891 3180 1008 3230 vos,
1042 3173 1092 3219 et
1125 3181 1222 3236 per
1252 3166 1557 3232 veritatem,
1584 3181 1704 3238 quae
1725 3166 1976 3222 Christus
2003 3174 2103 3232 est,

2217 577 2299 633 bis
2330 590 2520 651 potens
2545 593 2625 638 est
2653 584 2798 638 Deus
2829 592 3154 640 restaurare.
3179 583 3325 642 Nihil
3353 593 3533 642 tamen
3563 603 3661 659 pro
3708 589 3820 646 hac

2215 686 2383 728 causa
2413 671 2690 740 amittatis,
2721 673 2868 729 etde
2893 690 3053 728 manu
3109 673 3214 730 Dei
3267 675 3582 732 mercedem
3648 679 3815 748 176

2213 759 2512 830 recipietis,
2542 761 2588 816 si
2619 777 2719 834 pro
2765 763 2885 832 ejus
2933 763 3049 819 'fide
3103 771 3157 820 et
3213 764 3433 820 nomine
3491 774 3818 823 constanter

2216 847 2467 920 egeritis.

2776 968 3114 1025 EPISTOLA
3154 971 3228 1028 X.

2219 1079 2506 1152 Go/‘fridus
2538 1084 2957 1142 l'indocinensis
2986 1087 3317 1145 monasterii
3339 1088 3572 1144 humilis
3592 1106 3812 1155 servus,

2289 1170 2493 1228 dilecto
2541 1175 2603 1229 in
2659 1175 2879 1231 Christo
2909 1177 3072 1232 Patri
3111 1177 3511 1234 Arehembaldo
3551 1179 3702 1249 (295)
3739 1181 3806 1234 S.

2288 1260 2489 1316 Albini
2511 1263 2718 1327 abbati,
2745 1268 2958 1335 fratres
2980 1264 3089 1321 sibi
3111 1268 3433 1324 commissos
3453 1267 3710 1340 diligere,
3751 1273 3812 1323 et

2287 1365 2482 1406 eorum
2508 1352 2644 1408 vitia
2667 1353 2789 1409 odio
2811 1354 3037 1410 habere.

2288 1465 2365 1520 Ex
2392 1467 2698 1524 testimonio
2725 1468 2920 1525 divinae
2950 1472 3278 1528 auctoritatis
3329 1471 3621 1528 didicimus
3667 1488 3815 1544 quo-

2217 1553 2366 1609 niam
2396 1555 2465 1610 de
2495 1556 2740 1627 profectu
2771 1560 3028 1629 proximi,
3061 1561 3197 1616 sicut
3221 1561 3290 1617 de
3319 1570 3528 1628 nostro,
3549 1562 3818 1618 debemus

2217 1644 2500 1716 gratulari,
2533 1654 2587 1700 et
2615 1646 2683 1700 de
2715 1649 2833 1716 ejus
2867 1648 3109 1717 defectu,
3142 1657 3398 1723 tanquam
3449 1651 3518 1707 de
3564 1651 3814 1722 preprio,

2216 1732 2483 1788 tribulari.
2519 1736 2674 1792 Unde
2705 1737 2773 1792 de
2803 1738 3038 1810 quodam
3065 1739 3230 1796 fratre
3277 1748 3480 1806 vestro,
3538 1740 3817 1796 .loscelino

2220 1821 2456 1891 nomine,
2495 1825 2844 1882 vehementer
2869 1827 3192 1884 tribulamur
3223 1849 3237 1896 ;
3270 1829 3322 1884 in
3353 1845 3461 1900 quo
3492 1846 3599 1885 non
3630 1829 3816 1884 solum

2216 1909 2400 1966 lzesam
2433 1929 2555 1968 esse
2586 1915 2906 1970 charitatem
2937 1917 3318 1990 cognovimus,
3349 1919 3447 1974 sed
3479 1917 3813 1973 defunctam.

2217 1999 2275 2053 In
2307 2000 2502 2056 dleUS
2532 2002 2670 2068 istis,
2705 2021 2830 2059 cum
2860 2007 3188 2062 monasterii
3237 2009 3440 2062 nostris
3487 2007 3815 2064 necessitate

2217 2099 2468 2160 cogente,
2489 2091 2638 2160 juxta
2671 2093 2970 2150 Maironem
3013 2099 3182 2166 (296),
3232 2096 3324 2151 ubi
3373 2097 3634 2152 obediens
3683 2096 3810 2161 sibi,

2217 2187 2269 2233 et
2299 2195 2406 2235 non
2437 2181 2554 2236 Deo
2585 2181 2673 2236 ille
2703 2193 3088 2250 commoratur,
3135 2185 3417 2240 transitum
3466 2185 3811 2249 fecissemus,

2217 2263 2464 2318 misimus
2493 2266 2563 2320 ad
2583 2283 2724 2333 eum,
2759 2280 2815 2322 ut
2845 2268 2901 2322 in
2929 2269 3154 2324 domum
3177 2271 3242 2324 Β.
3277 2270 3464 2325 Albini
3492 2279 3545 2326 et
3577 2277 3811 2325 vestram

2217 2369 2317 2409 nos
2347 2354 2594 2424 hospites
2639 2356 2961 2428 susciperet,
3011 2359 3390 2430 deprecantes.
3441 2360 3636 2426 Verba,
3688 2375 3811 2430 quae

2217 2441 2322 2506 bis,
2358 2442 2694 2514 quianobis
2740 2447 2893 2502 missi
2945 2445 3184 2513 fuerant,
3237 2448 3606 2520 responderit,
3666 2447 3813 2502 mala

2219 2531 2442 2602 quidem
2474 2541 2526 2587 et
2554 2534 2778 2590 omnino
2805 2535 3194 2607 indisciplinita
3227 2537 3441 2592 fuerunt
3473 2556 3485 2600 ;
3527 2537 3624 2591 sed
3671 2534 3817 2591 facta

2219 2621 2350 2676 satis
2383 2623 2589 2691 pejora.
2623 2622 2817 2678 Omnia
2847 2642 2968 2696 quae
2999 2626 3088 2681 ille
3118 2642 3418 2682 conversus
3471 2641 3699 2680 aversus
3757 2625 3817 2678 in

2217 2726 2318 2766 nos
2350 2711 2660 2781 protulerit,
2695 2713 2850 2768 vobis
2881 2715 3119 2770 scribere
3167 2715 3458 2781 noluimus,
3515 2714 3642 2787 quia
3689 2713 3819 2768 lon-

2217 2815 2349 2872 gum
2377 2808 2543 2865 esset,
2577 2809 2630 2856 et
2659 2801 2713 2856 in
2759 2803 2907 2858 nullo
2951 2805 3232 2859 veritatem
3288 2803 3484 2860 laedere
3537 2802 3814 2867 volumus,

2218 2905 2338 2960 quae
2367 2889 2452 2944 vix
2483 2889 2538 2943 in
2568 2889 2908 2962 longiloquio
2939 2891 3110 2948 illaesa
3137 2901 3414 2948 servatur.
3454 2893 3592 2948 Illud
3623 2891 3816 2946 firmis-

2219 2977 2354 3034 sime
2386 2986 2636 3034 tenemur
2668 2980 2793 3050 quia
2821 2981 2954 3035 dixit
2982 2983 3129 3053 quod
3160 2981 3466 3037 nullatenus
3497 2999 3596 3036 nos
3626 2981 3812 3036 susci-

2217 3075 2371 3136 peret
2409 3084 2422 3129 ;
2453 3075 2505 3122 et
2536 3076 2728 3138 postea
2756 3084 2864 3124 non
2894 3070 3034 3125 bene
3061 3071 3289 3126 devotus
3328 3070 3644 3143 complevit.
3677 3072 3815 3126 Haec

2217 3164 2413 3211 vestrae
2442 3157 2720 3213 dilectioni
2751 3157 2820 3214 de
2863 3175 3025 3215 servo
3080 3159 3320 3215 avaritiae
3376 3160 3812 3224 conscribentes,

615 3216 646 3218 ν
809 3216 852 3217 η
1050 3216 1089 3219 __
1125 3216 1210 3236 τη
1590 3216 1701 3238 ηπ-
1734 3216 1973 3222 _-_--_._-
2008 3216 2103 3232 ---,
3802 3216 3811 3224 .

511 3216 864 3316 obtes‘t’amur,
898 3268 967 3307 ne
999 3253 1053 3306 in
1086 3268 1255 3308 causa
1287 3254 1404 3322 Dei,
1437 3269 1598 3327 quam
1643 3264 1835 3310 contra
1884 3255 2106 3310 Rainal-
2141 3216 2190 3280 Ο
2219 3259 2326 3299 ιιοη
2356 3253 2623 3312 nostram,
2663 3248 2822 3317 177
2860 3248 2955 3302 50d
2989 3247 3265 3304 Charilaus
3311 3248 3573 3317 iniuriam
3632 3247 3818 3303 νίιιάί·

510 3339 637 3394 dum
670 3340 965 3410 inspirante
996 3342 1198 3413 Spiritu
1229 3351 1417 3398 sancto
1466 3344 1864 3414 assumpsistis,
1927 3343 2109 3416 aliquo

510 3429 673 3484 modo
702 3428 988 3485 deficiatis.
1023 3430 1181 3500 Quod
1213 3431 1256 3484 si
1289 3431 1550 3498 feceritis,
1584 3433 1878 3499 Christum,
1905 3433 1997 3506 qui
2028 3441 2109 3488 est

511 3517 731 3585 veritas,
764 3518 926 3588 plane
957 3519 1300 3592 abnegastis,
1334 3527 1387 3574 et
1415 3520 1720 3576 Ecclesiam
1761 3538 1936 3586 suam,
1987 3538 2110 3593 quze

511 3605 734 3661 omnino
761 3614 913 3662 casta
943 3608 1109 3663 debet
1138 3624 1261 3664 esse
1291 3616 1342 3663 et
1371 3608 1560 3674 libera,
1585 3609 1963 3665 saecularitatis
1984 3627 2110 3666 con-

515 3693 772 3750 cubinam
803 3703 856 3750 et
883 3696 1140 3752 ancillam
1169 3713 1292 3753 cum
1350 3697 1594 3768 periculo
1646 3699 1952 3753 animarum
2012 3716 2109 3754 ve-

518 3789 753 3836 strarum
785 3785 1160 3840 constituistis.
1199 3787 1468 3841 Przeterea
1499 3785 1664 3840 etiam
1694 3787 1948 3842 omnibus
1971 3787 2110 3842 ami-

515 3871 595 3927 cis
625 3873 838 3940 vestris,
873 3875 1019 3945 quod
1050 3873 1272 3930 evenire
1304 3889 1414 3930 non
1459 3875 1762 3944 credimus,
1814 3877 2111 3932 mendaces

511 3958 636 4016 facti
666 3962 815 4029 estis,
848 3970 902 4018 et
931 3978 1118 4018 eorum
1181 3962 1474 4020 inimicitus
1529 3964 1722 4020 merito
1779 3965 2106 4020 incurristis.

510 4051 631 4104 Non
663 4059 745 4104 est
774 4051 934 4106 vobis
966 4051 1286 4116 timendum,
1319 4052 1453 4124 quia
1503 4053 1710 4109 multos
1766 4063 1890 4125 post
1937 4057 2108 4110 Deum

510 4138 682 4194 bonos
713 4140 992 4208 adjutores
1024 4139 1256 4196 habetis.
1294 4141 1441 4195 Inter
1499 4157 1636 4212 quos
1692 4159 1778 4197 me
1835 4151 1887 4196 et
1945 4144 2111 4198 abba-

507 4234 616 4282 tem
648 4228 797 4296 (θυι)
829 4228 884 4282 S.
920 4227 1102 4301 Sergii
1133 4229 1395 4284 veraciter
1427 4239 1677 4302 reputare
1718 4232 1968 4302 potestis,
2020 4235 2109 4304 qui

509 4313 796 4370 mallemus
836 4315 943 4371 vivi
999 4317 1292 4385 excoriari,
1349 4334 1511 4390 quam
1571 4320 1696 4376 huic
1751 4329 1915 4376 tantae
1973 4337 2112 4377 con-

508 4404 834 4460 sentiremus
864 4405 1274 4462 abominationi.
1337 4408 1569 4473 Valete;
1628 4416 1682 4464 et
1748 4411 2110 4465 substantiam

507 4493 866 4566 temporalem
898 4495 1205 4552 nullatenus
1253 4496 1323 4551 ob
1379 4498 1485 4553 hoc
1539 4498 1773 4552 timeatis
1833 4500 2103 4555 amittere.

577 4673 726 4751 (293)
759 4673 1064 4751 Guiltelrnp
1085 4678 1502 4751 archidiacono.
1541 4679 1956 4751 Audegavensis
1993 4679 2102 4751 Ecg

503 4743 703 4820 clesite,
735 4747 824 4817 qui
855 4763 978 4820 cum
1009 4749 1290 4820 Stephano
1319 4751 1530 4806 decano
1559 4743 1808 4806 Raiualdi
1851 4749 2101 4805 electioni

506 4817 782 4892 praecipue
809 4817 1182 4892 refragabatur
1215 4839 1227 4875 :
1262 4831 1488 4892 uterque
1515 4831 1705 4891 postea
1736 4821 1915 4876 eidem
1939 4821 2098 4876 amici

505 4904 570 4943 ex
594 4888 973 4961 infestissimis
1007 4890 1154 4955 facti,
1187 4909 1292 4961 quo
1325 4888 1542 4947 nomine
1573 4900 1844 4956 taxantur,
1879 4892 1931 4946 in
1976 4893 2097 4959 epi-

505 4959 638 5034 stola
672 4961 918 5034 Marbodi
944 4979 956 5015 :
981 4959 1290 5034 multiplex
1307 4967 1390 5017 est
1411 4963 1822 5030 Andeqauensis
1847 4963 2096 5026 malitia,

503 5033 716 5086 multos
746 5033 1054 5104 Stephanus
1080 5033 1490 5098 habrtmiultos
1532 5035 1856 5090 Witleltnos.

575 5104 725 5176 91.94)
757 5105 1396 5176 EtabbatemS.Sergii.
1449 5107 1806 5169 Bernardutn,
1867 5107 1936 5160 de
1993 5107 2096 5161 hac

503 5173 761 5246 abbatum
791 5184 979 5229 contra
1012 5173 1332 5230 Rainaldum
1374 5177 1798 5246 conspiratione,
1853 5178 2097 5232 Ildeber-

507 5250 587 5299 tus
617 5245 782 5312 epist.
826 5248 881 5299 tl
922 5246 987 5299 ad
1023 5246 1347 5302 Itainaldum
1377 5245 1556 5316 ipsum
1591 5250 1736 5302 :Pro
1759 5264 1820 5303 eo
1863 5251 2096 5317 religio-

505 5331 590 5390 sos
607 5318 848 5382 abbates,
874 5321 929 5373 et
945 5319 1153 5388 integri
1175 5320 1424 5374 nominis
1445 5333 1710 5390 personas
1731 5319 1926 5375 audivi
1946 5325 2098 5374 stare

505 5386 798 5461 adversum
819 5393 869 5442 te
891 5405 1019 5444 cum
1051 5386 1250 5461 quibus
1285 5386 1833 5461 tanto'perirutosius
1851 5395 1936 5445 est
1959 5409 2096 5446 can-

506 5456 683 5531 gredi,
714 5463 927 5528 quanto
951 5456 1145 5515 eurum
1163 5467 1321 5531 [ama
1353 5456 1646 5525 sincerior,
1678 5478 1846 5516 causa
1859 5463 2094 5530 justior,

505 5527 749 5599 dignitas
780 5532 986 5599 major.
1031 5527 1174 5586 Inter
1205 5534 1304 5587 hos
1333 5541 1447 5587 erat
1475 5541 1523 5586 et
1544 5532 1802 5586 [tenerius
1827 5527 2098 5587 B'onzeval-

508 5596 574 5649 lis
600 5598 773 5652 abbas
803 5596 962 5668 epist.
1000 5601 1093 5654 16.

576 5671 725 5745 (295)
756 5671 1154 5745 (trahetubaldo
1179 5673 1233 5728 S.
1263 5673 1664 5745 Albiniabbati.
1689 5674 1764 5728 De
1797 5691 1902 5745 quo
1932 5675 2025 5729 lib.
2057 5691 2094 5740 t,

507 5739 666 5803 epist.
701 5743 731 5795 6
762 5741 1088 5797 Chronicum
1120 5744 1181 5799 S.
1224 5743 1412 5797 Albini
1449 5763 1462 5797 :
1499 5748 1656 5801 Anno
1689 5739 1830 5799 1106
1847 5747 1981 5800 obiit
2015 5747 2100 5800 Gi-

507 5811 711 5886 rardus
728 5814 892 5886 abbas
912 5815 967 5870 S.
985 5815 1192 5878 Albini,
1219 5830 1249 5866 v
1269 5816 1392 5870 ldus
1412 5818 1648 5878 Ianuar,
1675 5817 1769 5886 qui
1796 5819 1911 5886 fuit
1933 5818 2097 5872 abbas

504 5883 675 5939 annis
706 5886 736 5938 9
765 5883 968 5940 Eodem
993 5901 1145 5942 (ιηηο
1185 5886 1481 5943 ordinatus
1528 5890 1611 5942 est
1653 5883 2090 5946 Archembatdus

2133 4576 2190 4638 D

2218 3333 2334 3390 cari
2363 3333 2741 3405 deposcimus.

2763 3462 3116 3518 EPISTULA
3157 3464 3230 3518 XI
3247 3503 3260 3517 .

2221 3576 2508 3648 Go/fridus
2545 3577 2962 3634 l’indocinensis
2979 3578 3313 3634 monasterii
3342 3580 3578 3634 humilis
3600 3595 3816 3646 servus,

2287 3666 2492 3723 dilecto
2521 3667 2582 3722 in
2602 3667 2820 3724 Christo
2839 3668 3118 3739 confratri
3135 3665 3533 3724 Archembatdo
3548 3669 3602 3724 S.
3624 3667 3817 3724 Albini

2290 3755 2497 3820 abbati,
2523 3760 2756 3827 peccata
2782 3757 3236 3827 delinquentium
3266 3771 3382 3811 non
3418 3755 3812 3822 dissimulare,

2290 3845 2384 3899 sed
2403 3863 2538 3902 mon:
2561 3849 2624 3900 ut
2653 3845 2791 3900 oriri
2821 3847 3090 3918 ca’perint
3121 3846 3397 3901 radicitus
3418 3849 3734 3918 amputare.

2292 3961 2370 4016 De
2402 3969 2582 4017 vestro
2611 3963 2888 4018 Joscelino
2918 3964 3066 4032 (297)
3087 3969 3487 4033 conquerentes
3510 3962 3664 4018 vobis
3684 3963 3812 4019 scri-

2217 4050 2450 4121 psimus,
2484 4059 2537 4106 et
2565 4059 2621 4106 ut
2650 4052 2718 4108 de
2746 4053 2838 4108 illo
2885 4051 3227 4107 manifestam
3268 4051 3530 4120 justitiam
3590 4052 3703 4107 Deo
3760 4060 3813 4107 et

2217 4139 2395 4194 ordini
2426 4145 2611 4197 vestro
2641 4140 2903 4207 feceritis,
2931 4141 3022 4196 diu
3053 4139 3498 4206 auscultavimus,
3531 4148 3585 4194 ct
3626 4141 3806 4196 adhuc

2219 4228 2592 4285 auscultamus
2621 4247 2637 4298 ;
2671 4239 2721 4285 et
2748 4229 2882 4286 nihil
2911 4245 2942 4286 a
2975 4230 3126 4285 vobis
3153 4237 3331 4285 actum
3364 4245 3526 4300 super
3561 4229 3664 4285 hoc
3711 4246 3806 4282 au~-

2217 4317 2338 4372 dire
2393 4320 2691 4389 potuimus.
2753 4319 2910 4376 Unde
2965 4319 3306 4374 manilestum
3365 4327 3445 4374 est
3517 4317 3643 4389 quia
3713 4329 3808 4373 au‘:

2216 4426 2376 4465 aures
2400 4418 2601 4465 nostrae
2630 4409 2816 4465 surdae
2842 4417 2985 4475 sunt,
3019 4416 3069 4464 et
3101 4409 3288 4464 audire
3318 4424 3426 4463 non
3449 4413 3696 4477 possunt,
3715 4423 3806 4461 au;

2217 4515 2410 4555 manus
2441 4507 2634 4554 vestrae
2662 4505 2970 4565 contractae,
3001 4505 3054 4552 et
3085 4497 3156 4552 ad
3184 4497 3491 4553 exercenda
3541 4497 3662 4564 jura
3691 4496 3807 4565 jus--

2209 4678 2394 4740 abbas,
2429 4693 2530 4732 VIII
2565 4678 2688 4733 ldus
2711 4677 2983 4732 Februar.

2279 4750 2429 4830 (
2458 4751 2633 4830 Juxta
2668 4749 2990 4830 tllaironetu.
3022 4746 3428 4830 "vetustissima
3486 4746 3803 4830 monasteri.

2210 4820 2266 4876 S.
2299 4816 2480 4874 Albini
2511 4820 2792 4890 possessio
2821 4821 2986 4873 curtis
3020 4817 3278 4890 Maironis
3325 4818 3376 4890 in
3430 4834 3570 4890 pago
3627 4816 3802 4872 Picta--

2207 4891 2400 4970 viensi,
2431 4889 2555 4947 cum
2588 4893 2705 4958 ejus
2736 4899 2942 4970 partem
2974 4906 3016 4970 ξ.
3036 4889 3786 4970 primisttndegatrorumco-

2207 4962 2426 5016 mitibus
2454 4957 2792 5032 usurpatam,
2823 4976 2856 5016 a
2885 4957 3133 5016 Goll'rido
3164 4957 3536 5032 grisatnnica,
3564 4957 3786 5032 Widont

2207 5033 2369 5087 fratre
2403 5030 2651 5103 ejusdem
2685 5033 2924 5088 coenobii
2954 5032 3176 5094 abbate,
3215 5031 3516 5085 restitutam
3568 5030 3786 5103 antiqua

2209 5105 2405 5159 tabula:
2436 5101 2718 5167 testentur,
2747 5104 3059 5175 Andegavis
3089 5104 3226 5158 «latae
3257 5117 3400 5156 anno
3421 5101 3648 5175 Domini
3675 5105 3774 5175 966

2207 5176 2447 5230 Lotharii
2479 5175 2624 5245 regis
2654 5191 2753 5230 xv.
2788 5170 3046 5228 MaiFonis
3077 5174 3248 5245 etiam,
3269 5172 3480 5229 castelli
3509 5170 3566 5225 ﬁt
3605 5171 3784 5245 mentit

2207 5247 2258 5301 in
2293 5242 2556 5302 chronica
2583 5248 2644 5302 S.
2683 5245 2882 5312 Albini,
2915 5245 3001 5298 ubi
3033 5245 3102 5299 de
3148 5243 3290 5298 bello
3320 5244 3434 5313 agit
3463 5244 3601 5298 inter
3632 5242 3784 5296 Ludo-

2208 5318 2384 5373 vicum
2419 5319 2531 5381 VII.
2568 5333 2758 5388 regem
2786 5325 2836 5372 et
2866 5317 3122 5372 comitem
3153 5315 3456 5388 Gotfritlum
3497 5331 3590 5388 an.
3633 5314 3784 5388 tibi,

2212 5385 2668 5467 Illonasteriotutu
2696 5389 3034 5467 destruitur.
3067 5388 3345 5467 illaironus
3364 5385 3781 5467 ρνίρίἱηίζιξρςιῃ

2211 5461 2318 5514 tati
2339 5462 2691 5516 restituitur.
2728 5463 2844 5514 Item
2865 5463 2921 5516 et
2952 5476 3134 5514 comes
3165 5459 3565 5528 paciﬁcantur.
3594 5457 3782 5526 Go/‘l'ri-

2208 5532 2311 5586 dus
2343 5547 2536 5586 comes
2566 5532 2717 5585 obiit.

2278 5603 2426 5670 (297)
2473 5605 2543 5658 De
2585 5607 2763 5658 vestro
2813 5603 3116 5657 Joseelina.
3184 5599 3424 5668 Epistola
3477 5598 3779 5667 praecedant

2207 5673 2546 5750 Joscelipum
2590 5681 2643 5729 et
2699 5672 3052 5750 Gosceﬂlinum
3111 5672 3417 5750 promis_euc
3473 5671 3778 5750 scribebant

2207 5751 2264 5798 ut
2321 5742 2606 5799 Jolfridum
2663 5751 2717 5801 et
2775 5742 3122 5810 Goﬂ'ridum,’
3174 5742 3327 5814 quod
3398 5748 3520 5797 ante
3589 5742 3801 5796 monui“

2207 5831 2356 5870 mus.
