3940 6396
204 375 313 435 157

1485 374 1863 433 EPISTOLJS.
1904 406 1971 418 α-
1998 374 2124 432 LIB.
2157 372 2250 429 IV.

3412 372 3515 432 158

199 502 337 561 ιὶιίεε
371 502 683 560 nullatenus
730 517 827 560 eas
857 502 1080 575 potestis
1130 498 1369 575 aperire.
1408 502 1515 560 Sed
1578 519 1680 561 nos
1708 504 1807 561 Dei
1836 505 1891 567 Α
1920 513 1974 562 et
2002 509 2249 565 veritatis
2279 506 2543 583 sigillum.
2582 504 2677 563 Ille
2735 504 2923 579 utique
2950 502 3019 563 de
3048 501 3173 561 loco
3210 508 3415 569 nostro,
3458 501 3511 558 in

203 593 389 667 gratia
417 610 580 649 aures
610 609 718 649 non
749 593 1015 649 habemus
1048 592 1272 648 surdas.
1311 591 1512 648 Cavete
1533 592 1724 666 igitur,
1744 610 1813 649 ne

200 699 400 738 manus
432 683 679 737 habeatis
705 690 1033 738 contractas.
1089 681 1246 751 Quod
1276 681 1321 735 si
1354 681 1487 736 forte
1521 690 1813 739 contractae

208 771 297 825 vel
329 772 498 827 aridae
530 788 674 827 nunc
698 788 870 843 usque
928 770 1167 836 fuerunt,
1200 786 1310 825 non
1362 771 1470 839 jam
1500 771 1678 837 olivze,
1714 771 1812 826 sed

204 859 332 915 oleo
379 859 612 929 justitiae
672 868 967 929 uagantur,
1025 868 1079 913 ut
1110 867 1387 924 sanentur,
1423 867 1475 913 (ι
1532 859 1597 913 ad
1633 860 1810 930 repri-

203 948 462 1003 mendum
552 948 883 1003 .loscelinum
934 946 1191 1019 pestifera
1249 947 1493 1002 inflatum
1551 948 1812 1017 superbia

207 1037 379 1093 cilius
411 1037 751 1107 aperiantur.
810 1037 876 1091 Et
938 1036 1192 1108 quoniam
1247 1052 1342 1091 cor
1372 1038 1487 1104 ejus
1547 1036 1811 1106 rep'elum

206 1125 463 1180 novimus
529 1126 837 1197 iniquitate,
871 1132 923 1179 et
967 1133 1202 1181 vestrum
1260 1124 1535 1181 credimus
1591 1126 1810 1196 plenum

213 1214 498 1279 charitatc,
560 1222 675 1269 toto
705 1213 1011 1270 dilectionis
1041 1213 1235 1268 affectu
1295 1230 1389 1269 vos
1421 1230 1701 1285 rogamus,
1759 1221 1815 1268 ut

216 1304 358 1357 adeo
390 1302 578 1373 vigeat
610 1311 796 1358 contra
827 1303 978 1357 illum
1012 1311 1187 1357 vestra
1224 1302 1473 1374 aequitas,
1497 1319 1561 1356 ne
1576 1303 1813 1372 amplius

209 1399 403 1447 sancto
453 1391 631 1445 ordini
688 1391 832 1446 illius
882 1390 1152 1446 dominari
1210 1392 1380 1461 possit
1426 1391 1694 1462 iniquitas.
1757 1392 1811 1446 Si

212 1498 348 1534 vero
384 1479 613 1535 bonitati
647 1486 849 1535 vestrae
877 1478 1243 1553 suggesserit,
1269 1479 1390 1551 quia
1422 1495 1643 1535 causam
1676 1494 1813 1535 cou—
1840 1521 1866 1540 ,

213 1576 296 1624 tra
331 1586 429 1623 vos
489 1570 640 1639 (998)
661 1569 945 1634 habemus,
1000 1568 1166 1624 nolite
1225 1568 1328 1622 sibi
1366 1571 1526 1638 178
1586 1584 1815 1640 parcere

222 1664 449 1729 propter
476 1658 596 1723 hoc,
627 1658 723 1712 sed
756 1666 955 1729 quanta
988 1658 1095 1711 sint
1124 1657 1333 1713 viscera
1373 1657 1647 1713 eharitatis
1677 1673 1814 1713 con-

216 1747 478 1802 siderate.
514 1746 759 1801 Charitas
814 1747 980 1813 enim,
1016 1746 1156 1801 sicut
1186 1746 1325 1801 bene
1379 1746 1571 1816 nostis,
1609 1747 1814 1801 solum—

212 1836 383 1890 modo
440 1835 677 1891 amicum
736 1851 847 1890 non
875 1835 1071 1906 diligit,
1132 1852 1319 1891 verum
1350 1835 1509 1891 etiam
1553 1835 1810 1891 esurienti

214 1932 271 1979 et
301 1924 506 1978 sitienti
538 1924 760 1979 inimico
810 1925 992 1981 cibum
1021 1931 1075 1980 et
1104 1932 1290 1995 potum
1311 1924 1514 1996 pariter
1567 1940 1691 1981 eum
1721 1923 1809 1979 bi-

219 2012 440 2068 laritate
472 2013 679 2067 tribuit.
710 2014 825 2069 Nos
853 2020 1035 2069 tamen
1056 2013 1258 2068 inimici
1277 2013 1445 2069 vestri
1474 2026 1584 2070 non
1604 2028 1812 2069 sumus.

215 2101 316 2157 sed
352 2102 533 2157 omnia
566 2117 692 2173 quae
723 2102 778 2155 in
808 2102 963 2157 vobis
992 2103 1140 2157 Deus
1187 2102 1382 2173 diligit,
1417 2109 1471 2158 et
1497 2118 1599 2158 nos
1627 2101 1815 2174 diligi-

212 2207 359 2254 mus,
393 2198 446 2246 et
490 2190 646 2246 vobis
684 2198 737 2245 et
769 2190 992 2255 vestris,
1019 2192 1065 2245 si
1094 2189 1294 2262 placet,
1338 2206 1604 2261 germana
1649 2191 1817 2247 chari-

215 2286 328 2334 tate
362 2278 574 2333 servire
627 2279 905 2334 volumus.
969 2280 1110 2334 Nam
1149 2279 1409 2351 quidquid
1464 2280 1532 2335 de
1578 2279 1815 2352 querelis

221 2368 449 2433 nostris,
487 2385 606 2439 quae
636 2367 954 2438 concipiunt
1004 2368 1249 2424 laborem
1279 2376 1330 2423 et
1358 2369 1603 2425 dolorem
1626 2376 1813 2439 partu-

221 2456 387 2523 riunt,
443 2456 728 2525 faciamus,
784 2456 1129 2523 charitatem,
1188 2457 1333 2529 quod
1394 2466 1477 2513 est
1524 2457 1811 2513 vinculum

217 2544 600 2617 perfectionis,
636 2561 771 2617 erga
808 2562 907 2602 vos
962 2561 1179 2617 semper
1214 2546 1506 2619 integram,
1565 2548 1681 2602 Deo
1708 2548 1815 2604 Do-

214 2642 406 2699 nante,
467 2633 827 2689 servabimus.
888 2635 1017 2691 Haec
1048 2643 1151 2704 est,
1211 2634 1456 2706 inquam,
1492 2635 1587 2691 illa
1644 2635 1807 2701 bona,

217 2722 329 2777 imo
359 2722 561 2793 Optima
590 2721 780 2790 virtus,
816 2722 934 2778 sine
953 2737 1062 2795 qua
1091 2722 1297 2779 habere
1328 2733 1557 2780 caeteras
1584 2725 1813 2780 virtutes

210 2818 297 2867 est
329 2810 666 2880 damnabile,
688 2811 756 2867 ‘et
782 2827 909 2868 cum
940 2827 1049 2883 qua
1064 2828 1173 2867 non
1190 2811 1393 2867 habere
1414 2829 1525 2881 eas,
1570 2812 1806 2869 veniale.

208 2899 419 2965 Valete,
447 2900 664 2971 etquid.
684 2900 753 2955 de
774 2901 880 2966 his,
910 2916 1030 2972 qua!
1058 2901 1215 2957 vobis
1259 2901 1599 2973 scripsimus,
1631 2901 1809 2959 factu-

208 3005 304 3043 rus
335 2988 471 3055 sitis,
500 2988 664 3045 nobie
694 2989 1002 3045 rescribite.

744 3148 1083 3204 EPISTOLA
1144 3150 1269 3204 XII.

214 3299 417 3351 l-‘rater
457 3296 736 3368 Golfridus
768 3296 1060 3351 Hameiino
1095 3297 1282 3352 abbati
1319 3296 1466 3367 (299)
1500 3298 1559 3354 S.
1600 3297 1808 3356 Albini.

282 3386 522 3454 diligere
553 3384 696 3457 quod
755 3387 898 3441 Deus
930 3384 1142 3457 diligit,
1180 3390 1239 3441 et
1269 3387 1390 3443 odio
1423 3386 1625 3441 habere
1664 3386 1808 3458 quod

284 3474 425 3528 odit.

217 3607 283 3662 Et
322 3606 603 3663 formicam
645 3607 945 3679 plaustrum
979 3607 1194 3663 trabere
1251 3608 1495 3674 dedecet,
1532 3616 1585 3664 et
1629 3608 1813 3664 docto-

221 3713 340 3750 rem
375 3697 635 3752 Ecclesia:
690 3712 853 3751 manu
887 3704 1067 3752 tenere
1089 3697 1454 3763 mendacium,
1479 3697 1574 3752 sed
1599 3705 1812 3767 oportet

220 3785 371 3839 illum
406 3785 687 3841 veritatem
733 3802 956 3857 semper
1009 3786 1311 3855 attendere,
1342 3802 1452 3841 non
1500 3786 1813 3840 relationem

217 3875 538 3929 verborum.
577 3874 634 3929 Si
655 3874 940 3931 Albericus
963 3891 1022 3929 se
1042 3875 1200 3929 nobis
1222 3875 1582 3929 condonatum
1610 3875 1811 3930 diffite-

218 3971 326 4027 tur,
361 3970 414 4017 et
447 3962 490 4017 si
527 3964 799 4035 Pagamus
829 3961 971 4021 filius
996 3964 1274 4031 ejus(300l
1296 3963 1610 4020 inEcclesia
1626 3971 1813 4019 nostra

215 4052 319 4106 sub
355 4050 512 4107 titulo
541 4052 861 4107 monasterii
911 4052 1080 4107 vestri
1132 4069 1191 4107 se
1249 4051 1448 4108 factum
1490 4054 1811 4109 monachum

215 4140 521 4210 profitetur,
597 4146 764 4213 negat
819 4150 1044 4212 uterque
1116 4142 1423 4206 veritatem,
1482 4142 1611 4196 dum
1672 4142 1811 4197 falso

210 4228 477 4298 loquitur.
517 4231 670 4299 179
699 4229 858 4299 Quod
895 4231 1137 4297 Paganus
1170 4229 1324 4286 vobis
1346 4230 1615 4302 suggerit,
1653 4231 1808 4286 etiam

212 4330 257 4383 si
290 4348 475 4385 verum
508 4340 671 4399 esset,
708 4331 847 4386 sicut
898 4332 1165 4389 veraciter
1198 4330 1398 4387 falsum
1451 4332 1807 4403 dignoscitur,

212 4418 413 4473 discuti
470 4427 648 4474 tamen
708 4419 860 4489 prius
916 4420 1213 4486 debuisset,
1273 4428 1562 4491 antequam
1635 4420 1807 4488 illum,

212 4507 637 4563 reclamantibus
688 4508 971 4564 monachis
1031 4508 1247 4576 nostris,
1294 4509 1584 4579 prudentia
1636 4516 1811 4563 vestra

1925 613 2033 668 quo
2094 600 2392 656 monachus
2462 603 2651 654 noster
2713 596 2884 653 factus
2941 594 3131 661 fuerat,
3191 592 3418 666 aufugit,
3462 599 3515 648 et

1924 685 2063 741 stola
2114 689 2373 744 secunda:
2390 684 2821 759 regenerationis
2836 685 3029 754 rejeeta
3051 683 3261 739 occulte
3275 682 3510 753 fugiens,

1922 774 2217 830 claustrum
2272 778 2331 831 B.
2380 775 2675 831 Clementis
2724 777 2872 844 (301)
2921 772 3162 844 infregit.
3198 771 3352 827 Unde
3405 786 3511 827 non

1923 863 2098 918 solum
2130 865 2391 938 fugitivus
2448 863 2785 937 agnoscitur,
2813 878 3000 915 verum
3034 861 3191 917 etiam
3244 875 3372 915 vera
3392 877 3515 930 pro-

1921 953 2191 1022 positione
2222 954 2525 1024 sacrilegus
2557 969 2677 1007 esse
2718 951 3001 1022 probatur.
3035 950 3088 1002 Si
3110 950 3178 1003 de
3235 949 3327 1003 illo
3356 948 3513 1003 nobis

1923 1039 2126 1096 offertis
2152 1042 2435 1109 justitiam,
2470 1041 2615 1112 quod
2643 1041 2851 1110 justum
2882 1047 2958 1093 est
2988 1037 3166 1103 facite,
3199 1052 3300 1091 nos
3330 1037 3399 1091 de
3420 1036 3515 1092 illo

1922 1128 2072 1199 prius
2110 1130 2381 1185 investite.
2438 1131 2577 1185 Nam
2634 1147 2733 1183 vos
2768 1127 3020 1198 ignorare
3077 1142 3186 1181 non
3244 1126 3516 1181 credimus

1923 1219 2065 1289 quod
2099 1236 2199 1274 nec
2245 1220 2310 1273 ad
2356 1218 2893 1289 comprovincialem,
2945 1232 3046 1271 nec
3077 1215 3143 1269 ad
3198 1214 3510 1285 generalem

1923 1307 2209 1377 synodum,
2242 1308 2409 1363 multo
2439 1309 2622 1361 minus
2667 1307 2834 1379 igitur
2865 1307 2931 1359 ad
2958 1303 3249 1376 quamlibet
3290 1319 3513 1358 causam

1924 1396 2110 1452 vocari
2142 1397 2304 1452 debet
2361 1396 2726 1467 exspoliatus.
2769 1396 3039 1449 Praeterea
3097 1392 3375 1457 noveritis,
3409 1408 3513 1448 nec

1921 1502 2097 1558 genus
2119 1502 2261 1541 verae
2291 1485 2574 1558 religionis
2603 1502 2745 1549 esse,
2775 1500 2877 1539 nec
2927 1483 3142 1554 signum
3188 1498 3339 1552 purm
3369 1481 3510 1536 dile—

1922 1584 2139 1653 ctionis,
2169 1600 2270 1654 pro
2305 1583 2519 1656 Pagani
2551 1581 2906 1637 familiaritate
2950 1580 3304 1651 Philippicam
3336 1585 3512 1633 retra-

1924 1682 2073 1728 ctare
2094 1673 2150 1727 in
2182 1673 2437 1738 amicum,
2475 1689 2575 1727 nec
2608 1687 2707 1742 pro
2736 1671 2849 1737 illo,
2882 1671 2925 1724 si
2946 1666 3515 1740 vestrazmagnitudini

1921 1761 2238 1832 placuisset,
2320 1760 2616 1825 contentio,
2674 1776 2794 1831 qua:
2879 1759 3018 1814 inter
3118 1757 3510 1812 monasterium

1923 1860 2165 1906 nostrum
2227 1858 2279 1907 et
2300 1858 2543 1907 vestrum
2573 1866 2696 1907 esse
2754 1848 2979 1915 solebat,
3026 1855 3080 1903 et
3108 1863 3228 1919 quae
3257 1862 3395 1918 pene
3426 1846 3513 1901 vel

1923 1940 2137 2013 penitus
2165 1956 2263 2012 pro
2293 1940 2586 1996 dilectione
2616 1948 2802 1995 vestra
2832 1937 3002 1994 fuerat
3045 1936 3330 2002 exstincta,
3361 1933 3511 1990 redi-

1923 2029 2042 2084 viva
2069 2028 2189 2084 fieri
2219 2029 2530 2091 debuisset.
2555 2030 2669 2085 Nos
2703 2043 2836 2083 vero
2866 2026 3012 2099 quod
3027 2032 3221 2082 contra
3240 2026 3512 2097 Paganum

1922 2112 2171 2180 fecimus,
2208 2115 2385 2171 adhuc
2435 2113 2664 2171 facimus
2696 2131 2711 2177 ;
2743 2127 2847 2169 nec
2875 2118 3173 2167 extractum
3219 2109 3289 2165 de
3319 2109 3515 2179 vagina

1923 2203 2207 2260 canonica:
2235 2202 2636 2273 justitiae180
2681 2201 2942 2275 gladium,
2999 2199 3104 2254 nisi
3173 2197 3514 2270 praecedente

1922 2304 2311 2370 satisfactione,
2362 2305 2433 2360 ab
2486 2304 2579 2360 illo
2610 2304 2971 2360 retrabemus.
3054 2299 3213 2370 Quod
3269 2298 3315 2354 si
3362 2298 3514 2370 prius

1922 2394 2082 2449 aliter
2113 2401 2299 2450 actum
2330 2393 2606 2467 intelligit,
2661 2409 2764 2448 nos
2793 2401 2975 2447 tamen
2997 2390 3144 2459 juste
3188 2396 3237 2445 et
3264 2387 3511 2443 rationa-

1921 2483 2099 2538 biliter
2120 2482 2330 2540 factum
2362 2500 2505 2554 esse,
2536 2488 2845 2538 sanctorum
2876 2493 3146 2537 canonum
3194 2476 3512 2535 auctoritate

1920 2571 2340 2629 monstrabimus
2354 2612 2367 2625 .

2444 2739 2782 2798 EPISTULA
2828 2737 2976 2794 XIII.

1922 2869 2202 2927 Golfridus
2238 2869 3007 2926 l'indocinensismonasterii
3040 2865 3273 2922 humilis
3295 2878 3506 2929 servus,

1990 2960 2193 3015 domno
2217 2960 2507 3015 Gualterio
2526 2961 2655 3014 vita,
2674 2957 2972 3013 laudabilis
2983 2955 3169 3012 abbati
3185 2954 3513 3024 (302),sala—

1993 3052 2107 3102 tem
2129 3062 2258 3103 eum
2275 3047 2598 3103 dilectionis
2619 3046 2897 3119 obsequio.

1994 3177 2052 3228 In
2076 3175 2270 3249 regula
2302 3177 2359 3230 B.
2392 3173 2688 3240 Benedicti,
2737 3173 3034 3229 secundum
3064 3186 3226 3243 quam
3277 3167 3511 3241 professi

1839 3252 1886 3314 (Ἰ
1918 3281 2125 3333 sumus,
2160 3264 2489 3336 prohibitum
2520 3262 2867 3335 dignoscitur
2920 3270 2969 3315 et
2999 3261 3143 3334 quod
3159 3258 3507 3329 estamplius,

1918 3353 2241 3409 auctoritate
2291 3353 2462 3408 sancti
2497 3350 2802 3424 Evangelii,
2861 3366 2931 3407 ne
2959 3350 3097 3405 alter
3146 3347 3301 3404 alteri
3331 3346 3507 3414 faciat,

1927 3443 2073 3513 quod
2106 3442 2209 3497 sibi
2241 3442 2354 3497 fieri
2384 3458 2494 3497 non
2551 3446 2703 3512 optat
2747 3441 2903 3511 (Luc.
2940 3440 3161 3508 vr,’3l).
3220 3436 3374 3494 Unde
3405 3443 3511 3492 tota

1919 3531 2117 3586 mentis
2147 3531 2449 3586 intentione
2479 3533 2783 3585 cavendum
2813 3538 2914 3595 est,
2947 3536 3002 3583 ut
3031 3526 3175 3599 quod
3210 3524 3369 3583 nobis
3389 3524 3510 3580 fieri

1920 3637 2027 3676 non
2061 3629 2332 3691 Optamus,
2365 3619 2514 3675 nulla
2543 3619 2835 3675 occasione
2862 3617 2983 3673 aliis
3001 3616 3282 3679 faciamus,
3305 3613 3511 3669 nelidei

1920 3717 2119 3765 nostra:
2150 3709 2505 3781 professionis
2537 3708 2833 3764 scissuram
2868 3706 3148 3771 facientes,
3183 3702 3513 3775 evangelica:

1921 3800 2084 3853 etiam
2141 3798 2445 3853 traditionis
2488 3805 2891 3867 contemptores
2937 3811 2967 3849 a
3025 3796 3140 3850 Deo
3173 3794 3506 3863 judicemur.

1921 3888 2049 3942 Haec
2076 3887 2303 3953 idcirco,
2328 3886 2657 3942 venerabilis
2691 3887 2865 3947 Pater,
2901 3882 3307 3956 prOposuimus,
3370 3896 3511 3952 quo-

1921 3975 2067 4030 niam
2117 3976 2374 4030 hominen
2431 3974 2747 4045 quemdam,
2810 3972 3073 4028 Garinum
3132 3970 3340 4026 scilicet
3405 3970 3511 4023 Ga-

1919 4065 2259 4131 landit‘303),
2323 4064 2411 4134 qui
2446 4065 2547 4118 sub
2604 4061 2963 4118 confessionis
3018 4059 3230 4116 actione
3287 4065 3343 4113 et
3400 4073 3512 4112 sum

1920 4152 2046 4208 fidei
2078 4153 2440 4224 promissione
2476 4169 2534 4207 se
2564 4168 2770 4223 suaque
2801 4150 2979 4206 omnia
3007 4149 3165 4204 nobis
3193 4149 3507 4211 devoverat,

1921 4242 2098 4296 subita
2121 4258 2370 4312 pressum
2401 4240 2715 4294 infirmitate
2747 4236 3135 4301 monachastis,
3169 4243 3221 4291 et
3243 4252 3330 4290 res
3359 4251 3507 4301 suas,

1920 4330 2029 4384 imo
2072 4338 2308 4395 nostras,
2342 4329 2467 4400 quia
2514 4327 2774 4383 Ecclesiae
2832 4333 3028 4381 nostrae
3084 4325 3240 4396 prius
3282 4323 3512 4379 ﬁdeliter

1919 4419 2133 4474 oblatas
2161 4417 2479 4488 accepistis.
2546 4417 2702 4486 Quod
2760 4431 2919 4488 quam
2951 4416 3017 4469 sit
3048 4413 3302 4486 religioni
3346 4412 3509 4468 Chri—

1920 4508 2107 4562 stianae
2164 4506 2520 4571 contrarium,
2555 4506 2597 4560 si
2658 4505 2896 4560 scienter
2950 4511 3130 4558 actum
3189 4509 3291 4568 est,
3362 4500 3509 4572 quod

212 4597 568 4667 suscepisset.
620 4598 881 4665 Injustum
916 4605 1000 4652 est
1029 4598 1171 4652 enim
1204 4605 1257 4653 et
1287 4613 1556 4653 canonum
1603 4597 1806 4669 regulis
1834 4614 1887 4674 D
1919 4596 2080 4661 absit,
2140 4611 2239 4650 nos
2290 4593 2510 4649 minime
2563 4593 2713 4658 latet,
2774 4600 2828 4647 et
2875 4606 2972 4647 vos
3021 4598 3229 4646 certum
3258 4589 3499 4645 habetis.

209 4701 438 4756 prorsus
467 4684 817 4753 contrarium,
840 4685 1177 4755 sinejudicio
1191 4686 1504 4756 exspoliare
1529 4687 1800 4741 vestitum.

211 4773 371 4843 Quod
403 4773 552 4828 illum
608 4790 717 4828 non
748 4790 870 4829 esse
923 4773 1216 4844 fugitivum
1248 4773 1479 4839 dixistis,
1514 4774 1643 4829 mihi
1696 4792 1805 4830 non

208 4862 556 4917 mediocriter
584 4861 835 4931 displicet
880 4862 984 4919 hoc
1014 4862 1083 4917 ab
1113 4877 1208 4917 ore
1233 4870 1416 4918 vestro
1472 4862 1639 4918 fuisse
1672 4880 1803 4933 pro-

209 4951 396 5016 latum,
432 4968 577 5022 quou
608 4950 912 5005 sobrietatis
942 4950 1229 5005 armarium
1282 4951 1410 5005 olim
1441 4950 1801 5019 credideram,

280 5125 430 5198 (298)
461 5126 842 5195 Quiacausam
864 5131 1063 5184 contra
1090 5143 1197 5181 L08.
1219 5127 1311 5181 Lib
1343 5144 1377 5194 ι,
1402 5128 1567 5199 epist.
1606 5128 1655 5182 8.

280 5203 430 5265 (299)
463 5198 755 5253 Name/ina
789 5199 975 5252 abbati
1010 5200 1288 5253 Sullbini.
1318 5201 1518 5253 Postea
1539 5200 1801 5269 episcopo

211 5268 545 5324 Rcdonensi.
579 5269 854 5324 Successit
886 5270 1202 5323 IImnelinus
1236 5270 1286 5322 in
1321 5268 1637 5324 monasterii
1657 5287 1800 5339 pra:-

210 5341 418 5393 tectura
472 5339 879 5395 Archembaldo
935 5356 1077 5393 anno
1136 5343 1270 5393 1119
1300 5342 1368 5395 ad
1425 5344 1799 5410 episcopatum

211 5410 591 5465 Redonensem
648 5419 868 5466 evectus
900 5418 981 5465 est
1011 5426 1154 5465 anno
1188 5413 1323 5464 1127
1380 5411 1707 5467 Chronicum

209 5481 391 5535 Albini
423 5498 668 5555 eoganno
700 5501 712 5535 :
750 5483 1079 5555 tlantelinus
1133 5485 1423 5555 episcopus
1460 5483 1800 5539 Redonensis

209 5554 463 5619 efﬁcitur
484 5553 667 5609 Idibus
689 5555 834 5609 Maii.
864 5554 1011 5607 Idem
1044 5554 1159 5619 ejus
1188 5553 1391 5608 obitum
1421 5562 1800 5607 annotatanno

211 5627 230 5695 1
252 5625 340 5676 141
355 5663 367 5676 .
393 5625 535 5695 Obiit
552 5626 880 5680 Hamclinus
899 5626 1186 5695 episcopus
1206 5640 1259 5678 iv
1276 5626 1413 5681 Non.
1437 5626 1793 5679 Februarias.

212 5694 260 5766 Is
289 5702 370 5746 est
400 5694 792 5766 cujuslilteras
823 5696 890 5749 de
922 5694 1089 5750 duelli
1114 5696 1436 5766 probatione
1465 5696 1602 5751 libro
1633 5711 1798 5766 supe-

207 5764 355 5818 riore
384 5765 710 5833 protulimus
740 5766 805 5819 ad
835 5766 999 5835 epist.
1040 5764 1127 5820 39L

156 5878 157 5881 η
277 5836 456 5908 (300)ίῄ
484 5837 750 5908 Raganus
789 5838 945 5904 ﬁlius
991 5838 1131 5908 ejus.
1162 5837 1307 5892 Idem
1356 5838 1567 5894 videtur
1595 5836 1688 5907 qui
1742 5836 1797 5890 in

207 5906 369 5977 epist.
386 5903 583 5973 ﬁ7,lib'.
620 5922 676 5962 ιε
708 5903 1267 5983 FratremPaganum
1286 5910 1493 5968 Alerici
1513 5910 1584 5966 ad
1613 5903 1796 5966 domi-

1916 4682 2259 4756 Requirimus
2305 4682 2469 4756 igitur
2508 4699 2539 4736 a
2568 4681 2859 4737 dilectione
2914 4688 3096 4735 vestra
3126 4680 3277 4734 hunc
3327 4677 3509 4732 homi-

1915 4789 2060 4839 nem,
2093 4779 2146 4827 et
2194 4771 2479 4827 universas
2502 4787 2591 4825 res
2623 4769 2789 4841 hujus
2844 4767 3075 4823 hominis
3115 4782 3240 4822 cum
3286 4765 3503 4821 homine

1915 4862 2054 4931 181
2106 4861 2225 4931 ipso
2282 4859 2441 4915 nobis
2486 4858 2716 4914 reddere
2760 4873 2871 4912 non
2911 4854 3195 4921 ditferatis,
3253 4871 3323 4911 ne
3370 4853 3503 4909 forte

1915 4950 2056 5006 actio
2078 4948 2353 5004 dilationis
2383 4948 2547 5004 vobis
2585 4946 2881 5003 ascribatur
2928 4950 3306 5016 argumentum
3350 4942 3506 5013 cupi-

1912 5144 2052 5183 num
2084 5144 2290 5199 papam
2317 5128 2867 5199 mitto,_cognome_n
2909 5123 3159 5199 videlicet
3189 5120 3390 5176 factum
3440 5137 3503 5176 ex

1912 5194 2132 5253 nomine
2155 5194 2415 5268 parentis,
2450 5197 2540 5267 qui
2571 5194 2769 5252 rectius
2813 5196 2901 5268 hic
2932 5194 3231 5268 Albericus
3260 5200 3501 5247 vocatur.

1912 5270 2102 5331 Quare
2122 5265 2190 5322 sit
2212 5269 2374 5322 etiam
2397 5265 2687 5340 legendum
2718 5267 2949 5340 arbitror
2970 5266 3117 5340 libro
3152 5265 3353 5340 primo.

1980 5343 2129 5409 (301)
2162 5334 2490 5395 Claustrth
2515 5342 2572 5395 Β.
2620 5339 2944 5394 Clementis.
2970 5336 3250 5391 Prioratus
3297 5334 3502 5390 Credo-

1911 5411 2115 5471 nensis,
2141 5411 2208 5464 de
2229 5427 2335 5480 quo
2367 5412 2523 5479 epist.
2560 5413 2647 5464 41.

1981 5483 2125 5550 (30:2)
2152 5477 2438 5538 Gualterio
2494 5481 2706 5536 abbati.
2742 5481 2796 5534 S.
2833 5479 3027 5550 Sergii.
3090 5477 3372 5550 Bernardi,
3433 5477 3499 5550 ad

1909 5547 2072 5623 quam
2105 5554 2269 5621 epist.
2309 5556 2341 5605 8
2371 5551 2698 5607 successori.
2719 5547 3201 5623 Bernardiobitum
3224 5549 3281 5603 S.
3316 5547 3507 5623 sergii

1911 5620 2108 5679 tabula}
2140 5620 2433 5693 conjiciunt
2461 5624 2515 5676 in
2542 5640 2742 5676 annum
2778 5624 2930 5687 1102,
2967 5636 3067 5675 vm
3098 5621 3224 5675 Idus
3255 5620 3455 5690 Aprilis
3488 5638 3500 5681 ;

1909 5694 2181 5757 Walterii,
2214 5692 2500 5767 insanum
2532 5696 2687 5767 1113,
2722 5709 2756 5767 v
2788 5692 3271 5767 IdusﬂJa‘nuarias.
3296 5760 3326 5767 Π

1980 5767 2127 5835 (303)
2162 5766 2436 5821 Garinum
2452 5766 2674 5821 scilicet
2706 5761 3502 5835 Galandi.Eaformadictum,

1908 5833 2014 5910 qua
2038 5833 2225 5894 Petrus
2247 5836 2547 5905 Goscelini,
2575 5838 2825 5909 Paganus
2849 5833 3106 5902 Alberici,
3133 5841 3238 5890 etc.
