3940 6404
548 381 650 442 159

1625 379 1952 440 COFFRIDI
1989 379 2280 440 ABBATIS
2317 376 2868 441 VINDOCINENSIS

3754 381 3863 440 160

547 510 753 580 ditatis,
786 515 839 568 et
857 509 937 568 sic
981 526 1078 584 per
1108 524 1206 568 vos
1260 506 1501 564 fraterna
1537 505 1776 564 charitas
1805 507 2140 578 vulneretur,
2173 508 2226 572 A
2256 520 2292 565 ο,
2343 506 2532 563 multis
2585 506 2785 565 dicitur
2831 505 2979 582 quod
3033 506 3308 567 Simonem
3371 505 3595 584 Magum
3649 508 3858 566 nostris

548 601 691 676 quod
722 606 808 659 est
838 601 1130 658 vinculum
1171 598 1539 674 perfectionis
1596 599 1744 667 (Col.
1787 600 2000 670 111,14),
2035 597 2146 655 Va-

550 691 678 746 lete.

1073 785 1414 843 EPISTOLA
1452 785 1580 840 XIV
1595 825 1608 840 .

550 895 815 952 Bernerio
850 895 1192 952 honorabilis
1223 897 1352 952 vita:
1394 895 1580 950 abbati
1625 894 1797 965 (304),
1833 893 2144 966 ϐοκγνὶιίιιε,

617 983 892 1041 abbatum
909 987 1165 1042 omnium
1179 985 1474 1050 minimus,
1497 1002 1530 1039 a
1551 985 1659 1040 Deo
1679 985 1944 1051 salutem,
1966 988 2022 1039 et
2043 1000 2076 1038 a
2091 999 2149 1039 se

616 1090 900 1145 germanae
917 1074 1245 1131 dilectionis
1271 1074 1622 1131 devotionem
1636 1114 1651 1128 .

622 1185 856 1241 Servilio
887 1193 1084 1241 vestrae
1115 1185 1398 1253 bonitatis,
1445 1185 1587 1258 quod
1619 1183 1750 1240 mihi
1799 1183 1923 1240 licet
1952 1183 2149 1240 imme-

547 1275 668 1339 rito,
717 1290 883 1345 saepe,
913 1275 1204 1342 obtulistis,
1237 1290 1383 1331 nunc
1434 1291 1573 1345 opus
1627 1273 1832 1339 habeo,
1890 1284 1940 1329 et
1985 1289 2146 1344 quem

547 1363 788 1421 Charitas
843 1363 1160 1419 debitorem
1221 1363 1347 1420 fecit
1389 1362 1786 1434 promittendo,
1819 1378 1932 1416 non
1961 1361 2150 1433 pigeat

547 1452 789 1508 debitum
839 1451 1058 1508 solvere
1105 1452 1380 1524 promissa
1454 1451 1764 1508 reddendo.
1830 1449 2150 1522 Andegavis

553 1540 599 1596 si
659 1540 884 1613 quidem
959 1541 1392 1597 ecclesiasticum
1469 1542 1749 1612 negotium
1809 1539 1866 1594 in
1911 1539 2150 1596 crastino

548 1631 901 1686 Ascensionis
931 1630 1100 1686 acturi
1151 1647 1362 1698 sumus,
1415 1629 1484 1684 ad
1517 1629 1660 1700 quod
1719 1629 2026 1700 prudentiae
2057 1644 2149 1684 ve-

550 1728 679 1776 stra:
709 1719 997 1775 consilium
1028 1728 1080 1774 et
1111 1719 1370 1774 auxilium
1400 1718 1696 1788 diligenter
1750 1719 2062 1784 invitamus,
2097 1723 2150 1772 et

547 1807 696 1865 nein
750 1809 1007 1880 praesenti
1051 1808 1380 1864 necessitate
1436 1807 1594 1862 nobis
1651 1807 1812 1873 desit,
1874 1806 2150 1860 humiliter

2257 597 2591 670 temporibus
2648 598 2703 652 in
2746 597 2992 655 Ecclesia
3034 597 3353 656 suscitatum
3383 596 3584 655 frustra
3639 599 3859 657 exstin-

2257 703 2428 762 guere
2457 687 2638 743 verbis
2669 687 2911 758 conaris,
2937 687 3066 761 quia
3082 687 3139 744 in
3169 686 3478 744 hominibus
3494 687 3585 762 qui
3602 687 3856 763 corrigat

2257 801 2367 841 non
2387 785 2683 842 invenitur.
2715 786 2792 842 Tu
2821 801 2984 843 verro
3011 787 3283 844 desiderio
3312 786 3554 860 repletus
3609 788 3855 860 prophe-

2258 875 2388 940 tico,
2422 875 2524 930 tibi
2576 875 2792 930 suaderi
2832 875 3138 932 nullatenus
3193 879 3390 947 potest,
3445 875 3576 946 quin
3629 893 3855 949 semper

2257 963 2519 1036 inquiras,
2569 963 2661 1035 qui
2691 971 2868 1020 tecum
2915 972 3171 1037 assurgat
3197 973 3384 1022 contra
3438 973 3765 1040 regnantem
3799 966 3850 1020 in

2257 1069 2448 1116 sancta
2466 1061 2712 1116 Ecclesia
2754 1061 3234 1128 abominationem,
3265 1077 3386 1118 cum
3415 1061 3532 1134 ipso
3575 1062 3852 1134 Propheta

2257 1149 2488 1206 ﬁdeliter
2517 1151 2753 1206 clamare
2784 1166 2891 1208 non
2929 1167 3154 1208 cessans
3185 1168 3200 1209 :
3229 1154 3358 1221 Quis
3395 1156 3692 1225 consurget
3706 1155 3854 1208 mihi

2258 1241 2524 1296 adversus
2542 1241 2946 1312 malignantes,
2966 1244 3068 1296 aut
3088 1243 3209 1314 quis
3225 1241 3396 1296 stabit
3414 1257 3634 1297 mecum
3651 1241 3851 1298 adver-

2257 1335 2664 1402 susoperantes
2696 1330 3290 1402 iniquitatem?(Psal.
3327 1346 3481 1398 xum,
3531 1334 3622 1397 6.)
3655 1329 3850 1386 Clama

2257 1429 2439 1500 itaque
2460 1436 2514 1482 tu
2539 1443 2810 1501 organum
2864 1427 2985 1494 Dei,
3043 1429 3173 1484 tuba
3228 1428 3455 1500 Spiritus
3499 1428 3698 1486 sancti.
3766 1430 3850 1484 Ne

2258 1517 2448 1582 sileas,
2480 1517 2707 1590 egregie
2736 1533 2918 1589 praeco
2947 1517 3204 1585 veritatis,
3247 1535 3347 1574 nec
3377 1533 3564 1575 vocem
3595 1519 3848 1574 retrahas

2257 1621 2292 1661 a
2330 1607 2678 1662 correctione
2732 1605 3006 1662 haereticus
3051 1606 3373 1678 pravitatis;
3407 1613 3461 1662 et
3514 1605 3560 1662 si
3594 1623 3693 1663 eos
3755 1607 3849 1679 qui

2259 1709 2462 1756 sanctas
2489 1699 2750 1756 Ecclesiae
2780 1701 3089 1765 castitatem
3122 1699 3267 1757 foeda
3297 1700 3519 1756 nimium
3549 1701 3850 1773 pollutione

2257 1789 2681 1856 commaculant,
2713 1790 2784 1845 de
2809 1788 3008 1861 templo
3030 1789 3243 1858 ejicere,
3276 1789 3413 1846 sicut
3429 1790 3677 1846 Salvator
3695 1790 3845 1856 fecit,

547 1876 927 1970 deprecamur.
969 1897 1130 1967 Quod
1159 1897 1206 1952 si
1229 1896 1669 1968 deprecationem
1703 1904 1944 1951 nostram
1975 1895 2145 1968 quan-
2175 1876 2365 1940 Bnon
2397 1879 2548 1933 vales
2579 1877 2922 1946 verberibus,
2969 1879 3162 1934 saltem
3219 1879 3398 1935 verbis
3425 1879 3572 1934 nulla
3627 1879 3848 1936 desinas

547 1987 1230 2043 betoccasioneexaudire
1292 1985 1667 2052 dissimulatis,
1700 1986 1907 2042 amicus
1962 1985 2148 2056 utique

543 2075 653 2131 dici
701 2075 946 2146 potestis,
1001 2076 1097 2132 sed
1157 2075 1250 2148 qui
1306 2090 1416 2130 non
1459 2083 1746 2146 permanet
1798 2075 1853 2130 in
1901 2083 2148 2146 tempore

545 2163 902 2222 necessitatis.

972 2277 1124 2348 182
1172 2277 1523 2335 EPISTOLA
1573 2279 1693 2335 XV.

551 2381 842 2454 Go/fridus
883 2385 1298 2440 Vindocinensis
1338 2386 1678 2442 monasterii
1700 2384 1933 2440 humilis
1963 2399 2154 2440 servus

618 2473 951 2530 charissimo
965 2473 1188 2530 domino
1205 2478 1260 2530 et
1275 2475 1808 2542 prcecordialissimo
1826 2474 2161 2538 amico,Bcr-

622 2562 783 2620 nerio
802 2563 1140 2618 Bonwuallis
1158 2563 1485 2633 abbati,viro
1505 2580 1626 2620 vero
1650 2563 2148 2634 religioso,beatam

627 2651 964 2707 Trinitatem
1004 2667 1148 2724 puro
1184 2669 1404 2724 semper
1441 2653 1604 2708 corde
1645 2652 1899 2722 diligere,
1923 2655 1978 2707 et
2028 2652 2147 2722 ejus

619 2741 900 2812 proximis
928 2741 1239 2811 festivitati
1255 2743 1420 2797 nulla
1438 2745 1728 2800 occasione
1745 2740 1934 2798 deesse
1947 2780 1959 2794 .

618 2849 706 2906 Ad
736 2850 1125 2907 celebrandam
1156 2851 1464 2918 nobiscum,
1526 2867 1694 2924 quam
1722 2851 1976 2919 diximus,
2010 2866 2146 2906 san-

547 2945 648 2996 cta:
670 2947 724 2996 et
781 2939 1076 2996 individua:
1125 2941 1406 2997 Trinitatis
1476 2941 1822 2998 festivitatem
1873 2943 2044 3012 (305),
2094 2947 2148 2996 et

544 3034 704 3085 tantae
735 3029 1090 3085 solenmitatis
1143 3029 1361 3086 devotio
1391 3045 1487 3086 vos
1517 3031 1706 3086 venire
1761 3029 2060 3101 compellit,
2093 3037 2146 3085 et

545 3125 602 3174 ut
630 3119 884 3191 sepositis
912 3117 1056 3174 curis
1087 3119 1348 3176 omnibus
1395 3119 1702 3176 nullatenus
1757 3117 2016 3174 differatis
2047 3134 2146 3174 ve—

543 3207 684 3275 nire,
718 3223 882 3280 quem
923 3223 1060 3281 erga
1091 3224 1190 3264 vos
1223 3208 1490 3264 habemus
1521 3205 2142 3276 purasdilectionisaﬂ‘e-

545 3304 665 3353 ctus
695 3295 1011 3368 suppliciter
1038 3297 1318 3368 exposcit.
1351 3297 1605 3353 Debitum
1627 3297 1833 3369 quippe
1863 3295 2143 3370 religionis

545 3394 648 3452 est,
682 3395 734 3441 et
763 3401 1043 3457 germanae
1090 3385 1374 3442 charitatis
1417 3394 1796 3458 augmentum,
1855 3385 1991 3442 festa
2011 3401 2144 3440 san-

545 3482 758 3534 ctorum
796 3474 918 3542 Dei,
955 3482 1009 3531 et
1060 3475 1297 3530 maxime
1350 3491 1504 3529 suam
1561 3474 1734 3546 ipsius
1790 3473 2140 3530 festivitatem

546 3562 834 3619 devotione
865 3563 1168 3630 celebrare,
1200 3571 1254 3618 et
1282 3563 1560 3634 diligentis
1579 3579 1639 3619 se
1677 3563 1911 3635 proximi
1934 3565 2141 3632 justum

549 3650 878 3707 desiderium
914 3652 1039 3706 totis
1067 3649 1370 3708 visceribus
1397 3651 1726 3723 adimplere.
1772 3651 1978 3719 Valete,
2010 3661 2062 3707 et
2084 3650 2141 3706 in

546 3739 634 3794 his
661 3756 783 3812 quae
812 3740 1089 3796 humiliter
1119 3755 1402 3813 rogamus,
1435 3757 1550 3797 non
1581 3739 1650 3796 sit
1671 3739 1824 3797 vobis
1857 3739 2138 3796 taediosum

547 3827 663 3884 Deo
695 3835 746 3884 et
775 3828 936 3885 nobis
964 3829 1216 3886 obedire.

1075 3962 1416 4020 EPISTULA
1455 3965 1606 4018 XVI.

557 4082 846 4154 Cof/rictus
863 4081 1286 4138 l’indocinensis
1309 4081 1885 4139 monasteriiinutilis
1925 4098 2136 4148 servus,

615 4187 736 4226 viro
751 4175 969 4226 (eterna
990 4172 1264 4226 memoria
1281 4171 1465 4242 digno,
1478 4171 1740 4226 Bernerio
1751 4171 1940 4227 abbati
1956 4173 2144 4227 Bome-

615 4261 802 4327 vallis,
835 4262 897 4316 in
921 4259 1069 4316 valle
1091 4261 1414 4331 spiritualis
1429 4262 1712 4331 frumenti
1735 4260 2051 4330 abundare,
2085 4266 2143 4318 et

615 4347 887 4420 hymnum
909 4349 1018 4404 Deo
1037 4349 1223 4406 dicere
1254 4350 1692 4423 sempiternum.

613 4460 796 4517 Sancti
825 4461 1084 4534 Spiritus,
1116 4467 1170 4516 ut
1201 4461 1451 4528 arbitror,
1508 4463 1638 4536 igne
1669 4477 1966 4519 succensus
1989 4469 2040 4518 et
2070 4462 2140 4519 ab

2257 1967 2572 2024 occasione.
2603 1967 2750 2037 Noli,
2783 1967 2868 2022 vir
2899 1976 3101 2032 sancte.
3134 1967 3247 2024 noli
3275 1967 3502 2024 credere
3521 1967 3649 2036 illis,
3681 1969 3774 2040 qui
3798 1976 3848 2024 te

2259 2065 2406 2140 loqui
2437 2073 2692 2122 asserunt
2743 2065 2862 2122 sine
2913 2065 3161 2133 utilitate,
3187 2065 3441 2139 quoniam
3487 2081 3601 2131 eos,
3653 2073 3848 2123 contra

2261 2171 2400 2227 quos
2428 2155 2685 2227 loqueris,
2743 2171 3003 2212 revocare
3035 2170 3145 2212 non
3196 2162 3351 2226 potes
3385 2170 3416 2209 a
3444 2155 3679 2212 scelere.
3745 2154 3851 2224 Qui

2261 2245 2385 2300 talia
2413 2244 2618 2312 dicunt,
2651 2251 2829 2300 tecum
2859 2243 3064 2316 pariter
3086 2244 3350 2300 Joannem
3380 2251 3625 2300 sanctum
3647 2243 3854 2300 domini

2261 2349 2662 2405 praacursorem
2696 2333 3062 2406 redarguunt.
3103 2332 3200 2388 llle
3229 2333 3373 2389 enim
3401 2333 3648 2405 quamvis
3679 2333 3851 2390 Hero-

2259 2423 2385 2479 dem
2441 2423 2509 2478 ab
2567 2426 2780 2478 incestu
2826 2437 3096 2478 revocare
3139 2437 3251 2477 non
3304 2429 3520 2494 posset,
3569 2421 3851 2478 veritatem

2261 2521 2443 2569 tamen
2472 2528 2580 2570 non
2604 2511 2769 2580 siluit,
2801 2511 2992 2569 dicens
3020 2511 3167 2584 quod
3198 2513 3352 2582 184
3382 2510 3431 2568 ei
3459 2527 3688 2567 uxorem
3734 2511 3848 2566 fra-

2256 2611 2352 2667 tris
2399 2611 2484 2668 sui
2523 2611 2732 2668 habere
2780 2610 2930 2666 nulla
2972 2610 3181 2666 ratione
3225 2609 3409 2666 liceret
3439 2609 3658 2679 (Matth.
3721 2625 3842 2670 xw.

2258 2702 2338 2772 4).
2379 2701 2534 2757 Unde
2564 2699 2612 2755 si
2640 2699 2726 2755 vir
2745 2708 2968 2756 sanctus
2989 2699 3252 2756 decollari
3268 2699 3483 2766 meruit,
3503 2708 3555 2756 et
3573 2699 3844 2766 coronari,

2253 2791 2500 2846 Herodes
2551 2788 2768 2861 impius,
2803 2805 2926 2846 cum
2985 2788 3066 2844 eis
3120 2789 3216 2860 qui
3261 2788 3364 2844 sibi
3419 2797 3840 2854 consenserunt,

2252 2879 2553 2952 promeruit
2577 2877 2909 2934 aeternaliter
2943 2877 3199 2934 cruciari.
3232 2877 3378 2935 Satis
3405 2885 3488 2933 est
3539 2877 3708 2951 igitur
3736 2894 3846 2933 me-

2251 2969 2358 3024 lius
2387 2983 2508 3025 cum
2536 2968 2746 3023 Joanne
2767 2967 3106 3037 redarguere
3137 2981 3299 3039 quam
3342 2965 3614 3022 reticendo
3645 2966 3846 3022 verita—

2253 3065 2364 3113 tem
2393 3055 2701 3114 consentire
2733 3055 2958 3112 Herodi.
3017 3055 3165 3111 Nulli
3193 3061 3338 3112 certe
3367 3054 3844 3112 ChristianoChri-

2253 3155 2323 3211 sti
2355 3154 2451 3210 Dei
2477 3162 2531 3210 et
2559 3153 2776 3210 Domini
2808 3153 2890 3209 sui
2920 3153 3102 3224 legem
3132 3153 3292 3210 silere
3311 3152 3455 3222 licet,
3490 3169 3591 3209 nec
3618 3161 3846 3225 prOpter

2171 3235 2221 3299 Ο
2251 3259 2550 3317 personam
2581 3244 2863 3300 veritatem
2917 3241 3220 3299 occultare.
3285 3242 3426 3296 Nam
3479 3241 3571 3314 qui
3623 3250 3846 3313 propter

2252 3349 2541 3406 personam
2588 3332 2875 3388 veritatem
2943 3331 3196 3398 occultat,
3270 3331 3563 3397 Christum,
3609 3331 3702 3404 qui
3761 3339 3848 3386 est

2251 3421 2474 3486 veritas,
2507 3422 2722 3478 videtur
2749 3421 3050 3492 abnegare.
3091 3419 3246 3486 Vale,
3281 3427 3335 3476 et
3361 3427 3666 3491 agnoscant
3692 3420 3844 3490 impii

2250 3511 2561 3577 Simoniaci,
2597 3516 2650 3566 te
2670 3509 2913 3566 veritatis
2939 3509 3140 3565 virtute
3169 3509 3288 3580 plus
3319 3525 3481 3580 posse
3512 3525 3674 3582 quam
3715 3525 3844 3582 pos-

2251 3601 2361 3657 sint
2386 3599 2488 3672 ipsi
2518 3599 2663 3672 Magi
2695 3598 2932 3656 Simonis
2963 3597 3342 3670 perversitate.

2773 3791 3115 3849 EPISTOLA
3154 3793 3325 3853 XVII.

2254 3927 2537 4000 Goﬂ’ridus
2559 3926 2984 3985 Vindocinensis
3013 3925 3346 4012 monasterii
3369 3924 3600 3982 humilis
3621 3941 3837 3988 servus,

2321 4027 2631 4084 venerabili.
2662 4025 2854 4082 abbati
2881 4025 3168 4094 Bernerio,
3218 4024 3334 4080 viro
3388 4039 3516 4079 vere
3558 4023 3834 4094 religioso,

2324 4127 2625 4183 dimidium
2645 4127 2857 4182 anima:
2874 4141 3014 4191 sure,
3045 4127 3102 4180 et
3129 4125 3180 4179 si
3207 4139 3322 4180 non
3350 4121 3566 4193 sufﬁcit
3582 4121 3836 4176 aninmm

2326 4227 2526 4280 totam.

2323 4381 2483 4436 Pater
2514 4379 2571 4434 in
2601 4377 2825 4434 Christo
2855 4377 3334 4444 charissime,esse
3363 4382 3603 4431 vestrum
3636 4373 3841 4430 deside-

2251 4470 2334 4526 rio
2363 4469 2509 4526 scire
2537 4467 2882 4534 desiderans,
2915 4467 3171 4539 quoniam
3198 4480 3444 4536 praesens
3473 4479 3700 4535 corpore
3731 4479 3835 4518 non

540 4550 910 4624 increpalione
949 4550 1277 4607 δίωοηίθοεθ
1317 4551 1616 4622 impietatis
1666 4553 1818 4622 183
1853 4552 2130 4624 Spiritum,
2166 4600 2218 4660 D
2251 4573 2496 4631 possum,
2528 4557 2891 4628 praesentibus
2922 4555 3118 4610 litteris
3157 4553 3412 4610 dilectam
3458 4554 3572 4608 Deo
3595 4559 3647 4608 et
3699 4551 3838 4608 cha-

540 4655 649 4712 quo
679 4639 920 4712 agitaris,
982 4639 1282 4710 reprimere
1327 4655 1436 4696 non
1493 4641 1703 4708 valens,
1734 4641 1936 4697 multos
1990 4641 2048 4697 in
2085 4649 2138 4698 te

539 4729 890 4786 adversarios
913 4728 1171 4795 incitasti,
1202 4727 1342 4784 inter
1371 4728 1510 4784 alios
1538 4729 1773 4785 maxime
1803 4746 1969 4784 unum
1988 4730 2139 4801 (306)

539 4817 692 4887 cujus
715 4833 916 4874 nomen
937 4818 1119 4874 dicere
1147 4815 1482 4888 superﬂuum
1517 4825 1671 4888 puto,
1703 4817 1831 4890 quia
1853 4833 1956 4874 nec
1975 4819 2140 4893 vulgo

537 4916 723 4963 manet
748 4907 1118 4980 incognitum.
1157 4906 1226 4962 Et
1257 4906 1302 4959 si
1324 4905 1477 4970 illud,
1502 4914 1700 4961 natura
1729 4907 2141 4978 negante,surdi

539 5012 650 5052 non
682 4996 928 5062 audiunt,
960 5012 1060 5052 nec
1091 4995 1222 5050 muti
1252 4995 1568 5067 loquuntur,
1601 4997 1681 5051 eis
1712 5003 1896 5051 tamen
1929 4997 1998 5051 ab
2017 4997 2139 5051 aliis

540 5085 760 5142 nutibus
787 5092 841 5140 et
861 5083 1037 5159 signis
1067 5093 1150 5140 est
1176 5083 1498 5142 indicatum.
1531 5085 1672 5151 Tibi,
1693 5085 1952 5156 religiose
1975 5085 2136 5154 abba,

612 5265 760 5333 (305)
796 5264 1067 5320 Bernerio
1111 5263 1320 5320 abbati.
1354 5263 1696 5329 Bomevallis,
1730 5271 1814 5320 est
1870 5268 2055 5319 autem
2085 5264 2141 5320 id

542 5333 939 5389 monasterium
999 5335 1246 5402 ejusdem
1299 5349 1365 5390 ac
1411 5334 1815 5390 Vindocinense
1857 5336 2137 5400 dicecesis,

541 5404 646 5478 hoc
667 5404 1153 5478 cst_Carnotensis,
1211 5405 1422 5478 sedin
1481 5421 1618 5478 agro
1674 5407 2131 5478 Castrodunensi.

542 5474 788 5547 Bernerii
814 5475 947 5547 facta
980 5483 1062 5547 est
1092 5477 1296 5547 mentio
1327 5477 1425 5531 lib.
1466 5474 1694 5547 Ifepist.
1728 5479 1819 5546 ‘21,
1857 5478 1989 5534 alibi
2021 5477 2146 5534 reli-

542 5546 758 5617 giosum
782 5553 838 5617 et
865 5543 997 5617 boni
1027 5546 1322 5600 testimonii
1345 5548 1517 5602 virum
1544 5543 1720 5604 vocat.

613 5618 769 5687 (305)
786 5615 1084 5687 Trinitatis
1104 5619 1486 5687 festivitatem
1503 5660 1516 5672 .
1539 5619 1746 5674 Titulus
1764 5621 1854 5677 hic
1877 5627 2143 5676 monaste-

545 5685 1074 5758 rii'Vindocinensis,
1105 5685 1166 5758 ut
1195 5687 1428 5744 Goﬁ'ridi
1454 5689 1776 5758 i'undatoris,
1809 5700 1862 5748 et
1891 5693 2143 5746 Theodo-

542 5757 642 5814 rici
667 5756 1122 5826 episcOpilitterze
1138 5757 1446 5814 declarant.
1483 5761 1733 5815 Urbanus
1761 5756 1828 5816 ἸΙ
1863 5780 1876 5816 :
1914 5764 2143 5820 Dilectis

544 5828 605 5904 in
629 5829 849 5904 Christo
867 5829 1002 5904 ﬁliis
1029 5829 1275 5904 Girarrlo
1287 5830 1477 5904 abbati
1495 5833 1552 5904 δ.
1579 5833 1766 5904 Albi-ni
1788 5835 2144 5904 Andegaven-

546 5897 1212 5967 sis,ctlternoniabbatis
1241 5899 1302 5954 S.
1354 5901 1650 5958 Trinitatis
1687 5897 2135 5962 Vindocidensis.

2248 4664 2364 4704 ram
2399 4646 2711 4702 hominibus
2783 4645 3132 4701 dilectionem
3206 4650 3440 4700 vestram
3496 4639 3834 4712 interrogare

2249 4735 2595 4808 praesumpsi,
2629 4733 2862 4807 qualiter
2893 4731 3252 4806 congregatio
3281 4738 3466 4787 vestra
3499 4747 3557 4786 se
3585 4743 3719 4801 erga
3740 4746 3835 4784 vos

2250 4826 2451 4882 habeat
2483 4843 2499 4892 ;
2536 4839 2632 4880 vos
2663 4823 2805 4879 enim
2857 4839 2986 4894 erga
3033 4821 3180 4876 illam
3230 4820 3432 4892 optime
3479 4818 3680 4874 habere
3726 4833 3834 4872 non

2249 4914 2465 4970 dubito.
2506 4915 2586 4970 De
2616 4913 2822 4969 viribus
2852 4911 3101 4983 corporis
3147 4910 3336 4966 iterum
3367 4923 3548 4980 quaero
3579 4925 3592 4971 ;
3625 4921 3751 4961 nam
3769 4907 3832 4960 de

2252 5003 2554 5058 virtutibus
2583 5001 2780 5056 animas
2810 5009 3004 5057 vestrae
3033 5015 3278 5073 miserere
3329 4997 3654 5069 superﬂuum
3683 4995 3830 5051 aesti-

2249 5091 2414 5160 mavi,
2467 5090 2591 5162 quia
2647 5089 2793 5145 illam
2845 5089 2914 5144 de
2953 5089 3042 5144 die
3073 5087 3130 5143 in
3175 5087 3324 5144 diem
3357 5084 3616 5160 proﬁcere
3669 5083 3832 5140 credo

2250 5271 2423 5326 Breve
2443 5267 2774 5325 Chronicum
2817 5269 2872 5322 S.
2920 5265 3113 5322 Albini
3146 5281 3162 5319 τ
3195 5264 3383 5321 Pridie
3411 5263 3641 5320 Kalend.
3681 5263 3831 5318 Iunii

2251 5341 2400 5414 apud
2427 5338 3511 5414 Vindocinumﬁastrummonasterium
3540 5335 3599 5414 S_.
3646 5335 3831 5414 Trini-

2253 5406 2392 5467 tatis
2411 5411 2734 5467 dedicatum
2757 5414 2840 5466 est
2859 5425 3010 5464 anno
3027 5410 3094 5464 ab
3115 5409 3409 5464 lncarnat.
3435 5406 3657 5462 Domini
3674 5408 3827 5460 1040.

2251 5481 2532 5540 Goﬁ'ridus
2560 5481 2679 5552 ipse
2706 5481 2802 5536 lib.
2826 5496 2883 5552 γ,
2916 5481 3074 5550 epist.
3097 5479 3308 5552 ultima.

2323 5556 2471 5623 (306)
2525 5545 2709 5610 Unum
2755 5551 2918 5620 cujus
2951 5545 3186 5623 nomen.
3238 5547 3560 5623 Rainaldum
3611 5545 3834 5623 electum

2252 5617 2736 5705 An‘degavensenm.
2802 5617 2941 5705 Huic
2996 5622 3185 5676 videre
3269 5628 3392 5705 est,‘
3416 5617 3565 5705 quod
3619 5617 3776 5705 epist.
3807 5622 3836 5671 9

2253 5689 2584 5758 monuimus,
2633 5695 2950 5750 Bernerium
2981 5708 3012 5750 e
3041 5705 3272 5747 numero
3343 5689 3600 5744 abbatum
3653 5689 3838 5752 fuisse,

2252 5767 2345 5892 gui
2366 5764 2628 5892 tRainaldi
2657 5765 2980 5823 electionem
3009 5763 3320 5833 conjunctis
3338 5759 3533 5818 studiis
3552 5775 3840 5836 oppugna-

2292 5853 2359 5892 au
2392 5877 2407 5892 .

2292 5845 2407 5893 aut.
