  <div class='ocr_page' id='page_1' title='image "/cluster/home/n/w/nwhite01/storage/ocr_20150623/156-157/uc1.31175010662024/722.png"; bbox 0 0 3940 6394; ppageno 0'>
   <div class='ocr_carea' id='block_1_1' title="bbox 169 406 268 468">
    <p class='ocr_par' dir='ltr' id='par_1_1' title="bbox 169 406 268 468">
     <span class='ocr_line' id='line_1_1' title="bbox 169 406 268 468; baseline 0.02 -2"><span class='ocrx_word' id='word_1_1' title='bbox 169 406 268 468; x_wconf 72' lang='grc'><strong>161</strong></span> 
     </span>
    </p>
   </div>
   <div class='ocr_carea' id='block_1_2' title="bbox 1421 400 2209 470">
    <p class='ocr_par' dir='ltr' id='par_1_2' title="bbox 1421 400 2209 470">
     <span class='ocr_line' id='line_1_2' title="bbox 1421 400 2209 470; baseline 0.003 -7"><span class='ocrx_word' id='word_1_2' title='bbox 1421 400 1803 470; x_wconf 64' lang='grc' dir='ltr'><strong>ΕΡΙΞΤΟΕᾸΞ.</strong></span> <span class='ocrx_word' id='word_1_3' title='bbox 1836 439 1905 452; x_wconf 93' lang='grc'><strong>-</strong></span> <span class='ocrx_word' id='word_1_4' title='bbox 1936 402 2083 466; x_wconf 85' lang='lat' dir='ltr'>LIB.</span> <span class='ocrx_word' id='word_1_5' title='bbox 2120 401 2209 466; x_wconf 72' lang='lat' dir='ltr'><strong>IV.</strong></span> 
     </span>
    </p>
   </div>
   <div class='ocr_carea' id='block_1_3' title="bbox 3372 415 3475 473">
    <p class='ocr_par' dir='ltr' id='par_1_3' title="bbox 3372 415 3475 473">
     <span class='ocr_line' id='line_1_3' title="bbox 3372 415 3475 473; baseline 0.019 -3"><span class='ocrx_word' id='word_1_6' title='bbox 3372 415 3475 473; x_wconf 69' lang='grc'><strong>162</strong></span> 
     </span>
    </p>
   </div>
   <div class='ocr_carea' id='block_1_4' title="bbox 159 534 3475 625">
    <p class='ocr_par' dir='ltr' id='par_1_4' title="bbox 159 534 3475 625">
     <span class='ocr_line' id='line_1_4' title="bbox 159 534 3475 625; baseline 0.002 -18"><span class='ocrx_word' id='word_1_7' title='bbox 159 546 314 595; x_wconf 61' lang='lat' dir='ltr'><strong>cena</strong></span> <span class='ocrx_word' id='word_1_8' title='bbox 370 536 498 607; x_wconf 69' lang='grc' dir='ltr'><strong>δάεν</strong></span> <span class='ocrx_word' id='word_1_9' title='bbox 556 553 683 595; x_wconf 70' lang='lat' dir='ltr'><strong>cum</strong></span> <span class='ocrx_word' id='word_1_10' title='bbox 740 534 925 595; x_wconf 71' lang='grc' dir='ltr'><strong>ἀίνίῐιθι</strong></span> <span class='ocrx_word' id='word_1_11' title='bbox 981 535 1143 605; x_wconf 84' lang='grc'><strong>185</strong></span> <span class='ocrx_word' id='word_1_12' title='bbox 1176 542 1506 625; x_wconf 56' lang='grc' dir='ltr'><strong>οορρετειιιιε</strong></span> <span class='ocrx_word' id='word_1_13' title='bbox 1552 538 1754 609; x_wconf 57' lang='lat' dir='ltr'><strong>gratia;</strong></span> <span class='ocrx_word' id='word_1_14' title='bbox 1784 538 1841 599; x_wconf 85' lang='grc' dir='ltr'><strong>Α</strong></span> <span class='ocrx_word' id='word_1_15' title='bbox 1867 554 2087 609; x_wconf 81' lang='lat' dir='ltr'><strong>mittere</strong></span> <span class='ocrx_word' id='word_1_16' title='bbox 2109 552 2442 621; x_wconf 83' lang='lat' dir='ltr'><strong>curavimus,</strong></span> <span class='ocrx_word' id='word_1_17' title='bbox 2473 561 2531 610; x_wconf 88' lang='lat' dir='ltr'><strong>ut</strong></span> <span class='ocrx_word' id='word_1_18' title='bbox 2559 570 2691 611; x_wconf 86' lang='lat' dir='ltr'><strong>eum</strong></span> <span class='ocrx_word' id='word_1_19' title='bbox 2722 554 2877 625; x_wconf 80' lang='lat'><strong>187</strong></span> <span class='ocrx_word' id='word_1_20' title='bbox 2907 555 2977 612; x_wconf 90' lang='lat' dir='ltr'><strong>ad</strong></span> <span class='ocrx_word' id='word_1_21' title='bbox 3016 556 3243 613; x_wconf 84' lang='lat' dir='ltr'><strong>salutem</strong></span> <span class='ocrx_word' id='word_1_22' title='bbox 3276 558 3475 614; x_wconf 71' lang='lat' dir='ltr'><strong>animae</strong></span> 
     </span>
    </p>
   </div>
   <div class='ocr_carea' id='block_1_5' title="bbox 160 624 1767 700">
    <p class='ocr_par' dir='ltr' id='par_1_5' title="bbox 160 624 1767 700">
     <span class='ocr_line' id='line_1_5' title="bbox 160 624 1767 700; baseline 0 -18"><span class='ocrx_word' id='word_1_23' title='bbox 160 635 361 682; x_wconf 68' lang='lat' dir='ltr'><strong>vestra:</strong></span> <span class='ocrx_word' id='word_1_24' title='bbox 390 627 643 684; x_wconf 76' lang='lat' dir='ltr'><strong>bonitatis</strong></span> <span class='ocrx_word' id='word_1_25' title='bbox 674 627 923 700; x_wconf 66' lang='lat' dir='ltr'><strong>longaeva</strong></span> <span class='ocrx_word' id='word_1_26' title='bbox 954 624 1295 682; x_wconf 81' lang='lat' dir='ltr'><strong>consuetudo</strong></span> <span class='ocrx_word' id='word_1_27' title='bbox 1346 624 1402 678; x_wconf 89' lang='lat' dir='ltr'><strong>in</strong></span> <span class='ocrx_word' id='word_1_28' title='bbox 1430 625 1534 682; x_wconf 87' lang='lat' dir='ltr'><strong>hac</strong></span> <span class='ocrx_word' id='word_1_29' title='bbox 1562 627 1767 682; x_wconf 84' lang='lat' dir='ltr'><strong>credu-</strong></span> 
     </span>
    </p>
   </div>
   <div class='ocr_carea' id='block_1_6' title="bbox 161 713 1769 772">
    <p class='ocr_par' dir='ltr' id='par_1_6' title="bbox 161 713 1769 772">
     <span class='ocr_line' id='line_1_6' title="bbox 161 713 1769 772; baseline 0.001 -3"><span class='ocrx_word' id='word_1_30' title='bbox 161 715 310 772; x_wconf 87' lang='lat' dir='ltr'><strong>litate</strong></span> <span class='ocrx_word' id='word_1_31' title='bbox 340 733 535 772; x_wconf 87' lang='lat' dir='ltr'><strong>sensus</strong></span> <span class='ocrx_word' id='word_1_32' title='bbox 564 732 719 772; x_wconf 88' lang='lat' dir='ltr'><strong>meos</strong></span> <span class='ocrx_word' id='word_1_33' title='bbox 748 715 970 770; x_wconf 86' lang='lat' dir='ltr'><strong>omnino</strong></span> <span class='ocrx_word' id='word_1_34' title='bbox 997 713 1176 769; x_wconf 83' lang='lat' dir='ltr'><strong>ﬁrmet</strong></span> <span class='ocrx_word' id='word_1_35' title='bbox 1204 722 1255 769; x_wconf 90' lang='lat' dir='ltr'><strong>et</strong></span> <span class='ocrx_word' id='word_1_36' title='bbox 1276 714 1503 770; x_wconf 84' lang='lat' dir='ltr'><strong>muniat.</strong></span> <span class='ocrx_word' id='word_1_37' title='bbox 1534 716 1615 769; x_wconf 92' lang='lat' dir='ltr'><strong>De</strong></span> <span class='ocrx_word' id='word_1_38' title='bbox 1645 732 1769 771; x_wconf 88' lang='lat' dir='ltr'><strong>esse</strong></span> 
     </span>
    </p>
   </div>
   <div class='ocr_carea' id='block_1_7' title="bbox 161 802 1765 876">
    <p class='ocr_par' dir='ltr' id='par_1_7' title="bbox 161 802 1765 876">
     <span class='ocr_line' id='line_1_7' title="bbox 161 802 1765 876; baseline 0 -16"><span class='ocrx_word' id='word_1_39' title='bbox 161 812 347 861; x_wconf 90' lang='lat' dir='ltr'><strong>vestro</strong></span> <span class='ocrx_word' id='word_1_40' title='bbox 378 821 654 876; x_wconf 68' lang='lat' dir='ltr'><strong>quaerens,</strong></span> <span class='ocrx_word' id='word_1_41' title='bbox 687 803 990 859; x_wconf 89' lang='lat' dir='ltr'><strong>mirandum</strong></span> <span class='ocrx_word' id='word_1_42' title='bbox 1021 819 1130 858; x_wconf 89' lang='lat' dir='ltr'><strong>non</strong></span> <span class='ocrx_word' id='word_1_43' title='bbox 1172 810 1255 858; x_wconf 92' lang='lat' dir='ltr'><strong>est</strong></span> <span class='ocrx_word' id='word_1_44' title='bbox 1292 802 1337 858; x_wconf 88' lang='lat' dir='ltr'><strong>si</strong></span> <span class='ocrx_word' id='word_1_45' title='bbox 1370 804 1527 859; x_wconf 83' lang='lat' dir='ltr'><strong>valde</strong></span> <span class='ocrx_word' id='word_1_46' title='bbox 1557 804 1765 860; x_wconf 81' lang='lat' dir='ltr'><strong>sollici-</strong></span> 
     </span>
    </p>
   </div>
   <div class='ocr_carea' id='block_1_8' title="bbox 157 891 1769 964">
    <p class='ocr_par' dir='ltr' id='par_1_8' title="bbox 157 891 1769 964">
     <span class='ocr_line' id='line_1_8' title="bbox 157 891 1769 964; baseline 0.001 -17"><span class='ocrx_word' id='word_1_47' title='bbox 157 900 265 959; x_wconf 86' lang='lat' dir='ltr'><strong>tor,</strong></span> <span class='ocrx_word' id='word_1_48' title='bbox 299 909 425 948; x_wconf 90' lang='lat' dir='ltr'><strong>nam</strong></span> <span class='ocrx_word' id='word_1_49' title='bbox 456 895 511 948; x_wconf 89' lang='lat' dir='ltr'><strong>in</strong></span> <span class='ocrx_word' id='word_1_50' title='bbox 539 893 907 964; x_wconf 78' lang='lat' dir='ltr'><strong>prosperitate</strong></span> <span class='ocrx_word' id='word_1_51' title='bbox 930 900 1107 947; x_wconf 87' lang='lat' dir='ltr'><strong>vestra</strong></span> <span class='ocrx_word' id='word_1_52' title='bbox 1135 891 1288 947; x_wconf 66' lang='lat' dir='ltr'><strong>laetor</strong></span> <span class='ocrx_word' id='word_1_53' title='bbox 1338 893 1689 949; x_wconf 76' lang='lat' dir='ltr'><strong>vehementer</strong></span> <span class='ocrx_word' id='word_1_54' title='bbox 1716 901 1769 949; x_wconf 90' lang='lat' dir='ltr'><strong>et</strong></span> 
     </span>
    </p>
   </div>
   <div class='ocr_carea' id='block_1_9' title="bbox 158 979 1767 1047">
    <p class='ocr_par' dir='ltr' id='par_1_9' title="bbox 158 979 1767 1047">
     <span class='ocr_line' id='line_1_9' title="bbox 158 979 1767 1047; baseline 0.001 -12"><span class='ocrx_word' id='word_1_55' title='bbox 158 981 422 1047; x_wconf 90' lang='lat' dir='ltr'><strong>delector,</strong></span> <span class='ocrx_word' id='word_1_56' title='bbox 456 980 509 1035; x_wconf 90' lang='lat' dir='ltr'><strong>in</strong></span> <span class='ocrx_word' id='word_1_57' title='bbox 540 990 725 1037; x_wconf 86' lang='lat' dir='ltr'><strong>vestra</strong></span> <span class='ocrx_word' id='word_1_58' title='bbox 755 980 1082 1036; x_wconf 81' lang='lat' dir='ltr'><strong>adversitate</strong></span> <span class='ocrx_word' id='word_1_59' title='bbox 1114 995 1222 1035; x_wconf 90' lang='lat' dir='ltr'><strong>non</strong></span> <span class='ocrx_word' id='word_1_60' title='bbox 1253 979 1606 1037; x_wconf 78' lang='lat' dir='ltr'><strong>mediocriter</strong></span> <span class='ocrx_word' id='word_1_61' title='bbox 1646 982 1767 1037; x_wconf 83' lang='lat' dir='ltr'><strong>atti-</strong></span> 
     </span>
    </p>
   </div>
   <div class='ocr_carea' id='block_1_10' title="bbox 164 1069 1768 1141">
    <p class='ocr_par' dir='ltr' id='par_1_10' title="bbox 164 1069 1768 1141">
     <span class='ocr_line' id='line_1_10' title="bbox 164 1069 1768 1141; baseline 0 -15"><span class='ocrx_word' id='word_1_62' title='bbox 164 1071 281 1126; x_wconf 94' lang='lat' dir='ltr'><strong>cior</strong></span> <span class='ocrx_word' id='word_1_63' title='bbox 310 1078 362 1126; x_wconf 91' lang='lat' dir='ltr'><strong>et</strong></span> <span class='ocrx_word' id='word_1_64' title='bbox 391 1072 707 1137; x_wconf 92' lang='lat' dir='ltr'><strong>contristor,</strong></span> <span class='ocrx_word' id='word_1_65' title='bbox 735 1070 860 1126; x_wconf 90' lang='lat' dir='ltr'><strong>licet</strong></span> <span class='ocrx_word' id='word_1_66' title='bbox 909 1069 965 1123; x_wconf 90' lang='lat' dir='ltr'><strong>in</strong></span> <span class='ocrx_word' id='word_1_67' title='bbox 1022 1069 1371 1137; x_wconf 88' lang='lat' dir='ltr'><strong>adversitate,</strong></span> <span class='ocrx_word' id='word_1_68' title='bbox 1406 1087 1527 1141; x_wconf 83' lang='lat' dir='ltr'><strong>quae</strong></span> <span class='ocrx_word' id='word_1_69' title='bbox 1562 1071 1768 1139; x_wconf 90' lang='lat' dir='ltr'><strong>justum</strong></span> 
     </span>
    </p>
   </div>
   <div class='ocr_carea' id='block_1_11' title="bbox 163 1157 1770 1230">
    <p class='ocr_par' dir='ltr' id='par_1_11' title="bbox 163 1157 1770 1230">
     <span class='ocr_line' id='line_1_11' title="bbox 163 1157 1770 1230; baseline 0.002 -18"><span class='ocrx_word' id='word_1_70' title='bbox 163 1158 443 1213; x_wconf 90' lang='lat' dir='ltr'><strong>hominem</strong></span> <span class='ocrx_word' id='word_1_71' title='bbox 473 1159 686 1230; x_wconf 86' lang='lat' dir='ltr'><strong>probat,</strong></span> <span class='ocrx_word' id='word_1_72' title='bbox 720 1166 866 1214; x_wconf 85' lang='lat' dir='ltr'><strong>esset</strong></span> <span class='ocrx_word' id='word_1_73' title='bbox 896 1157 1073 1229; x_wconf 85' lang='lat' dir='ltr'><strong>potius</strong></span> <span class='ocrx_word' id='word_1_74' title='bbox 1099 1157 1406 1224; x_wconf 74' lang='lat' dir='ltr'><strong>lietandum,</strong></span> <span class='ocrx_word' id='word_1_75' title='bbox 1441 1158 1487 1213; x_wconf 91' lang='lat' dir='ltr'><strong>si</strong></span> <span class='ocrx_word' id='word_1_76' title='bbox 1517 1159 1596 1214; x_wconf 87' lang='lat' dir='ltr'><strong>vis</strong></span> <span class='ocrx_word' id='word_1_77' title='bbox 1619 1175 1770 1216; x_wconf 85' lang='lat' dir='ltr'><strong>amo-</strong></span> 
     </span>
    </p>
   </div>
   <div class='ocr_carea' id='block_1_12' title="bbox 164 1245 1768 1319">
    <p class='ocr_par' dir='ltr' id='par_1_12' title="bbox 164 1245 1768 1319">
     <span class='ocr_line' id='line_1_12' title="bbox 164 1245 1768 1319; baseline 0.002 -19"><span class='ocrx_word' id='word_1_78' title='bbox 164 1247 260 1315; x_wconf 91' lang='lat' dir='ltr'><strong>ris,</strong></span> <span class='ocrx_word' id='word_1_79' title='bbox 294 1262 401 1319; x_wconf 90' lang='lat' dir='ltr'><strong>quo</strong></span> <span class='ocrx_word' id='word_1_80' title='bbox 429 1263 527 1304; x_wconf 90' lang='lat' dir='ltr'><strong>vos</strong></span> <span class='ocrx_word' id='word_1_81' title='bbox 559 1263 776 1318; x_wconf 88' lang='lat' dir='ltr'><strong>semper</strong></span> <span class='ocrx_word' id='word_1_82' title='bbox 804 1246 1003 1313; x_wconf 88' lang='lat' dir='ltr'><strong>amavi,</strong></span> <span class='ocrx_word' id='word_1_83' title='bbox 1031 1245 1281 1302; x_wconf 91' lang='lat' dir='ltr'><strong>virtutem</strong></span> <span class='ocrx_word' id='word_1_84' title='bbox 1313 1246 1537 1303; x_wconf 87' lang='lat' dir='ltr'><strong>rationis</strong></span> <span class='ocrx_word' id='word_1_85' title='bbox 1567 1248 1768 1304; x_wconf 90' lang='lat' dir='ltr'><strong>admit-</strong></span> 
     </span>
    </p>
   </div>
   <div class='ocr_carea' id='block_1_13' title="bbox 167 1335 1769 1407">
    <p class='ocr_par' dir='ltr' id='par_1_13' title="bbox 167 1335 1769 1407">
     <span class='ocr_line' id='line_1_13' title="bbox 167 1335 1769 1407; baseline 0.002 -16"><span class='ocrx_word' id='word_1_86' title='bbox 167 1342 328 1392; x_wconf 88' lang='lat' dir='ltr'><strong>teret.</strong></span> <span class='ocrx_word' id='word_1_87' title='bbox 364 1338 491 1392; x_wconf 81' lang='lat' dir='ltr'><strong>Haec</strong></span> <span class='ocrx_word' id='word_1_88' title='bbox 521 1344 700 1392; x_wconf 89' lang='lat' dir='ltr'><strong>autem</strong></span> <span class='ocrx_word' id='word_1_89' title='bbox 758 1335 918 1400; x_wconf 86' lang='lat' dir='ltr'><strong>ratio,</strong></span> <span class='ocrx_word' id='word_1_90' title='bbox 978 1336 1230 1407; x_wconf 83' lang='lat' dir='ltr'><strong>quamvis</strong></span> <span class='ocrx_word' id='word_1_91' title='bbox 1260 1335 1326 1390; x_wconf 92' lang='lat' dir='ltr'><strong>ad</strong></span> <span class='ocrx_word' id='word_1_92' title='bbox 1384 1337 1582 1391; x_wconf 88' lang='lat' dir='ltr'><strong>ostium</strong></span> <span class='ocrx_word' id='word_1_93' title='bbox 1633 1354 1769 1394; x_wconf 79' lang='lat' dir='ltr'><strong>meae</strong></span> 
     </span>
    </p>
   </div>
   <div class='ocr_carea' id='block_1_14' title="bbox 162 1423 1766 1496">
    <p class='ocr_par' dir='ltr' id='par_1_14' title="bbox 162 1423 1766 1496">
     <span class='ocr_line' id='line_1_14' title="bbox 162 1423 1766 1496; baseline 0.001 -18"><span class='ocrx_word' id='word_1_94' title='bbox 162 1425 363 1479; x_wconf 91' lang='lat' dir='ltr'><strong>mentis</strong></span> <span class='ocrx_word' id='word_1_95' title='bbox 392 1425 592 1496; x_wconf 71' lang='lat' dir='ltr'><strong>siepius</strong></span> <span class='ocrx_word' id='word_1_96' title='bbox 623 1424 816 1496; x_wconf 84' lang='lat' dir='ltr'><strong>pulset,</strong></span> <span class='ocrx_word' id='word_1_97' title='bbox 852 1424 902 1479; x_wconf 91' lang='lat' dir='ltr'><strong>ei</strong></span> <span class='ocrx_word' id='word_1_98' title='bbox 933 1423 1170 1496; x_wconf 85' lang='lat' dir='ltr'><strong>pulsanti</strong></span> <span class='ocrx_word' id='word_1_99' title='bbox 1197 1440 1307 1479; x_wconf 92' lang='lat' dir='ltr'><strong>non</strong></span> <span class='ocrx_word' id='word_1_100' title='bbox 1337 1425 1617 1495; x_wconf 81' lang='lat' dir='ltr'><strong>aperitur,-</strong></span> <span class='ocrx_word' id='word_1_101' title='bbox 1644 1441 1766 1480; x_wconf 91' lang='lat' dir='ltr'><strong>nam</strong></span> 
     </span>
    </p>
   </div>
   <div class='ocr_carea' id='block_1_15' title="bbox 163 1512 1768 1585">
    <p class='ocr_par' dir='ltr' id='par_1_15' title="bbox 163 1512 1768 1585">
     <span class='ocr_line' id='line_1_15' title="bbox 163 1512 1768 1585; baseline 0.001 -16"><span class='ocrx_word' id='word_1_102' title='bbox 163 1512 383 1569; x_wconf 84' lang='lat' dir='ltr'><strong>funibus</strong></span> <span class='ocrx_word' id='word_1_103' title='bbox 413 1522 613 1569; x_wconf 70' lang='lat' dir='ltr'><strong>vestrae</strong></span> <span class='ocrx_word' id='word_1_104' title='bbox 646 1512 955 1569; x_wconf 86' lang='lat' dir='ltr'><strong>dilectionis</strong></span> <span class='ocrx_word' id='word_1_105' title='bbox 982 1513 1222 1585; x_wconf 83' lang='lat' dir='ltr'><strong>alligata,</strong></span> <span class='ocrx_word' id='word_1_106' title='bbox 1255 1513 1455 1580; x_wconf 79' lang='lat' dir='ltr'><strong>intrare</strong></span> <span class='ocrx_word' id='word_1_107' title='bbox 1485 1530 1595 1570; x_wconf 90' lang='lat' dir='ltr'><strong>non</strong></span> <span class='ocrx_word' id='word_1_108' title='bbox 1627 1514 1768 1570; x_wconf 90' lang='lat' dir='ltr'><strong>sini-</strong></span> 
     </span>
    </p>
   </div>
   <div class='ocr_carea' id='block_1_16' title="bbox 163 1601 1763 1673">
    <p class='ocr_par' dir='ltr' id='par_1_16' title="bbox 163 1601 1763 1673">
     <span class='ocr_line' id='line_1_16' title="bbox 163 1601 1763 1673; baseline 0.001 -17"><span class='ocrx_word' id='word_1_109' title='bbox 163 1609 278 1657; x_wconf 91' lang='lat' dir='ltr'><strong>tur.</strong></span> <span class='ocrx_word' id='word_1_110' title='bbox 318 1603 571 1657; x_wconf 87' lang='lat' dir='ltr'><strong>Vestram</strong></span> <span class='ocrx_word' id='word_1_111' title='bbox 601 1601 766 1673; x_wconf 84' lang='lat' dir='ltr'><strong>igitur</strong></span> <span class='ocrx_word' id='word_1_112' title='bbox 784 1601 1203 1673; x_wconf 88' lang='lat' dir='ltr'><strong>prosperitatem</strong></span> <span class='ocrx_word' id='word_1_113' title='bbox 1249 1601 1485 1673; x_wconf 81' lang='lat' dir='ltr'><strong>diligere</strong></span> <span class='ocrx_word' id='word_1_114' title='bbox 1519 1619 1763 1673; x_wconf 89' lang='lat' dir='ltr'><strong>possum,</strong></span> 
     </span>
    </p>
   </div>
   <div class='ocr_carea' id='block_1_17' title="bbox 162 1689 1768 1747">
    <p class='ocr_par' dir='ltr' id='par_1_17' title="bbox 162 1689 1768 1747">
     <span class='ocr_line' id='line_1_17' title="bbox 162 1689 1768 1747; baseline 0 0"><span class='ocrx_word' id='word_1_115' title='bbox 162 1696 407 1747; x_wconf 82' lang='lat' dir='ltr'><strong>vestram</strong></span> <span class='ocrx_word' id='word_1_116' title='bbox 434 1690 821 1746; x_wconf 88' lang='lat' dir='ltr'><strong>adversitatem</strong></span> <span class='ocrx_word' id='word_1_117' title='bbox 878 1689 1194 1746; x_wconf 89' lang='lat' dir='ltr'><strong>desiderare</strong></span> <span class='ocrx_word' id='word_1_118' title='bbox 1248 1690 1355 1744; x_wconf 86' lang='lat' dir='ltr'><strong>ulla</strong></span> <span class='ocrx_word' id='word_1_119' title='bbox 1404 1691 1612 1747; x_wconf 88' lang='lat' dir='ltr'><strong>ratione</strong></span> <span class='ocrx_word' id='word_1_120' title='bbox 1659 1707 1768 1747; x_wconf 89' lang='lat' dir='ltr'><strong>non</strong></span> 
     </span>
    </p>
   </div>
   <div class='ocr_carea' id='block_1_18' title="bbox 164 1777 1767 1851">
    <p class='ocr_par' dir='ltr' id='par_1_18' title="bbox 164 1777 1767 1851">
     <span class='ocr_line' id='line_1_18' title="bbox 164 1777 1767 1851; baseline 0 -17"><span class='ocrx_word' id='word_1_121' title='bbox 164 1794 414 1851; x_wconf 90' lang='lat' dir='ltr'><strong>possum,</strong></span> <span class='ocrx_word' id='word_1_122' title='bbox 445 1779 542 1834; x_wconf 89' lang='lat' dir='ltr'><strong>sed</strong></span> <span class='ocrx_word' id='word_1_123' title='bbox 571 1777 721 1833; x_wconf 86' lang='lat' dir='ltr'><strong>illam</strong></span> <span class='ocrx_word' id='word_1_124' title='bbox 753 1793 931 1834; x_wconf 87' lang='lat' dir='ltr'><strong>meam</strong></span> <span class='ocrx_word' id='word_1_125' title='bbox 962 1777 1167 1834; x_wconf 83' lang='lat' dir='ltr'><strong>faciens</strong></span> <span class='ocrx_word' id='word_1_126' title='bbox 1189 1778 1591 1849; x_wconf 72' lang='lat' dir='ltr'><strong>compassionis</strong></span> <span class='ocrx_word' id='word_1_127' title='bbox 1635 1777 1767 1835; x_wconf 76' lang='lat' dir='ltr'><strong>affe-</strong></span> 
     </span>
    </p>
   </div>
   <div class='ocr_carea' id='block_1_19' title="bbox 163 1867 1849 1962">
    <p class='ocr_par' dir='ltr' id='par_1_19' title="bbox 163 1867 1849 1962">
     <span class='ocr_line' id='line_1_19' title="bbox 163 1867 1849 1962; baseline -0.001 -37"><span class='ocrx_word' id='word_1_128' title='bbox 163 1874 276 1934; x_wconf 88' lang='lat' dir='ltr'><strong>ctu,</strong></span> <span class='ocrx_word' id='word_1_129' title='bbox 308 1867 589 1925; x_wconf 88' lang='lat' dir='ltr'><strong>vobiscum</strong></span> <span class='ocrx_word' id='word_1_130' title='bbox 619 1883 795 1939; x_wconf 90' lang='lat' dir='ltr'><strong>usque</strong></span> <span class='ocrx_word' id='word_1_131' title='bbox 824 1868 895 1923; x_wconf 89' lang='lat' dir='ltr'><strong>ad</strong></span> <span class='ocrx_word' id='word_1_132' title='bbox 927 1875 1159 1923; x_wconf 86' lang='lat' dir='ltr'><strong>mortem</strong></span> <span class='ocrx_word' id='word_1_133' title='bbox 1216 1867 1455 1924; x_wconf 87' lang='lat' dir='ltr'><strong>humeris</strong></span> <span class='ocrx_word' id='word_1_134' title='bbox 1488 1868 1767 1925; x_wconf 88' lang='lat' dir='ltr'><strong>charitatis</strong></span> <span class='ocrx_word' id='word_1_135' title='bbox 1795 1902 1849 1962; x_wconf 85' lang='lat' dir='ltr'>B</span> 
     </span>
    </p>
   </div>
   <div class='ocr_carea' id='block_1_20' title="bbox 160 1956 1054 2029">
    <p class='ocr_par' dir='ltr' id='par_1_20' title="bbox 160 1956 1054 2029">
     <span class='ocr_line' id='line_1_20' title="bbox 160 1956 1054 2029; baseline -0.001 -17"><span class='ocrx_word' id='word_1_136' title='bbox 160 1963 386 2029; x_wconf 88' lang='lat' dir='ltr'><strong>portare</strong></span> <span class='ocrx_word' id='word_1_137' title='bbox 414 1964 634 2029; x_wconf 88' lang='lat' dir='ltr'><strong>paratus</strong></span> <span class='ocrx_word' id='word_1_138' title='bbox 663 1972 808 2012; x_wconf 90' lang='lat' dir='ltr'><strong>sum.</strong></span> <span class='ocrx_word' id='word_1_139' title='bbox 841 1956 1054 2011; x_wconf 79' lang='lat' dir='ltr'><strong>Valete.</strong></span> 
     </span>
    </p>
   </div>
   <div class='ocr_carea' id='block_1_21' title="bbox 683 2083 1263 2142">
    <p class='ocr_par' dir='ltr' id='par_1_21' title="bbox 683 2083 1263 2142">
     <span class='ocr_line' id='line_1_21' title="bbox 683 2083 1263 2142; baseline -0.005 0"><span class='ocrx_word' id='word_1_140' title='bbox 683 2085 1028 2142; x_wconf 81' lang='lat' dir='ltr'><strong>EPISTOLA</strong></span> <span class='ocrx_word' id='word_1_141' title='bbox 1058 2083 1263 2141; x_wconf 83' lang='lat' dir='ltr'><strong>XVIII.</strong></span> 
     </span>
    </p>
   </div>
   <div class='ocr_carea' id='block_1_22' title="bbox 159 2193 1763 2262">
    <p class='ocr_par' dir='ltr' id='par_1_22' title="bbox 159 2193 1763 2262">
     <span class='ocr_line' id='line_1_22' title="bbox 159 2193 1763 2262; baseline 0 -13"><span class='ocrx_word' id='word_1_142' title='bbox 159 2194 488 2251; x_wconf 82' lang='lat' dir='ltr'><strong>Honorabili</strong></span> <span class='ocrx_word' id='word_1_143' title='bbox 516 2194 681 2249; x_wconf 82' lang='lat' dir='ltr'><strong>Patri</strong></span> <span class='ocrx_word' id='word_1_144' title='bbox 705 2196 761 2249; x_wconf 89' lang='lat' dir='ltr'><strong>et</strong></span> <span class='ocrx_word' id='word_1_145' title='bbox 781 2209 881 2250; x_wconf 85' lang='lat' dir='ltr'><strong>suo</strong></span> <span class='ocrx_word' id='word_1_146' title='bbox 893 2193 1251 2262; x_wconf 71' lang='lat' dir='ltr'><strong>prwcordiali</strong></span> <span class='ocrx_word' id='word_1_147' title='bbox 1271 2193 1457 2249; x_wconf 82' lang='lat' dir='ltr'><strong>amico</strong></span> <span class='ocrx_word' id='word_1_148' title='bbox 1479 2193 1763 2260; x_wconf 85' lang='lat' dir='ltr'><strong>Bernerio,</strong></span> 
     </span>
    </p>
   </div>
   <div class='ocr_carea' id='block_1_23' title="bbox 237 2282 1767 2356">
    <p class='ocr_par' dir='ltr' id='par_1_23' title="bbox 237 2282 1767 2356">
     <span class='ocr_line' id='line_1_23' title="bbox 237 2282 1767 2356; baseline 0 -18"><span class='ocrx_word' id='word_1_149' title='bbox 237 2285 356 2339; x_wconf 81' lang='lat' dir='ltr'><strong>viro</strong></span> <span class='ocrx_word' id='word_1_150' title='bbox 370 2284 671 2356; x_wconf 77' lang='lat' dir='ltr'><strong>sapientia:</strong></span> <span class='ocrx_word' id='word_1_151' title='bbox 714 2282 997 2349; x_wconf 85' lang='lat' dir='ltr'><strong>doctrina,</strong></span> <span class='ocrx_word' id='word_1_152' title='bbox 1020 2286 1078 2337; x_wconf 88' lang='lat' dir='ltr'><strong>et</strong></span> <span class='ocrx_word' id='word_1_153' title='bbox 1093 2284 1221 2338; x_wconf 63' lang='lat' dir='ltr'><strong>vita</strong></span> <span class='ocrx_word' id='word_1_154' title='bbox 1254 2282 1478 2337; x_wconf 84' lang='lat' dir='ltr'><strong>meritis</strong></span> <span class='ocrx_word' id='word_1_155' title='bbox 1509 2282 1767 2338; x_wconf 80' lang='lat' dir='ltr'><strong>decorata</strong></span> 
     </span>
    </p>
   </div>
   <div class='ocr_carea' id='block_1_24' title="bbox 233 2370 1771 2443">
    <p class='ocr_par' dir='ltr' id='par_1_24' title="bbox 233 2370 1771 2443">
     <span class='ocr_line' id='line_1_24' title="bbox 233 2370 1771 2443; baseline -0.001 -15"><span class='ocrx_word' id='word_1_156' title='bbox 233 2370 508 2443; x_wconf 82' lang='lat' dir='ltr'><strong>Goﬂ‘ridus</strong></span> <span class='ocrx_word' id='word_1_157' title='bbox 525 2371 953 2427; x_wconf 77' lang='lat' dir='ltr'><strong>Vindocinensis</strong></span> <span class='ocrx_word' id='word_1_158' title='bbox 973 2371 1311 2428; x_wconf 77' lang='lat' dir='ltr'><strong>monasterii</strong></span> <span class='ocrx_word' id='word_1_159' title='bbox 1324 2371 1562 2427; x_wconf 81' lang='lat' dir='ltr'><strong>humilis</strong></span> <span class='ocrx_word' id='word_1_160' title='bbox 1576 2387 1771 2427; x_wconf 83' lang='lat' dir='ltr'><strong>servus</strong></span> 
     </span>
    </p>
   </div>
   <div class='ocr_carea' id='block_1_25' title="bbox 241 2464 994 2532">
    <p class='ocr_par' dir='ltr' id='par_1_25' title="bbox 241 2464 994 2532">
     <span class='ocr_line' id='line_1_25' title="bbox 241 2464 994 2532; baseline 0 -17"><span class='ocrx_word' id='word_1_161' title='bbox 241 2476 297 2517; x_wconf 81' lang='lat' dir='ltr'><strong>se</strong></span> <span class='ocrx_word' id='word_1_162' title='bbox 329 2464 510 2517; x_wconf 86' lang='lat' dir='ltr'><strong>totum</strong></span> <span class='ocrx_word' id='word_1_163' title='bbox 539 2476 667 2517; x_wconf 85' lang='lat' dir='ltr'><strong>cum</strong></span> <span class='ocrx_word' id='word_1_164' title='bbox 690 2476 854 2532; x_wconf 81' lang='lat' dir='ltr'><strong>posse</strong></span> <span class='ocrx_word' id='word_1_165' title='bbox 876 2474 994 2516; x_wconf 88' lang='lat' dir='ltr'><strong>suo.</strong></span> 
     </span>
    </p>
   </div>
   <div class='ocr_carea' id='block_1_26' title="bbox 242 2574 1767 2647">
    <p class='ocr_par' dir='ltr' id='par_1_26' title="bbox 242 2574 1767 2647">
     <span class='ocr_line' id='line_1_26' title="bbox 242 2574 1767 2647; baseline 0 -17"><span class='ocrx_word' id='word_1_166' title='bbox 242 2574 400 2644; x_wconf 89' lang='lat' dir='ltr'><strong>Quod</strong></span> <span class='ocrx_word' id='word_1_167' title='bbox 430 2575 610 2646; x_wconf 83' lang='lat' dir='ltr'><strong>vobis,</strong></span> <span class='ocrx_word' id='word_1_168' title='bbox 670 2576 979 2632; x_wconf 83' lang='lat' dir='ltr'><strong>venerande</strong></span> <span class='ocrx_word' id='word_1_169' title='bbox 1038 2576 1218 2643; x_wconf 89' lang='lat' dir='ltr'><strong>Pater,</strong></span> <span class='ocrx_word' id='word_1_170' title='bbox 1289 2575 1399 2631; x_wconf 78' lang='lat' dir='ltr'><strong>dixi</strong></span> <span class='ocrx_word' id='word_1_171' title='bbox 1431 2575 1767 2647; x_wconf 86' lang='lat' dir='ltr'><strong>simpliciter,</strong></span> 
     </span>
    </p>
   </div>
   <div class='ocr_carea' id='block_1_27' title="bbox 165 2664 1760 2737">
    <p class='ocr_par' dir='ltr' id='par_1_27' title="bbox 165 2664 1760 2737">
     <span class='ocr_line' id='line_1_27' title="bbox 165 2664 1760 2737; baseline 0 -17"><span class='ocrx_word' id='word_1_172' title='bbox 165 2664 311 2722; x_wconf 87' lang='lat' dir='ltr'><strong>sicut</strong></span> <span class='ocrx_word' id='word_1_173' title='bbox 339 2664 542 2734; x_wconf 85' lang='lat' dir='ltr'><strong>audivi,</strong></span> <span class='ocrx_word' id='word_1_174' title='bbox 576 2665 830 2721; x_wconf 88' lang='lat' dir='ltr'><strong>monachi</strong></span> <span class='ocrx_word' id='word_1_175' title='bbox 879 2666 1040 2721; x_wconf 88' lang='lat' dir='ltr'><strong>vestri</strong></span> <span class='ocrx_word' id='word_1_176' title='bbox 1077 2664 1461 2721; x_wconf 83' lang='lat' dir='ltr'><strong>intellexerunt.</strong></span> <span class='ocrx_word' id='word_1_177' title='bbox 1489 2664 1760 2737; x_wconf 90' lang='lat' dir='ltr'><strong>nequiter.</strong></span> 
     </span>
    </p>
   </div>
   <div class='ocr_carea' id='block_1_28' title="bbox 165 2753 1763 2827">
    <p class='ocr_par' dir='ltr' id='par_1_28' title="bbox 165 2753 1763 2827">
     <span class='ocr_line' id='line_1_28' title="bbox 165 2753 1763 2827; baseline -0.001 -17"><span class='ocrx_word' id='word_1_178' title='bbox 165 2754 241 2810; x_wconf 89' lang='lat' dir='ltr'><strong>Et</strong></span> <span class='ocrx_word' id='word_1_179' title='bbox 266 2769 372 2827; x_wconf 91' lang='lat' dir='ltr'><strong>ego</strong></span> <span class='ocrx_word' id='word_1_180' title='bbox 413 2754 613 2809; x_wconf 87' lang='lat' dir='ltr'><strong>mando</strong></span> <span class='ocrx_word' id='word_1_181' title='bbox 644 2753 818 2821; x_wconf 89' lang='lat' dir='ltr'><strong>vobis,</strong></span> <span class='ocrx_word' id='word_1_182' title='bbox 852 2754 979 2825; x_wconf 86' lang='lat' dir='ltr'><strong>quia</strong></span> <span class='ocrx_word' id='word_1_183' title='bbox 1034 2754 1167 2809; x_wconf 91' lang='lat' dir='ltr'><strong>illud</strong></span> <span class='ocrx_word' id='word_1_184' title='bbox 1198 2753 1432 2809; x_wconf 90' lang='lat' dir='ltr'><strong>libenter</strong></span> <span class='ocrx_word' id='word_1_185' title='bbox 1462 2754 1763 2826; x_wconf 81' lang='lat' dir='ltr'><strong>corrigam,</strong></span> 
     </span>
    </p>
   </div>
   <div class='ocr_carea' id='block_1_29' title="bbox 162 2841 1768 2915">
    <p class='ocr_par' dir='ltr' id='par_1_29' title="bbox 162 2841 1768 2915">
     <span class='ocr_line' id='line_1_29' title="bbox 162 2841 1768 2915; baseline -0.001 -17"><span class='ocrx_word' id='word_1_186' title='bbox 162 2858 272 2900; x_wconf 87' lang='lat' dir='ltr'><strong>nec</strong></span> <span class='ocrx_word' id='word_1_187' title='bbox 301 2843 447 2897; x_wconf 91' lang='lat' dir='ltr'><strong>unde</strong></span> <span class='ocrx_word' id='word_1_188' title='bbox 477 2842 640 2898; x_wconf 90' lang='lat' dir='ltr'><strong>vestri</strong></span> <span class='ocrx_word' id='word_1_189' title='bbox 672 2843 1042 2911; x_wconf 83' lang='lat' dir='ltr'><strong>insidiatores,</strong></span> <span class='ocrx_word' id='word_1_190' title='bbox 1093 2858 1233 2915; x_wconf 88' lang='lat' dir='ltr'><strong>quos</strong></span> <span class='ocrx_word' id='word_1_191' title='bbox 1283 2841 1424 2897; x_wconf 87' lang='lat' dir='ltr'><strong>ﬁlios</strong></span> <span class='ocrx_word' id='word_1_192' title='bbox 1452 2842 1768 2910; x_wconf 86' lang='lat' dir='ltr'><strong>credebam,</strong></span> 
     </span>
    </p>
   </div>
   <div class='ocr_carea' id='block_1_30' title="bbox 160 2930 1771 3002">
    <p class='ocr_par' dir='ltr' id='par_1_30' title="bbox 160 2930 1771 3002">
     <span class='ocr_line' id='line_1_30' title="bbox 160 2930 1771 3002; baseline -0.001 -15"><span class='ocrx_word' id='word_1_193' title='bbox 160 2946 270 2987; x_wconf 88' lang='lat' dir='ltr'><strong>vos</strong></span> <span class='ocrx_word' id='word_1_194' title='bbox 300 2930 517 2987; x_wconf 89' lang='lat' dir='ltr'><strong>valeant</strong></span> <span class='ocrx_word' id='word_1_195' title='bbox 546 2930 859 2997; x_wconf 88' lang='lat' dir='ltr'><strong>molestare,</strong></span> <span class='ocrx_word' id='word_1_196' title='bbox 893 2931 1120 2987; x_wconf 84' lang='lat' dir='ltr'><strong>ulterius</strong></span> <span class='ocrx_word' id='word_1_197' title='bbox 1165 2931 1370 2988; x_wconf 86' lang='lat' dir='ltr'><strong>dicam.</strong></span> <span class='ocrx_word' id='word_1_198' title='bbox 1410 2930 1771 3002; x_wconf 89' lang='lat' dir='ltr'><strong>Simplicibus</strong></span> 
     </span>
    </p>
   </div>
   <div class='ocr_carea' id='block_1_31' title="bbox 171 3019 1769 3092">
    <p class='ocr_par' dir='ltr' id='par_1_31' title="bbox 171 3019 1769 3092">
     <span class='ocr_line' id='line_1_31' title="bbox 171 3019 1769 3092; baseline -0.002 -15"><span class='ocrx_word' id='word_1_199' title='bbox 171 3027 229 3077; x_wconf 91' lang='lat' dir='ltr'><strong>et</strong></span> <span class='ocrx_word' id='word_1_200' title='bbox 256 3020 412 3077; x_wconf 84' lang='lat' dir='ltr'><strong>bonae</strong></span> <span class='ocrx_word' id='word_1_201' title='bbox 443 3020 594 3089; x_wconf 88' lang='lat'><strong>186</strong></span> <span class='ocrx_word' id='word_1_202' title='bbox 626 3019 916 3077; x_wconf 86' lang='lat' dir='ltr'><strong>voluntatis</strong></span> <span class='ocrx_word' id='word_1_203' title='bbox 970 3019 1280 3075; x_wconf 83' lang='lat' dir='ltr'><strong>hominibus</strong></span> <span class='ocrx_word' id='word_1_204' title='bbox 1310 3035 1398 3076; x_wconf 91' lang='lat' dir='ltr'><strong>me</strong></span> <span class='ocrx_word' id='word_1_205' title='bbox 1427 3019 1577 3092; x_wconf 81' lang='lat' dir='ltr'><strong>loqui</strong></span> <span class='ocrx_word' id='word_1_206' title='bbox 1606 3028 1769 3091; x_wconf 88' lang='lat' dir='ltr'><strong>puta-</strong></span> 
     </span>
    </p>
   </div>
   <div class='ocr_carea' id='block_1_32' title="bbox 171 3108 1770 3182">
    <p class='ocr_par' dir='ltr' id='par_1_32' title="bbox 171 3108 1770 3182">
     <span class='ocr_line' id='line_1_32' title="bbox 171 3108 1770 3182; baseline -0.001 -17"><span class='ocrx_word' id='word_1_207' title='bbox 171 3110 323 3175; x_wconf 89' lang='lat' dir='ltr'><strong>bam,</strong></span> <span class='ocrx_word' id='word_1_208' title='bbox 348 3109 447 3164; x_wconf 86' lang='lat' dir='ltr'><strong>sed</strong></span> <span class='ocrx_word' id='word_1_209' title='bbox 493 3109 855 3180; x_wconf 65' lang='lat' dir='ltr'><strong>praesentibus</strong></span> <span class='ocrx_word' id='word_1_210' title='bbox 912 3109 1020 3163; x_wconf 92' lang='lat' dir='ltr'><strong>illis</strong></span> <span class='ocrx_word' id='word_1_211' title='bbox 1070 3108 1345 3182; x_wconf 72' lang='lat' dir='ltr'><strong>religiosa:</strong></span> <span class='ocrx_word' id='word_1_212' title='bbox 1411 3108 1770 3180; x_wconf 88' lang='lat' dir='ltr'><strong>simplicitatis</strong></span> 
     </span>
    </p>
   </div>
   <div class='ocr_carea' id='block_1_33' title="bbox 165 3196 1768 3269">
    <p class='ocr_par' dir='ltr' id='par_1_33' title="bbox 165 3196 1768 3269">
     <span class='ocr_line' id='line_1_33' title="bbox 165 3196 1768 3269; baseline -0.002 -15"><span class='ocrx_word' id='word_1_213' title='bbox 165 3196 407 3255; x_wconf 89' lang='lat' dir='ltr'><strong>inimicis</strong></span> <span class='ocrx_word' id='word_1_214' title='bbox 434 3213 632 3269; x_wconf 90' lang='lat' dir='ltr'><strong>ponam</strong></span> <span class='ocrx_word' id='word_1_215' title='bbox 662 3197 745 3253; x_wconf 90' lang='lat' dir='ltr'><strong>ori</strong></span> <span class='ocrx_word' id='word_1_216' title='bbox 784 3213 909 3254; x_wconf 92' lang='lat' dir='ltr'><strong>meo</strong></span> <span class='ocrx_word' id='word_1_217' title='bbox 966 3198 1284 3255; x_wconf 88' lang='lat' dir='ltr'><strong>custodiam.</strong></span> <span class='ocrx_word' id='word_1_218' title='bbox 1315 3196 1557 3267; x_wconf 89' lang='lat' dir='ltr'><strong>Quorum</strong></span> <span class='ocrx_word' id='word_1_219' title='bbox 1587 3198 1768 3269; x_wconf 91' lang='lat' dir='ltr'><strong>impu-</strong></span> 
     </span>
    </p>
   </div>
   <div class='ocr_carea' id='block_1_34' title="bbox 1876 636 3466 716">
    <p class='ocr_par' dir='ltr' id='par_1_34' title="bbox 1876 636 3466 716">
     <span class='ocr_line' id='line_1_34' title="bbox 1876 636 3466 716; baseline 0.004 -20"><span class='ocrx_word' id='word_1_220' title='bbox 1876 659 1988 697; x_wconf 88' lang='lat' dir='ltr'><strong>suae</strong></span> <span class='ocrx_word' id='word_1_221' title='bbox 2013 642 2065 696; x_wconf 93' lang='lat' dir='ltr'><strong>in</strong></span> <span class='ocrx_word' id='word_1_222' title='bbox 2091 636 2518 716; x_wconf 77' lang='lat' dir='ltr'><strong>congregatione</strong></span> <span class='ocrx_word' id='word_1_223' title='bbox 2540 652 2722 700; x_wconf 89' lang='lat' dir='ltr'><strong>vestra</strong></span> <span class='ocrx_word' id='word_1_224' title='bbox 2747 645 3045 716; x_wconf 84' lang='lat' dir='ltr'><strong>recipiatis,</strong></span> <span class='ocrx_word' id='word_1_225' title='bbox 3081 646 3126 701; x_wconf 91' lang='lat' dir='ltr'><strong>si</strong></span> <span class='ocrx_word' id='word_1_226' title='bbox 3160 652 3346 703; x_wconf 88' lang='lat' dir='ltr'><strong>tamen</strong></span> <span class='ocrx_word' id='word_1_227' title='bbox 3380 665 3466 702; x_wconf 92' lang='lat' dir='ltr'><strong>re-</strong></span> 
     </span>
    </p>
   </div>
   <div class='ocr_carea' id='block_1_35' title="bbox 1875 731 3474 804">
    <p class='ocr_par' dir='ltr' id='par_1_35' title="bbox 1875 731 3474 804">
     <span class='ocr_line' id='line_1_35' title="bbox 1875 731 3474 804; baseline 0.001 -17"><span class='ocrx_word' id='word_1_228' title='bbox 1875 732 2055 803; x_wconf 87' lang='lat' dir='ltr'><strong>cipere</strong></span> <span class='ocrx_word' id='word_1_229' title='bbox 2083 731 2270 788; x_wconf 91' lang='lat' dir='ltr'><strong>vultis.</strong></span> <span class='ocrx_word' id='word_1_230' title='bbox 2309 732 2413 787; x_wconf 92' lang='lat' dir='ltr'><strong>Diu</strong></span> <span class='ocrx_word' id='word_1_231' title='bbox 2444 733 2607 801; x_wconf 91' lang='lat' dir='ltr'><strong>enim,</strong></span> <span class='ocrx_word' id='word_1_232' title='bbox 2638 742 2693 788; x_wconf 90' lang='lat' dir='ltr'><strong>ut</strong></span> <span class='ocrx_word' id='word_1_233' title='bbox 2722 734 2840 804; x_wconf 90' lang='lat' dir='ltr'><strong>ipse</strong></span> <span class='ocrx_word' id='word_1_234' title='bbox 2866 734 3003 790; x_wconf 87' lang='lat' dir='ltr'><strong>bene</strong></span> <span class='ocrx_word' id='word_1_235' title='bbox 3054 736 3245 803; x_wconf 88' lang='lat' dir='ltr'><strong>nostis,</strong></span> <span class='ocrx_word' id='word_1_236' title='bbox 3280 736 3474 791; x_wconf 89' lang='lat' dir='ltr'><strong>nobis-</strong></span> 
     </span>
    </p>
   </div>
   <div class='ocr_carea' id='block_1_36' title="bbox 1876 820 3475 890">
    <p class='ocr_par' dir='ltr' id='par_1_36' title="bbox 1876 820 3475 890">
     <span class='ocr_line' id='line_1_36' title="bbox 1876 820 3475 890; baseline 0.001 -13"><span class='ocrx_word' id='word_1_237' title='bbox 1876 837 2000 878; x_wconf 89' lang='lat' dir='ltr'><strong>cum</strong></span> <span class='ocrx_word' id='word_1_238' title='bbox 2031 820 2148 887; x_wconf 80' lang='lat' dir='ltr'><strong>fuit,</strong></span> <span class='ocrx_word' id='word_1_239' title='bbox 2181 821 2278 876; x_wconf 92' lang='lat' dir='ltr'><strong>sed</strong></span> <span class='ocrx_word' id='word_1_240' title='bbox 2301 838 2486 876; x_wconf 90' lang='lat' dir='ltr'><strong>mores</strong></span> <span class='ocrx_word' id='word_1_241' title='bbox 2516 838 2645 877; x_wconf 90' lang='lat' dir='ltr'><strong>suos</strong></span> <span class='ocrx_word' id='word_1_242' title='bbox 2660 823 2817 890; x_wconf 82' lang='lat' dir='ltr'><strong>juxta</strong></span> <span class='ocrx_word' id='word_1_243' title='bbox 2856 822 3199 879; x_wconf 87' lang='lat' dir='ltr'><strong>desiderium</strong></span> <span class='ocrx_word' id='word_1_244' title='bbox 3226 833 3475 880; x_wconf 89' lang='lat' dir='ltr'><strong>nostrum</strong></span> 
     </span>
    </p>
   </div>
   <div class='ocr_carea' id='block_1_37' title="bbox 1874 910 3477 982">
    <p class='ocr_par' dir='ltr' id='par_1_37' title="bbox 1874 910 3477 982">
     <span class='ocr_line' id='line_1_37' title="bbox 1874 910 3477 982; baseline 0.003 -17"><span class='ocrx_word' id='word_1_245' title='bbox 1874 910 2149 981; x_wconf 80' lang='lat' dir='ltr'><strong>corrigere</strong></span> <span class='ocrx_word' id='word_1_246' title='bbox 2195 911 2385 966; x_wconf 91' lang='lat' dir='ltr'><strong>noluit.</strong></span> <span class='ocrx_word' id='word_1_247' title='bbox 2452 910 2607 966; x_wconf 90' lang='lat' dir='ltr'><strong>Unde</strong></span> <span class='ocrx_word' id='word_1_248' title='bbox 2665 912 2856 966; x_wconf 91' lang='lat' dir='ltr'><strong>merito</strong></span> <span class='ocrx_word' id='word_1_249' title='bbox 2908 920 3001 966; x_wconf 90' lang='lat' dir='ltr'><strong>aut</strong></span> <span class='ocrx_word' id='word_1_250' title='bbox 3053 914 3167 982; x_wconf 88' lang='lat' dir='ltr'><strong>ejus</strong></span> <span class='ocrx_word' id='word_1_251' title='bbox 3200 913 3477 970; x_wconf 79' lang='lat' dir='ltr'><strong>malitiosa</strong></span> 
     </span>
    </p>
   </div>
   <div class='ocr_carea' id='block_1_38' title="bbox 1875 998 3475 1072">
    <p class='ocr_par' dir='ltr' id='par_1_38' title="bbox 1875 998 3475 1072">
     <span class='ocr_line' id='line_1_38' title="bbox 1875 998 3475 1072; baseline 0.003 -19"><span class='ocrx_word' id='word_1_252' title='bbox 1875 999 1988 1053; x_wconf 90' lang='lat' dir='ltr'><strong>vita</strong></span> <span class='ocrx_word' id='word_1_253' title='bbox 2019 998 2391 1069; x_wconf 81' lang='lat' dir='ltr'><strong>blaSphemari</strong></span> <span class='ocrx_word' id='word_1_254' title='bbox 2421 1007 2617 1069; x_wconf 85' lang='lat' dir='ltr'><strong>potest,</strong></span> <span class='ocrx_word' id='word_1_255' title='bbox 2649 1007 2740 1053; x_wconf 90' lang='lat' dir='ltr'><strong>aut</strong></span> <span class='ocrx_word' id='word_1_256' title='bbox 2767 999 3096 1072; x_wconf 85' lang='lat' dir='ltr'><strong>ignorantia,</strong></span> <span class='ocrx_word' id='word_1_257' title='bbox 3144 1001 3233 1055; x_wconf 90' lang='lat' dir='ltr'><strong>vel</strong></span> <span class='ocrx_word' id='word_1_258' title='bbox 3266 1002 3475 1058; x_wconf 86' lang='lat' dir='ltr'><strong>incuria</strong></span> 
     </span>
    </p>
   </div>
   <div class='ocr_carea' id='block_1_39' title="bbox 1875 1087 2992 1160">
    <p class='ocr_par' dir='ltr' id='par_1_39' title="bbox 1875 1087 2992 1160">
     <span class='ocr_line' id='line_1_39' title="bbox 1875 1087 2992 1160; baseline 0.001 -18"><span class='ocrx_word' id='word_1_259' title='bbox 1875 1094 2082 1155; x_wconf 90' lang='lat' dir='ltr'><strong>nostra,</strong></span> <span class='ocrx_word' id='word_1_260' title='bbox 2114 1087 2259 1160; x_wconf 90' lang='lat' dir='ltr'><strong>quod</strong></span> <span class='ocrx_word' id='word_1_261' title='bbox 2288 1088 2437 1143; x_wconf 87' lang='lat' dir='ltr'><strong>Deus</strong></span> <span class='ocrx_word' id='word_1_262' title='bbox 2465 1087 2684 1155; x_wconf 89' lang='lat' dir='ltr'><strong>abnuat,</strong></span> <span class='ocrx_word' id='word_1_263' title='bbox 2719 1088 2992 1145; x_wconf 84' lang='lat' dir='ltr'><strong>accusari.</strong></span> 
     </span>
    </p>
   </div>
   <div class='ocr_carea' id='block_1_40' title="bbox 2409 1260 2931 1318">
    <p class='ocr_par' dir='ltr' id='par_1_40' title="bbox 2409 1260 2931 1318">
     <span class='ocr_line' id='line_1_40' title="bbox 2409 1260 2931 1318; baseline 0.002 -2"><span class='ocrx_word' id='word_1_264' title='bbox 2409 1260 2746 1317; x_wconf 82' lang='lat' dir='ltr'><strong>EPISTOLA</strong></span> <span class='ocrx_word' id='word_1_265' title='bbox 2779 1263 2931 1318; x_wconf 85' lang='lat' dir='ltr'><strong>XXI.</strong></span> 
     </span>
    </p>
   </div>
   <div class='ocr_carea' id='block_1_41' title="bbox 1884 1364 3473 1443">
    <p class='ocr_par' dir='ltr' id='par_1_41' title="bbox 1884 1364 3473 1443">
     <span class='ocr_line' id='line_1_41' title="bbox 1884 1364 3473 1443; baseline 0.001 -20"><span class='ocrx_word' id='word_1_266' title='bbox 1884 1364 2198 1423; x_wconf 77' lang='lat' dir='ltr'><strong>Venerabili</strong></span> <span class='ocrx_word' id='word_1_267' title='bbox 2227 1365 2401 1435; x_wconf 81' lang='lat' dir='ltr'><strong>fratri</strong></span> <span class='ocrx_word' id='word_1_268' title='bbox 2431 1368 2491 1419; x_wconf 81' lang='lat' dir='ltr'><strong>et</strong></span> <span class='ocrx_word' id='word_1_269' title='bbox 2518 1364 2794 1432; x_wconf 89' lang='lat' dir='ltr'><strong>coabbati,</strong></span> <span class='ocrx_word' id='word_1_270' title='bbox 2817 1364 2992 1422; x_wconf 86' lang='lat' dir='ltr'><strong>Odoni</strong></span> <span class='ocrx_word' id='word_1_271' title='bbox 3013 1367 3160 1437; x_wconf 85' lang='lat'><strong>(308)</strong></span> <span class='ocrx_word' id='word_1_272' title='bbox 3191 1384 3289 1424; x_wconf 87' lang='lat' dir='ltr'><strong>suo</strong></span> <span class='ocrx_word' id='word_1_273' title='bbox 3329 1386 3473 1443; x_wconf 77' lang='lat' dir='ltr'><strong>pra:-</strong></span> 
     </span>
    </p>
   </div>
   <div class='ocr_carea' id='block_1_42' title="bbox 1946 1454 3472 1526">
    <p class='ocr_par' dir='ltr' id='par_1_42' title="bbox 1946 1454 3472 1526">
     <span class='ocr_line' id='line_1_42' title="bbox 1946 1454 3472 1526; baseline 0.003 -15"><span class='ocrx_word' id='word_1_274' title='bbox 1946 1454 2182 1512; x_wconf 84' lang='lat' dir='ltr'><strong>cordiali</strong></span> <span class='ocrx_word' id='word_1_275' title='bbox 2211 1455 2412 1520; x_wconf 87' lang='lat' dir='ltr'><strong>amico,</strong></span> <span class='ocrx_word' id='word_1_276' title='bbox 2456 1456 2643 1524; x_wconf 76' lang='lat' dir='ltr'><strong>frater</strong></span> <span class='ocrx_word' id='word_1_277' title='bbox 2691 1455 2997 1526; x_wconf 80' lang='lat' dir='ltr'><strong>Goffridus,</strong></span> <span class='ocrx_word' id='word_1_278' title='bbox 3022 1458 3268 1513; x_wconf 82' lang='lat' dir='ltr'><strong>salutem</strong></span> <span class='ocrx_word' id='word_1_279' title='bbox 3300 1463 3357 1515; x_wconf 84' lang='lat' dir='ltr'><strong>et</strong></span> <span class='ocrx_word' id='word_1_280' title='bbox 3381 1460 3472 1514; x_wconf 83' lang='lat' dir='ltr'><strong>di-</strong></span> 
     </span>
    </p>
   </div>
   <div class='ocr_carea' id='block_1_43' title="bbox 1950 1545 2274 1600">
    <p class='ocr_par' dir='ltr' id='par_1_43' title="bbox 1950 1545 2274 1600">
     <span class='ocr_line' id='line_1_43' title="bbox 1950 1545 2274 1600; baseline -0.003 -1"><span class='ocrx_word' id='word_1_281' title='bbox 1950 1545 2274 1600; x_wconf 79' lang='lat' dir='ltr'><strong>lectionem.</strong></span> 
     </span>
    </p>
   </div>
   <div class='ocr_carea' id='block_1_44' title="bbox 1945 1668 3465 1746">
    <p class='ocr_par' dir='ltr' id='par_1_44' title="bbox 1945 1668 3465 1746">
     <span class='ocr_line' id='line_1_44' title="bbox 1945 1668 3465 1746; baseline 0.004 -23"><span class='ocrx_word' id='word_1_282' title='bbox 1945 1669 2108 1723; x_wconf 86' lang='lat' dir='ltr'><strong>Fama</strong></span> <span class='ocrx_word' id='word_1_283' title='bbox 2137 1668 2479 1723; x_wconf 88' lang='lat' dir='ltr'><strong>discurrente</strong></span> <span class='ocrx_word' id='word_1_284' title='bbox 2508 1668 2722 1724; x_wconf 90' lang='lat' dir='ltr'><strong>sinistra</strong></span> <span class='ocrx_word' id='word_1_285' title='bbox 2752 1669 2821 1724; x_wconf 90' lang='lat' dir='ltr'><strong>ad</strong></span> <span class='ocrx_word' id='word_1_286' title='bbox 2853 1677 3099 1726; x_wconf 89' lang='lat' dir='ltr'><strong>nostrum</strong></span> <span class='ocrx_word' id='word_1_287' title='bbox 3128 1688 3304 1744; x_wconf 89' lang='lat' dir='ltr'><strong>usque</strong></span> <span class='ocrx_word' id='word_1_288' title='bbox 3334 1690 3465 1746; x_wconf 89' lang='lat' dir='ltr'><strong>per-</strong></span> 
     </span>
    </p>
   </div>
   <div class='ocr_carea' id='block_1_45' title="bbox 1878 1756 3472 1828">
    <p class='ocr_par' dir='ltr' id='par_1_45' title="bbox 1878 1756 3472 1828">
     <span class='ocr_line' id='line_1_45' title="bbox 1878 1756 3472 1828; baseline 0.003 -15"><span class='ocrx_word' id='word_1_289' title='bbox 1878 1757 2023 1814; x_wconf 87' lang='lat' dir='ltr'><strong>venit</strong></span> <span class='ocrx_word' id='word_1_290' title='bbox 2049 1756 2316 1823; x_wconf 85' lang='lat' dir='ltr'><strong>auditum,</strong></span> <span class='ocrx_word' id='word_1_291' title='bbox 2347 1758 2493 1828; x_wconf 89' lang='lat' dir='ltr'><strong>quod</strong></span> <span class='ocrx_word' id='word_1_292' title='bbox 2550 1758 2888 1813; x_wconf 82' lang='lat' dir='ltr'><strong>Hierusalem</strong></span> <span class='ocrx_word' id='word_1_293' title='bbox 2934 1760 3199 1815; x_wconf 86' lang='lat' dir='ltr'><strong>redeundi</strong></span> <span class='ocrx_word' id='word_1_294' title='bbox 3258 1762 3472 1818; x_wconf 89' lang='lat' dir='ltr'><strong>habetis</strong></span> 
     </span>
    </p>
   </div>
   <div class='ocr_carea' id='block_1_46' title="bbox 1879 1846 3473 1908">
    <p class='ocr_par' dir='ltr' id='par_1_46' title="bbox 1879 1846 3473 1908">
     <span class='ocr_line' id='line_1_46' title="bbox 1879 1846 3473 1908; baseline 0.003 -7"><span class='ocrx_word' id='word_1_295' title='bbox 1879 1846 2134 1901; x_wconf 89' lang='lat' dir='ltr'><strong>animum.</strong></span> <span class='ocrx_word' id='word_1_296' title='bbox 2172 1846 2528 1901; x_wconf 81' lang='lat' dir='ltr'><strong>Hierusalem</strong></span> <span class='ocrx_word' id='word_1_297' title='bbox 2560 1846 2729 1901; x_wconf 86' lang='lat' dir='ltr'><strong>semel</strong></span> <span class='ocrx_word' id='word_1_298' title='bbox 2757 1846 2961 1903; x_wconf 88' lang='lat' dir='ltr'><strong>vidisse</strong></span> <span class='ocrx_word' id='word_1_299' title='bbox 3020 1849 3175 1905; x_wconf 84' lang='lat' dir='ltr'><strong>vobis</strong></span> <span class='ocrx_word' id='word_1_300' title='bbox 3224 1849 3473 1908; x_wconf 79' lang='lat' dir='ltr'><strong>suﬂicere</strong></span> 
     </span>
    </p>
   </div>
   <div class='ocr_carea' id='block_1_47' title="bbox 1875 1934 3476 2011">
    <p class='ocr_par' dir='ltr' id='par_1_47' title="bbox 1875 1934 3476 2011">
     <span class='ocr_line' id='line_1_47' title="bbox 1875 1934 3476 2011; baseline 0.003 -21"><span class='ocrx_word' id='word_1_301' title='bbox 1875 1934 2056 1999; x_wconf 87' lang='lat' dir='ltr'><strong>debet,</strong></span> <span class='ocrx_word' id='word_1_302' title='bbox 2097 1950 2255 2005; x_wconf 91' lang='lat' dir='ltr'><strong>quam</strong></span> <span class='ocrx_word' id='word_1_303' title='bbox 2288 1935 2331 1988; x_wconf 90' lang='lat' dir='ltr'><strong>si</strong></span> <span class='ocrx_word' id='word_1_304' title='bbox 2372 1951 2648 2006; x_wconf 88' lang='lat' dir='ltr'><strong>nunquam</strong></span> <span class='ocrx_word' id='word_1_305' title='bbox 2682 1935 2974 2001; x_wconf 85' lang='lat' dir='ltr'><strong>vidissetis,</strong></span> <span class='ocrx_word' id='word_1_306' title='bbox 3030 1954 3208 2010; x_wconf 90' lang='lat' dir='ltr'><strong>neque</strong></span> <span class='ocrx_word' id='word_1_307' title='bbox 3253 1948 3476 2011; x_wconf 84' lang='lat' dir='ltr'><strong>propter</strong></span> 
     </span>
    </p>
   </div>
   <div class='ocr_carea' id='block_1_48' title="bbox 1874 2025 3475 2101">
    <p class='ocr_par' dir='ltr' id='par_1_48' title="bbox 1874 2025 3475 2101">
     <span class='ocr_line' id='line_1_48' title="bbox 1874 2025 3475 2101; baseline 0.004 -23"><span class='ocrx_word' id='word_1_308' title='bbox 1874 2025 1978 2079; x_wconf 89' lang='lat' dir='ltr'><strong>hoc</strong></span> <span class='ocrx_word' id='word_1_309' title='bbox 2007 2032 2202 2079; x_wconf 89' lang='lat' dir='ltr'><strong>contra</strong></span> <span class='ocrx_word' id='word_1_310' title='bbox 2230 2039 2328 2081; x_wconf 85' lang='lat' dir='ltr'><strong>vos</strong></span> <span class='ocrx_word' id='word_1_311' title='bbox 2358 2032 2475 2078; x_wconf 89' lang='lat' dir='ltr'><strong>orta</strong></span> <span class='ocrx_word' id='word_1_312' title='bbox 2531 2033 2677 2080; x_wconf 91' lang='lat' dir='ltr'><strong>esset</strong></span> <span class='ocrx_word' id='word_1_313' title='bbox 2707 2025 2982 2082; x_wconf 86' lang='lat' dir='ltr'><strong>calumnia</strong></span> <span class='ocrx_word' id='word_1_314' title='bbox 3025 2028 3253 2094; x_wconf 87' lang='lat' dir='ltr'><strong>diaboli,</strong></span> <span class='ocrx_word' id='word_1_315' title='bbox 3296 2044 3475 2101; x_wconf 90' lang='lat' dir='ltr'><strong>neque</strong></span> 
     </span>
    </p>
   </div>
   <div class='ocr_carea' id='block_1_49' title="bbox 1874 2112 3477 2189">
    <p class='ocr_par' dir='ltr' id='par_1_49' title="bbox 1874 2112 3477 2189">
     <span class='ocr_line' id='line_1_49' title="bbox 1874 2112 3477 2189; baseline 0.004 -23"><span class='ocrx_word' id='word_1_316' title='bbox 1874 2113 2037 2168; x_wconf 90' lang='lat' dir='ltr'><strong>vobis</strong></span> <span class='ocrx_word' id='word_1_317' title='bbox 2066 2112 2383 2168; x_wconf 91' lang='lat' dir='ltr'><strong>necessaria</strong></span> <span class='ocrx_word' id='word_1_318' title='bbox 2400 2112 2738 2184; x_wconf 88' lang='lat' dir='ltr'><strong>indulgentia</strong></span> <span class='ocrx_word' id='word_1_319' title='bbox 2787 2115 2911 2170; x_wconf 87' lang='lat' dir='ltr'><strong>Dei.</strong></span> <span class='ocrx_word' id='word_1_320' title='bbox 2953 2116 3111 2171; x_wconf 89' lang='lat' dir='ltr'><strong>Fides</strong></span> <span class='ocrx_word' id='word_1_321' title='bbox 3140 2117 3323 2189; x_wconf 88' lang='lat' dir='ltr'><strong>utique</strong></span> <span class='ocrx_word' id='word_1_322' title='bbox 3352 2133 3477 2173; x_wconf 90' lang='lat' dir='ltr'><strong>mo-</strong></span> 
     </span>
    </p>
   </div>
   <div class='ocr_carea' id='block_1_50' title="bbox 1875 2200 3476 2271">
    <p class='ocr_par' dir='ltr' id='par_1_50' title="bbox 1875 2200 3476 2271">
     <span class='ocr_line' id='line_1_50' title="bbox 1875 2200 3476 2271; baseline 0.004 -15"><span class='ocrx_word' id='word_1_323' title='bbox 1875 2201 2103 2257; x_wconf 63' lang='lat' dir='ltr'><strong>nasticae</strong></span> <span class='ocrx_word' id='word_1_324' title='bbox 2145 2200 2505 2271; x_wconf 81' lang='lat' dir='ltr'><strong>professionis</strong></span> <span class='ocrx_word' id='word_1_325' title='bbox 2559 2204 2739 2257; x_wconf 90' lang='lat' dir='ltr'><strong>eundo</strong></span> <span class='ocrx_word' id='word_1_326' title='bbox 2800 2205 3135 2260; x_wconf 84' lang='lat' dir='ltr'><strong>Hierusalem</strong></span> <span class='ocrx_word' id='word_1_327' title='bbox 3192 2206 3476 2262; x_wconf 88' lang='lat' dir='ltr'><strong>observari</strong></span> 
     </span>
    </p>
   </div>
   <div class='ocr_carea' id='block_1_51' title="bbox 1876 2289 3472 2361">
    <p class='ocr_par' dir='ltr' id='par_1_51' title="bbox 1876 2289 3472 2361">
     <span class='ocr_line' id='line_1_51' title="bbox 1876 2289 3472 2361; baseline 0.003 -16"><span class='ocrx_word' id='word_1_328' title='bbox 1876 2289 2099 2345; x_wconf 90' lang='lat' dir='ltr'><strong>minime</strong></span> <span class='ocrx_word' id='word_1_329' title='bbox 2132 2298 2311 2360; x_wconf 87' lang='lat' dir='ltr'><strong>potest</strong></span> <span class='ocrx_word' id='word_1_330' title='bbox 2342 2309 2355 2355; x_wconf 93' lang='lat'><strong>;</strong></span> <span class='ocrx_word' id='word_1_331' title='bbox 2390 2290 2488 2345; x_wconf 92' lang='lat' dir='ltr'><strong>sed</strong></span> <span class='ocrx_word' id='word_1_332' title='bbox 2512 2290 2732 2346; x_wconf 89' lang='lat' dir='ltr'><strong>violari.</strong></span> <span class='ocrx_word' id='word_1_333' title='bbox 2774 2293 3111 2349; x_wconf 85' lang='lat' dir='ltr'><strong>Hierusalem</strong></span> <span class='ocrx_word' id='word_1_334' title='bbox 3142 2295 3342 2350; x_wconf 90' lang='lat' dir='ltr'><strong>etenim</strong></span> <span class='ocrx_word' id='word_1_335' title='bbox 3372 2295 3472 2361; x_wconf 89' lang='lat' dir='ltr'><strong>ire,</strong></span> 
     </span>
    </p>
   </div>
   <div class='ocr_carea' id='block_1_52' title="bbox 1878 2378 3474 2448">
    <p class='ocr_par' dir='ltr' id='par_1_52' title="bbox 1878 2378 3474 2448">
     <span class='ocr_line' id='line_1_52' title="bbox 1878 2378 3474 2448; baseline 0.003 -14"><span class='ocrx_word' id='word_1_336' title='bbox 1878 2378 2016 2435; x_wconf 88' lang='lat' dir='ltr'><strong>sicut</strong></span> <span class='ocrx_word' id='word_1_337' title='bbox 2047 2379 2301 2435; x_wconf 91' lang='lat' dir='ltr'><strong>indictum</strong></span> <span class='ocrx_word' id='word_1_338' title='bbox 2326 2386 2409 2435; x_wconf 89' lang='lat' dir='ltr'><strong>est</strong></span> <span class='ocrx_word' id='word_1_339' title='bbox 2438 2378 2612 2448; x_wconf 88' lang='lat' dir='ltr'><strong>laicis,</strong></span> <span class='ocrx_word' id='word_1_340' title='bbox 2645 2380 2725 2436; x_wconf 86' lang='lat' dir='ltr'><strong>sic</strong></span> <span class='ocrx_word' id='word_1_341' title='bbox 2752 2380 3101 2439; x_wconf 89' lang='lat' dir='ltr'><strong>interdictum</strong></span> <span class='ocrx_word' id='word_1_342' title='bbox 3154 2387 3239 2439; x_wconf 91' lang='lat' dir='ltr'><strong>est</strong></span> <span class='ocrx_word' id='word_1_343' title='bbox 3286 2398 3474 2439; x_wconf 88' lang='lat' dir='ltr'><strong>mona-</strong></span> 
     </span>
    </p>
   </div>
   <div class='ocr_carea' id='block_1_53' title="bbox 1878 2468 3476 2543">
    <p class='ocr_par' dir='ltr' id='par_1_53' title="bbox 1878 2468 3476 2543">
     <span class='ocr_line' id='line_1_53' title="bbox 1878 2468 3476 2543; baseline 0.003 -20"><span class='ocrx_word' id='word_1_344' title='bbox 1878 2468 1995 2524; x_wconf 92' lang='lat' dir='ltr'><strong>chis</strong></span> <span class='ocrx_word' id='word_1_345' title='bbox 2021 2468 2089 2522; x_wconf 90' lang='lat' dir='ltr'><strong>ab</strong></span> <span class='ocrx_word' id='word_1_346' title='bbox 2111 2468 2410 2540; x_wconf 78' lang='lat' dir='ltr'><strong>apostolica</strong></span> <span class='ocrx_word' id='word_1_347' title='bbox 2441 2468 2594 2524; x_wconf 89' lang='lat' dir='ltr'><strong>sede.</strong></span> <span class='ocrx_word' id='word_1_348' title='bbox 2635 2468 2793 2538; x_wconf 88' lang='lat' dir='ltr'><strong>Quod</strong></span> <span class='ocrx_word' id='word_1_349' title='bbox 2846 2471 2973 2527; x_wconf 87' lang='lat' dir='ltr'><strong>novi</strong></span> <span class='ocrx_word' id='word_1_350' title='bbox 3003 2488 3108 2543; x_wconf 88' lang='lat' dir='ltr'><strong>ego</strong></span> <span class='ocrx_word' id='word_1_351' title='bbox 3138 2472 3275 2543; x_wconf 91' lang='lat' dir='ltr'><strong>ipse,</strong></span> <span class='ocrx_word' id='word_1_352' title='bbox 3336 2473 3476 2529; x_wconf 85' lang='lat' dir='ltr'><strong>sicut</strong></span> 
     </span>
    </p>
   </div>
   <div class='ocr_carea' id='block_1_54' title="bbox 1878 2557 3472 2633">
    <p class='ocr_par' dir='ltr' id='par_1_54' title="bbox 1878 2557 3472 2633">
     <span class='ocr_line' id='line_1_54' title="bbox 1878 2557 3472 2633; baseline 0.003 -21"><span class='ocrx_word' id='word_1_353' title='bbox 1878 2557 1991 2623; x_wconf 89' lang='lat' dir='ltr'><strong>ille,</strong></span> <span class='ocrx_word' id='word_1_354' title='bbox 2024 2557 2182 2627; x_wconf 91' lang='lat' dir='ltr'><strong>cujus</strong></span> <span class='ocrx_word' id='word_1_355' title='bbox 2212 2573 2374 2613; x_wconf 89' lang='lat' dir='ltr'><strong>aures</strong></span> <span class='ocrx_word' id='word_1_356' title='bbox 2403 2565 2557 2612; x_wconf 88' lang='lat' dir='ltr'><strong>erant</strong></span> <span class='ocrx_word' id='word_1_357' title='bbox 2585 2560 2651 2612; x_wconf 89' lang='lat' dir='ltr'><strong>ad</strong></span> <span class='ocrx_word' id='word_1_358' title='bbox 2706 2574 2768 2613; x_wconf 90' lang='lat' dir='ltr'><strong>os</strong></span> <span class='ocrx_word' id='word_1_359' title='bbox 2826 2560 3031 2616; x_wconf 89' lang='lat' dir='ltr'><strong>domini</strong></span> <span class='ocrx_word' id='word_1_360' title='bbox 3062 2562 3267 2617; x_wconf 80' lang='lat' dir='ltr'><strong>Urbani</strong></span> <span class='ocrx_word' id='word_1_361' title='bbox 3299 2577 3472 2633; x_wconf 88' lang='lat' dir='ltr'><strong>papae,</strong></span> 
     </span>
    </p>
   </div>
   <div class='ocr_carea' id='block_1_55' title="bbox 1879 2642 3477 2721">
    <p class='ocr_par' dir='ltr' id='par_1_55' title="bbox 1879 2642 3477 2721">
     <span class='ocr_line' id='line_1_55' title="bbox 1879 2642 3477 2721; baseline 0.001 -18"><span class='ocrx_word' id='word_1_362' title='bbox 1879 2663 2001 2703; x_wconf 89' lang='lat' dir='ltr'><strong>cum</strong></span> <span class='ocrx_word' id='word_1_363' title='bbox 2034 2655 2086 2703; x_wconf 90' lang='lat' dir='ltr'><strong>et</strong></span> <span class='ocrx_word' id='word_1_364' title='bbox 2129 2646 2308 2703; x_wconf 90' lang='lat' dir='ltr'><strong>eundo</strong></span> <span class='ocrx_word' id='word_1_365' title='bbox 2363 2642 2706 2702; x_wconf 79' lang='lat' dir='ltr'><strong>Hierusalem</strong></span> <span class='ocrx_word' id='word_1_366' title='bbox 2762 2650 3104 2721; x_wconf 82' lang='lat' dir='ltr'><strong>peregrinari</strong></span> <span class='ocrx_word' id='word_1_367' title='bbox 3161 2650 3477 2721; x_wconf 83' lang='lat' dir='ltr'><strong>praeciperet</strong></span> 
     </span>
    </p>
   </div>
   <div class='ocr_carea' id='block_1_56' title="bbox 1880 2734 3475 2809">
    <p class='ocr_par' dir='ltr' id='par_1_56' title="bbox 1880 2734 3475 2809">
     <span class='ocr_line' id='line_1_56' title="bbox 1880 2734 3475 2809; baseline 0.003 -19"><span class='ocrx_word' id='word_1_368' title='bbox 1880 2735 2051 2800; x_wconf 88' lang='lat' dir='ltr'><strong>laicis,</strong></span> <span class='ocrx_word' id='word_1_369' title='bbox 2087 2743 2139 2791; x_wconf 92' lang='lat' dir='ltr'><strong>et</strong></span> <span class='ocrx_word' id='word_1_370' title='bbox 2169 2734 2344 2806; x_wconf 88' lang='lat' dir='ltr'><strong>ipsam</strong></span> <span class='ocrx_word' id='word_1_371' title='bbox 2373 2735 2868 2807; x_wconf 87' lang='lat' dir='ltr'><strong>peregrinationem</strong></span> <span class='ocrx_word' id='word_1_372' title='bbox 2903 2739 3182 2794; x_wconf 83' lang='lat' dir='ltr'><strong>monachis</strong></span> <span class='ocrx_word' id='word_1_373' title='bbox 3210 2739 3475 2809; x_wconf 91' lang='lat' dir='ltr'><strong>prohibe-</strong></span> 
     </span>
    </p>
   </div>
   <div class='ocr_carea' id='block_1_57' title="bbox 1880 2823 3477 2899">
    <p class='ocr_par' dir='ltr' id='par_1_57' title="bbox 1880 2823 3477 2899">
     <span class='ocr_line' id='line_1_57' title="bbox 1880 2823 3477 2899; baseline 0.001 -20"><span class='ocrx_word' id='word_1_374' title='bbox 1880 2832 1988 2880; x_wconf 89' lang='lat' dir='ltr'><strong>ret.</strong></span> <span class='ocrx_word' id='word_1_375' title='bbox 2026 2824 2130 2881; x_wconf 91' lang='lat' dir='ltr'><strong>Ubi</strong></span> <span class='ocrx_word' id='word_1_376' title='bbox 2155 2831 2378 2880; x_wconf 82' lang='lat' dir='ltr'><strong>sanctus</strong></span> <span class='ocrx_word' id='word_1_377' title='bbox 2406 2823 2733 2880; x_wconf 86' lang='lat' dir='ltr'><strong>Benedictus</strong></span> <span class='ocrx_word' id='word_1_378' title='bbox 2763 2826 2831 2881; x_wconf 91' lang='lat' dir='ltr'><strong>de</strong></span> <span class='ocrx_word' id='word_1_379' title='bbox 2856 2826 3166 2899; x_wconf 87' lang='lat' dir='ltr'><strong>peregrinis</strong></span> <span class='ocrx_word' id='word_1_380' title='bbox 3190 2827 3477 2883; x_wconf 87' lang='lat' dir='ltr'><strong>monachis</strong></span> 
     </span>
    </p>
   </div>
   <div class='ocr_carea' id='block_1_58' title="bbox 1878 2912 3477 2988">
    <p class='ocr_par' dir='ltr' id='par_1_58' title="bbox 1878 2912 3477 2988">
     <span class='ocr_line' id='line_1_58' title="bbox 1878 2912 3477 2988; baseline 0.002 -19"><span class='ocrx_word' id='word_1_381' title='bbox 1878 2914 2209 2969; x_wconf 89' lang='lat' dir='ltr'><strong>mentionem</strong></span> <span class='ocrx_word' id='word_1_382' title='bbox 2243 2912 2388 2979; x_wconf 87' lang='lat' dir='ltr'><strong>facit,</strong></span> <span class='ocrx_word' id='word_1_383' title='bbox 2447 2913 2514 2967; x_wconf 92' lang='lat' dir='ltr'><strong>de</strong></span> <span class='ocrx_word' id='word_1_384' title='bbox 2545 2912 2650 2967; x_wconf 92' lang='lat' dir='ltr'><strong>illis</strong></span> <span class='ocrx_word' id='word_1_385' title='bbox 2696 2914 2936 2987; x_wconf 88' lang='lat' dir='ltr'><strong>loquitur</strong></span> <span class='ocrx_word' id='word_1_386' title='bbox 2992 2917 3083 2988; x_wconf 89' lang='lat' dir='ltr'><strong>qui</strong></span> <span class='ocrx_word' id='word_1_387' title='bbox 3112 2932 3180 2973; x_wconf 91' lang='lat' dir='ltr'><strong>eo</strong></span> <span class='ocrx_word' id='word_1_388' title='bbox 3232 2925 3477 2988; x_wconf 90' lang='lat' dir='ltr'><strong>tempore</strong></span> 
     </span>
    </p>
   </div>
   <div class='ocr_carea' id='block_1_59' title="bbox 1878 3001 3477 3073">
    <p class='ocr_par' dir='ltr' id='par_1_59' title="bbox 1878 3001 3477 3073">
     <span class='ocr_line' id='line_1_59' title="bbox 1878 3001 3477 3073; baseline 0.003 -16"><span class='ocrx_word' id='word_1_389' title='bbox 1878 3002 2082 3058; x_wconf 90' lang='lat' dir='ltr'><strong>mundo</strong></span> <span class='ocrx_word' id='word_1_390' title='bbox 2109 3002 2328 3073; x_wconf 88' lang='lat' dir='ltr'><strong>quidem</strong></span> <span class='ocrx_word' id='word_1_391' title='bbox 2358 3001 2752 3067; x_wconf 86' lang='lat' dir='ltr'><strong>renuntiabant,</strong></span> <span class='ocrx_word' id='word_1_392' title='bbox 2799 3005 2997 3060; x_wconf 84' lang='lat' dir='ltr'><strong>sesein</strong></span> <span class='ocrx_word' id='word_1_393' title='bbox 3051 3006 3269 3061; x_wconf 90' lang='lat' dir='ltr'><strong>Domini</strong></span> <span class='ocrx_word' id='word_1_394' title='bbox 3298 3007 3477 3064; x_wconf 86' lang='lat' dir='ltr'><strong>servi-</strong></span> 
     </span>
    </p>
   </div>
   <div class='ocr_carea' id='block_1_60' title="bbox 1879 3088 3479 3167">
    <p class='ocr_par' dir='ltr' id='par_1_60' title="bbox 1879 3088 3479 3167">
     <span class='ocr_line' id='line_1_60' title="bbox 1879 3088 3479 3167; baseline 0.003 -21"><span class='ocrx_word' id='word_1_395' title='bbox 1879 3088 2620 3162; x_wconf 82' lang='lat' dir='ltr'><strong>tutemprotitentes,nullam</strong></span> <span class='ocrx_word' id='word_1_396' title='bbox 2651 3092 2806 3161; x_wconf 85' lang='lat'><strong>138</strong></span> <span class='ocrx_word' id='word_1_397' title='bbox 2867 3100 3045 3148; x_wconf 86' lang='lat' dir='ltr'><strong>tamen</strong></span> <span class='ocrx_word' id='word_1_398' title='bbox 3102 3110 3202 3149; x_wconf 87' lang='lat' dir='ltr'><strong>sua</strong></span> <span class='ocrx_word' id='word_1_399' title='bbox 3267 3095 3479 3167; x_wconf 84' lang='lat' dir='ltr'><strong>profes-</strong></span> 
     </span>
    </p>
   </div>
   <div class='ocr_carea' id='block_1_61' title="bbox 1881 3178 3477 3256">
    <p class='ocr_par' dir='ltr' id='par_1_61' title="bbox 1881 3178 3477 3256">
     <span class='ocr_line' id='line_1_61' title="bbox 1881 3178 3477 3256; baseline 0.002 -20"><span class='ocrx_word' id='word_1_400' title='bbox 1881 3180 2034 3236; x_wconf 88' lang='lat' dir='ltr'><strong>sione</strong></span> <span class='ocrx_word' id='word_1_401' title='bbox 2062 3179 2261 3236; x_wconf 88' lang='lat' dir='ltr'><strong>alicubi</strong></span> <span class='ocrx_word' id='word_1_402' title='bbox 2290 3178 2566 3235; x_wconf 75' lang='lat' dir='ltr'><strong>timentes</strong></span> <span class='ocrx_word' id='word_1_403' title='bbox 2623 3180 2991 3235; x_wconf 89' lang='lat' dir='ltr'><strong>stabilitatem.</strong></span> <span class='ocrx_word' id='word_1_404' title='bbox 3047 3182 3159 3238; x_wconf 88' lang='lat' dir='ltr'><strong>Eos</strong></span> <span class='ocrx_word' id='word_1_405' title='bbox 3188 3198 3338 3252; x_wconf 91' lang='lat' dir='ltr'><strong>vero,</strong></span> <span class='ocrx_word' id='word_1_406' title='bbox 3385 3184 3477 3256; x_wconf 92' lang='lat' dir='ltr'><strong>qui</strong></span> 
     </span>
    </p>
   </div>
   <div class='ocr_carea' id='block_1_62' title="bbox 173 3262 3475 3360">
    <p class='ocr_par' dir='ltr' id='par_1_62' title="bbox 173 3262 3475 3360">
     <span class='ocr_line' id='line_1_62' title="bbox 173 3262 3475 3360; baseline -0.001 -17"><span class='ocrx_word' id='word_1_407' title='bbox 173 3288 332 3358; x_wconf 87' lang='lat' dir='ltr'><strong>ritas,</strong></span> <span class='ocrx_word' id='word_1_408' title='bbox 389 3262 519 3343; x_wconf 78' lang='lat' dir='ltr'><strong>velit</strong></span> <span class='ocrx_word' id='word_1_409' title='bbox 573 3286 726 3354; x_wconf 89' lang='lat' dir='ltr'><strong>nolit,</strong></span> <span class='ocrx_word' id='word_1_410' title='bbox 786 3286 1026 3360; x_wconf 89' lang='lat' dir='ltr'><strong>quandiu</strong></span> <span class='ocrx_word' id='word_1_411' title='bbox 1081 3287 1292 3353; x_wconf 86' lang='lat' dir='ltr'><strong>vixero,</strong></span> <span class='ocrx_word' id='word_1_412' title='bbox 1324 3262 1516 3343; x_wconf 46' lang='lat' dir='ltr'><strong>&quot;certis</strong></span> <span class='ocrx_word' id='word_1_413' title='bbox 1554 3262 1769 3343; x_wconf 75' lang='lat' dir='ltr'><strong>indiciis</strong></span> <span class='ocrx_word' id='word_1_414' title='bbox 1800 3262 2029 3360; x_wconf 55' lang='grc' dir='ltr'><strong>(ἔρεξ’ιο</strong></span> <span class='ocrx_word' id='word_1_415' title='bbox 2059 3267 2263 3324; x_wconf 76' lang='lat' dir='ltr'><strong>inloco</strong></span> <span class='ocrx_word' id='word_1_416' title='bbox 2295 3267 2638 3360; x_wconf 56' lang='grc' dir='ltr'><strong>ριζοῦιεξιιμτι</strong></span> <span class='ocrx_word' id='word_1_417' title='bbox 2691 3268 2784 3360; x_wconf 70' lang='grc' dir='ltr'><strong>ιιΡί</strong></span> <span class='ocrx_word' id='word_1_418' title='bbox 2839 3269 3072 3360; x_wconf 76' lang='lat' dir='ltr'><strong>professi</strong></span> <span class='ocrx_word' id='word_1_419' title='bbox 3119 3279 3261 3340; x_wconf 74' lang='lat' dir='ltr'><strong>sunt.</strong></span> <span class='ocrx_word' id='word_1_420' title='bbox 3290 3273 3475 3327; x_wconf 79' lang='lat' dir='ltr'><strong>etba-</strong></span> 
     </span>
    </p>
   </div>
   <div class='ocr_carea' id='block_1_63' title="bbox 173 3375 1766 3448">
    <p class='ocr_par' dir='ltr' id='par_1_63' title="bbox 173 3375 1766 3448">
     <span class='ocr_line' id='line_1_63' title="bbox 173 3375 1766 3448; baseline 0.001 -18"><span class='ocrx_word' id='word_1_421' title='bbox 173 3375 377 3448; x_wconf 90' lang='lat' dir='ltr'><strong>poterit</strong></span> <span class='ocrx_word' id='word_1_422' title='bbox 406 3375 706 3447; x_wconf 88' lang='lat' dir='ltr'><strong>approbare</strong></span> <span class='ocrx_word' id='word_1_423' title='bbox 737 3392 895 3446; x_wconf 89' lang='lat' dir='ltr'><strong>quam</strong></span> <span class='ocrx_word' id='word_1_424' title='bbox 945 3391 1086 3446; x_wconf 90' lang='lat' dir='ltr'><strong>pura</strong></span> <span class='ocrx_word' id='word_1_425' title='bbox 1141 3375 1406 3431; x_wconf 88' lang='lat' dir='ltr'><strong>charitate</strong></span> <span class='ocrx_word' id='word_1_426' title='bbox 1441 3390 1539 3431; x_wconf 92' lang='lat' dir='ltr'><strong>vos</strong></span> <span class='ocrx_word' id='word_1_427' title='bbox 1571 3375 1766 3447; x_wconf 87' lang='lat' dir='ltr'><strong>diligo.</strong></span> 
     </span>
    </p>
   </div>
   <div class='ocr_carea' id='block_1_64' title="bbox 176 3463 1775 3536">
    <p class='ocr_par' dir='ltr' id='par_1_64' title="bbox 176 3463 1775 3536">
     <span class='ocr_line' id='line_1_64' title="bbox 176 3463 1775 3536; baseline 0 -17"><span class='ocrx_word' id='word_1_428' title='bbox 176 3465 315 3519; x_wconf 89' lang='lat' dir='ltr'><strong>Cum</strong></span> <span class='ocrx_word' id='word_1_429' title='bbox 339 3479 468 3535; x_wconf 91' lang='lat' dir='ltr'><strong>quo,</strong></span> <span class='ocrx_word' id='word_1_430' title='bbox 500 3464 545 3518; x_wconf 92' lang='lat' dir='ltr'><strong>si</strong></span> <span class='ocrx_word' id='word_1_431' title='bbox 566 3464 867 3521; x_wconf 86' lang='lat' dir='ltr'><strong>necessitas</strong></span> <span class='ocrx_word' id='word_1_432' title='bbox 896 3464 1086 3536; x_wconf 85' lang='lat' dir='ltr'><strong>exigit,</strong></span> <span class='ocrx_word' id='word_1_433' title='bbox 1112 3472 1164 3519; x_wconf 89' lang='lat' dir='ltr'><strong>et</strong></span> <span class='ocrx_word' id='word_1_434' title='bbox 1197 3464 1582 3520; x_wconf 88' lang='lat' dir='ltr'><strong>adversitatem</strong></span> <span class='ocrx_word' id='word_1_435' title='bbox 1614 3463 1775 3519; x_wconf 86' lang='lat' dir='ltr'><strong>susti-</strong></span> 
     </span>
    </p>
   </div>
   <div class='ocr_carea' id='block_1_65' title="bbox 173 3552 1778 3626">
    <p class='ocr_par' dir='ltr' id='par_1_65' title="bbox 173 3552 1778 3626">
     <span class='ocr_line' id='line_1_65' title="bbox 173 3552 1778 3626; baseline 0.001 -18"><span class='ocrx_word' id='word_1_436' title='bbox 173 3567 311 3609; x_wconf 88' lang='lat' dir='ltr'><strong>nere</strong></span> <span class='ocrx_word' id='word_1_437' title='bbox 343 3553 521 3619; x_wconf 61' lang='lat' dir='ltr'><strong>laetor,</strong></span> <span class='ocrx_word' id='word_1_438' title='bbox 552 3561 605 3609; x_wconf 92' lang='lat' dir='ltr'><strong>et</strong></span> <span class='ocrx_word' id='word_1_439' title='bbox 635 3552 751 3609; x_wconf 85' lang='lat' dir='ltr'><strong>sine</strong></span> <span class='ocrx_word' id='word_1_440' title='bbox 782 3569 890 3626; x_wconf 93' lang='lat' dir='ltr'><strong>quo</strong></span> <span class='ocrx_word' id='word_1_441' title='bbox 942 3552 1363 3625; x_wconf 84' lang='lat' dir='ltr'><strong>prosperitatem</strong></span> <span class='ocrx_word' id='word_1_442' title='bbox 1422 3554 1623 3610; x_wconf 89' lang='lat' dir='ltr'><strong>habere</strong></span> <span class='ocrx_word' id='word_1_443' title='bbox 1665 3569 1778 3610; x_wconf 87' lang='lat' dir='ltr'><strong>non</strong></span> 
     </span>
    </p>
   </div>
   <div class='ocr_carea' id='block_1_66' title="bbox 179 3642 453 3699">
    <p class='ocr_par' dir='ltr' id='par_1_66' title="bbox 179 3642 453 3699">
     <span class='ocr_line' id='line_1_66' title="bbox 179 3642 453 3699; baseline -0.011 0"><span class='ocrx_word' id='word_1_444' title='bbox 179 3642 453 3699; x_wconf 90' lang='lat' dir='ltr'><strong>delector.</strong></span> 
     </span>
    </p>
   </div>
   <div class='ocr_carea' id='block_1_67' title="bbox 726 3729 1263 3787">
    <p class='ocr_par' dir='ltr' id='par_1_67' title="bbox 726 3729 1263 3787">
     <span class='ocr_line' id='line_1_67' title="bbox 726 3729 1263 3787; baseline 0.004 -2"><span class='ocrx_word' id='word_1_445' title='bbox 726 3729 1075 3786; x_wconf 75' lang='lat' dir='ltr'><strong>EPISTOLA</strong></span> <span class='ocrx_word' id='word_1_446' title='bbox 1106 3731 1234 3786; x_wconf 82' lang='lat' dir='ltr'><strong>XIX</strong></span> <span class='ocrx_word' id='word_1_447' title='bbox 1248 3773 1263 3787; x_wconf 91' lang='lat'><strong>.</strong></span> 
     </span>
    </p>
   </div>
   <div class='ocr_carea' id='block_1_68' title="bbox 180 3837 1775 3911">
    <p class='ocr_par' dir='ltr' id='par_1_68' title="bbox 180 3837 1775 3911">
     <span class='ocr_line' id='line_1_68' title="bbox 180 3837 1775 3911; baseline -0.001 -14"><span class='ocrx_word' id='word_1_448' title='bbox 180 3841 461 3898; x_wconf 86' lang='lat' dir='ltr'><strong>Bernerio</strong></span> <span class='ocrx_word' id='word_1_449' title='bbox 490 3841 620 3896; x_wconf 72' lang='lat' dir='ltr'><strong>vitm</strong></span> <span class='ocrx_word' id='word_1_450' title='bbox 665 3837 966 3894; x_wconf 79' lang='lat' dir='ltr'><strong>laudabilis</strong></span> <span class='ocrx_word' id='word_1_451' title='bbox 995 3840 1204 3906; x_wconf 83' lang='lat' dir='ltr'><strong>abbati,</strong></span> <span class='ocrx_word' id='word_1_452' title='bbox 1241 3840 1428 3911; x_wconf 79' lang='lat' dir='ltr'><strong>frater</strong></span> <span class='ocrx_word' id='word_1_453' title='bbox 1474 3838 1775 3911; x_wconf 69' lang='lat' dir='ltr'><strong>(lo/frictus,</strong></span> 
     </span>
    </p>
   </div>
   <div class='ocr_carea' id='block_1_69' title="bbox 597 3928 1349 3984">
    <p class='ocr_par' dir='ltr' id='par_1_69' title="bbox 597 3928 1349 3984">
     <span class='ocr_line' id='line_1_69' title="bbox 597 3928 1349 3984; baseline 0 -1"><span class='ocrx_word' id='word_1_454' title='bbox 597 3929 847 3984; x_wconf 72' lang='lat' dir='ltr'><strong>salutem</strong></span> <span class='ocrx_word' id='word_1_455' title='bbox 876 3931 931 3983; x_wconf 83' lang='lat' dir='ltr'><strong>et</strong></span> <span class='ocrx_word' id='word_1_456' title='bbox 961 3928 1349 3984; x_wconf 75' lang='lat' dir='ltr'><strong>dilectionem.</strong></span> 
     </span>
    </p>
   </div>
   <div class='ocr_carea' id='block_1_70' title="bbox 249 4043 1778 4117">
    <p class='ocr_par' dir='ltr' id='par_1_70' title="bbox 249 4043 1778 4117">
     <span class='ocr_line' id='line_1_70' title="bbox 249 4043 1778 4117; baseline -0.002 -14"><span class='ocrx_word' id='word_1_457' title='bbox 249 4045 545 4112; x_wconf 89' lang='lat' dir='ltr'><strong>Noveritis,</strong></span> <span class='ocrx_word' id='word_1_458' title='bbox 606 4044 751 4117; x_wconf 88' lang='lat' dir='ltr'><strong>quod</strong></span> <span class='ocrx_word' id='word_1_459' title='bbox 807 4051 983 4099; x_wconf 90' lang='lat' dir='ltr'><strong>tamen</strong></span> <span class='ocrx_word' id='word_1_460' title='bbox 1040 4043 1196 4099; x_wconf 88' lang='lat' dir='ltr'><strong>vobis</strong></span> <span class='ocrx_word' id='word_1_461' title='bbox 1224 4044 1277 4097; x_wconf 93' lang='lat' dir='ltr'><strong>in</strong></span> <span class='ocrx_word' id='word_1_462' title='bbox 1332 4060 1462 4100; x_wconf 86' lang='lat' dir='ltr'><strong>aure</strong></span> <span class='ocrx_word' id='word_1_463' title='bbox 1485 4043 1626 4109; x_wconf 89' lang='lat' dir='ltr'><strong>dico,</strong></span> <span class='ocrx_word' id='word_1_464' title='bbox 1660 4044 1778 4100; x_wconf 90' lang='lat' dir='ltr'><strong>Deo</strong></span> 
     </span>
    </p>
   </div>
   <div class='ocr_carea' id='block_1_71' title="bbox 178 4131 1776 4203">
    <p class='ocr_par' dir='ltr' id='par_1_71' title="bbox 178 4131 1776 4203">
     <span class='ocr_line' id='line_1_71' title="bbox 178 4131 1776 4203; baseline -0.002 -14"><span class='ocrx_word' id='word_1_465' title='bbox 178 4135 419 4201; x_wconf 90' lang='lat' dir='ltr'><strong>volente,</strong></span> <span class='ocrx_word' id='word_1_466' title='bbox 454 4149 541 4188; x_wconf 92' lang='lat' dir='ltr'><strong>me</strong></span> <span class='ocrx_word' id='word_1_467' title='bbox 572 4132 640 4188; x_wconf 89' lang='lat' dir='ltr'><strong>ad</strong></span> <span class='ocrx_word' id='word_1_468' title='bbox 672 4147 913 4203; x_wconf 66' lang='lat' dir='ltr'><strong>praisens</strong></span> <span class='ocrx_word' id='word_1_469' title='bbox 969 4132 1201 4187; x_wconf 85' lang='lat' dir='ltr'><strong>Romam</strong></span> <span class='ocrx_word' id='word_1_470' title='bbox 1256 4131 1460 4187; x_wconf 90' lang='lat' dir='ltr'><strong>iturum</strong></span> <span class='ocrx_word' id='word_1_471' title='bbox 1493 4149 1504 4186; x_wconf 88' lang='lat'><strong>:</strong></span> <span class='ocrx_word' id='word_1_472' title='bbox 1546 4131 1644 4186; x_wconf 91' lang='lat' dir='ltr'><strong>sed</strong></span> <span class='ocrx_word' id='word_1_473' title='bbox 1677 4147 1776 4186; x_wconf 92' lang='lat' dir='ltr'><strong>nec</strong></span> 
     </span>
    </p>
   </div>
   <div class='ocr_carea' id='block_1_72' title="bbox 176 4220 1776 4293">
    <p class='ocr_par' dir='ltr' id='par_1_72' title="bbox 176 4220 1776 4293">
     <span class='ocr_line' id='line_1_72' title="bbox 176 4220 1776 4293; baseline -0.002 -14"><span class='ocrx_word' id='word_1_474' title='bbox 176 4223 381 4279; x_wconf 89' lang='lat' dir='ltr'><strong>mulam</strong></span> <span class='ocrx_word' id='word_1_475' title='bbox 410 4222 611 4288; x_wconf 87' lang='lat' dir='ltr'><strong>habeo,</strong></span> <span class='ocrx_word' id='word_1_476' title='bbox 644 4237 747 4276; x_wconf 92' lang='lat' dir='ltr'><strong>nec</strong></span> <span class='ocrx_word' id='word_1_477' title='bbox 776 4220 1009 4283; x_wconf 84' lang='lat' dir='ltr'><strong>mulum;</strong></span> <span class='ocrx_word' id='word_1_478' title='bbox 1034 4228 1087 4275; x_wconf 91' lang='lat' dir='ltr'><strong>et</strong></span> <span class='ocrx_word' id='word_1_479' title='bbox 1116 4220 1241 4293; x_wconf 91' lang='lat' dir='ltr'><strong>quia</strong></span> <span class='ocrx_word' id='word_1_480' title='bbox 1262 4236 1360 4275; x_wconf 83' lang='lat' dir='ltr'><strong>vos</strong></span> <span class='ocrx_word' id='word_1_481' title='bbox 1390 4221 1591 4277; x_wconf 90' lang='lat' dir='ltr'><strong>habere</strong></span> <span class='ocrx_word' id='word_1_482' title='bbox 1612 4220 1776 4276; x_wconf 90' lang='lat' dir='ltr'><strong>credo</strong></span> 
     </span>
    </p>
   </div>
   <div class='ocr_carea' id='block_1_73' title="bbox 178 4308 1778 4386">
    <p class='ocr_par' dir='ltr' id='par_1_73' title="bbox 178 4308 1778 4386">
     <span class='ocr_line' id='line_1_73' title="bbox 178 4308 1778 4386; baseline -0.003 -18"><span class='ocrx_word' id='word_1_483' title='bbox 178 4313 328 4386; x_wconf 89' lang='lat' dir='ltr'><strong>quod</strong></span> <span class='ocrx_word' id='word_1_484' title='bbox 357 4327 464 4384; x_wconf 83' lang='lat' dir='ltr'><strong>ego</strong></span> <span class='ocrx_word' id='word_1_485' title='bbox 492 4326 602 4366; x_wconf 89' lang='lat' dir='ltr'><strong>non</strong></span> <span class='ocrx_word' id='word_1_486' title='bbox 648 4310 846 4377; x_wconf 91' lang='lat' dir='ltr'><strong>habeo,</strong></span> <span class='ocrx_word' id='word_1_487' title='bbox 872 4308 1146 4365; x_wconf 88' lang='lat' dir='ltr'><strong>humiliter</strong></span> <span class='ocrx_word' id='word_1_488' title='bbox 1192 4310 1435 4381; x_wconf 88' lang='lat' dir='ltr'><strong>supplico</strong></span> <span class='ocrx_word' id='word_1_489' title='bbox 1479 4318 1535 4365; x_wconf 91' lang='lat' dir='ltr'><strong>ut</strong></span> <span class='ocrx_word' id='word_1_490' title='bbox 1577 4308 1778 4365; x_wconf 88' lang='lat' dir='ltr'><strong>animal</strong></span> 
     </span>
    </p>
   </div>
   <div class='ocr_carea' id='block_1_74' title="bbox 176 4398 1775 4473">
    <p class='ocr_par' dir='ltr' id='par_1_74' title="bbox 176 4398 1775 4473">
     <span class='ocr_line' id='line_1_74' title="bbox 176 4398 1775 4473; baseline -0.002 -17"><span class='ocrx_word' id='word_1_491' title='bbox 176 4411 471 4473; x_wconf 88' lang='lat' dir='ltr'><strong>utrumque</strong></span> <span class='ocrx_word' id='word_1_492' title='bbox 500 4399 633 4455; x_wconf 90' lang='lat' dir='ltr'><strong>mihi</strong></span> <span class='ocrx_word' id='word_1_493' title='bbox 654 4398 942 4470; x_wconf 66' lang='lat' dir='ltr'><strong>praestatis,</strong></span> <span class='ocrx_word' id='word_1_494' title='bbox 1001 4407 1095 4453; x_wconf 87' lang='lat' dir='ltr'><strong>aut</strong></span> <span class='ocrx_word' id='word_1_495' title='bbox 1123 4415 1309 4461; x_wconf 88' lang='lat' dir='ltr'><strong>unum,</strong></span> <span class='ocrx_word' id='word_1_496' title='bbox 1369 4398 1477 4465; x_wconf 90' lang='lat' dir='ltr'><strong>vel,</strong></span> <span class='ocrx_word' id='word_1_497' title='bbox 1511 4398 1557 4452; x_wconf 92' lang='lat' dir='ltr'><strong>si</strong></span> <span class='ocrx_word' id='word_1_498' title='bbox 1579 4398 1775 4469; x_wconf 86' lang='lat' dir='ltr'><strong>placet,</strong></span> 
     </span>
    </p>
   </div>
   <div class='ocr_carea' id='block_1_75' title="bbox 181 4486 1779 4558">
    <p class='ocr_par' dir='ltr' id='par_1_75' title="bbox 181 4486 1779 4558">
     <span class='ocr_line' id='line_1_75' title="bbox 181 4486 1779 4558; baseline -0.004 -11"><span class='ocrx_word' id='word_1_499' title='bbox 181 4497 455 4546; x_wconf 87' lang='lat' dir='ltr'><strong>neutrum.</strong></span> <span class='ocrx_word' id='word_1_500' title='bbox 486 4487 606 4543; x_wconf 90' lang='lat' dir='ltr'><strong>Non</strong></span> <span class='ocrx_word' id='word_1_501' title='bbox 635 4496 820 4542; x_wconf 89' lang='lat' dir='ltr'><strong>tamen</strong></span> <span class='ocrx_word' id='word_1_502' title='bbox 865 4487 988 4541; x_wconf 80' lang='lat' dir='ltr'><strong>ideo</strong></span> <span class='ocrx_word' id='word_1_503' title='bbox 1018 4488 1085 4540; x_wconf 89' lang='lat' dir='ltr'><strong>de</strong></span> <span class='ocrx_word' id='word_1_504' title='bbox 1143 4487 1375 4543; x_wconf 88' lang='lat' dir='ltr'><strong>amicitia</strong></span> <span class='ocrx_word' id='word_1_505' title='bbox 1432 4487 1629 4550; x_wconf 90' lang='lat' dir='ltr'><strong>minus,</strong></span> <span class='ocrx_word' id='word_1_506' title='bbox 1655 4486 1779 4558; x_wconf 89' lang='lat' dir='ltr'><strong>quia</strong></span> 
     </span>
    </p>
   </div>
   <div class='ocr_carea' id='block_1_76' title="bbox 181 4574 1774 4648">
    <p class='ocr_par' dir='ltr' id='par_1_76' title="bbox 181 4574 1774 4648">
     <span class='ocr_line' id='line_1_76' title="bbox 181 4574 1774 4648; baseline -0.003 -15"><span class='ocrx_word' id='word_1_507' title='bbox 181 4594 283 4633; x_wconf 88' lang='lat' dir='ltr'><strong>vos</strong></span> <span class='ocrx_word' id='word_1_508' title='bbox 312 4582 538 4648; x_wconf 86' lang='lat' dir='ltr'><strong>propter</strong></span> <span class='ocrx_word' id='word_1_509' title='bbox 566 4582 748 4633; x_wconf 88' lang='lat' dir='ltr'><strong>vestra</strong></span> <span class='ocrx_word' id='word_1_510' title='bbox 778 4590 887 4629; x_wconf 90' lang='lat' dir='ltr'><strong>non</strong></span> <span class='ocrx_word' id='word_1_511' title='bbox 915 4574 1103 4646; x_wconf 86' lang='lat' dir='ltr'><strong>diligo,</strong></span> <span class='ocrx_word' id='word_1_512' title='bbox 1134 4574 1232 4631; x_wconf 90' lang='lat' dir='ltr'><strong>sed</strong></span> <span class='ocrx_word' id='word_1_513' title='bbox 1262 4583 1487 4646; x_wconf 89' lang='lat' dir='ltr'><strong>propter</strong></span> <span class='ocrx_word' id='word_1_514' title='bbox 1531 4583 1774 4632; x_wconf 86' lang='lat' dir='ltr'><strong>vosmet-</strong></span> 
     </span>
    </p>
   </div>
   <div class='ocr_carea' id='block_1_77' title="bbox 178 4668 385 4739">
    <p class='ocr_par' dir='ltr' id='par_1_77' title="bbox 178 4668 385 4739">
     <span class='ocr_line' id='line_1_77' title="bbox 178 4668 385 4739; baseline -0.014 -17"><span class='ocrx_word' id='word_1_515' title='bbox 178 4668 358 4739; x_wconf 90' lang='lat' dir='ltr'><strong>ipsum</strong></span> <span class='ocrx_word' id='word_1_516' title='bbox 372 4706 385 4720; x_wconf 95' lang='lat'><strong>.</strong></span> 
     </span>
    </p>
   </div>
   <div class='ocr_carea' id='block_1_78' title="bbox 734 4751 1232 4808">
    <p class='ocr_par' dir='ltr' id='par_1_78' title="bbox 734 4751 1232 4808">
     <span class='ocr_line' id='line_1_78' title="bbox 734 4751 1232 4808; baseline -0.002 -2"><span class='ocrx_word' id='word_1_517' title='bbox 734 4751 1073 4808; x_wconf 85' lang='lat' dir='ltr'><strong>EPISTOLA</strong></span> <span class='ocrx_word' id='word_1_518' title='bbox 1102 4752 1205 4805; x_wconf 81' lang='grc' dir='ltr'>ΧΧ</span> <span class='ocrx_word' id='word_1_519' title='bbox 1220 4793 1232 4805; x_wconf 96' lang='grc'><strong><em>.</em></strong></span> 
     </span>
    </p>
   </div>
   <div class='ocr_carea' id='block_1_79' title="bbox 182 4857 1777 4930">
    <p class='ocr_par' dir='ltr' id='par_1_79' title="bbox 182 4857 1777 4930">
     <span class='ocr_line' id='line_1_79' title="bbox 182 4857 1777 4930; baseline -0.003 -11"><span class='ocrx_word' id='word_1_520' title='bbox 182 4863 374 4919; x_wconf 78' lang='lat' dir='ltr'><strong>Amico</strong></span> <span class='ocrx_word' id='word_1_521' title='bbox 395 4875 495 4916; x_wconf 88' lang='lat' dir='ltr'><strong>suo</strong></span> <span class='ocrx_word' id='word_1_522' title='bbox 512 4860 861 4923; x_wconf 83' lang='lat' dir='ltr'><strong>eharissimo,</strong></span> <span class='ocrx_word' id='word_1_523' title='bbox 883 4857 1165 4915; x_wconf 86' lang='lat' dir='ltr'><strong>Bernardo</strong></span> <span class='ocrx_word' id='word_1_524' title='bbox 1181 4859 1364 4914; x_wconf 88' lang='lat' dir='ltr'><strong>abbati</strong></span> <span class='ocrx_word' id='word_1_525' title='bbox 1384 4858 1532 4930; x_wconf 63' lang='lat'><strong>(307)</strong></span> <span class='ocrx_word' id='word_1_526' title='bbox 1549 4858 1602 4914; x_wconf 88' lang='lat' dir='ltr'><strong>S.</strong></span> <span class='ocrx_word' id='word_1_527' title='bbox 1629 4861 1777 4915; x_wconf 87' lang='lat' dir='ltr'><strong>Lau-</strong></span> 
     </span>
    </p>
   </div>
   <div class='ocr_carea' id='block_1_80' title="bbox 251 4955 1774 5029">
    <p class='ocr_par' dir='ltr' id='par_1_80' title="bbox 251 4955 1774 5029">
     <span class='ocr_line' id='line_1_80' title="bbox 251 4955 1774 5029; baseline -0.003 -14"><span class='ocrx_word' id='word_1_528' title='bbox 251 4959 498 5024; x_wconf 85' lang='lat' dir='ltr'><strong>nomari,</strong></span> <span class='ocrx_word' id='word_1_529' title='bbox 525 4957 813 5029; x_wconf 78' lang='lat' dir='ltr'><strong>Gof/ridus</strong></span> <span class='ocrx_word' id='word_1_530' title='bbox 845 4955 1273 5013; x_wconf 81' lang='lat' dir='ltr'><strong>Vindocinensis</strong></span> <span class='ocrx_word' id='word_1_531' title='bbox 1293 4957 1630 5012; x_wconf 83' lang='lat' dir='ltr'><strong>monasterii</strong></span> <span class='ocrx_word' id='word_1_532' title='bbox 1665 4955 1774 5011; x_wconf 84' lang='lat' dir='ltr'><strong>hu-</strong></span> 
     </span>
    </p>
   </div>
   <div class='ocr_carea' id='block_1_81' title="bbox 247 5047 911 5115">
    <p class='ocr_par' dir='ltr' id='par_1_81' title="bbox 247 5047 911 5115">
     <span class='ocr_line' id='line_1_81' title="bbox 247 5047 911 5115; baseline -0.006 -10"><span class='ocrx_word' id='word_1_533' title='bbox 247 5048 404 5105; x_wconf 85' lang='lat' dir='ltr'><strong>milis</strong></span> <span class='ocrx_word' id='word_1_534' title='bbox 417 5048 604 5115; x_wconf 87' lang='lat' dir='ltr'><strong>abbas,</strong></span> <span class='ocrx_word' id='word_1_535' title='bbox 639 5047 884 5102; x_wconf 79' lang='lat' dir='ltr'><strong>salutem</strong></span> <span class='ocrx_word' id='word_1_536' title='bbox 898 5087 911 5100; x_wconf 94' lang='lat'><strong>.</strong></span> 
     </span>
    </p>
   </div>
   <div class='ocr_carea' id='block_1_82' title="bbox 248 5157 1775 5231">
    <p class='ocr_par' dir='ltr' id='par_1_82' title="bbox 248 5157 1775 5231">
     <span class='ocr_line' id='line_1_82' title="bbox 248 5157 1775 5231; baseline -0.004 -13"><span class='ocrx_word' id='word_1_537' title='bbox 248 5161 489 5218; x_wconf 85' lang='lat' dir='ltr'><strong>Fratrem</strong></span> <span class='ocrx_word' id='word_1_538' title='bbox 518 5161 679 5225; x_wconf 89' lang='lat' dir='ltr'><strong>hunc,</strong></span> <span class='ocrx_word' id='word_1_539' title='bbox 714 5174 876 5231; x_wconf 91' lang='lat' dir='ltr'><strong>quem</strong></span> <span class='ocrx_word' id='word_1_540' title='bbox 931 5157 1092 5212; x_wconf 84' lang='lat' dir='ltr'><strong>vobis</strong></span> <span class='ocrx_word' id='word_1_541' title='bbox 1150 5164 1355 5222; x_wconf 90' lang='lat' dir='ltr'><strong>notum,</strong></span> <span class='ocrx_word' id='word_1_542' title='bbox 1418 5165 1470 5211; x_wconf 90' lang='lat' dir='ltr'><strong>et</strong></span> <span class='ocrx_word' id='word_1_543' title='bbox 1527 5173 1592 5212; x_wconf 86' lang='lat' dir='ltr'><strong>ex</strong></span> <span class='ocrx_word' id='word_1_544' title='bbox 1624 5164 1775 5228; x_wconf 88' lang='lat' dir='ltr'><strong>parte</strong></span> 
     </span>
    </p>
   </div>
   <div class='ocr_carea' id='block_1_83' title="bbox 176 5241 1776 5316">
    <p class='ocr_par' dir='ltr' id='par_1_83' title="bbox 176 5241 1776 5316">
     <span class='ocr_line' id='line_1_83' title="bbox 176 5241 1776 5316; baseline -0.004 -12"><span class='ocrx_word' id='word_1_545' title='bbox 176 5247 498 5304; x_wconf 85' lang='lat' dir='ltr'><strong>familiarem</strong></span> <span class='ocrx_word' id='word_1_546' title='bbox 554 5244 896 5316; x_wconf 87' lang='lat' dir='ltr'><strong>agnovimus,</strong></span> <span class='ocrx_word' id='word_1_547' title='bbox 954 5259 1075 5299; x_wconf 89' lang='lat' dir='ltr'><strong>cum</strong></span> <span class='ocrx_word' id='word_1_548' title='bbox 1130 5241 1323 5296; x_wconf 88' lang='lat' dir='ltr'><strong>litteris</strong></span> <span class='ocrx_word' id='word_1_549' title='bbox 1353 5242 1555 5297; x_wconf 77' lang='lat' dir='ltr'><strong>uestris</strong></span> <span class='ocrx_word' id='word_1_550' title='bbox 1587 5243 1656 5298; x_wconf 91' lang='lat' dir='ltr'><strong>ad</strong></span> <span class='ocrx_word' id='word_1_551' title='bbox 1678 5258 1776 5299; x_wconf 90' lang='lat' dir='ltr'><strong>vos</strong></span> 
     </span>
    </p>
   </div>
   <div class='ocr_carea' id='block_1_84' title="bbox 254 5420 1778 5496">
    <p class='ocr_par' dir='ltr' id='par_1_84' title="bbox 254 5420 1778 5496">
     <span class='ocr_line' id='line_1_84' title="bbox 254 5420 1778 5496; baseline -0.001 -18"><span class='ocrx_word' id='word_1_552' title='bbox 254 5426 401 5496; x_wconf 79' lang='lat'><strong>(307)</strong></span> <span class='ocrx_word' id='word_1_553' title='bbox 436 5422 739 5496; x_wconf 74' lang='lat' dir='ltr'><strong>Bernardo,</strong></span> <span class='ocrx_word' id='word_1_554' title='bbox 750 5422 979 5496; x_wconf 77' lang='lat' dir='ltr'><strong>abbati.</strong></span> <span class='ocrx_word' id='word_1_555' title='bbox 1008 5422 1053 5496; x_wconf 61' lang='grc' dir='ltr'><em>Β</em></span> <span class='ocrx_word' id='word_1_556' title='bbox 1078 5422 1441 5496; x_wconf 73' lang='lat' dir='ltr'><strong>Launmnari.</strong></span> <span class='ocrx_word' id='word_1_557' title='bbox 1474 5420 1530 5496; x_wconf 85' lang='lat' dir='ltr'><strong>ld</strong></span> <span class='ocrx_word' id='word_1_558' title='bbox 1554 5421 1778 5496; x_wconf 67' lang='lat' dir='ltr'><strong>estllle-</strong></span> 
     </span>
    </p>
   </div>
   <div class='ocr_carea' id='block_1_85' title="bbox 183 5491 1772 5562">
    <p class='ocr_par' dir='ltr' id='par_1_85' title="bbox 183 5491 1772 5562">
     <span class='ocr_line' id='line_1_85' title="bbox 183 5491 1772 5562; baseline -0.003 -9"><span class='ocrx_word' id='word_1_559' title='bbox 183 5491 353 5561; x_wconf 83' lang='lat' dir='ltr'><strong>sensi,</strong></span> <span class='ocrx_word' id='word_1_560' title='bbox 384 5491 679 5561; x_wconf 69' lang='lat' dir='ltr'><strong>inscripsit</strong></span> <span class='ocrx_word' id='word_1_561' title='bbox 708 5493 808 5547; x_wconf 88' lang='lat' dir='ltr'><strong>lib.</strong></span> <span class='ocrx_word' id='word_1_562' title='bbox 847 5510 904 5561; x_wconf 86' lang='grc' dir='ltr'><strong>ιι,</strong></span> <span class='ocrx_word' id='word_1_563' title='bbox 937 5494 1101 5562; x_wconf 88' lang='lat' dir='ltr'><strong>epist.</strong></span> <span class='ocrx_word' id='word_1_564' title='bbox 1150 5495 1231 5554; x_wconf 72' lang='grc'><strong>14,</strong></span> <span class='ocrx_word' id='word_1_565' title='bbox 1289 5493 1381 5545; x_wconf 83' lang='lat' dir='ltr'><strong>Ivo</strong></span> <span class='ocrx_word' id='word_1_566' title='bbox 1427 5491 1591 5561; x_wconf 90' lang='lat' dir='ltr'><strong>epist.</strong></span> <span class='ocrx_word' id='word_1_567' title='bbox 1632 5494 1772 5549; x_wconf 73' lang='lat'><strong>172:</strong></span> 
     </span>
    </p>
   </div>
   <div class='ocr_carea' id='block_1_86' title="bbox 185 5564 1767 5625">
    <p class='ocr_par' dir='ltr' id='par_1_86' title="bbox 185 5564 1767 5625">
     <span class='ocr_line' id='line_1_86' title="bbox 185 5564 1767 5625; baseline -0.006 0"><span class='ocrx_word' id='word_1_568' title='bbox 185 5570 490 5625; x_wconf 82' lang='lat' dir='ltr'><strong>Mauricius</strong></span> <span class='ocrx_word' id='word_1_569' title='bbox 524 5565 796 5621; x_wconf 83' lang='lat' dir='ltr'><strong>Blesensis</strong></span> <span class='ocrx_word' id='word_1_570' title='bbox 839 5564 1069 5619; x_wconf 71' lang='grc' dir='ltr'><strong>οίεηοὶήὶ</strong></span> <span class='ocrx_word' id='word_1_571' title='bbox 1104 5564 1535 5619; x_wconf 80' lang='lat' dir='ltr'><strong>S.Launomari</strong></span> <span class='ocrx_word' id='word_1_572' title='bbox 1575 5564 1767 5619; x_wconf 86' lang='lat' dir='ltr'><strong>abbas.</strong></span> 
     </span>
    </p>
   </div>
   <div class='ocr_carea' id='block_1_87' title="bbox 185 5636 1364 5704">
    <p class='ocr_par' dir='ltr' id='par_1_87' title="bbox 185 5636 1364 5704">
     <span class='ocr_line' id='line_1_87' title="bbox 185 5636 1364 5704; baseline -0.007 -8"><span class='ocrx_word' id='word_1_573' title='bbox 185 5639 447 5698; x_wconf 82' lang='lat' dir='ltr'><strong>Mauricii,</strong></span> <span class='ocrx_word' id='word_1_574' title='bbox 480 5640 538 5689; x_wconf 85' lang='lat' dir='ltr'><strong>ut</strong></span> <span class='ocrx_word' id='word_1_575' title='bbox 568 5643 696 5704; x_wconf 86' lang='lat' dir='ltr'><strong>puto</strong></span> <span class='ocrx_word' id='word_1_576' title='bbox 727 5649 1011 5689; x_wconf 85' lang='lat' dir='ltr'><strong>successor</strong></span> <span class='ocrx_word' id='word_1_577' title='bbox 1040 5636 1364 5689; x_wconf 76' lang='lat' dir='ltr'><strong>Bernartius.</strong></span> 
     </span>
    </p>
   </div>
   <div class='ocr_carea' id='block_1_88' title="bbox 257 5704 1778 5777">
    <p class='ocr_par' dir='ltr' id='par_1_88' title="bbox 257 5704 1778 5777">
     <span class='ocr_line' id='line_1_88' title="bbox 257 5704 1778 5777; baseline -0.003 -12"><span class='ocrx_word' id='word_1_578' title='bbox 257 5712 405 5777; x_wconf 71' lang='lat'><strong>(308)</strong></span> <span class='ocrx_word' id='word_1_579' title='bbox 432 5706 695 5777; x_wconf 84' lang='lat' dir='ltr'><strong>Coabbati</strong></span> <span class='ocrx_word' id='word_1_580' title='bbox 716 5706 923 5777; x_wconf 81' lang='lat' dir='ltr'><strong>0doni._</strong></span> <span class='ocrx_word' id='word_1_581' title='bbox 935 5705 1149 5777; x_wconf 73' lang='lat' dir='ltr'><strong>ltlajoris</strong></span> <span class='ocrx_word' id='word_1_582' title='bbox 1172 5706 1499 5777; x_wconf 78' lang='lat' dir='ltr'><strong>Monasterii.</strong></span> <span class='ocrx_word' id='word_1_583' title='bbox 1523 5704 1612 5762; x_wconf 87' lang='lat' dir='ltr'><strong>Sic</strong></span> <span class='ocrx_word' id='word_1_584' title='bbox 1633 5705 1778 5762; x_wconf 89' lang='lat' dir='ltr'><strong>enim</strong></span> 
     </span>
    </p>
   </div>
   <div class='ocr_carea' id='block_1_89' title="bbox 185 5774 1778 5850">
    <p class='ocr_par' dir='ltr' id='par_1_89' title="bbox 185 5774 1778 5850">
     <span class='ocr_line' id='line_1_89' title="bbox 185 5774 1778 5850; baseline -0.002 -16"><span class='ocrx_word' id='word_1_585' title='bbox 185 5774 480 5839; x_wconf 54' lang='lat' dir='ltr'><strong>nostra&#39;est</strong></span> <span class='ocrx_word' id='word_1_586' title='bbox 507 5774 1144 5850; x_wconf 72' lang='lat' dir='ltr'><strong>conjectura.__0doner_n</strong></span> <span class='ocrx_word' id='word_1_587' title='bbox 1194 5776 1382 5850; x_wconf 14' lang='lat' dir='ltr'><strong>virum,</strong></span> <span class='ocrx_word' id='word_1_588' title='bbox 1420 5777 1778 5850; x_wconf 82' lang='lat' dir='ltr'><strong>religiosissi-</strong></span> 
     </span>
    </p>
   </div>
   <div class='ocr_carea' id='block_1_90' title="bbox 186 5845 1781 5923">
    <p class='ocr_par' dir='ltr' id='par_1_90' title="bbox 186 5845 1781 5923">
     <span class='ocr_line' id='line_1_90' title="bbox 186 5845 1781 5923; baseline -0.004 -13"><span class='ocrx_word' id='word_1_589' title='bbox 186 5868 356 5919; x_wconf 89' lang='lat' dir='ltr'><strong>mum,</strong></span> <span class='ocrx_word' id='word_1_590' title='bbox 388 5856 515 5923; x_wconf 88' lang='lat' dir='ltr'><strong>post</strong></span> <span class='ocrx_word' id='word_1_591' title='bbox 544 5845 818 5923; x_wconf 78' lang='lat' dir='ltr'><strong>restitutos</strong></span> <span class='ocrx_word' id='word_1_592' title='bbox 850 5845 1042 5923; x_wconf 45' lang='grc' dir='ltr'><strong>ἤιε]οή</strong></span> <span class='ocrx_word' id='word_1_593' title='bbox 1091 5845 1423 5923; x_wconf 73' lang='lat' dir='ltr'><strong>Monasterio</strong></span> <span class='ocrx_word' id='word_1_594' title='bbox 1457 5845 1781 5923; x_wconf 62' lang='lat' dir='ltr'><strong>_m&#39;onachos</strong></span> 
     </span>
    </p>
   </div>
   <div class='ocr_carea' id='block_1_91' title="bbox 185 5916 1778 5987">
    <p class='ocr_par' dir='ltr' id='par_1_91' title="bbox 185 5916 1778 5987">
     <span class='ocr_line' id='line_1_91' title="bbox 185 5916 1778 5987; baseline -0.006 -2"><span class='ocrx_word' id='word_1_595' title='bbox 185 5916 446 5985; x_wconf 79' lang='lat' dir='ltr'><strong>abbatem</strong></span> <span class='ocrx_word' id='word_1_596' title='bbox 474 5931 701 5987; x_wconf 87' lang='lat' dir='ltr'><strong>nonum,</strong></span> <span class='ocrx_word' id='word_1_597' title='bbox 736 5916 977 5987; x_wconf 85' lang='lat' dir='ltr'><strong>ejusdem</strong></span> <span class='ocrx_word' id='word_1_598' title='bbox 1034 5917 1270 5975; x_wconf 71' lang='lat' dir='ltr'><strong>cwnobii</strong></span> <span class='ocrx_word' id='word_1_599' title='bbox 1325 5917 1525 5977; x_wconf 71' lang='lat' dir='ltr'><strong>tabulae</strong></span> <span class='ocrx_word' id='word_1_600' title='bbox 1551 5933 1778 5976; x_wconf 83' lang='lat' dir='ltr'><strong>succes-</strong></span> 
     </span>
    </p>
   </div>
   <div class='ocr_carea' id='block_1_92' title="bbox 1804 4605 2819 4685">
    <p class='ocr_par' dir='ltr' id='par_1_92' title="bbox 1804 4605 2819 4685">
     <span class='ocr_line' id='line_1_92' title="bbox 1804 4605 2819 4685; baseline 0 -25"><span class='ocrx_word' id='word_1_601' title='bbox 1804 4625 1855 4685; x_wconf 79' lang='grc' dir='ltr'><strong>Ι)</strong></span> <span class='ocrx_word' id='word_1_602' title='bbox 1885 4606 2046 4677; x_wconf 88' lang='lat' dir='ltr'><strong>perit,</strong></span> <span class='ocrx_word' id='word_1_603' title='bbox 2091 4605 2420 4661; x_wconf 84' lang='lat' dir='ltr'><strong>dormiendo</strong></span> <span class='ocrx_word' id='word_1_604' title='bbox 2489 4605 2819 4677; x_wconf 87' lang='lat' dir='ltr'><strong>Opprimere.</strong></span> 
     </span>
    </p>
   </div>
   <div class='ocr_carea' id='block_1_93' title="bbox 1876 3356 3477 3432">
    <p class='ocr_par' dir='ltr' id='par_1_93' title="bbox 1876 3356 3477 3432">
     <span class='ocr_line' id='line_1_93' title="bbox 1876 3356 3477 3432; baseline 0.002 -19"><span class='ocrx_word' id='word_1_605' title='bbox 1876 3357 2056 3427; x_wconf 89' lang='lat' dir='ltr'><strong>julare</strong></span> <span class='ocrx_word' id='word_1_606' title='bbox 2094 3372 2315 3413; x_wconf 88' lang='lat' dir='ltr'><strong>crucem</strong></span> <span class='ocrx_word' id='word_1_607' title='bbox 2346 3356 2583 3424; x_wconf 91' lang='lat' dir='ltr'><strong>Domini,</strong></span> <span class='ocrx_word' id='word_1_608' title='bbox 2633 3366 2683 3413; x_wconf 88' lang='lat' dir='ltr'><strong>et</strong></span> <span class='ocrx_word' id='word_1_609' title='bbox 2723 3358 3016 3414; x_wconf 89' lang='lat' dir='ltr'><strong>Dominum</strong></span> <span class='ocrx_word' id='word_1_610' title='bbox 3063 3360 3219 3432; x_wconf 92' lang='lat' dir='ltr'><strong>sequi</strong></span> <span class='ocrx_word' id='word_1_611' title='bbox 3249 3376 3477 3417; x_wconf 89' lang='lat' dir='ltr'><strong>necesse</strong></span> 
     </span>
    </p>
   </div>
   <div class='ocr_carea' id='block_1_94' title="bbox 1883 3446 3480 3521">
    <p class='ocr_par' dir='ltr' id='par_1_94' title="bbox 1883 3446 3480 3521">
     <span class='ocr_line' id='line_1_94' title="bbox 1883 3446 3480 3521; baseline 0.002 -19"><span class='ocrx_word' id='word_1_612' title='bbox 1883 3454 1984 3513; x_wconf 90' lang='lat' dir='ltr'><strong>est,</strong></span> <span class='ocrx_word' id='word_1_613' title='bbox 2015 3462 2123 3501; x_wconf 90' lang='lat' dir='ltr'><strong>non</strong></span> <span class='ocrx_word' id='word_1_614' title='bbox 2170 3446 2515 3517; x_wconf 86' lang='lat' dir='ltr'><strong>peregrinam</strong></span> <span class='ocrx_word' id='word_1_615' title='bbox 2545 3462 2789 3518; x_wconf 71' lang='lat' dir='ltr'><strong>quaerere</strong></span> <span class='ocrx_word' id='word_1_616' title='bbox 2811 3447 3170 3519; x_wconf 90' lang='lat' dir='ltr'><strong>sepulturam.</strong></span> <span class='ocrx_word' id='word_1_617' title='bbox 3203 3449 3328 3505; x_wconf 87' lang='lat' dir='ltr'><strong>Non</strong></span> <span class='ocrx_word' id='word_1_618' title='bbox 3374 3449 3480 3521; x_wconf 84' lang='lat' dir='ltr'><strong>igi-</strong></span> 
     </span>
    </p>
   </div>
   <div class='ocr_carea' id='block_1_95' title="bbox 1883 3534 3479 3608">
    <p class='ocr_par' dir='ltr' id='par_1_95' title="bbox 1883 3534 3479 3608">
     <span class='ocr_line' id='line_1_95' title="bbox 1883 3534 3479 3608; baseline 0.003 -18"><span class='ocrx_word' id='word_1_619' title='bbox 1883 3544 1971 3591; x_wconf 86' lang='lat' dir='ltr'><strong>tur</strong></span> <span class='ocrx_word' id='word_1_620' title='bbox 1998 3536 2097 3591; x_wconf 91' lang='lat' dir='ltr'><strong>sub</strong></span> <span class='ocrx_word' id='word_1_621' title='bbox 2127 3534 2414 3592; x_wconf 90' lang='lat' dir='ltr'><strong>occasione</strong></span> <span class='ocrx_word' id='word_1_622' title='bbox 2445 3535 2927 3608; x_wconf 79' lang='lat' dir='ltr'><strong>Hierosolymitani</strong></span> <span class='ocrx_word' id='word_1_623' title='bbox 2952 3536 3166 3593; x_wconf 90' lang='lat' dir='ltr'><strong>itineris</strong></span> <span class='ocrx_word' id='word_1_624' title='bbox 3194 3537 3479 3595; x_wconf 84' lang='lat' dir='ltr'><strong>deviemus</strong></span> 
     </span>
    </p>
   </div>
   <div class='ocr_carea' id='block_1_96' title="bbox 1884 3624 3480 3695">
    <p class='ocr_par' dir='ltr' id='par_1_96' title="bbox 1884 3624 3480 3695">
     <span class='ocr_line' id='line_1_96' title="bbox 1884 3624 3480 3695; baseline 0.003 -17"><span class='ocrx_word' id='word_1_625' title='bbox 1884 3624 1954 3678; x_wconf 91' lang='lat' dir='ltr'><strong>ab</strong></span> <span class='ocrx_word' id='word_1_626' title='bbox 2010 3624 2205 3679; x_wconf 90' lang='lat' dir='ltr'><strong>itinere</strong></span> <span class='ocrx_word' id='word_1_627' title='bbox 2255 3632 2460 3679; x_wconf 56' lang='lat' dir='ltr'><strong>nostrae</strong></span> <span class='ocrx_word' id='word_1_628' title='bbox 2503 3624 2884 3695; x_wconf 78' lang='lat' dir='ltr'><strong>professionis.</strong></span> <span class='ocrx_word' id='word_1_629' title='bbox 2948 3641 3039 3694; x_wconf 88' lang='lat' dir='ltr'><strong>ne,</strong></span> <span class='ocrx_word' id='word_1_630' title='bbox 3098 3625 3227 3682; x_wconf 93' lang='lat' dir='ltr'><strong>dum</strong></span> <span class='ocrx_word' id='word_1_631' title='bbox 3287 3626 3480 3683; x_wconf 79' lang='lat' dir='ltr'><strong>falsam</strong></span> 
     </span>
    </p>
   </div>
   <div class='ocr_carea' id='block_1_97' title="bbox 1883 3713 3479 3787">
    <p class='ocr_par' dir='ltr' id='par_1_97' title="bbox 1883 3713 3479 3787">
     <span class='ocr_line' id='line_1_97' title="bbox 1883 3713 3479 3787; baseline 0.005 -20"><span class='ocrx_word' id='word_1_632' title='bbox 1883 3713 2273 3769; x_wconf 89' lang='lat' dir='ltr'><strong>beatitudinem</strong></span> <span class='ocrx_word' id='word_1_633' title='bbox 2303 3713 2614 3786; x_wconf 66' lang='lat' dir='ltr'><strong>quaerimus,</strong></span> <span class='ocrx_word' id='word_1_634' title='bbox 2650 3730 2831 3770; x_wconf 86' lang='lat' dir='ltr'><strong>veram</strong></span> <span class='ocrx_word' id='word_1_635' title='bbox 2861 3722 2913 3769; x_wconf 90' lang='lat' dir='ltr'><strong>et</strong></span> <span class='ocrx_word' id='word_1_636' title='bbox 2942 3715 3192 3787; x_wconf 90' lang='lat' dir='ltr'><strong>corporis</strong></span> <span class='ocrx_word' id='word_1_637' title='bbox 3211 3717 3479 3775; x_wconf 66' lang='lat' dir='ltr'><strong>etauimas</strong></span> 
     </span>
    </p>
   </div>
   <div class='ocr_carea' id='block_1_98' title="bbox 1884 3801 3475 3876">
    <p class='ocr_par' dir='ltr' id='par_1_98' title="bbox 1884 3801 3475 3876">
     <span class='ocr_line' id='line_1_98' title="bbox 1884 3801 3475 3876; baseline 0.003 -19"><span class='ocrx_word' id='word_1_638' title='bbox 1884 3802 2229 3858; x_wconf 86' lang='lat' dir='ltr'><strong>inveniamus</strong></span> <span class='ocrx_word' id='word_1_639' title='bbox 2257 3801 2550 3857; x_wconf 88' lang='lat' dir='ltr'><strong>miseriam.</strong></span> <span class='ocrx_word' id='word_1_640' title='bbox 2583 3802 2829 3857; x_wconf 87' lang='lat' dir='ltr'><strong>Carnalis</strong></span> <span class='ocrx_word' id='word_1_641' title='bbox 2858 3816 3049 3858; x_wconf 90' lang='lat' dir='ltr'><strong>amore</strong></span> <span class='ocrx_word' id='word_1_642' title='bbox 3085 3802 3267 3859; x_wconf 84' lang='lat' dir='ltr'><strong>fratris</strong></span> <span class='ocrx_word' id='word_1_643' title='bbox 3293 3808 3475 3876; x_wconf 90' lang='lat' dir='ltr'><strong>vestri,</strong></span> 
     </span>
    </p>
   </div>
   <div class='ocr_carea' id='block_1_99' title="bbox 1884 3890 3475 3963">
    <p class='ocr_par' dir='ltr' id='par_1_99' title="bbox 1884 3890 3475 3963">
     <span class='ocr_line' id='line_1_99' title="bbox 1884 3890 3475 3963; baseline 0.003 -18"><span class='ocrx_word' id='word_1_644' title='bbox 1884 3890 1975 3963; x_wconf 88' lang='lat' dir='ltr'><strong>qui</strong></span> <span class='ocrx_word' id='word_1_645' title='bbox 2004 3892 2056 3945; x_wconf 91' lang='lat' dir='ltr'><strong>in</strong></span> <span class='ocrx_word' id='word_1_646' title='bbox 2080 3891 2425 3946; x_wconf 84' lang='lat' dir='ltr'><strong>Hierusalem</strong></span> <span class='ocrx_word' id='word_1_647' title='bbox 2451 3898 2553 3957; x_wconf 89' lang='lat' dir='ltr'><strong>est,</strong></span> <span class='ocrx_word' id='word_1_648' title='bbox 2586 3900 2682 3944; x_wconf 88' lang='lat' dir='ltr'><strong>aut</strong></span> <span class='ocrx_word' id='word_1_649' title='bbox 2706 3890 2942 3946; x_wconf 82' lang='lat' dir='ltr'><strong>fortasse</strong></span> <span class='ocrx_word' id='word_1_650' title='bbox 2953 3892 3067 3961; x_wconf 87' lang='lat' dir='ltr'><strong>jam</strong></span> <span class='ocrx_word' id='word_1_651' title='bbox 3100 3901 3343 3949; x_wconf 88' lang='lat' dir='ltr'><strong>mortuus</strong></span> <span class='ocrx_word' id='word_1_652' title='bbox 3373 3904 3475 3962; x_wconf 89' lang='lat' dir='ltr'><strong>est,</strong></span> 
     </span>
    </p>
   </div>
   <div class='ocr_carea' id='block_1_100' title="bbox 1884 3984 3480 4057">
    <p class='ocr_par' dir='ltr' id='par_1_100' title="bbox 1884 3984 3480 4057">
     <span class='ocr_line' id='line_1_100' title="bbox 1884 3984 3480 4057; baseline 0.001 -17"><span class='ocrx_word' id='word_1_653' title='bbox 1884 3993 1971 4041; x_wconf 90' lang='lat' dir='ltr'><strong>aut</strong></span> <span class='ocrx_word' id='word_1_654' title='bbox 2000 4000 2283 4057; x_wconf 90' lang='lat' dir='ltr'><strong>quousque</strong></span> <span class='ocrx_word' id='word_1_655' title='bbox 2311 3984 2437 4041; x_wconf 88' lang='lat' dir='ltr'><strong>illuc</strong></span> <span class='ocrx_word' id='word_1_656' title='bbox 2490 3985 2821 4055; x_wconf 89' lang='lat' dir='ltr'><strong>perveniatis</strong></span> <span class='ocrx_word' id='word_1_657' title='bbox 2876 3984 3019 4040; x_wconf 90' lang='lat' dir='ltr'><strong>mori</strong></span> <span class='ocrx_word' id='word_1_658' title='bbox 3073 3993 3268 4057; x_wconf 88' lang='lat' dir='ltr'><strong>potest,</strong></span> <span class='ocrx_word' id='word_1_659' title='bbox 3320 4003 3480 4043; x_wconf 90' lang='lat' dir='ltr'><strong>mens</strong></span> 
     </span>
    </p>
   </div>
   <div class='ocr_carea' id='block_1_101' title="bbox 1884 4072 3475 4146">
    <p class='ocr_par' dir='ltr' id='par_1_101' title="bbox 1884 4072 3475 4146">
     <span class='ocr_line' id='line_1_101' title="bbox 1884 4072 3475 4146; baseline -0.001 -15"><span class='ocrx_word' id='word_1_660' title='bbox 1884 4082 2069 4131; x_wconf 86' lang='lat' dir='ltr'><strong>vestra</strong></span> <span class='ocrx_word' id='word_1_661' title='bbox 2098 4074 2165 4128; x_wconf 89' lang='lat' dir='ltr'><strong>ad</strong></span> <span class='ocrx_word' id='word_1_662' title='bbox 2197 4072 2379 4128; x_wconf 87' lang='lat' dir='ltr'><strong>illicita</strong></span> <span class='ocrx_word' id='word_1_663' title='bbox 2418 4072 2640 4128; x_wconf 91' lang='lat' dir='ltr'><strong>minime</strong></span> <span class='ocrx_word' id='word_1_664' title='bbox 2696 4074 2944 4129; x_wconf 87' lang='lat' dir='ltr'><strong>trahatur</strong></span> <span class='ocrx_word' id='word_1_665' title='bbox 2970 4083 3022 4129; x_wconf 88' lang='lat' dir='ltr'><strong>et</strong></span> <span class='ocrx_word' id='word_1_666' title='bbox 3064 4074 3374 4146; x_wconf 90' lang='lat' dir='ltr'><strong>spitualium</strong></span> <span class='ocrx_word' id='word_1_667' title='bbox 3407 4075 3475 4130; x_wconf 83' lang='lat' dir='ltr'><strong>ti-</strong></span> 
     </span>
    </p>
   </div>
   <div class='ocr_carea' id='block_1_102' title="bbox 1883 4161 3479 4234">
    <p class='ocr_par' dir='ltr' id='par_1_102' title="bbox 1883 4161 3479 4234">
     <span class='ocr_line' id='line_1_102' title="bbox 1883 4161 3479 4234; baseline 0.001 -16"><span class='ocrx_word' id='word_1_668' title='bbox 1883 4162 2096 4229; x_wconf 89' lang='lat' dir='ltr'><strong>liorum,</strong></span> <span class='ocrx_word' id='word_1_669' title='bbox 2126 4170 2177 4218; x_wconf 91' lang='lat' dir='ltr'><strong>et</strong></span> <span class='ocrx_word' id='word_1_670' title='bbox 2209 4161 2457 4228; x_wconf 88' lang='lat' dir='ltr'><strong>fratrum,</strong></span> <span class='ocrx_word' id='word_1_671' title='bbox 2482 4178 2620 4234; x_wconf 91' lang='lat' dir='ltr'><strong>quos</strong></span> <span class='ocrx_word' id='word_1_672' title='bbox 2648 4162 2748 4217; x_wconf 93' lang='lat' dir='ltr'><strong>sub</strong></span> <span class='ocrx_word' id='word_1_673' title='bbox 2803 4162 3192 4234; x_wconf 85' lang='lat' dir='ltr'><strong>pollicitatione</strong></span> <span class='ocrx_word' id='word_1_674' title='bbox 3223 4163 3349 4220; x_wconf 84' lang='lat' dir='ltr'><strong>ﬁdei</strong></span> <span class='ocrx_word' id='word_1_675' title='bbox 3380 4181 3479 4222; x_wconf 79' lang='lat' dir='ltr'><strong>ve-</strong></span> 
     </span>
    </p>
   </div>
   <div class='ocr_carea' id='block_1_103' title="bbox 1885 4250 3480 4324">
    <p class='ocr_par' dir='ltr' id='par_1_103' title="bbox 1885 4250 3480 4324">
     <span class='ocr_line' id='line_1_103' title="bbox 1885 4250 3480 4324; baseline 0.003 -19"><span class='ocrx_word' id='word_1_676' title='bbox 1885 4260 2009 4307; x_wconf 65' lang='lat' dir='ltr'><strong>stras</strong></span> <span class='ocrx_word' id='word_1_677' title='bbox 2037 4250 2318 4323; x_wconf 83' lang='lat' dir='ltr'><strong>regendos</strong></span> <span class='ocrx_word' id='word_1_678' title='bbox 2347 4250 2691 4322; x_wconf 88' lang='lat' dir='ltr'><strong>suscepistis,</strong></span> <span class='ocrx_word' id='word_1_679' title='bbox 2749 4258 2803 4306; x_wconf 89' lang='lat' dir='ltr'><strong>et</strong></span> <span class='ocrx_word' id='word_1_680' title='bbox 2829 4250 2899 4306; x_wconf 91' lang='lat' dir='ltr'><strong>de</strong></span> <span class='ocrx_word' id='word_1_681' title='bbox 2928 4252 3124 4324; x_wconf 89' lang='lat' dir='ltr'><strong>quibus</strong></span> <span class='ocrx_word' id='word_1_682' title='bbox 3168 4252 3331 4308; x_wconf 88' lang='lat' dir='ltr'><strong>etiam</strong></span> <span class='ocrx_word' id='word_1_683' title='bbox 3365 4254 3480 4310; x_wconf 88' lang='lat' dir='ltr'><strong>Do-</strong></span> 
     </span>
    </p>
   </div>
   <div class='ocr_carea' id='block_1_104' title="bbox 1882 4339 3482 4407">
    <p class='ocr_par' dir='ltr' id='par_1_104' title="bbox 1882 4339 3482 4407">
     <span class='ocr_line' id='line_1_104' title="bbox 1882 4339 3482 4407; baseline 0.003 -12"><span class='ocrx_word' id='word_1_684' title='bbox 1882 4340 2032 4396; x_wconf 90' lang='lat' dir='ltr'><strong>mino</strong></span> <span class='ocrx_word' id='word_1_685' title='bbox 2064 4339 2378 4395; x_wconf 89' lang='lat' dir='ltr'><strong>redditurus</strong></span> <span class='ocrx_word' id='word_1_686' title='bbox 2408 4339 2538 4394; x_wconf 88' lang='lat' dir='ltr'><strong>estis</strong></span> <span class='ocrx_word' id='word_1_687' title='bbox 2568 4340 2851 4407; x_wconf 89' lang='lat' dir='ltr'><strong>rationem,</strong></span> <span class='ocrx_word' id='word_1_688' title='bbox 2876 4356 3008 4396; x_wconf 88' lang='lat' dir='ltr'><strong>cura</strong></span> <span class='ocrx_word' id='word_1_689' title='bbox 3028 4341 3333 4398; x_wconf 87' lang='lat' dir='ltr'><strong>deseratur.</strong></span> <span class='ocrx_word' id='word_1_690' title='bbox 3356 4344 3482 4399; x_wconf 89' lang='lat' dir='ltr'><strong>Non</strong></span> 
     </span>
    </p>
   </div>
   <div class='ocr_carea' id='block_1_105' title="bbox 1886 4426 3479 4502">
    <p class='ocr_par' dir='ltr' id='par_1_105' title="bbox 1886 4426 3479 4502">
     <span class='ocr_line' id='line_1_105' title="bbox 1886 4426 3479 4502; baseline 0.001 -18"><span class='ocrx_word' id='word_1_691' title='bbox 1886 4437 1966 4484; x_wconf 92' lang='lat' dir='ltr'><strong>est</strong></span> <span class='ocrx_word' id='word_1_692' title='bbox 1996 4429 2139 4484; x_wconf 90' lang='lat' dir='ltr'><strong>enim</strong></span> <span class='ocrx_word' id='word_1_693' title='bbox 2172 4442 2312 4498; x_wconf 91' lang='lat' dir='ltr'><strong>opus</strong></span> <span class='ocrx_word' id='word_1_694' title='bbox 2368 4426 2542 4483; x_wconf 82' lang='lat' dir='ltr'><strong>ﬁdelis</strong></span> <span class='ocrx_word' id='word_1_695' title='bbox 2597 4435 2651 4483; x_wconf 91' lang='lat' dir='ltr'><strong>et</strong></span> <span class='ocrx_word' id='word_1_696' title='bbox 2688 4427 2845 4485; x_wconf 62' lang='lat' dir='ltr'><strong>bona;</strong></span> <span class='ocrx_word' id='word_1_697' title='bbox 2913 4429 3175 4497; x_wconf 88' lang='lat' dir='ltr'><strong>mulieris,</strong></span> <span class='ocrx_word' id='word_1_698' title='bbox 3233 4432 3479 4502; x_wconf 91' lang='lat' dir='ltr'><strong>proprios</strong></span> 
     </span>
    </p>
   </div>
   <div class='ocr_carea' id='block_1_106' title="bbox 1884 4516 3479 4592">
    <p class='ocr_par' dir='ltr' id='par_1_106' title="bbox 1884 4516 3479 4592">
     <span class='ocr_line' id='line_1_106' title="bbox 1884 4516 3479 4592; baseline 0.003 -21"><span class='ocrx_word' id='word_1_699' title='bbox 1884 4524 2072 4589; x_wconf 89' lang='lat' dir='ltr'><strong>partus</strong></span> <span class='ocrx_word' id='word_1_700' title='bbox 2100 4516 2285 4588; x_wconf 87' lang='lat' dir='ltr'><strong>porcis</strong></span> <span class='ocrx_word' id='word_1_701' title='bbox 2315 4531 2607 4586; x_wconf 87' lang='lat' dir='ltr'><strong>exponere,</strong></span> <span class='ocrx_word' id='word_1_702' title='bbox 2641 4525 2695 4572; x_wconf 90' lang='lat' dir='ltr'><strong>et</strong></span> <span class='ocrx_word' id='word_1_703' title='bbox 2749 4533 2885 4588; x_wconf 90' lang='lat' dir='ltr'><strong>quos</strong></span> <span class='ocrx_word' id='word_1_704' title='bbox 2932 4518 3101 4573; x_wconf 91' lang='lat' dir='ltr'><strong>semel</strong></span> <span class='ocrx_word' id='word_1_705' title='bbox 3122 4519 3354 4592; x_wconf 81' lang='lat' dir='ltr'><strong>vigilans</strong></span> <span class='ocrx_word' id='word_1_706' title='bbox 3383 4537 3479 4592; x_wconf 86' lang='lat' dir='ltr'><strong>pe-</strong></span> 
     </span>
    </p>
   </div>
   <div class='ocr_carea' id='block_1_107' title="bbox 2919 4608 3481 4663">
    <p class='ocr_par' dir='ltr' id='par_1_107' title="bbox 2919 4608 3481 4663">
     <span class='ocr_line' id='line_1_107' title="bbox 2919 4608 3481 4663; baseline 0.007 -4"><span class='ocrx_word' id='word_1_707' title='bbox 2919 4608 3037 4663; x_wconf 87' lang='lat' dir='ltr'><strong>llac</strong></span> <span class='ocrx_word' id='word_1_708' title='bbox 3091 4616 3209 4663; x_wconf 90' lang='lat' dir='ltr'><strong>arte</strong></span> <span class='ocrx_word' id='word_1_709' title='bbox 3268 4609 3481 4663; x_wconf 81' lang='lat' dir='ltr'><strong>Satamn</strong></span> 
     </span>
    </p>
   </div>
   <div class='ocr_carea' id='block_1_108' title="bbox 1885 4694 3481 4768">
    <p class='ocr_par' dir='ltr' id='par_1_108' title="bbox 1885 4694 3481 4768">
     <span class='ocr_line' id='line_1_108' title="bbox 1885 4694 3481 4768; baseline 0.002 -20"><span class='ocrx_word' id='word_1_710' title='bbox 1885 4695 2059 4762; x_wconf 88' lang='lat' dir='ltr'><strong>multi,</strong></span> <span class='ocrx_word' id='word_1_711' title='bbox 2092 4694 2184 4766; x_wconf 91' lang='lat' dir='ltr'><strong>qui</strong></span> <span class='ocrx_word' id='word_1_712' title='bbox 2214 4695 2268 4748; x_wconf 92' lang='lat' dir='ltr'><strong>in</strong></span> <span class='ocrx_word' id='word_1_713' title='bbox 2326 4694 2742 4766; x_wconf 87' lang='lat' dir='ltr'><strong>regeneratione</strong></span> <span class='ocrx_word' id='word_1_714' title='bbox 2788 4695 2959 4768; x_wconf 88' lang='lat' dir='ltr'><strong>prima</strong></span> <span class='ocrx_word' id='word_1_715' title='bbox 3010 4696 3249 4763; x_wconf 88' lang='lat' dir='ltr'><strong>diabolo,</strong></span> <span class='ocrx_word' id='word_1_716' title='bbox 3312 4704 3365 4751; x_wconf 91' lang='lat' dir='ltr'><strong>et</strong></span> <span class='ocrx_word' id='word_1_717' title='bbox 3425 4698 3481 4752; x_wconf 91' lang='lat' dir='ltr'><strong>in</strong></span> 
     </span>
    </p>
   </div>
   <div class='ocr_carea' id='block_1_109' title="bbox 1887 4782 3481 4853">
    <p class='ocr_par' dir='ltr' id='par_1_109' title="bbox 1887 4782 3481 4853">
     <span class='ocr_line' id='line_1_109' title="bbox 1887 4782 3481 4853; baseline 0.003 -16"><span class='ocrx_word' id='word_1_718' title='bbox 1887 4784 2125 4839; x_wconf 89' lang='lat' dir='ltr'><strong>secunda</strong></span> <span class='ocrx_word' id='word_1_719' title='bbox 2154 4782 2373 4838; x_wconf 89' lang='lat' dir='ltr'><strong>diabolo</strong></span> <span class='ocrx_word' id='word_1_720' title='bbox 2404 4782 2567 4838; x_wconf 89' lang='lat' dir='ltr'><strong>simul</strong></span> <span class='ocrx_word' id='word_1_721' title='bbox 2596 4791 2648 4840; x_wconf 90' lang='lat' dir='ltr'><strong>et</strong></span> <span class='ocrx_word' id='word_1_722' title='bbox 2675 4784 2874 4840; x_wconf 74' lang='lat' dir='ltr'><strong>saeculo</strong></span> <span class='ocrx_word' id='word_1_723' title='bbox 2897 4784 3355 4853; x_wconf 87' lang='lat' dir='ltr'><strong>renuntiaverunt,</strong></span> <span class='ocrx_word' id='word_1_724' title='bbox 3375 4794 3481 4841; x_wconf 90' lang='lat' dir='ltr'><strong>ter-</strong></span> 
     </span>
    </p>
   </div>
   <div class='ocr_carea' id='block_1_110' title="bbox 1885 4871 3479 4946">
    <p class='ocr_par' dir='ltr' id='par_1_110' title="bbox 1885 4871 3479 4946">
     <span class='ocr_line' id='line_1_110' title="bbox 1885 4871 3479 4946; baseline 0.001 -18"><span class='ocrx_word' id='word_1_725' title='bbox 1885 4888 2108 4946; x_wconf 91' lang='lat' dir='ltr'><strong>ramque</strong></span> <span class='ocrx_word' id='word_1_726' title='bbox 2137 4871 2518 4945; x_wconf 86' lang='lat' dir='ltr'><strong>promissionis</strong></span> <span class='ocrx_word' id='word_1_727' title='bbox 2573 4873 2776 4945; x_wconf 79' lang='lat' dir='ltr'><strong>prievio</strong></span> <span class='ocrx_word' id='word_1_728' title='bbox 2814 4872 3015 4944; x_wconf 89' lang='lat' dir='ltr'><strong>Spiritu</strong></span> <span class='ocrx_word' id='word_1_729' title='bbox 3033 4881 3221 4929; x_wconf 89' lang='lat' dir='ltr'><strong>sancto</strong></span> <span class='ocrx_word' id='word_1_730' title='bbox 3245 4875 3359 4944; x_wconf 91' lang='lat' dir='ltr'><strong>jam</strong></span> <span class='ocrx_word' id='word_1_731' title='bbox 3390 4874 3479 4931; x_wconf 88' lang='lat' dir='ltr'><strong>in-</strong></span> 
     </span>
    </p>
   </div>
   <div class='ocr_carea' id='block_1_111' title="bbox 1886 4960 3480 5035">
    <p class='ocr_par' dir='ltr' id='par_1_111' title="bbox 1886 4960 3480 5035">
     <span class='ocr_line' id='line_1_111' title="bbox 1886 4960 3480 5035; baseline 0.003 -18"><span class='ocrx_word' id='word_1_732' title='bbox 1886 4962 2063 5035; x_wconf 84' lang='lat' dir='ltr'><strong>gressi</strong></span> <span class='ocrx_word' id='word_1_733' title='bbox 2080 4960 2314 5031; x_wconf 84' lang='lat' dir='ltr'><strong>fuerant,</strong></span> <span class='ocrx_word' id='word_1_734' title='bbox 2345 4961 2514 5017; x_wconf 89' lang='lat' dir='ltr'><strong>corde</strong></span> <span class='ocrx_word' id='word_1_735' title='bbox 2545 4962 2598 5016; x_wconf 91' lang='lat' dir='ltr'><strong>in</strong></span> <span class='ocrx_word' id='word_1_736' title='bbox 2628 4963 2921 5035; x_wconf 68' lang='lat' dir='ltr'><strong>zEgyptum</strong></span> <span class='ocrx_word' id='word_1_737' title='bbox 2977 4969 3103 5018; x_wconf 88' lang='lat' dir='ltr'><strong>sunt</strong></span> <span class='ocrx_word' id='word_1_738' title='bbox 3141 4962 3365 5033; x_wconf 88' lang='lat' dir='ltr'><strong>reversi,</strong></span> <span class='ocrx_word' id='word_1_739' title='bbox 3424 4973 3480 5022; x_wconf 89' lang='lat' dir='ltr'><strong>et</strong></span> 
     </span>
    </p>
   </div>
   <div class='ocr_carea' id='block_1_112' title="bbox 1885 5049 3480 5126">
    <p class='ocr_par' dir='ltr' id='par_1_112' title="bbox 1885 5049 3480 5126">
     <span class='ocr_line' id='line_1_112' title="bbox 1885 5049 3480 5126; baseline 0.004 -21"><span class='ocrx_word' id='word_1_740' title='bbox 1885 5066 2080 5105; x_wconf 89' lang='lat' dir='ltr'><strong>manna</strong></span> <span class='ocrx_word' id='word_1_741' title='bbox 2104 5049 2460 5118; x_wconf 83' lang='lat' dir='ltr'><strong>Iastidicutes,</strong></span> <span class='ocrx_word' id='word_1_742' title='bbox 2493 5050 2628 5106; x_wconf 92' lang='lat' dir='ltr'><strong>ollas</strong></span> <span class='ocrx_word' id='word_1_743' title='bbox 2690 5051 2956 5118; x_wconf 88' lang='lat' dir='ltr'><strong>carnium,</strong></span> <span class='ocrx_word' id='word_1_744' title='bbox 2999 5059 3052 5107; x_wconf 89' lang='lat' dir='ltr'><strong>et</strong></span> <span class='ocrx_word' id='word_1_745' title='bbox 3108 5059 3325 5120; x_wconf 73' lang='lat' dir='ltr'><strong>caetera,</strong></span> <span class='ocrx_word' id='word_1_746' title='bbox 3358 5071 3480 5126; x_wconf 64' lang='lat' dir='ltr'><strong>quae</strong></span> 
     </span>
    </p>
   </div>
   <div class='ocr_carea' id='block_1_113' title="bbox 1885 5139 3481 5212">
    <p class='ocr_par' dir='ltr' id='par_1_113' title="bbox 1885 5139 3481 5212">
     <span class='ocr_line' id='line_1_113' title="bbox 1885 5139 3481 5212; baseline 0.003 -17"><span class='ocrx_word' id='word_1_747' title='bbox 1885 5140 2083 5196; x_wconf 63' lang='lat' dir='ltr'><strong>divina}</strong></span> <span class='ocrx_word' id='word_1_748' title='bbox 2112 5139 2225 5212; x_wconf 82' lang='lat' dir='ltr'><strong>legi</strong></span> <span class='ocrx_word' id='word_1_749' title='bbox 2260 5146 2417 5195; x_wconf 82' lang='lat' dir='ltr'><strong>erant</strong></span> <span class='ocrx_word' id='word_1_750' title='bbox 2459 5139 2747 5206; x_wconf 88' lang='lat' dir='ltr'><strong>contraria,</strong></span> <span class='ocrx_word' id='word_1_751' title='bbox 2804 5140 3103 5212; x_wconf 88' lang='lat' dir='ltr'><strong>petierunt.</strong></span> <span class='ocrx_word' id='word_1_752' title='bbox 3161 5142 3481 5200; x_wconf 80' lang='lat' dir='ltr'><strong>Habuerunt.</strong></span> 
     </span>
    </p>
   </div>
   <div class='ocr_carea' id='block_1_114' title="bbox 1886 5235 3477 5312">
    <p class='ocr_par' dir='ltr' id='par_1_114' title="bbox 1886 5235 3477 5312">
     <span class='ocr_line' id='line_1_114' title="bbox 1886 5235 3477 5312; baseline 0.002 -20"><span class='ocrx_word' id='word_1_753' title='bbox 1886 5237 2068 5308; x_wconf 82' lang='lat' dir='ltr'><strong>itaque</strong></span> <span class='ocrx_word' id='word_1_754' title='bbox 2098 5250 2253 5292; x_wconf 88' lang='lat' dir='ltr'><strong>escas</strong></span> <span class='ocrx_word' id='word_1_755' title='bbox 2287 5254 2301 5300; x_wconf 85' lang='lat'><strong>;</strong></span> <span class='ocrx_word' id='word_1_756' title='bbox 2333 5236 2431 5293; x_wconf 90' lang='lat' dir='ltr'><strong>sed</strong></span> <span class='ocrx_word' id='word_1_757' title='bbox 2463 5235 2515 5291; x_wconf 91' lang='lat' dir='ltr'><strong>in</strong></span> <span class='ocrx_word' id='word_1_758' title='bbox 2548 5236 2687 5293; x_wconf 85' lang='lat' dir='ltr'><strong>escis</strong></span> <span class='ocrx_word' id='word_1_759' title='bbox 2715 5235 2824 5293; x_wconf 90' lang='lat' dir='ltr'><strong>illis</strong></span> <span class='ocrx_word' id='word_1_760' title='bbox 2879 5237 3033 5306; x_wconf 86' lang='lat' dir='ltr'><strong>retia,</strong></span> <span class='ocrx_word' id='word_1_761' title='bbox 3096 5237 3295 5311; x_wconf 89' lang='lat' dir='ltr'><strong>quibus</strong></span> <span class='ocrx_word' id='word_1_762' title='bbox 3314 5240 3477 5312; x_wconf 88' lang='lat' dir='ltr'><strong>capti,</strong></span> 
     </span>
    </p>
   </div>
   <div class='ocr_carea' id='block_1_115' title="bbox 1888 5414 3476 5489">
    <p class='ocr_par' dir='ltr' id='par_1_115' title="bbox 1888 5414 3476 5489">
     <span class='ocr_line' id='line_1_115' title="bbox 1888 5414 3476 5489; baseline 0.004 -19"><span class='ocrx_word' id='word_1_763' title='bbox 1888 5414 2304 5489; x_wconf 82' lang='lat' dir='ltr'><strong>soremfaciunt</strong></span> <span class='ocrx_word' id='word_1_764' title='bbox 2333 5414 2629 5489; x_wconf 82' lang='lat' dir='ltr'><strong>Guillelmi.</strong></span> <span class='ocrx_word' id='word_1_765' title='bbox 2660 5415 2914 5489; x_wconf 84' lang='lat' dir='ltr'><strong>diemque</strong></span> <span class='ocrx_word' id='word_1_766' title='bbox 2943 5417 3125 5472; x_wconf 85' lang='lat' dir='ltr'><strong>obitus</strong></span> <span class='ocrx_word' id='word_1_767' title='bbox 3143 5425 3328 5474; x_wconf 90' lang='lat' dir='ltr'><strong>notant</strong></span> <span class='ocrx_word' id='word_1_768' title='bbox 3357 5436 3476 5477; x_wconf 82' lang='lat' dir='ltr'><strong>xm.</strong></span> 
     </span>
    </p>
   </div>
   <div class='ocr_carea' id='block_1_116' title="bbox 1886 5487 3481 5563">
    <p class='ocr_par' dir='ltr' id='par_1_116' title="bbox 1886 5487 3481 5563">
     <span class='ocr_line' id='line_1_116' title="bbox 1886 5487 3481 5563; baseline 0.003 -21"><span class='ocrx_word' id='word_1_769' title='bbox 1886 5488 2114 5563; x_wconf 80' lang='lat' dir='ltr'><strong>Kalend.</strong></span> <span class='ocrx_word' id='word_1_770' title='bbox 2146 5487 2333 5563; x_wconf 64' lang='lat' dir='ltr'><strong>Iulias,</strong></span> <span class='ocrx_word' id='word_1_771' title='bbox 2366 5497 2418 5563; x_wconf 83' lang='lat' dir='ltr'><strong>et</strong></span> <span class='ocrx_word' id='word_1_772' title='bbox 2444 5487 2885 5563; x_wconf 70' lang='lat' dir='ltr'><strong>_tumuli_locum</strong></span> <span class='ocrx_word' id='word_1_773' title='bbox 2930 5490 2984 5544; x_wconf 90' lang='lat' dir='ltr'><strong>in</strong></span> <span class='ocrx_word' id='word_1_774' title='bbox 3041 5489 3231 5563; x_wconf 62' lang='lat' dir='ltr'><strong>dextra</strong></span> <span class='ocrx_word' id='word_1_775' title='bbox 3271 5493 3481 5563; x_wconf 85' lang='lat' dir='ltr'><strong>port&#39;cu</strong></span> 
     </span>
    </p>
   </div>
   <div class='ocr_carea' id='block_1_117' title="bbox 1887 5559 3478 5632">
    <p class='ocr_par' dir='ltr' id='par_1_117' title="bbox 1887 5559 3478 5632">
     <span class='ocr_line' id='line_1_117' title="bbox 1887 5559 3478 5632; baseline 0.003 -19"><span class='ocrx_word' id='word_1_776' title='bbox 1887 5560 2153 5623; x_wconf 77' lang='lat' dir='ltr'><strong>ecclesize,</strong></span> <span class='ocrx_word' id='word_1_777' title='bbox 2182 5560 2619 5632; x_wconf 69' lang='lat' dir='ltr'><strong>juxtaabbatem</strong></span> <span class='ocrx_word' id='word_1_778' title='bbox 2652 5559 2983 5632; x_wconf 77' lang='lat' dir='ltr'><strong>Bernardum</strong></span> <span class='ocrx_word' id='word_1_779' title='bbox 3029 5559 3303 5616; x_wconf 76' lang='lat' dir='ltr'><strong>Guillelnii</strong></span> <span class='ocrx_word' id='word_1_780' title='bbox 3335 5579 3478 5632; x_wconf 70' lang='lat' dir='ltr'><strong>prae—</strong></span> 
     </span>
    </p>
   </div>
   <div class='ocr_carea' id='block_1_118' title="bbox 1888 5630 3482 5701">
    <p class='ocr_par' dir='ltr' id='par_1_118' title="bbox 1888 5630 3482 5701">
     <span class='ocr_line' id='line_1_118' title="bbox 1888 5630 3482 5701; baseline 0.003 -17"><span class='ocrx_word' id='word_1_781' title='bbox 1888 5632 2259 5686; x_wconf 86' lang='lat' dir='ltr'><strong>decessorem.</strong></span> <span class='ocrx_word' id='word_1_782' title='bbox 2293 5630 2392 5684; x_wconf 84' lang='lat' dir='ltr'><strong>Hic</strong></span> <span class='ocrx_word' id='word_1_783' title='bbox 2424 5646 2609 5684; x_wconf 87' lang='lat' dir='ltr'><strong>rursus</strong></span> <span class='ocrx_word' id='word_1_784' title='bbox 2640 5639 2723 5683; x_wconf 79' lang='lat' dir='ltr'><strong>est</strong></span> <span class='ocrx_word' id='word_1_785' title='bbox 2754 5630 2895 5694; x_wconf 91' lang='lat' dir='ltr'><strong>Odo,</strong></span> <span class='ocrx_word' id='word_1_786' title='bbox 2921 5632 3092 5685; x_wconf 86' lang='lat' dir='ltr'><strong>abbas</strong></span> <span class='ocrx_word' id='word_1_787' title='bbox 3130 5630 3348 5701; x_wconf 78' lang='lat' dir='ltr'><strong>Majoris</strong></span> <span class='ocrx_word' id='word_1_788' title='bbox 3379 5636 3482 5689; x_wconf 84' lang='lat' dir='ltr'><strong>Mo-</strong></span> 
     </span>
    </p>
   </div>
   <div class='ocr_carea' id='block_1_119' title="bbox 1889 5700 3482 5773">
    <p class='ocr_par' dir='ltr' id='par_1_119' title="bbox 1889 5700 3482 5773">
     <span class='ocr_line' id='line_1_119' title="bbox 1889 5700 3482 5773; baseline 0.003 -18"><span class='ocrx_word' id='word_1_789' title='bbox 1889 5701 2130 5773; x_wconf 85' lang='lat' dir='ltr'><strong>nasterii,</strong></span> <span class='ocrx_word' id='word_1_790' title='bbox 2166 5700 2234 5773; x_wconf 89' lang='lat' dir='ltr'><strong>ad</strong></span> <span class='ocrx_word' id='word_1_791' title='bbox 2265 5717 2435 5773; x_wconf 14' lang='lat' dir='ltr'><strong>quem,</strong></span> <span class='ocrx_word' id='word_1_792' title='bbox 2457 5709 2633 5755; x_wconf 81' lang='lat' dir='ltr'><strong>exstat</strong></span> <span class='ocrx_word' id='word_1_793' title='bbox 2663 5702 2906 5773; x_wconf 78' lang='lat' dir='ltr'><strong>Hugonis</strong></span> <span class='ocrx_word' id='word_1_794' title='bbox 2936 5711 2985 5757; x_wconf 87' lang='lat' dir='ltr'><strong>et</strong></span> <span class='ocrx_word' id='word_1_795' title='bbox 3018 5700 3279 5759; x_wconf 88' lang='lat' dir='ltr'><strong>Bernardi</strong></span> <span class='ocrx_word' id='word_1_796' title='bbox 3309 5703 3482 5758; x_wconf 87' lang='lat' dir='ltr'><strong>abba-</strong></span> 
     </span>
    </p>
   </div>
   <div class='ocr_carea' id='block_1_120' title="bbox 1889 5771 3480 5844">
    <p class='ocr_par' dir='ltr' id='par_1_120' title="bbox 1889 5771 3480 5844">
     <span class='ocr_line' id='line_1_120' title="bbox 1889 5771 3480 5844; baseline 0.004 -17"><span class='ocrx_word' id='word_1_797' title='bbox 1889 5781 1999 5828; x_wconf 89' lang='lat' dir='ltr'><strong>tum</strong></span> <span class='ocrx_word' id='word_1_798' title='bbox 2024 5771 2400 5844; x_wconf 77' lang='lat' dir='ltr'><strong>epistolapost</strong></span> <span class='ocrx_word' id='word_1_799' title='bbox 2420 5771 2600 5828; x_wconf 90' lang='lat' dir='ltr'><strong>lvonis</strong></span> <span class='ocrx_word' id='word_1_800' title='bbox 2625 5772 2879 5843; x_wconf 82' lang='lat' dir='ltr'><strong>epistolas</strong></span> <span class='ocrx_word' id='word_1_801' title='bbox 2909 5775 3071 5830; x_wconf 86' lang='lat' dir='ltr'><strong>edita.</strong></span> <span class='ocrx_word' id='word_1_802' title='bbox 3095 5773 3280 5844; x_wconf 86' lang='lat' dir='ltr'><strong>Quare</strong></span> <span class='ocrx_word' id='word_1_803' title='bbox 3301 5774 3480 5833; x_wconf 81' lang='lat' dir='ltr'><strong>Odoni</strong></span> 
     </span>
    </p>
   </div>
   <div class='ocr_carea' id='block_1_121' title="bbox 1888 5842 2727 5903">
    <p class='ocr_par' dir='ltr' id='par_1_121' title="bbox 1888 5842 2727 5903">
     <span class='ocr_line' id='line_1_121' title="bbox 1888 5842 2727 5903; baseline -0.002 -1"><span class='ocrx_word' id='word_1_804' title='bbox 1888 5845 2033 5902; x_wconf 87' lang='lat' dir='ltr'><strong>haud</strong></span> <span class='ocrx_word' id='word_1_805' title='bbox 2062 5842 2227 5901; x_wconf 85' lang='lat' dir='ltr'><strong>dubie</strong></span> <span class='ocrx_word' id='word_1_806' title='bbox 2255 5842 2597 5903; x_wconf 85' lang='lat' dir='ltr'><strong>inscribenda</strong></span> <span class='ocrx_word' id='word_1_807' title='bbox 2626 5842 2727 5901; x_wconf 85' lang='lat' dir='ltr'><strong>est.</strong></span> 
     </span>
    </p>
   </div>
  </div>
