3910 6452
484 484 584 544 163

1505 449 1836 520 (ΞΟΗἿΠΒΙ
1877 451 2167 513 ABBATIS
2209 444 2762 513 YlNDOClNENSIS

3689 436 3729 493 ’1
3745 430 3817 492 64

483 622 535 670 et
565 613 807 674 hamum,
863 617 970 665 quo
1027 603 1150 653 sunt
1223 590 1562 661 strangulati,
1615 588 1962 650 invenerunt,
2012 581 2077 636 Hi
2107 580 2593 654 Apersolverunt.
2633 577 2750 631 Nec
2781 573 2856 628 illi
2914 571 3044 637 soli,
3102 565 3202 628 sed
3251 577 3303 625 et
3351 565 3536 626 caeteri
3569 562 3818 619 ducenti

2263 671 2273 674 _
2467 668 2479 674 -
2707 665 2718 674 .
3095 661 3126 674 .,
3302 659 3316 674 .
3675 651 3776 674 ..μ

485 672 887 772 comparabiles
915 696 1040 745 sunt
1069 699 1236 743 corvo
1263 680 1466 738 inﬁdeli
1495 676 1704 744 nuntio,
1743 674 1834 747 qui
1861 672 2077 744 cupidi-

489 761 912 848 tate-cadaveris
965 780 1084 833 Noe
1136 772 1310 830 sancti
1374 767 1698 842 patriarchae
1753 761 2080 832 contempsit

488 877 800 950 imperium.
843 869 994 926 Prius
1023 864 1260 939 quidem,
1320 865 1378 914 ut
1431 856 1701 922 columba,
1751 857 2081 922 acceperunt

487 941 700 1025 ramum
731 962 906 1027 olivae,
943 956 1094 1025 189
1117 966 1237 1008 cum
1268 963 1376 1022 quo
1421 945 1490 1001 ad
1521 959 1704 1001 arcam
1734 941 1998 1006 redirent,
2029 945 2083 993 et

490 1075 542 1128 in
572 1083 700 1126 arca
729 1066 1033 1126 manerent,
1067 1055 1162 1112 esd
1194 1053 1263 1110 de
1316 1049 1567 1107 fenestris
1618 1061 1778 1112 arcm,
1823 1043 1891 1099 ad
1946 1057 2084 1114 quas

490 1161 596 1217 tide
618 1150 956 1229 baptismatis
987 1142 1368 1203 etmonastica
1425 1137 1772 1210 professione
1820 1134 1933 1203 jam
1982 1145 2084 1187 vo-

489 1225 746 1311 laverant,
779 1256 889 1295 non
940 1231 1167 1290 redituri
1215 1228 1592 1286 evolaverunt.
1627 1225 1706 1278 De
1738 1235 1962 1294 quorum
1993 1234 2089 1272 nu-

486 1351 641 1394 mero
669 1307 969 1406 quemlibet
997 1321 1292 1388 hominem,
1341 1315 1511 1372 multo
1538 1313 1718 1368 minus
1775 1309 1942 1383 igitur
1969 1307 2086 1362 Do-

486 1423 670 1482 minici
689 1403 891 1493 gregis
919 1420 1197 1486 pastorem
1226 1415 1280 1462 et
1308 1403 1592 1462 custodem
1623 1415 1749 1456 esse
1794 1413 1905 1454 non
1936 1403 2088 1468 opto,

489 1532 558 1572 ne
615 1486 750 1568 forte
797 1486 1096 1574 contingat,
1131 1497 1278 1570 quod
1329 1495 1476 1549 Deus
1534 1491 1760 1554 abnuat,
1809 1486 1961 1542 illum
2020 1501 2092 1540 ex

489 1610 712 1678 pastore
743 1599 929 1668 lupum
978 1591 1114 1655 fieri,
1178 1595 1231 1642 et
1253 1601 1318 1642 ex
1373 1581 1602 1640 custode
1649 1579 1936 1634 latronem.
1983 1576 2095 1629 Va-

493 1664 616 1760 iete,
652 1699 704 1746 et
732 1664 856 1760 qua:
885 1685 1030 1738 bono
1069 1677 1251 1736 animo
1305 1671 1647 1744 scripsimus,
1679 1667 1836 1724 vobis
1881 1664 2096 1736 placeat

492 1783 750 1840 retinere.

942 1943 1284 2004 EPISTULA
1307 1938 1465 1996 ΧΧΙΙ
1487 1933 1660 2008 (309).

498 2096 696 2151 Frater
727 2081 1025 2156 Gri/frictus,
1047 2079 1249 2133 dilecto
1281 2069 1567 2142 con/ratri
1591 2062 1888 2156 Ambtardo
1921 2061 2104 2156 Lemo-

569 2149 998 2236 vicenci'abbati
1027 2169 1151 2239 (309
1169 2166 1230 2234 ‘),
1253 2163 1333 2218 sic
1369 2163 1584 2232 fratres
1623 2153 1727 2210 tibi
1779 2149 2101 2207 commissos

566 2270 822 2339 diligere,
855 2276 928 2316 ne
957 2262 1065 2313 ate
1087 2269 1283 2312 eorum
1309 2249 1625 2318 diligantur
1647 2256 1899 2298 errores.

572 2397 836 2458 Perlectis
893 2389 1089 2448 litteris
1156 2385 1280 2450 tuis,
1325 2381 1519 2455 quibus
1575 2377 1644 2433 de
1698 2372 1963 2430 monacho
2013 2377 2103 2424 tuo

501 2495 844 2563 conquestus
883 2499 963 2547 es,
987 2477 1308 2552 agnovimus
1338 2468 1482 2543 quod
1515 2467 1805 2521 immemor
1835 2457 2104 2516 ecclesia-

503 2546 879 2648 sticilvigoris,
913 2579 964 2626 et
991 2564 1236 2634 honoris,
1268 2568 1321 2618 et
1373 2556 1532 2614 otiicii
1589 2569 1652 2610 ac
1709 2547 1999 2606 ministerii
2021 2546 2106 2600 sui

503 2645 740 2734 oblitus,—
756 2663 959 2733 lingua:
985 2654 1191 2713 aculeis
1230 2660 1284 2705 te
1330 2645 1665 2704 exacerbare
1722 2652 2101 2712 praesumpse—

506 2759 593 2815 rit.
625 2725 1090 2827 Linguavquidem
1119 2739 1417 2796 secundum
1463 2733 1747 2796 Iacobum,
1808 2725 2105 2799 inquietum

505 2847 708 2905 malum
725 2817 858 2906 ‘cst,
889 2817 1289 2902 modicumque
1345 2824 1673 2885 membrum,
1712 2817 1808 2873 sed
1852 2829 2104 2888 magnam

507 2904 705 2994 silvam
732 2904 990 2991 incendit,
1015 2923 1139 2996 quia
1159 2918 1354 2975 animae
1384 2922 1437 2969 et
1467 2909 1716 2982 corporis
1744 2904 2107 2962 substantiam

509 3025 713 3100 perdit.
745 3020 953 3090 Lingua
981 2991 1125 3086 ignis
1157 3015 1260 3074 est,
1293 3013 1346 3062 et
1376 3005 1428 3059 in
1459 3017 1521 3057 ea
1561 2999 1842 3055 universas
1902 2991 2106 3064 iniqui-

511 3095 632 3182 tatis
661 3117 908 3179 consistit
959 3114 1106 3184 (Jac.
1146 3124 1218 3174 xi,
1287 3103 1431 3173 5-8).
1491 3100 1702 3172 Lingua
1740 3095 1960 3169 gladius
2002 3099 2102 3161 est,

511 3231 618 3288 quo
647 3209 910 3267 Conditor
930 3182 984 3260 et
1011 3199 1347 3268 Redemptor
1391 3197 1579 3246 noster
1631 3203 1664 3243 a
1696 3185 1898 3242 Judaeis
1953 3182 2108 3236 inter~

2187 668 2597 744 quinquaginta,
2629 665 2722 738 qui
2748 677 2938 720 eorum
2970 661 3197 718 comites
3253 659 3319 714 ad
3349 655 3639 712 audaciam
3673 651 3813 706 fue-

2187 767 2332 827 runt,
2383 763 2766 830 prorumpente
2805 768 2838 808 a
2868 752 3101 808 Domino
3139 749 3264 821 igne
3311 744 3624 816 consumpti
3671 748 3811 795 sunt

2191 828 2772 920 (Num._xv1,t).Unde
2789 856 2920 898 vera
2941 838 3317 912 pr0positione
3338 833 3622 906 probatur,
3645 828 3808 902 quod

2192 962 2302 1002 non
2329 945 2505 1000 solum
2536 943 2625 1014 qui
2681 948 2868 997 contra
2922 937 3245 1010 praepositos
3291 932 3559 989 Ecclesia}
3601 943 3808 1000 super—

2193 1035 2364 1101 biunt,
2389 1033 2485 1088 sed
2507 1033 2666 1087 etiam
2697 1031 2790 1102 qui
2833 1025 3179 1084 consentiunt
3234 1021 3334 1090 eis,
3381 1039 3410 1075 a
3469 1022 3585 1077 Deo
3631 1017 3802 1071 dam-

2193 1131 2414 1179 nantur.
2453 1123 2510 1176 In
2539 1119 2678 1174 libro
2700 1133 2915 1191 quoque
2947 1129 3260 1188 regnorum,
3292 1126 3414 1167 cum
3446 1107 3669 1164 Samuel
3707 1119 3801 1159 sa-

2195 1213 2398 1269 cerdos
2423 1227 2454 1267 a
2484 1208 2689 1282 pepulo
2736 1211 3195 1269 contemneretur,
3229 1199 3549 1257 exclamavit
3596 1195 3806 1252 Domi-

2196 1327 2319 1379 nus,
2341 1317 2391 1366 et
2441 1307 2611 1364 dixit:
2653 1307 2780 1362 Non
2813 1309 2866 1360 te
2899 1304 3256 1377 spreverunt,
3287 1297 3383 1355 sed
3427 1313 3514 1353 me
3563 1295 3614 1366 (I
3650 1297 3798 1364 Reg.

2201 1415 2316 1466 vni,
2338 1399 2420 1468 7).
2460 1398 2527 1452 Et
2557 1405 2613 1451 ut
2640 1396 2744 1453 hoc
2788 1393 3158 1459 ulcisceretur,
3181 1385 3434 1446 excitavit
3471 1383 3694 1440 Saulcm
3721 1397 3808 1436 re-

2201 1505 2347 1560 gem,
2381 1486 2470 1559 qui
2499 1483 2803 1556 superbum
2831 1479 3090 1554 populum
3121 1479 3362 1535 calcaret
3410 1483 3461 1530 et
3491 1479 3807 1545 premeret,

2203 1594 2255 1641 et
2287 1601 2386 1658 per
2413 1584 2632 1638 diversa
2668 1596 2950 1653 poenarum
2993 1592 3198 1651 genera
3245 1573 3532 1646 affligeret,
3568 1577 3627 1624 ut
3664 1583 3811 1624 con-

2204 1687 2443 1754 templus
2473 1680 2735 1736 sacerdos
2766 1677 2970 1733 ultione
2999 1674 3187 1730 divina
3215 1671 3589 1735 vindicaretur,
3624 1665 3809 1721 David

2207 1781 2446 1838 sanctus,
2479 1785 2605 1826 cum
2633 1784 2788 1824 oram
2814 1765 3099 1822 chlamidis
3154 1761 3331 1817 Saulis
3379 1759 3522 1831 regis
3549 1754 3808 1829 pessimi,

2210 1863 2348 1932 191
2383 1861 2567 1930 etjam
2596 1858 2651 1912 in
2708 1855 2809 1912 Dei
2858 1851 3216 1926 dispositione
3276 1847 3525 1920 depositi,
3583 1843 3810 1900 occulte

2124 1953 2176 2012 Β
2209 1959 2552 2024 abscidisset,
2602 1954 2749 2027 quod
2785 1953 2980 2009 factum
3029 1947 3418 2022 parvissimam
3465 1950 3658 2000 contra
3710 1941 3814 1996 do-

2209 2057 2415 2106 ctorem
2445 2044 2848 2101 musitationem
2875 2038 3187 2112 signiﬁcat;
3240 2050 3436 2107 magna
3463 2033 3652 2088 cordis
3683 2046 3810 2086 con-

2212 2137 2430 2193 tritione
2451 2152 2510 2190 se
2539 2131 2758 2198 arrexit,
2793 2129 2922 2202 quia
2951 2129 3004 2182 in
3064 2133 3353 2198 peccatore
3391 2121 3684 2194 praeposito
3712 2119 3812 2173 Dei

2210 2233 2552 2298 potestatem,
2587 2237 2746 2294 quam
2801 2217 3055 2275 venerari
3095 2215 3394 2277 debuisset,
3453 2220 3507 2265 et
3562 2208 3812 2264 auctori-

2213 2333 2380 2380 tatem
2407 2345 2414 2354 τ
2441 2321 2650 2394 gnovit,
2686 2333 2806 2392 quae
2859 2332 2962 2372 nec
3007 2314 3185 2383 major
3242 2311 3408 2382 justis
3437 2307 3753 2381 pastoribus
3781 2321 3813 2360 a

2213 2417 2329 2471 Deo
2359 2411 2699 2477 conceditur,
2728 2423 2831 2464 nec
2860 2405 3038 2461 minor
3067 2401 3296 2472 injustis.
3333 2399 3438 2456 Sed
3468 2405 3521 2453 et
3550 2396 3810 2452 Salomon

2213 2519 2266 2568 in
2299 2513 2496 2584 Spirttu
2529 2515 2718 2564 sancto
2748 2504 3072 2562 constitutus
3103 2501 3259 2556 docet
3309 2513 3428 2570 quae
3449 2495 3520 2550 sit
3550 2493 3813 2550 sacerdo-

2213 2611 2338 2667 talis
2367 2609 2656 2666 auctoritas
2679 2613 2732 2661 et
2763 2609 3024 2677 potestas,
3059 2601 3246 2656 dicens
3279 2613 3290 2652 :
3333 2597 3413 2652 Ex
3454 2599 3570 2652 tota
3613 2593 3810 2648 anima

2218 2716 2318 2768 tua
2341 2711 2477 2764 time
2500 2710 2672 2763 Deum
2698 2708 2753 2760 et
2788 2701 3108 2758 sacerdotes
3132 2699 3252 2768 ejus
3281 2695 3578 2763 sanctiﬁra
3611 2692 3810 2763 (Eccli.

2214 2815 2310 2866 vn,
2345 2798 2456 2868 32).
2481 2797 2545 2852 Et
2576 2795 2812 2850 iterum:
2853 2793 3072 2846 Honora
3121 2790 3293 2844 Deum
3349 2788 3511 2840 tuum
3552 2798 3627 2837 ea:
3670 2784 3812 2846 tota,

2215 2903 2412 2958 anima
2445 2905 2564 2966 tua,
2589 2902 2644 2954 et
2676 2893 2980 2963 honoriﬁca
3011 2889 3329 2947 sacerdotes
3361 2888 3478 2958 ejus
3501 2882 3654 2955 (ibid.
3688 2882 3807 2951 33).

2217 2991 2462 3059 Quorum
2493 2993 2894 3060 praeceptorum
2921 2996 3150 3046 memor,
3185 2979 3239 3034 Β.
3297 2976 3511 3042 Paulus,
3577 2989 3698 3029 cum
3726 2985 3817 3026 sa-

2215 3079 2444 3147 cerdoti,
2476 3077 2728 3132 nesciens
2757 3088 2880 3129 eum
2929 3069 3273 3126 sacerdotem
3320 3080 3457 3129 esse,
3523 3060 3819 3120 maledice-

2217 3188 2318 3245 ret,
2353 3187 2406 3234 et
2435 3178 2485 3234 ei
2513 3176 2818 3232 diceretur:
2851 3170 2948 3228 Sic
2979 3169 3168 3225 insitis
3190 3167 3254 3222 in
3301 3164 3640 3222 sacerdotem
3684 3179 3814 3216 ma-

511 3258 690 3360 Fectus
724 3258 980 3356 nescitur,
1013 3258 1255 3380 nec
1312 3289 1518 3380 {aulum
1678 3274 1957 3380 Christum
1986 3270 2107 3344 ειε-
2135 3314 2184 3380 C
2219 3273 2503 3332 Iedicendo
2534 3272 2562 3326 ‘2
2586 3271 2750 3343 (Act.
2791 3283 2943 3330 xviii,
2977 3265 3031 3334 4)
3060 3262 3241 3319 statim
3297 3261 3508 3330 culpam
3549 3258 3814 3330 agnovit;

513 3395 604 3451 dio
635 3387 782 3452 ferri,
817 3386 1082 3456 quantum
1111 3374 1220 3431 illis
1250 3371 1342 3444 qui
1369 3385 1492 3426 eum
1515 3366 1698 3440 gladio
1758 3362 1907 3420 verbi
1941 3375 2106 3432 pcre-

514 3448 746 3546 inerunt,
771 3448 930 3530 mors
950 3466 1147 3526 Christi
1201 3463 1518 3532 deputatur.
1579 3453 1826 3510 Christus
1876 3451 1994 3521 ipse
2051 3448 2109 3503 in

515 3585 681 3630 cruce
705 3540 819 3636 jam
847 3560 1055 3634 positus
1084 3569 1185 3628 pro
1213 3550 1322 3606 illis
1369 3547 1547 3619 potius
1602 3542 1794 3607 oravit,
1838 3540 1929 3612 qui
1985 3553 2111 3592 eum

515 3667 698 3742 gladio
727 3662 855 3720 ferri
903 3659 1278 3731 pupugerunt,
1330 3646 1486 3716 190
1543 3659 1654 3699 non
1707 3655 1809 3712 pro
1855 3638 1986 3704 illis,
2019 3637 2112 3707 qui

517 3738 642 3824 eum
673 3761 858 3837 gladio
887 3754 1040 3812 verbi
1066 3749 1409 3808 occiderunt.
1445 3745 1502 3802 Si
1529 3743 1700 3815 igitur
1727 3738 1936 3809 lingua:
1984 3751 2112 3834 per:

516 3821 746 3915 versibus
776 3864 884 3904 non
913 3840 1281 3912 restringitur,
1323 3852 1433 3892 non
1486 3833 1712 3888 multum
1771 3826 2024 3898 prodest,
2069 3821 2116 3877 si

515 3953 718 4004 caetera
770 3937 912 3994 mala
957 3931 1320 4000 corrigantur.
1375 3924 1557 3980 Habes
1614 3919 1756 3974 circa
1805 3912 2117 3984 bujusmodi

517 4033 920 4104 delinquentes,
951 4022 1078 4078 etin
1113 4017 1288 4075 Veteri
1318 4021 1374 4072 et
1429 4014 1480 4067 iu
1539 4011 1694 4066 Novo
1749 4005 2114 4069 Testamento,

519 4131 709 4188 divina
737 4123 960 4184 consilia
989 4127 1044 4175 et
1071 4121 1359 4190 praecepta,
1394 4125 1521 4167 cum
1557 4105 1826 4164 Dominus
1880 4101 2030 4157 Deus
2065 4099 2120 4154 in

519 4221 948 4287 Deuteronomio
977 4217 1117 4274 dicat
1149 4215 1244 4269 :Et
1283 4211 1441 4267 homo
1462 4208 1790 4282 quicunque
1812 4201 2017 4273 fecerit
2058 4199 2122 4254 in

519 4317 780 4392 superbia
808 4316 874 4368 ut
904 4325 1020 4365 non
1049 4302 1320 4362 exaudiat
1349 4297 1696 4356 sacerdotem
1729 4295 1830 4348 aut
1851 4290 2118 4361 iudicem,

519 4420 835 4494 quicunque
847 4409 1024 4482 fuerit
1041 4405 1200 4460 homo
1213 4401 1312 4458 ille
1325 4398 1604 4453 morietur
1619 4396 1676 4450 et
1690 4409 1817 4448 omn
1828 4390 1873 4443 is
1882 4387 2126 4461 papulas

521 4477 651 4566 cum
671 4477 939 4562 audierit,
967 4493 1202 4558 timebit,
1225 4493 1280 4545 et
1298 4505 1411 4544 non
1429 4489 1556 4557 aget
1589 4481 1786 4554 impie,
1819 4494 1889 4533 ne
1915 4477 2126 4532 moria-

527 4588 1109 4664 tur(Deut.xvn,12,
1161 4580 1272 4650 13).
1327 4578 1394 4632 Ει
1433 4583 1492 4630 ut
1549 4572 1786 4627 sciamus
1841 4567 1984 4622 hanc
2033 4565 2130 4635 De;

2215 3381 2268 3429 et
2299 3371 2429 3444 quia
2459 3385 2660 3425 noxam
2705 3383 2770 3421 ex
2816 3362 3126 3438 ignorantia
3190 3357 3532 3426 contraxerit,
3585 3355 3816 3410 asseruit

2217 3472 2408 3528 dicens
2441 3487 2454 3526 :
2489 3468 2830 3532 Nesciebam,
2895 3466 3128 3535 fratres,
3167 3461 3294 3533 quia
3333 3457 3596 3530 ponti/ea:
3635 3457 3802 3509 esset.

2218 3571 2505 3641 Scriptum
2519 3571 2598 3620 est
2613 3563 2765 3619 enim
2793 3579 2805 3616 :
2824 3559 3144 3628 Principem
3157 3555 3351 3628 papuli
3370 3555 3582 3610 tuinon
3603 3550 3810 3606 maledt

2220 3681 2310 3721 ces
2341 3661 2523 3733 (ibid,
2549 3662 2624 3728 5).
2657 3657 2727 3710 Et
2755 3653 2882 3710 alibi
2903 3651 3034 3708 dicit
3063 3665 3074 3704 :
3109 3650 3227 3704 Non
3256 3651 3340 3703 est
3366 3649 3612 3719 potestas
3641 3643 3756 3699 nisi
3778 3659 3809 3696 a

2223 3763 2351 3818 Deo.
2368 3761 2436 3816 Et
2453 3758 2548 3832 qui
2577 3755 2798 3812 resistit
2816 3747 3334 3824 potestati,divina’
3356 3742 3702 3802 ordiuationi
3733 3756 3812 3795 re-

2223 3863 2412 3930 sistit;
2437 3863 2492 3914 et
2513 3857 2610 3929 qui
2631 3855 2795 3911 resisl
2805 3856 2928 3917 unt,
2945 3850 3060 3922 ipsi
3077 3845 3615 3904 sibidamnationem
3634 3841 3811 3913 acqui-

2227 3963 2364 4016 runt
2383 3961 2566 4028 (ltom.
2604 3967 2720 4017 xm,
2783 3954 2833 4017 1,
2863 3950 2949 4020 2).
3001 3945 3269 4002 Dominus
3297 3943 3455 3999 etiam
3485 3948 3668 3996 noster
3697 3940 3808 4008 ipse

2226 4050 2386 4105 Jesus
2411 4045 2679 4109 Christus,
2715 4057 2808 4096 rex
2864 4045 2918 4092 et
2959 4037 3126 4106 judcx
3182 4042 3236 4089 et
3290 4031 3554 4103 magister
3607 4035 3806 4095 noster,

2230 4153 2404 4210 usque
2431 4133 2500 4191 ad
2531 4130 2804 4204 passionis
2832 4127 2981 4183 diem
3014 4123 3252 4181 servavit
3281 4123 3541 4178 honorem
3569 4117 3813 4173 sacerdo-

2231 4237 2394 4303 tibus,
2427 4229 2674 4305 quamvis
2698 4228 2775 4283 illi
2807 4241 2908 4282 nec
2939 4224 3172 4280 timoren
3200 4221 3321 4289 Dei,
3353 4233 3456 4275 nec
3484 4215 3812 4290 agnitionem

2233 4331 2428 4389 Christi
2453 4333 2796 4390 servassent;
2850 4337 2976 4378 nam
3005 4336 3130 4378 cum
3173 4317 3455 4390 leprosum
3507 4313 3812 4370 mandasset

2235 4430 2368 4486 dixit
2395 4427 2476 4483 illi
2512 4441 2524 4480 :
2558 4425 2705 4480 Vade
2727 4426 2783 4478 ct
2805 4420 3034 4477 ostende
3057 4422 3110 4474 te
3145 4415 3419 4472 sacerdoti
3467 4411 3658 4482 (Matii.
3695 4424 3805 4474 vni,

2237 4524 2302 4584 ι;
2338 4521 2472 4574 Luc.
2524 4529 2656 4580 xv",
2690 4513 2800 4578 ii).
2833 4511 2910 4565 Ea
2963 4506 3260 4563 humilitate
3294 4520 3397 4576 qua
3455 4517 3553 4557 nos
3606 4513 3810 4572 quoque

2237 4609 2471 4665 humiles
2499 4620 2622 4660 esse
2651 4601 2854 4670 docuit,
2907 4596 3246 4654 sacerdotem
3303 4591 3612 4663 appellabat
3655 4602 3810 4658 quem

521 4701 713 4744 vocem
741 4695 863 4738 cum
909 4689 1038 4762 vera
1097 4679 1150 4726 et
1180 4681 1412 4762 ﬁumina.
1455 4666 1748 4762 131.9839?
1784 4669 2119 4762 -ﬁiniugrﬁ-
2150 4681 2202 4742 D
2233 4698 2439 4754 sciebat
2468 4709 2594 4751 esse
2623 4666 2976 4762 sacrilegum.
3001 4687 3133 4741 Item
3156 4684 3254 4738 sub
3279 4683 3383 4738 ictu
3415 4675 3676 4752 passionis
3695 4691 3809 4732 cum

523 4769 778 4832 cessisse,
812 4762 883 4820 ad
913 4753 1265 4814 honorandos
1293 4758 1345 4806 et
1365 4744 1722 4805 vindicandos
1783 4737 2118 4804 sacerdotes,

525 4860 617 4934 qui
655 4859 710 4913 in
741 4828 862 4926 ejus
890 4849 1012 4904 loco
1043 4850 1204 4907 stant,
1235 4847 1328 4896 aut
1357 4838 1426 4892 de
1458 4835 1576 4904 ejus
1618 4832 1740 4886 loco
1770 4828 1969 4884 cadunt
1999 4841 2120 4882 cum

521 4915 790 5008 aldversus
821 4943 998 4997 Aaron
1030 4930 1371 4990 sacerdotem
1398 4933 1506 4980 tres
1533 4921 1602 4976 de
1635 4915 1908 4974 ministris
1953 4915 2118 4980 Core,

522 5005 741 5095 Dathan
773 5039 826 5087 et
857 5026 1062 5086 Abiron
1097 5019 1215 5078 ausi
1245 5023 1372 5073 sunt
1429 5009 1734 5084 superbire,
1782 5005 1934 5061 hiatu
1963 5012 2124 5059 terras

525 5088 770 5193 absorpti
801 5129 866 5172 ac
895 5106 1140 5168 devorati
1171 5117 1361 5178 pinnas
1381 5099 1562 5154 statim
1582 5091 1868 5163 sacrilegae
1886 5088 2126 5144 audaciae

598 5301 749 5370 (309)
771 5291 1016 5370 Epistula
1043 5290 1162 5370 haec
1185 5282 1459 5365 maximan
1489 5284 1702 5352 partem
1734 5269 2013 5340 exscripta
2044 5273 2128 5322 est

530 5355 894 5442 ex‘Cyiiria'ni
920 5368 989 5442 653
1017 5363 1084 5442 ac!
1116 5355 1504 5442 Rogalia.““"‘,z
1757 5415 1811 5442 ιη
1832 5412 1881 5442 ηε

601 5411 1504 5508 (ﬁda'ﬁ'izii}:ﬁnitimam“:
1525 5418 1730 5508 abbati.
1750 5415 1814 5496 _ln
1831 5411 2127 5508 diplomate

532 5487 824 5583 Pliilivp'pi’l-
859 5487 1013 5583 regis
1059 5503 1132 5583 de
1185 5497 1537 5580 translatione
1577 5487 1986 5583 1Μίειιιξὶιιιεξειῖεἰδ
2018 5497 2129 5537 ca:-

533 5556 776 5640 nobiirad
807 5556 1051 5634 ordii’iem
1075 5571 1486 5640 Cluniacensem
1511 5559 1798 5640 subscribit
1819 5556 2128 5640 Adonim-Ius

535 5625 698 5712 2235a}
727 5625 1159 5708 ieiiiizc'éiisis,
1184 5625 1292 5696 hoc
1312 5647 1407 5712 est
1444 5637 1506 5691 S.
1537 5629 1917 5712 Martialisnut
1948 5625 2128 5712 inlt'le-

534 5695 1159 5782 dictituio‘n‘e'iiionasterii'
1187 5695 1616 5782 Vindocinensis
1659 5699 1944 5782 Odolrieus
1965 5695 2127 5782 abbas

532 5767 1370 5855 dav;Tbt'artiiile'monasterium
1401 5775 1798 5855 Lemovicenze
1831 5767 1998 5855 (quod
2029 5779 2128 5835 pro

535 5841 1144 5922 Eo‘ﬁhéiiis'ii’ﬁoﬁicos
1194 5851 1484 5906 szeculares
1542 5858 1688 5922 nunc
1713 5841 1898 5922 habet)
1928 5846 1979 5922 et
2003 5851 2127 5922 rno-

848 5905 1174 5988 ‘Sub'lartialis
1186 5905 1358 5994 unum
1391 5928 1571 5994 atque
1624 5914 1764 5967 idem
1795 5905 1886 5994 est
1907 5905 2131 5994 atumo-

543 5977 895 6078 1333235331
913 5977 1330 6058 "S-r—li'e’iicdicti;
1391 5977 1713 6043 Mic'iacensc
1767 5979 1908 6037 etS.
1958 5977 2124 6032 Maxi-

2227 4799 2438 4868 alapam
2465 4790 2788 4863 accepisset,
2820 4795 2874 4843 et
2916 4785 2966 4842 ei
3011 4785 3330 4848 diceretur;
3390 4781 3470 4836 sic
3525 4773 3808 4849 respondes

2227 4889 2696 4971 pontiﬁcHNihil
2727 4884 3120 4944 contumeliose
3175 4881 3329 4951 192
3375 4879 3585 4934 locutus
3639 4882 3717 4930 est
3756 4873 3805 4927 in

2229 5007 2520 5067 personam
2543 4985 2833 5060 pontiﬁcis,
2851 4985 2947 5040 sed
2965 4980 3138 5054 magis
3161 4977 3524 5034 innocentiam
3541 4988 3688 5028 suam
3711 4987 3807 5026 ser-

2231 5084 2396 5151 vavit,
2428 5081 2655 5136 dicens:
2691 5079 2749 5135 Si
2786 5075 2938 5130 male
2992 5074 3212 5129 locutus
3257 5085 3404 5134 sum,
3447 5063 3714 5137 exprobra
3743 5061 3801 5114 de

2230 5261 2360 5318 mini
2396 5279 2410 5326 ;
2440 5260 2758 5330 Segestrum
2817 5259 2868 5308 et
2915 5250 2971 5304 S.
2997 5243 3590 5330 Sequanis-Uticenses
3647 5243 3700 5292 et
3742 5237 3800 5319 .S.

2232 5309 2932 5396 ii'b'rul‘si'ﬁticomageuse
2960 5329 3006 5376 et
3031 5309 3391 5396 Sz'Arnabilis.
3424 5313 3661 5396 Alterum
3674 5309 3800 5396 enim

2232 5380 2600 5461 iiuiii'hbr’néh
2629 5380 2707 5453 est
2741 5380 3042 5461 ;Ualterum
3075 5391 3198 5460 loci,
3234 5389 3286 5443 in
3316 5401 3426 5459 quo
3451 5382 3660 5461 condita
3691 5380 3795 5461 iue—

2233 5484 2392 5531 runt.
2421 5453 2610 5544 atque
2639 5469 2693 5544 in
2716 5453 2804 5544 iis
2835 5481 2967 5544 sane
2996 5453 3348 5544 _loci‘s,'qua:'
3383 5453 3801 5544 unicum‘habfnt

2233 5523 2642 5604 monasterium,
2676 5540 2729 5594 id
2785 5536 2962 5592 statim
2994 5523 3331 5604 intelligitur.
3383 5523 3800 5604 inuamplioribus

2234 5593 2732 5676 veroucivitatibus,
2765 5617 2814 5664 et
2860 5622 2980 5679 qua:
3017 5593 3200 5679 multis
3236 5597 3498 5679 coenobiis
3530 5593 3668 5677 nunc
3712 5593 3801 5675 ilo:

2236 5699 2370 5754 rent,
2421 5688 2488 5742 de
2534 5663 2910 5754 vetustissimo
2941 5687 2992 5731 et
3039 5676 3130 5754 sui
3166 5668 3609 5754 temporis‘unic‘o
3634 5663 3804 5754 ‘accipi

2234 5735 2510 5824 iniiinii
2532 5735 2597 5810 in
2609 5735 2844 5826 synodo
2879 5748 3134 5826 thnensi
3153 5735 3358 5826 Leonis
3368 5739 3514 5826 "1X.
3548 5735 3802 5826 leardus

2236 5806 2872 5892 Eiiiis'ciiiiauaéssis,
2905 5820 2974 5874 de
3005 5818 3200 5892 abbate
3250 5815 3310 5868 Β.
3367 5806 3638 5892 Nectarii;
3678 5806 3806 5892 apgd

2236 5879 2654 5972 i'tibii'ém'éiiagx’.’
2680 5898 2735 5966 εὶ,
2774 5899 2824 5962 6,
2859 5879 3060 5948 'abbas
3116 5884 3486 5952 Camotensis,
3514 5880 3570 5940 id
3623 5879 3798 5937 cst—S.

2240 5972 2400 6030 Petri.
