3910 6408
204 413 310 478 165

197 548 354 605 man
379 564 392 617 ;
413 552 462 606 si
480 558 673 610 autem
698 556 852 629 bene,
875 561 1011 633 quid
1027 580 1117 620 me
1146 568 1314 625 credis
1338 570 1366 624 .9
1398 572 1583 643 (Joan.
1609 594 1790 648 ~xvm,

199 637 319 708 25.)
352 637 488 706 Οιιίυ
515 644 700 700 omnia
728 647 799 702 ab
830 664 894 705 eo
924 650 1049 708 ideo
1081 652 1221 711 facta
1252 668 1373 715 sunt
1403 637 1681 722 humiliter
1709 677 1795 723 at-

198 749 307 802 que
337 737 607 804 patienter
638 749 693 796 ut
738 761 842 800 nos
893 763 1005 803 suae
1052 750 1364 811 humilitatis
1412 775 1476 816 ac
1521 764 1797 832 patientire

198 820 531 882 haberemus
563 838 614 884 et
646 848 1001 905 sequeremur
1029 843 1357 914 exemplum.
1392 848 1562 906 Docet
1599 850 1791 909 docto-

195 925 291 963 res
320 912 583 971 Ecclesiae
609 919 851 992 legitime
880 933 932 980 et
961 927 1124 997 plene
1156 930 1444 1004 honorari,
1471 940 1681 996 etiamsi
1703 942 1795 997 ali-

196 1006 279 1052 ter
305 1010 467 1073 agant
496 1022 660 1076 quam
690 1011 946 1082 debeant,
980 1016 1107 1072 dum
1139 1020 1286 1077 circa
1326 1022 1491 1081 falsos
1539 1029 1791 1085 doctores

193 1086 346 1143 Deus
375 1091 492 1162 ipse
525 1094 646 1150 talis
684 1099 886 1156 existit.
932 1105 1209 1165 Praeterea
1248 1123 1469 1169 sanctos
1515 1120 1791 1188 apostolos

195 1176 514 1235 Scribarum
548 1193 600 1238 et
631 1186 1046 1261 Pharisaeorum,
1079 1213 1462 1267 perversorum
1492 1214 1654 1279 atque
1696 1227 1792 1265 sa-

192 1264 523 1338 crilegorum
556 1274 861 1345 doctorum,
896 1264 1149 1352 potestati
1176 1289 1471 1360 substituit,
1522 1264 1788 1366 quatenus

191 1357 565 1424 apostolorum
611 1374 661 1417 et
698 1368 1026 1435 probaretur
1078 1374 1366 1445 humilitas,
1430 1357 1482 1436 et
1537 1357 1785 1442 meritum

189 1463 510 1522 augeretur,
545 1467 597 1514 et
626 1477 725 1531 per
751 1465 854 1521 hoc
884 1467 1039 1537 plebs
1067 1471 1376 1532 Christiana
1404 1479 1641 1537 disceret
1661 1500 1787 1554 por-

188 1546 306 1595 tare
329 1543 523 1613 jugum
569 1549 683 1603 veri
712 1555 1035 1623 sacerdotis,
1068 1560 1231 1615 etiam
1261 1565 1360 1618 sub
1407 1566 1543 1624 falso
1591 1587 1782 1628 sacer-

183 1637 338 1693 dote.
376 1643 685 1703 Meminisse
708 1653 961 1708 monachi
991 1655 1209 1726 debent,
1242 1665 1497 1731 quoniam
1555 1668 1781 1727 abbates

180 1726 337 1784 Deus
366 1729 598 1788 instituit
630 1755 641 1801 ;
676 1738 899 1795 abbates
928 1752 1109 1799 autem
1142 1752 1435 1807 monachos
1484 1757 1779 1814 constitue-

180 1834 332 1879 runt.
370 1826 526 1897 Quod
557 1834 601 1886 si
633 1850 733 1890 nos
762 1838 963 1910 aliquid
992 1844 1196 1901 audere
1227 1857 1418 1904 contra
1446 1852 1619 1907 Deum
1653 1872 1777 1925 pos-

1459 448 1847 511 EPISTOL/E.
1888 488 1956 499 —
1986 454 2110 517 LIB.
2146 452 2239 519 IV.

3402 482 3504 549 {66

1824 583 1878 644 Α
1909 582 2037 651 vita,
2072 585 2233 642 etiam
2263 588 2308 643 si
2334 590 2455 658 jure
2478 596 2894 667 reprehenditur
2950 611 3163 679 Oportet
3215 618 3394 673 tamen
3446 631 3504 677 ut

1906 687 1935 725 a
1967 673 2199 729 subditis
2231 677 2556 738 suﬂ'erantur
2584 688 2792 757 pariter
2835 702 2887 748 et
2942 696 3252 757 timeantur.
3299 729 3322 754 ι»
3357 707 3501 764 Sub-

1907 760 2013 816 tilis
2076 780 2208 837 ergo
2241 767 2324 821 via
2357 774 2586 828 tenenda
2617 785 2703 832 est
2731 795 2763 834 a
2794 782 3023 840 subditis
3053 790 3415 864 rectitudinis,
3449 809 3502 855 et

1903 850 2242 921 humilitatis,
2292 865 2348 911 ut
2402 865 2857 931 reprehensibilia
2913 876 3301 946 magistrorum
3358 886 3502 944 facta

1902 953 2005 994 nec
2054 941 2327 1011 placeant,
2382 964 2485 1005 nec
2541 959 2723 1010 tamen
2781 974 2968 1016 eorum
3025 976 3234 1024 mentes
3290 989 3319 1025 a
3376 992 3497 1031 ser-

1901 1028 2077 1083 vanda
2098 1033 2134 1099 1
2150 1033 2259 1101 94
2286 1037 2678 1107 magistrorum
2708 1052 3016 1106 reverentia
3036 1058 3315 1116 recedant.
3340 1060 3498 1129 Quod

1901 1127 2040 1185 bene
2070 1132 2187 1188 Noe
2217 1135 2462 1195 debriato
2493 1145 2827 1216 exprimitur,
2887 1153 3042 1223 cujus
3087 1159 3287 1217 nudata
3335 1182 3496 1222 vere-

1898 1227 2164 1286 cundiora
2194 1232 2322 1288 boni
2354 1234 2446 1291 filii
2486 1243 2663 1297 aversi
2696 1246 2964 1307 veniendo
3010 1260 3255 1312 texerunt
3309 1262 3484 1333 (Gen.

1898 1330 1976 1381 rx,
2012 1320 2139 1387 23.)
2173 1319 2316 1389 Quid
2349 1333 2432 1380 est
2461 1332 2606 1399 quod
2638 1332 2732 1388 filii
2765 1340 3153 1398 verecundiam
3183 1319 3351 1416 patris
3395 1319 3492 1408 su;

1896 1406 2143 1473 perjecto
2194 1411 2373 1468 dorsis
2429 1417 2595 1486 pallio
2651 1424 2826 1479 aversi
2882 1433 3161 1488 venientes
3216 1440 3488 1510 operiunt,

1896 1501 1999 1555 nisi
2055 1507 2202 1575 quod
2254 1508 2412 1566 bonis
2470 1515 2701 1573 subditis
2759 1521 2838 1578 sic
2891 1530 3309 1598 praepositorum
3368 1554 3491 1595 suo-

1894 1606 2013 1645 rum
2042 1594 2188 1650 mala
2217 1596 2507 1670 diSplicent
2534 1613 2589 1659 ut
2615 1614 2793 1665 tamen
2824 1594 2943 1668 haec
2999 1594 3070 1671 ab
3125 1620 3245 1677 aliis
3308 1629 3490 1684 occul-

1891 1682 2067 1735 tent?
2121 1682 2181 1739 Si
2231 1703 2360 1744 vero
2417 1692 2619 1750 subditi
2675 1713 2708 1753 a
2765 1711 3036 1760 rectorum
3095 1725 3320 1767 suorum
3392 1733 3486 1772 re-

1887 1769 2250 1837 prehensione
2316 1786 2622 1851 temperare
2681 1803 2740 1843 se
2805 1793 3114 1866 negligant,
3170 1816 3344 1872 usque
3412 1808 3479 1861 ad

1887 1860 2367 1927 reprehensionem
2477 1870 2647 1940 ipsius
2745 1880 3042 1937 conditoris
3170 1891 3480 1959 excedunt,

1653 1919 1664 1925 '
1952 1919 1965 1927 ·
2297 1919 2302 1920 ⁷
2357 1919 2365 1920 ί
2477 1919 2646 1940 -Γν-*υ
2747 1919 3042 1937 ννιιιιιιυιιο
3170 1919 3435 1948 υλυσιυυιιι
3469 1941 3480 1959 ν

178 1929 390 1980 sumus,
427 1919 516 1989 qui
547 1921 773 1979 abbates
823 1927 989 1992 facit;
1040 1943 1269 2002 possunt
1326 1945 1378 1992 et
1429 1950 1619 1997 contra
1674 1943 1856 2005 nosB
1887 1947 2040 2013 Cujus
2097 1965 2334 2021 superna
2399 1958 2756 2029 dispositione
2821 1971 3033 2039 prmlali
3091 1984 3262 2033 sunt.
3341 1982 3481 2039 Nam

178 2012 385 2039 anAn..-
419 2019 663 2039 M-..__L:
730 2037 744 2039 _
863 2026 893 2039 -ι
1018 2027 1043 2039 η
1200 2031 1235 2039 Α
1316 2035 1328 2039 -

176 2012 387 2068 audere
418 2019 687 2088 monachi,
721 2037 754 2076 a
785 2026 983 2096 quibus
1012 2027 1165 2085 fiunt.
1192 2031 1611 2113 Qualescunque
1647 2054 1776 2100 sunt

174 2110 445 2168 Ecclesia}
476 2115 755 2187 doctores,
783 2120 852 2178 de
883 2124 1019 2195 ipsis
1050 2135 1232 2185 tamen
1280 2134 1544 2194 Dominus
1597 2142 1722 2199 dicit
1758 2164 1769 2199 :

179 2208 289 2274 Qui
321 2227 409 2265 vos
430 2216 611 2282 audit,
632 2235 721 2273 me
742 2221 926 2288 audit,
949 2228 1005 2278 et
1026 2229 1227 2298 quieos
1251 2237 1491 2303 spernit,
1510 2256 1600 2295 me
1619 2259 1773 2313 sper-

174 2306 269 2357 m't
303 2307 461 2372 (Luc.
505 2327 555 2378 x,
592 2313 715 2381 16);
747 2320 802 2371 et
836 2335 848 2371 :
886 2318 991 2386 Qui
1021 2326 1207 2395 tanth
1240 2343 1350 2393 vos,
1386 2306 1773 2410 tarrgitpzipil-

175 2402 293 2456 lani
323 2408 473 2461 oculi
500 2412 611 2464 mei
642 2411 839 2482 (Zach.
878 2432 937 2484 ll,
964 2419 1037 2489 8).
1069 2421 1316 2496 Tangere
1374 2429 1475 2485 hoc
1534 2433 1587 2487 in
1647 2436 1769 2493 loco

172 2506 284 2546 non
317 2494 602 2552 verberum
636 2504 928 2572 quamlibet
998 2494 1262 2569 actionem
1318 2517 1611 2591 significat,
1670 2529 1768 2582 sed

172 2596 299 2650 quze
326 2581 385 2635 fit
415 2583 466 2637 in
497 2588 757 2656 prmlatos
789 2608 819 2646 a
852 2598 1103 2667 subditis,
1136 2581 1510 2678 prailoquente
1541 2581 1768 2683 przelato

170 2668 253 2723 eis
280 2670 519 2740 diabolo,
557 2676 755 2749 linguae
788 2683 871 2737 vel
897 2687 1078 2742 cordis
1120 2690 1536 2754 detractionem.
1595 2704 1766 2760 Maria

169 2757 532 2828 utiquesoror
588 2768 766 2823 Aaron
827 2776 1191 2846 prOphetissa,
1253 2782 1379 2838 dum
1436 2788 1607 2859 Moysi
1670 2794 1765 2849 de-

168 2847 347 2916 traxit,
381 2854 631 2921 quamvis
659 2856 776 2927 ipse
806 2861 1082 2932 aliquanto
1127 2867 1282 2926 aliter
1348 2872 1555 2944 fecerit,
1616 2879 1765 2938 illico

166 2934 427 3006 stigmate
452 2938 620 3012 leprae
652 2946 874 3014 perfusa
904 2960 1002 3019 est,
1061 2963 1113 3009 et
1167 2957 1236 3013 de
1293 2964 1489 3019 castris
1539 2934 1763 3027 Domini

165 3022 310 3077 foras
337 3030 577 3096 projecta
607 3034 802 3103 (Num.
870 3044 1035 3110 ξιιμ).
1101 3047 1244 3101 Uzas
1301 3051 1466 3106 etiam
1524 3055 1758 3126 Levites,

162 3127 285 3166 eum
330 3130 512 3171 arcam
572 3121 789 3178 Domini
838 3130 1311 3192 recalcitrantibus
1375 3143 1531 3211 193
1589 3121 1761 3204 bobus

161 3226 412 3271 cerneret
447 3217 774 3291 inclinatam,
808 3243 928 3282 eam
963 3232 1151 3289 volens
1175 3238 1411 3311 erigere,
1466 3246 1644 3300 statim
1690 3251 1759 3304 ab

157 3312 366 3381 angelo
400 3315 614 3371 Domini
643 3336 937 3389 percussus
968 3326 1169 3385 interiit
1200 3334 1273 3401 (Il
1304 3339 1426 3407 Reg.
1463 3357 1534 3408 vi,
1570 3348 1618 3407 6,
1678 3346 1753 3417 7).

161 3399 265 3453 Per
292 3417 473 3458 arcam
506 3410 828 3478 prmpositus
862 3414 1124 3474 Ecclesiae
1154 3421 1421 3493 signatur,
1458 3447 1617 3501 quem
1661 3452 1755 3491 re-

158 3490 502 3557 prehendere
533 3497 726 3552 minori
774 3502 951 3557 ordini
983 3506 1134 3562 nulla
1168 3512 1373 3569 ratione
1403 3520 1751 3587 permittitur.

160 3591 301 3646 Utile
333 3602 413 3647 est
443 3604 493 3650 et
521 3601 912 3670 necessarium,
947 3614 1003 3661 ut
1032 3608 1092 3663 Β.
1126 3612 1394 3671 Eusebius
1424 3621 1574 3692 (310)
1603 3625 1750 3696 dicit,

155 3688 211 3732 ut
243 3690 482 3738 rectores
511 3702 541 3739 a
572 3688 807 3745 subditis
839 3693 1143 3765 timeantur,
1178 3709 1230 3755 et
1259 3704 1330 3757 ab
1389 3688 1523 3773 ipsis
1570 3716 1752 3770 corri-

152 3777 354 3839 gantur
381 3776 439 3825 ut
470 3774 702 3831 humana
742 3780 1031 3839 formidine
1063 3805 1291 3857 peccare
1337 3805 1593 3868 metuant,
1660 3806 1752 3876 qui

152 3858 335 3913 divina
356 3861 562 3928 judicia
594 3882 699 3921 non
730 3867 1357 3938 formidant.Deteriores
1390 3887 1589 3958 quippe
1606 3903 1749 3959 sunt,

153 3955 211 3999 ut
241 3947 381 4002 idem
414 3949 531 4021 ipse
560 3955 770 4025 asserit,
797 3961 893 4029 qui
914 3963 1342 4025 detractionibus
1363 3947 1752 4037 doctorumvi-

154 4043 259 4089 tam
291 4053 604 4111 moresque,
639 4048 887 4115 quamvis
934 4051 1218 4111 videantur
1264 4065 1746 4144 reprehensibiles,

1328 4124 1341 4132 .
1676 4124 1745 4144 μι

154 4124 528 4197 insequuntur,
564 4131 647 4184 his
694 4135 816 4204 quis
855 4139 1186 4199 substantias
1230 4148 1459 4208 aliorum
1508 4160 1745 4226 przedia-

155 4228 265 4282 que
294 4213 571 4286 diripiunt.
606 4221 674 4275 Et
704 4222 827 4279 ideo
885 4228 1027 4296 juste
1084 4233 1313 4291 infames
1371 4213 1521 4311 sunt,
1569 4255 1624 4301 et
1674 4251 1746 4304 ab

154 4301 398 4358 Ecclesia
430 4314 672 4363 extorres
703 4311 857 4369 fiunt.
891 4318 1029 4373 Nam
1060 4322 1137 4377 sic
1167 4326 1277 4379 odit
1302 4328 1447 4385 Deus
1497 4350 1594 4389 eos
1653 4340 1743 4411 qui

152 4398 463 4471 linguarum
492 4404 711 4477 gladiis,
744 4428 842 4467 seu
872 4416 1112 4486 quolibet
1140 4422 1247 4478 alio
1277 4429 1440 4485 modo
1481 4433 1743 4493 adversus

154 4488 342 4544 Patres
371 4503 670 4562 armantur,
705 4507 759 4553 ut
792 4500 1008 4560 Patrum
1040 4509 1343 4582 iuvasores,
1378 4526 1429 4572 et
1484 4520 1538 4576 in
1594 4527 1740 4581 omni

149 4584 346 4639 mundo
379 4595 635 4642 notantur
663 4591 910 4652 infamia.
954 4599 1102 4668 Quos
1134 4607 1277 4662 enim
1309 4611 1459 4668 Deus
1506 4633 1605 4674 suo
1654 4638 1736 4677 rc-

147 4674 629 4745 servavitjudicio,
659 4680 897 4740 humano
946 4692 1179 4748 examini
1230 4701 1586 4762 condemnari
1636 4727 1737 4769 nec

145 4760 472 4830 debent,nec
488 4771 808 4835 possunt.Et
829 4774 1153 4835 B.Gelasius
1177 4801 1318 4857 papa
1339 4792 1419 4856 (3t
1440 4796 1489 4864 1)
1546 4760 1738 4858 to};

144 4876 263 4929 quze
291 4861 495 4932 pastori
527 4878 628 4920 suo
664 4872 969 4929 commissae
990 4887 1130 4947 sunt,
1157 4897 1280 4938 eum
1304 4892 1732 4967 reprehendere,

142 4948 243 5003 nisi
299 4964 327 5003 a
377 4951 643 5009 catholica
699 4954 803 5014 tide
856 4964 1258 5038 exorbitaverit,
1333 4992 1434 5033 nec
1509 4982 1731 5057 debent,

142 5054 239 5094 nec
270 5038 539 5095 ullatenus
570 5058 829 5103 accusare
858 5062 1109 5123 possunt,
1170 5060 1296 5131 quia
1352 5064 1495 5122 facta
1549 5082 1734 5140 pasto-

141 5143 252 5181 rum
283 5128 400 5184 oris
424 5146 609 5185 eorum
639 5133 825 5206 gladio
856 5140 1105 5199 ferienda
1138 5163 1245 5203 non
1288 5162 1431 5223 sunt,
1483 5163 1731 5229 quamvis

141 5225 278 5272 recte
313 5220 768 5289 reprehendenda
799 5228 1116 5289 videantur.
1173 5237 1239 5291 Et
1296 5241 1358 5294 Β.
1428 5244 1729 5321 Gregorius

138 5314 187 5369 in
227 5316 515 5373 Moralibus
549 5321 695 5393 (312)
719 5326 926 5392 scribit,
962 5331 1100 5388 dicet
1126 5352 1193 5394 s;
1259 5360 1280 5389 ι
1342 5314 1724 5414 Magistrorum

201 5495 346 5574 (.310)
381 5497 667 5586 Eusebius.
705 5500 871 5586 Papa-,7
892 5511 977 5564 cui
1009 5513 1440 5577 tribuiturctiam
1465 5524 1533 5578 ab
1561 5524 1725 5586 Ivone

136 5564 329 5618 decreti
365 5576 508 5640 part.
550 5583 605 5621 v.
639 5584 756 5640 cap.
781 5564 917 5633 '25'2.

200 5640 279 5703 (31
302 5638 444 5725 I)B.
481 5638 737 5725 Helusius
766 5664 933 5719 pupa.
976 5651 1114 5725 Quze
1143 5655 1229 5711 hic
1260 5658 1469 5720 Gelasii
1524 5669 1723 5725 dicitur

136 5708 577 5813 sgqtei'itia,_‘eam
609 5713 735 5813 03ὶο
757 5708 1428 5813 tribuitlvonpart._
1480 5756 1531 5807 v,
1593 5758 1713 5813 cap.

200 5791 211 5813 Ϊ
338 5794 423 5813 ΩΓΥΙ
455 5794 520 5813 Ill.
550 5796 599 5813 1Ιὶ
682 5800 775 5813 ..ΩΑ
801 5806 849 5813 .-.
882 5803 1037 5813 ---..-
1080 5811 1092 5813 -

132 5779 251 5832 253.
271 5778 520 5875 “Legitur
549 5778 853 5875 iuIE‘usebii
876 5794 1103 5875 epistola
1124 5778 1500 5874 éa'ie'gypiios'
1514 5782 1531 5875 ξ
1573 5778 1717 5871 iniit;

134 5859 182 5904 et
211 5864 246 5941 tr
265 5848 534 5941 .G‘ra't‘ian‘o
557 5851 750 5935 citetur
781 5875 843 5940 ii.
976 5848 1198 5941 7.ξρυᾶ

198 5921 343 5993 (312)
372 5922 431 5976 Β.
459 5921 750 5997 Gregorius
769 5931 829 5986 in
858 5921 1357 5998 Μὶνιιιὶιηιέέξιῖίξί⁷
1388 5963 1527 6021 xxv,
1573 5970 1701 6030 cap-

1886 2033 1931 2085 si
1990 2050 2159 2106 opera
2215 2041 2493 2101 hominum
2572 2049 2774 2119 injusta
2848 2058 3147 2130 videntur,
3222 2077 3479 2144 potestas,

1884 2138 2005 2192 quae
2060 2141 2089 2179 a
2148 2128 2263 2185 Deo
2340 2143 2467 2204 est,
2545 2155 2833 2214 numquam
2909 2148 3014 2203 erit
3056 2153 3189 2209 .nisi
3256 2157 3408 2225 justa
3463 2182 3477 2227 ;

1883 2227 2044 2282 quam
2099 2215 2281 2285 injusti
2337 2222 2584 2282 homines
2656 2232 2930 2290 multoties
3001 2215 3477 2317 propter-subje:

1881 2316 2093 2366 ctorum
2126 2316 2318 2371 merita
2351 2319 2552 2377 habere
2584 2330 2991 2396 permittuntur.
3030 2339 3154 2395 Non
3200 2352 3277 2398 est
3337 2348 3479 2402 tole—

1880 2398 2053 2453 randa
2079 2416 2107 2454 a
2138 2408 2446 2476 praepositis
2483 2415 2711 2484 superba
2741 2416 3039 2492 loquacitas
3089 2429 3179 2483 vel
3217 2448 3480 2502 praesum-

1879 2485 1991 2555 ptio
2022 2490 2423 2560 subjectorum.
2466 2501 2590 2559 Haec
2626 2516 2749 2562 sunt
2779 2510 2921 2565 enim
2952 2514 3092 2570 sicut
3137 2525 3476 2580 venerabilis

1879 2574 2028 2646 (313)
2060 2579 2254 2636 doctor
2284 2593 2336 2639 et
2367 2598 2574 2662 martyr
2628 2594 2953 2669 Cyprianus,
3006 2605 3214 2674 scribit,
3260 2574 3476 2670 haereti-

1876 2677 2063 2721 corum
2095 2678 2268 2734 ortus,
2303 2682 2465 2747 atque
2511 2691 2736 2739 conatus
2802 2690 3473 2769 schismatieorum‘male

1874 2762 2247 2836 cogitantium,
2280 2779 2334 2825 ut
2387 2774 2467 2829 sic
2528 2783 2755 2849 superbi
2812 2790 3062 2858 superbis
3110 2795 3359 2864 placeant
3417 2810 3473 2856 ut

1874 2854 2224 2922 przepositum
2258 2863 2495 2930 superbo
2555 2874 2768 2927 tumore
2816 2854 3191 2938 contemnant.
3259 2886 3348 2942 Sic
3401 2889 3472 2944 de

1872 2936 2123 2996 Ecclesia
2165 2946 2454 3015 receditur,
2489 2953 2567 3009 sic
2604 2955 2778 3015 altare
2823 2965 3109 3034 profanum
3166 2982 3320 3029 extra
3370 2979 3469 3033 Ec-

1870 3025 2092 3083 clesium
2122 3032 2519 3104 collocatur,sic
2541 3051 2732 3101 contra
2754 3064 2947 3118 pacem
2968 3056 3165 3113 Christi
3182 3068 3233 3117 et
3253 3064 3466 3120 ordina~

1870 3112 2090 3184 tionem,
2125 3129 2286 3192 atque
2314 3125 2569 3184 unitatem
2623 3133 2721 3187 Dei
2754 3112 3087 3199 rebellatur.
3109 3187 3153 3201 ..
3204 3149 3467 3222 Opportet

1869 3219 2001 3274 ergo
2030 3211 2377 3280 monachum,
2410 3216 2479 3271 de
2511 3236 2619 3290 quo
2650 3223 2778 3278 mihi
2813 3230 3099 3301 scripsisti,
3127 3253 3196 3291 ne
3249 3248 3300 3294 et
3345 3241 3464 3313 ipse

1874 3291 2096 3313 ,1.-..-Αδ’
2230 3297 2257 3313 ’³
2304 3309 2313 3313 -
2704 3312 2711 3313 ί

2926 3291 2940 3300 .
3087 3291 3098 3301 ι
3257 3291 3295 3294 -έ
3345 3291 3458 3313 'r"

1790 3302 1837 3366 ί]
1867 3291 2194 3351 daemonium
2228 3297 2338 3365 fiat,
2390 3319 2560 3376 agere
2612 3312 2855 3371 audacia":
2902 3334 3014 3375 suae
3067 3326 3458 3400 paenitentiam,

1872 3386 1916 3400 ..Δ
1947 3379 2035 3400 ι.--
2064 3396 2144 3400 -..-
2240 3386 2282 3400 δ
2326 3387 2336 3398 ⁶
2372 3388 2383 3399 ο
2655 3397 2664 3400 -

3068 3379 3081 3393 .

1868 3386 1919 3432 et
1947 3379 2209 3437 honorem
2240 3386 2337 3441 Dei
2370 3388 2421 3443 in
2478 3397 2761 3453 sacerdote
2817 3402 2976 3459 etiam
3037 3409 3193 3466 aliter
3255 3427 3460 3487 agente

1865 3482 2193 3538 agnoscere,
2228 3482 2278 3529 et
2305 3484 2415 3534 tota
2443 3484 2625 3537 cordis
2658 3494 2710 3540 et
2764 3494 3011 3563 corporis
3064 3482 3460 3571 supplicatione

1864 3570 1963 3610 suo
1993 3562 2283 3630 praeposito
2316 3567 2653 3627 satisfacere.
2696 3562 2930 3645 Quodsi
2976 3562 3249 3657 superbus
3296 3597 3458 3651 exsti-

1865 3644 2008 3713 terit,
2041 3664 2236 3707 exerce
2266 3653 2321 3708 in
2356 3671 2479 3711 eum
2511 3660 2733 3719 honoris
2764 3669 2836 3722 tui
2865 3679 3210 3747 potestatem,
3246 3690 3301 3736 ut
3334 3689 3456 3741 tan—

1862 3757 2021 3812 quam
2054 3744 2348 3819 homicida,
2418 3756 2576 3826 195
2611 3759 2679 3814 ab
2709 3766 2856 3819 omni
2910 3771 3104 3827 ordine
3151 3744 3455 3854 depositus,

1863 3842 1947 3895 vel
1978 3844 2055 3898 sic
2086 3860 2349 3920 agnoscat
2367 3856 2749 3918 ecclesiasticae
2764 3881 3012 3928 censurae
3029 3874 3263 3946 rigorem
3290 3902 3302 3947 ;
3328 3902 3454 3944 nam

1862 3938 1905 3994 si
1939 3940 2083 3996 Deus
2113 3949 2360 4017 superbis
2389 3955 2599 4025 angelis
2623 3975 2731 4015 non
2761 3968 3020 4037 pepercit,
3055 3977 3308 4044 superbis
3356 3983 3453 4039 ho-

1858 4028 2094 4085 minibus
2143 4040 2477 4105 parcendum
2534 4046 2805 4106 dedocuit.
2866 4056 3270 4121 Homicidarum
3318 4087 3451 4129 vero

1858 4117 1964 4172 tria
1985 4136 2188 4191 genera
2222 4141 2345 4181 esse
2374 4129 2626 4188 Clemens
2657 4150 2878 4196 sanctus
2921 4145 3090 4219 (314),
3151 4153 3449 4229 discipulus

1858 4206 1894 4229 ι)
1963 4208 2103 4229 13-..:
2150 4220 2186 4229 κ·
2573 4224 2584 4229 “
2710 4227 2717 4229 ‘

3052 4206 3089 4219 ,-
3160 4206 3186 4208 η
3216 4206 3449 4229 ἀντ-’ω’

1856 4206 1920 4261 Β.
1963 4208 2105 4264 Petri
2139 4220 2191 4267 et
2220 4230 2516 4274 successor
2537 4224 2674 4293 ejus,
2705 4227 2760 4283 in
2782 4234 3008 4291 consilio
3029 4241 3278 4300 residens
3300 4264 3450 4307 asse-

1855 4295 1976 4361 ruit,
2012 4306 2064 4351 et
2092 4316 2311 4369 poenam
2342 4322 2530 4363 eorum
2553 4314 2778 4382 parilem
2811 4318 2929 4377 fore
2951 4341 3050 4382 nos
3067 4328 3273 4391 docuit.
3298 4337 3446 4397 Sicut

1853 4391 1993 4446 enim
2016 4394 2393 4457 interfectores
2414 4403 2660 4478 fratrum,
2686 4412 2755 4468 ita
2780 4425 2831 4471 et
2852 4402 3191 4484 dett-actores
3228 4447 3441 4503 eorum,

1853 4495 2056 4552 eosque
2087 4486 2354 4556 odientes,
2381 4493 2682 4553 homicidas
2711 4507 3025 4579 appellavit,
3076 4517 3198 4587 quia
3245 4531 3300 4576 et
3352 4527 3444 4597 qui

1853 4566 2044 4597 ηηηὲιιζι
2104 4579 2148 4597 ηε
2189 4572 2272 4597 ....:
2308 4574 2412 4597 ...ιιι
2448 4579 2545 4597 ι’--.

1851 4566 2066 4635 occidit,
2102 4579 2150 4623 et
2184 4572 2273 4642 qui
2304 4574 2418 4630 odit
2447 4579 2667 4637 fratrem
2696 4566 2874 4656 suum,
2935 4603 2985 4648 et
3013 4566 3129 4669 'qtli
3182 4566 3436 4678 detrahit,

1851 4653 2044 4678 “ML,
2071 4657 2112 4678 ,_
2438 4665 2448 4675 .
2588 4671 2599 4678 .

2866 4653 2872 4656 _
3058 4653 3069 4669 ι

1767 4665 1820 4727 D
1850 4653 2121 4712 homicida
2151 4668 2250 4730 est,
2286 4665 2539 4734 quoniam
2568 4671 2853 4743 detractio,
2889 4682 3049 4738 etiam
3079 4688 3126 4743 si
3172 4706 3297 4748 cum
3349 4714 3443 4753 ve-

1847 4742 2005 4800 ritate
2036 4747 2343 4818 misceatur,
2377 4770 2439 4809 ex
2463 4758 2588 4813 odio
2606 4765 2800 4834 surgit.
2837 4767 3041 4840 Optare
3064 4782 3246 4835 tamen
3269 4784 3440 4843 debes

1845 4834 2024 4905 magis
2052 4835 2277 4905 injurias
2308 4843 2607 4901 odientium
2636 4851 2837 4922 pietate
2868 4866 2921 4913 et
2940 4863 3197 4931 patientia
3218 4872 3438 4933 vincere

1844 4938 2007 4993 quam
2036 4940 2307 4985 concessa
2335 4932 2430 4987 tibi
2461 4935 2677 4995 licentia
2709 4951 2760 4997 et
2785 4950 3098 5008 auctoritate
3130 4957 3434 5023 vindicare.

1846 5010 1997 5078 Vale,
2034 5018 2087 5068 et
2117 5033 2239 5088 quae
2269 5019 2363 5075 tibi
2392 5022 2734 5099 scripsimus,
2768 5033 2814 5088 si
2844 5035 2988 5095 bona
3017 5054 3162 5112 sunt,
3186 5054 3336 5105 tene.

2340 5205 2685 5269 EPISTOLA
2716 5217 2923 5278 XXIII.

1839 5353 2114 5426 Go/l‘ridus
2145 5361 2564 5426 l'indocinensis
2596 5384 2927 5441 monasterii
2964 5387 3127 5449 abbas
3156 5393 3223 5449 (ἶ.
3261 5414 3430 5457 vene-

1836 5532 1900 5584 H
1933 5541 1984 5587 et
2025 5536 2081 5588 15
2113 5546 2159 5591 et
2194 5542 2330 5618 apud
2358 5546 2703 5607 Adelbertum
2736 5557 3023 5620 diaconum
3056 5567 3149 5625 lib.
3184 5589 3242 5640 ιι,
3303 5594 3425 5650 cap,

1836 5604 1954 5650 13.9)-
1991 5608 2206 5650 SINIth
2263 5614 2405 5650 nnan
2429 5632 2491 5650 ον
2519 5622 2772 5650 ιζ....,..,..;;
2817 5633 2886 5650 ιι.
2970 5638 3017 5650 ...

1835 5604 1954 5658 Ἰδδσ
1991 5604 2239 5675 διιεουξίζ
2263 5614 2406 5682 quod
2429 5632 2493 5670 ex
2519 5622 2772 5697 Gregorii
2812 5604 3424 5720 Μ(δι’θηὺιιευέχιὲέιὲἓὶἳξ

1903 5677 2051 5720 (IMR)
2088 5681 2352 5720 nnrlnrpl
2373 5692 2595 5720 Μηκιηη
2633 5697 2793 5720 ιν...-.---
3006 5713 3043 5720 .-
3089 5713 3097 5720 .

1903 5677 2051 5783 ς
3197 5677 3427 5779 “alpini

1831 5744 2183 5833 Rogatian’um
2216 5752 2284 5806 de
2311 5744 2553 5815 diaconi,
2569 5744 2981 5833 cetiliiii)EJi(;so.

1897 5820 2328 5919 adfinem
2360 5836 2615 5893 sanctus.
2649 5820 2981 5912 expeti"?
3010 5852 3269 5915 Iacobum
3311 5860 3423 5919 fra-

1832 5894 1966 5945 trem
2001 5892 2237 5954 Domini.
