3910 6396
466 406 572 466 18Ἰ

1453 405 1790 465 GOFFRIDI
1827 405 2120 466 ABBATIS
2172 409 2720 470 VINDOCINENSIS

3666 413 3776 477 168

535 534 705 592 rabili
717 533 898 607 priori
914 532 979 590 de
1003 531 1294 590 Charitate
1315 532 1482 604 (315),
1503 550 1630 590 cum
1649 534 1954 591 dilectione
1966 551 2056 592 sa-
2082 535 2146 596 Α
2169 537 2514 595 adversarios
2565 545 2784 596 nostros
2841 553 3104 611 superare
3159 539 3479 608 valebimus,
3530 543 3577 598 si
3617 543 3767 600 illius

539 626 746 681 lutem.

535 739 898 796 Praisentium
952 738 1182 795 latorem
1228 746 1428 795 vestra:
1473 739 1707 795 bonitati
1769 739 2058 796 transmit-

465 833 646 896 timus,
679 835 944 901 quatenus
989 843 1113 882 eum
1161 827 1218 882 in
1270 829 1703 901 congregatione
1757 837 1938 884 vestra
1989 829 2060 885 ad

467 918 698 974 salutem
726 916 922 972 animae
950 931 1082 984 suae,
1113 915 1158 970 si
1189 916 1372 982 vultis,
1405 917 1705 988 recipiatis.
1744 917 1860 974 Hoc
1880 925 2062 974 tamen

465 1006 621 1064 vobis
646 1005 871 1061 laudare
901 1022 1000 1061 nec
1031 1004 1313 1075 audemus,
1333 1020 1437 1062 nec
1455 1005 1768 1078 vituperare
1790 1007 2058 1074 volumus,

465 1095 568 1151 Diu
597 1094 800 1152 etenim
828 1093 1124 1150 nobiscum
1155 1093 1275 1161 fuit,
1326 1102 1380 1150 et
1426 1109 1631 1166 pravos
1685 1111 1872 1152 mores
1930 1112 2062 1152 suos

466 1199 682 1256 semper
709 1183 1003 1240 emendare
1062 1183 1404 1254 contempsit.
1465 1183 1574 1240 Sed
1630 1185 1854 1252 bonum,
1915 1185 2064 1258 quod

467 1272 612 1346 apud
643 1288 744 1330 nos
774 1272 978 1328 diutius
1003 1271 1180 1329 facere
1209 1273 1370 1342 196
1387 1272 1614 1345 distulit,
1642 1275 1789 1346 apud
1811 1289 1922 1345 ,vos
1945 1274 2062 1330 for-

467 1363 606 1418 sitan
637 1363 820 1420 facere
850 1361 1085 1418 curabit.

975 1483 1316 1542 EPISTOLA
1352 1485 1553 1542 XXIV.

471 1601 756 1675 Cof/rillus
795 1603 1222 1659 Vindocinensis
1246 1603 1582 1658 monasterii
1600 1602 1835 1660 humilis
1872 1603 2058 1669 abbas,

533 1693 759 1748 dilectis
776 1693 842 1748 in
863 1691 1083 1747 Christo
1099 1690 1237 1760 ﬁliis
1259 1691 1554 1748 Hamelino
1574 1694 1719 1761 (316)
1752 1696 1808 1747 et
1840 1693 2064 1749 creteris

535 1781 812 1846 omnibus,
833 1795 1100 1852 prospera
1133 1779 1332 1836 mundi
1359 1779 1662 1852 despicere,
1686 1783 1741 1836 et
1761 1781 1926 1836 nulla
1943 1782 2067 1853 ejus

532 1871 767 1926 adversa
782 1870 1088 1940 formidare
1101 1908 1114 1922 .

537 1984 765 2041 Gaudeo
791 1984 954 2057 plane
985 1993 1210 2057 propter
1229 1983 1590 2042 constantiam
1612 1991 1872 2052 vestram,
1895 1998 2060 2056 quam

465 2073 582 2130 Deo
611 2079 888 2146 acceptam
921 2089 1044 2129 esse
1072 2088 1181 2129 non
1211 2073 1420 2144 dubito,
1454 2079 1507 2128 et
1535 2087 1724 2129 coram
1753 2072 1912 2128 bonis
1954 2073 2058 2128 ho-

466 2162 705 2218 minibus
733 2161 968 2235 cognovi
1000 2161 1381 2233 approbatum.
1418 2161 1475 2216 Si
1505 2161 1794 2217 molestum
1827 2161 2063 2228 habetis,

470 2251 616 2323 quod
647 2251 702 2306 in
731 2250 966 2308 ecclesia
996 2265 1162 2307 voces
1189 2252 1338 2322 (317)
1367 2250 1637 2308 cantando
1666 2265 1776 2307 non
1791 2249 2058 2316 exaltatis,

467 2341 591 2396 dico
619 2340 781 2397 vobis
811 2339 938 2414 quia
968 2339 1084 2395 oris
1113 2355 1306 2396 vocem
1337 2341 1490 2395 Deus
1517 2355 1627 2395 non
1664 2339 1913 2404 attendit,
1964 2338 2064 2394 sed

468 2429 678 2485 cordis.
719 2428 905 2499 Quare
933 2443 1042 2484 non
1074 2437 1157 2484 est
1178 2445 1317 2500 opus
1346 2427 1670 2484 sonantibus
1708 2427 1892 2484 verbis
1939 2441 2062 2481 cum

465 2533 690 2574 oramus
721 2533 736 2588 ;
773 2516 872 2573 sed
901 2517 994 2572 ubi
1025 2515 1416 2582 sacriﬁcamus,
1441 2516 1514 2572 ibi
1535 2521 1756 2572 etorare
1777 2515 2061 2570 debemus.

467 2606 572 2662 Ubi
603 2621 736 2664 vero
793 2605 1208 2661 sacrificandum
1267 2605 1354 2670 sit,
1417 2603 1706 2660 Psalmista
1757 2603 2066 2658 manifestat

467 2694 596 2750 dum
625 2693 756 2750 dicit
788 2711 800 2747 :
834 2693 1190 2763 Sacriﬁcium
1212 2695 1320 2750 Deo
1348 2695 1586 2763 spiritus
1607 2693 2060 2757 contribulaius;

466 2799 562 2840 cor
592 2783 907 2839 contritum
924 2786 978 2838 et
994 2783 1234 2838 humilia
1243 2785 1361 2838 tum
1376 2784 1519 2838 Deus
1533 2799 1645 2839 non
1658 2781 1866 2852 spernit
1881 2782 2041 2850 (Psal
2051 2821 2064 2836 .

465 2885 518 2939 L,
560 2871 677 2936 19).
717 2869 775 2926 Si
805 2868 928 2942 quis
958 2868 1096 2924 forte
1125 2868 1251 2924 huic
1289 2869 1571 2924 sententiae
1617 2867 1840 2924 obviare
1881 2876 2058 2923 tenta-

466 2959 640 3027 verit,
675 2973 932 3014 asserens
965 2958 1020 3013 in
1051 2957 1283 3014 ecclesia
1311 2973 1475 3030 super
1502 2957 1673 3012 altare
1702 2973 1827 3013 esse
1857 2955 2066 3014 sacrifi-

465 3048 718 3109 candum,
751 3047 912 3104 sicuti
942 3044 1019 3114 tit,
1051 3062 1242 3103 verum
1272 3054 1356 3102 est
1401 3046 1589 3119 utique
1636 3046 1781 3118 quod
1828 3047 1983 3102 dicit.
2006 3088 2019 3102 .
2041 3087 2055 3101 .

465 3137 571 3192 Sed
599 3136 743 3193 scire
771 3135 956 3202 debet,
991 3135 1118 3208 quia
1159 3135 1216 3190 in
1273 3135 1519 3192 Ecclesia
1575 3134 1742 3192 altare
1800 3135 1874 3190 ibi
1931 3135 2064 3190 nihil

463 3225 611 3282 aliud
641 3223 943 3296 signiﬁcat,
982 3239 1144 3296 quam
1177 3239 1273 3280 cor
1302 3223 1357 3278 in
1411 3224 1652 3280 homine.
1717 3224 1848 3294 Qum
1901 3239 2058 3297 ergo,
2091 3259 2140 3322 Ο

464 3313 679 3381 fratres,
703 3313 894 3370 dicitis
917 3314 976 3370 in
999 3313 1256 3370 cordibus
1277 3315 1499 3380 vestris,
1549 3315 1612 3368 in
1654 3313 1931 3370 cubilibus
1967 3329 2062 3370 ve-

465 3403 602 3460 stris
618 3403 1084 3476 compungimini.
1108 3402 1436 3472 Sacriﬁcate
1455 3403 1823 3473 sacriﬁcium,
1842 3409 1898 3458 ut
1917 3402 2062 3458 dixi-

469 3509 608 3561 mus,
643 3499 940 3563 sperantes
969 3492 1032 3546 in
1057 3492 1291 3548 Domino
1321 3492 1499 3562 (Psal.
1562 3506 1636 3558 tv,
1689 3495 1742 3557 5,
1801 3493 1856 3562 6)
1911 3491 2065 3562 cujus

466 3579 853 3637 misericordia
881 3579 1050 3649 adjuti
1080 3579 1347 3635 visibilem
1379 3587 1432 3634 et
1471 3578 1795 3636 invisibilem
1843 3596 2065 3652 supera-

467 3669 599 3725 bitis
627 3668 938 3724 inimicum.
978 3668 1154 3737 Certe,
1190 3667 1404 3738 fratres,
1439 3683 1536 3724 vos
1565 3682 1673 3722 non
1705 3669 1959 3740 pugnatis
2000 3684 2066 3725 eo

470 3759 617 3830 quod
646 3757 808 3814 alicui
840 3773 936 3812 sua
955 3756 1175 3814 auferre
1206 3757 1291 3814 vel
1323 3757 1610 3828 subripere
1639 3757 1838 3826 velitis,
1870 3757 1967 3813 sed
1997 3775 2067 3814 ne

470 3862 678 3920 sponsa
706 3847 806 3902 Dei
841 3846 1106 3912 Ecclesia,
1141 3862 1263 3917 qua:
1299 3848 1458 3916 197
1491 3854 1638 3900 casta
1667 3847 1889 3902 omnino
1905 3847 2069 3902 debet

469 3954 592 3993 esse
627 3941 682 3992 et
710 3936 900 4001 libera,
935 3935 1314 3992 saecularitatis
1340 3935 1651 3991 concubina
1680 3936 1792 4006 tiat,
1859 3943 1913 3990 et
1971 3952 2067 3990 an-

469 4027 619 4083 cilla.
657 4025 774 4081 Hoc
804 4023 856 4080 si
887 4025 1007 4080 fieri
1023 4032 1235 4096 posset,
1258 4024 1402 4098 quod
1425 4024 1588 4091 absit,
1612 4039 1721 4080 non
1743 4033 1853 4080 tam
1874 4025 2068 4080 domus

469 4115 570 4172 Dei
598 4130 760 4188 quam
793 4113 1058 4186 spelunca
1089 4113 1382 4182 latronum,
1439 4123 1490 4168 et
1551 4113 1765 4169 sentina
1814 4113 2067 4170 vitiorum

471 4203 581 4261 dici
604 4204 852 4260 deberet.
883 4204 987 4258 Est
1031 4203 1194 4258 etiam
1239 4202 1342 4259 alia
1373 4217 1541 4260 causa
1595 4211 1794 4258 vestrae
1852 4219 2069 4278 magna;

472 4291 800 4357 securitatis,
834 4291 981 4364 quod
1011 4307 1120 4348 non
1153 4291 1422 4360 feriendo,
1471 4292 1569 4348 sed
1622 4292 1880 4364 patiendo
1942 4294 2072 4347 resi-

472 4381 610 4436 stitis
641 4399 656 4445 ;
689 4388 742 4437 et
768 4396 880 4435 non
909 4389 1018 4436 tam
1045 4395 1148 4452 pro
1167 4381 1324 4437 vobis
1345 4397 1507 4454 quam
1530 4396 1631 4453 pro
1651 4383 2068 4438 successoribus

471 4469 670 4526 vestris
697 4470 806 4525 hoc
835 4468 1040 4526 facitis.
1081 4469 1237 4526 Unde
1269 4478 1413 4541 patet
1442 4469 1585 4542 quod
1619 4469 1792 4542 ipsius
1850 4471 2068 4526 Domini

470 4553 644 4610 nostri
671 4555 800 4609 Jesu
831 4553 1038 4608 Christi
1068 4553 1380 4626 exemplum
1409 4555 1624 4622 tenetis,
1645 4555 1735 4626 qui
1757 4561 1810 4609 et
1828 4571 1923 4626 pro
1944 4555 2067 4610 aliis

469 4643 688 4715 pertulit
718 4642 783 4716 If.
817 4641 1087 4714 mortem],
1121 4651 1174 4697 et
1203 4643 1462 4714 patiendo
1492 4645 1706 4699 hostem
1751 4644 2056 4716 superavit.
2099 4633 2150 4694 D

471 4732 542 4788 Et
571 4733 712 4790 sicut
740 4732 1034 4789 Dominum
1076 4733 1284 4800 Jesum,
1335 4740 1505 4806 caput
1544 4741 1810 4800 nostrum,
1862 4733 2065 4789 vicisse

471 4821 754 4880 diabolum
805 4821 1073 4880 veraciter
1127 4821 1424 4889 credimus,
1479 4823 1556 4878 ita
1607 4829 1660 4878 et
1714 4839 1816 4879 nos
1873 4838 2066 4880 omnes

543 5003 692 5076 (315)
711 5003 771 5059 G.
789 5005 970 5076 priori
991 5003 1058 5076 de
1073 5002 1388 5076 Chariiate.
1415 5003 1565 5058 Inter
1584 5002 1874 5076 primarios
1891 5003 2065 5076 quin-

473 5074 578 5146 que
599 5074 1114 5146 prioratusiordinis
1140 5075 1514 5130 Cluniacensis
1547 5074 1847 5146 principem
1887 5074 2067 5131 locum

474 5145 716 5228 tenetis,
749 5147 843 5218 qui
874 5145 1296 5228 Charitatinag-ri
1324 5147 1685 5228 Nivernensis
1728 5145 1944 5228 Oppidi)
1999 5149 2068 5228 ad

474 5216 712 5288 Ligerim
733 5216 934 5272 nomen
956 5217 1100 5272 fecit.
1125 5216 1334 5285 Quibus
1363 5225 1648 5288 acceptum
1672 5216 2070 5274 huncdebeant

475 5287 1159 5361 Cluniace_nses,Ludovici_
1179 5289 1245 5361 YI
1273 5290 1428 5361 regis
1485 5287 1725 5360 diploma
1761 5291 2070 5344 Aurelianis

477 5359 678 5412 editum
710 5359 878 5414 docet
919 5359 1004 5413 his
1050 5359 1234 5414 verbis
1279 5376 1294 5414 :
1342 5359 1640 5415 Prioralus
1679 5361 1739 5414 Β.
1777 5361 1966 5415 Mariae
2004 5362 2071 5417 de

480 5429 768 5502 Charilate
789 5445 962 5502 super
980 5431 1241 5500 Ligerim,
1265 5447 1429 5502 quem
1453 5429 1784 5502 Gauﬂ‘ridus
1806 5433 2074 5488 Autissio-

475 5500 733 5571 dorensis
748 5500 1036 5571 cpiscOpus
1059 5505 1115 5555 ct
1137 5500 1474 5558 Cuillelmus
1490 5500 1674 5557 comes
1690 5503 2071 5571 Niuernensis,

479 5570 870 5644 ct_Berna_rdus
885 5570 1342 5644 deChaillauLet
1357 5573 1462 5627 alii
1476 5572 1672 5642 ﬁdeles
1690 5574 1852 5644 regni
1869 5570 2071 5641 nostri,

478 5640 553 5714 ad
567 5656 702 5714 quos
718 5641 881 5714 locus
891 5641 999 5714 ille
1015 5641 1082 5714 de
1097 5643 1380 5714 chariiate
1391 5640 1524 5714 cum
1537 5644 1674 5698 villa
1691 5640 1770 5698 δι’
1780 5640 2076 5714 ρενίίηεηὲ

485 5709 592 5785 liis
595 5709 714 5785 suis
725 5709 1482 5785 omnibusjnspiritualibus
1500 5718 1557 5772 et
1581 5709 1981 5785 temporalibus
1995 5720 2076 5772 to-

487 5781 688 5835 taliter
700 5780 1044 5853 pertinebat,
1069 5780 1482 5853 Hugoniabbati
1495 5788 1554 5840 et
1573 5780 1915 5844 monasterio
1938 5788 2074 5844 Clu—

483 5852 750 5906 niacensi
764 5856 820 5904 et
839 5865 1030 5907 eorum
1047 5852 1458 5909 successoribus
1468 5855 1829 5921 dederunt,et
1843 5874 2074 5915 conces-

485 5921 914 5994 serunt,absquc
922 5922 1044 5981 ulla
1055 5926 1215 5980 relcn
1225 5923 1374 5980 tione
1382 5940 1486 5994 per
1494 5939 1551 5982 se
1562 5928 1618 5984 et
1635 5927 1936 5987 monachos
1947 5945 2078 5987 suos

2167 627 2415 683 membra
2442 626 2730 684 fuerimus.
2767 627 3106 696 Charissimi,
3137 629 3324 685 mirari
3345 630 3514 687 nolite
3533 635 3678 705 quod
3694 635 3765 690 ad

2168 731 2266 771 vos
2295 715 2482 772 venire
2507 715 2858 789 diifero,quia
2887 732 3081 772 sexum
3106 717 3256 772 illum
3287 717 3420 772 mihi
3449 727 3767 790 suspectum

2168 804 2320 874 (318)
2340 805 2576 872 invenio,
2608 821 2772 878 quem
2799 821 2904 862 nec
2934 805 3126 862 amicis
3146 806 3285 863 bene
3313 805 3471 862 ﬁsum
3495 822 3763 880 agnosco.

2169 893 2344 949 Sexus
2371 893 2476 950 iste
2504 903 2751 951 nostrum
2808 895 3045 966 primum
3103 895 3396 952 venenavit
3448 905 3764 968 parentem,

2169 998 2328 1038 suum
2358 999 2572 1056 quoque
2601 983 2852 1038 maritum
2883 991 2935 1040 et
2963 990 3193 1056 patrem,
3219 982 3765 1056 jugulavitJoannem

2167 1073 2485 1144 Baptistam,
2518 1071 2752 1130 inimicis
2792 1071 2908 1128 suis
2937 1072 3291 1128 fortissimum
3352 1065 3555 1129 traditit
3612 1074 3767 1130 Sam-

2170 1177 2382 1228 sonem,
2415 1161 2651 1234 quodam
2684 1162 2847 1218 etiam
2880 1161 3042 1218 modo
3071 1161 3345 1218 interfecit
3391 1161 3762 1232 Salvatorem,

2171 1250 2298 1324 quia
2329 1249 2433 1305 nisi
2461 1249 2582 1322 ejus
2611 1249 2771 1322 culpa
2801 1249 3072 1324 exigeret,
3105 1249 3360 1306 Salvator
3409 1259 3603 1308 noster
3661 1269 3764 1324 pro

2170 1339 2329 1396 nobis
2357 1339 2497 1395 mori
2526 1338 2894 1396 necessarium
2924 1355 3035 1395 non
3063 1339 3310 1396 haberet.
3362 1341 3477 1396 Heu
3531 1349 3768 1414 quantos

2165 1430 2277 1499 jam
2305 1427 2539 1500 perdidit
2573 1427 2586 1484 l
2620 1443 2758 1500 quos
2789 1428 2970 1485 adhuc
2997 1431 3181 1500 potest
3209 1428 3444 1500 perdere
3473 1443 3581 1485 non
3609 1429 3763 1487 desi—

2172 1517 2300 1572 stit!
2332 1519 2400 1574 Ut
2435 1517 2675 1574 breviter
2702 1517 2904 1586 dicam,
2937 1517 3192 1572 omnibus
3221 1516 3312 1589 qui
3343 1516 3633 1588 perierunt,
3672 1519 3768 1590 qui

2170 1615 2417 1679 pereunt,
2451 1622 2549 1662 seu
2596 1605 2688 1678 qui
2745 1621 2916 1678 usque
2971 1605 3028 1660 in
3083 1604 3244 1661 ﬁnem
3305 1605 3490 1662 sazculi
3545 1607 3767 1678 perituri

2173 1703 2322 1763 sunt,
2358 1711 2522 1750 sexus
2561 1694 2668 1749 iste
2724 1693 2999 1766 duplicem
3055 1694 3284 1750 contulit
3327 1701 3582 1751 mortem.
3645 1695 3766 1750 Nisi

2173 1784 2318 1840 enim
2348 1789 2650 1854 peccasset,
2685 1791 2738 1838 et
2767 1783 3052 1854 peccando
3081 1783 3313 1855 primum
3336 1782 3609 1838 hominem
3639 1799 3766 1855 pec-

2092 1896 2146 1956 B
2176 1891 2304 1933 care
2335 1873 2572 1938 fecisset,
2606 1873 2772 1928 homo
2799 1887 2912 1928 non
2937 1879 3246 1928 moreretur
3291 1871 3345 1926 in
3374 1887 3622 1944 corpore,
3655 1888 3760 1929 nec

2175 1967 2290 2033 ejus
2328 1962 2510 2018 anima
2539 1960 2593 2016 in
2624 1968 2885 2017 aeternum
2914 1961 3144 2032 periret.
3186 1960 3281 2015 Va:
3310 1959 3479 2029 sexui,
3529 1959 3618 2016 cui
3658 1975 3763 2018 nec

2170 2056 2336 2112 timor
2364 2052 2528 2118 inest,
2559 2065 2662 2106 nec
2691 2049 3042 2116 verecundia,
3083 2049 3241 2120 198
3271 2064 3373 2106 nec
3395 2049 3622 2114 bonitas,
3655 2065 3757 2105 nec

2170 2141 2432 2208 amicitia,
2465 2140 2558 2212 qui
2585 2137 2769 2210 magis
2797 2125 2974 2193 timeri
3003 2144 3320 2209 potestcum
3339 2143 3572 2206 amatur,
3599 2151 3762 2208 quam

2172 2248 2296 2290 cum
2325 2230 2453 2287 odio
2482 2229 2744 2284 habetur.
2782 2227 2842 2282 In
2871 2227 2958 2282 his
2988 2226 3168 2282 verbis
3194 2225 3616 2297 epistolanostra
3631 2239 3765 2282 con-

2171 2320 2430 2378 cluditur.
2459 2317 2730 2374 Dominus
2759 2316 2920 2371 Jesus
2951 2315 3202 2371 Christus
3234 2314 3302 2370 sit
3327 2315 3494 2369 abbas
3523 2322 3577 2370 et
3607 2313 3768 2370 Pater

2171 2417 2360 2466 vester
2390 2424 2406 2478 ;
2439 2408 2586 2463 bona
2614 2406 2732 2476 ejus
2760 2405 3005 2478 genitrix
3035 2404 3217 2472 Maria,
3252 2410 3426 2460 vestra
3449 2409 3636 2460 mater.
3655 2403 3766 2474 Ipsi

2173 2501 2290 2556 Deo
2320 2505 2374 2556 et
2405 2496 2645 2552 Domino
2671 2502 2884 2561 nostro,
2917 2493 3008 2566 qui
3037 2508 3138 2565 pro
3167 2491 3406 2564 peccatis
3452 2491 3661 2548 nostris
3709 2491 3764 2546 in

2172 2604 2334 2645 cruce
2361 2586 2600 2658 positus,
2635 2585 2696 2641 Β.
2727 2583 2930 2640 Joanni
2975 2597 3126 2638 suam
3175 2581 3554 2638 sanctissiman
3605 2594 3759 2638 com-

2173 2675 2448 2733 mandavit
2473 2682 2728 2738 matrem,
2762 2681 3020 2738 vestram,
3071 2670 3396 2728 commendo
3446 2668 3762 2726 fraternita-

2171 2775 2302 2833 tem,
2334 2773 2392 2820 ut
2419 2780 2515 2820 sua
2545 2764 2742 2835 pietate
2796 2763 2955 2820 vobis
3007 2762 3215 2818 donare
3267 2761 3522 2834 dignetur
3573 2775 3764 2816 veram

2174 2856 2512 2920 charitatem,
2542 2869 2726 2910 veram
2770 2851 3162 2918 obedientiam,
3223 2865 3416 2922 puram
3471 2848 3654 2906 cordis
3711 2858 3766 2904 et

2174 2943 2418 3016 corporis
2445 2942 2770 3010 castitatem,
2799 2949 2853 2998 et
2881 2941 3020 2996 inter
3083 2955 3344 3011 prospera
3401 2937 3652 3004 humiles,
3715 2945 3766 2992 et

2174 3035 2318 3090 inter
2347 3033 2586 3089 adversa
2615 3046 2846 3088 securos
2871 3045 2981 3086 vos
3007 3027 3192 3098 faciat,
3227 3036 3280 3084 et
3307 3026 3375 3083 ad
3405 3026 3604 3102 gaudia
3645 3026 3764 3083 sine

2174 3123 2283 3180 fine
2312 3137 2567 3178 mansura
2595 3125 2876 3194 perducat.

2663 3235 3013 3294 EPISTOLA
3057 3234 3238 3293 XXV.

2179 3337 2466 3410 Goﬂ’ridus
2493 3329 3764 3397 Vindocinensiscaenobiiscrvorumservus,di-

2213 3427 2372 3484 lectis
2388 3427 2450 3482 in
2465 3425 2684 3482 Christo
2696 3425 3278 3496 fratribusheternam
3297 3421 3758 3478 benedictionem.

2249 3524 2408 3593 Quod
2440 3540 2538 3582 vos
2567 3523 2658 3579 diu
2689 3531 2771 3578 est
2793 3538 2901 3578 non
2919 3521 3149 3587 visitavi,
3171 3521 3362 3576 scitote
3381 3520 3484 3576 hoc
3503 3534 3613 3574 non
3628 3533 3762 3574 mea

2177 3612 2472 3671 voluntatis
2501 3613 2690 3679 fuisse,
2717 3611 2812 3667 sed
2843 3611 3060 3683 penitus
3090 3609 3454 3666 necessitatis.
3478 3607 3763 3664 Infirmitas

2179 3702 2344 3768 enim,
2379 3718 2499 3775 quae
2525 3689 2668 3756 dum‘
2685 3700 2827 3772 apud
2859 3715 2958 3756 vos
2987 3715 3166 3754 essem
3195 3714 3282 3754 me
3302 3697 3464 3768 cepit,
3483 3705 3590 3753 uta
3611 3696 3762 3753 vobis

2179 3790 2407 3857 recessi,
2439 3798 2672 3863 quatuor
2691 3798 2899 3845 tantum
2925 3788 3120 3844 diebus
3138 3805 3224 3843 me
3248 3786 3452 3842 dimisit
3476 3802 3490 3855 ;
3511 3785 3607 3842 sed
3625 3791 3763 3857 post-

2181 3896 2246 3938 ea
2275 3879 2526 3954 graviter
2548 3878 2774 3934 invasit.
2810 3878 2964 3934 Unde
2994 3878 3066 3933 ab
3107 3875 3297 3933 amicis
3350 3875 3549 3931 nostris
3604 3889 3761 3930 acce-

2180 3978 2273 4042 pto
2297 3968 2526 4024 consilio
2554 3967 2835 4040 potionem
2865 3966 3096 4039 sumpsi,
3129 3982 3235 4038 qua
3265 3965 3392 4020 dum
3419 3979 3617 4035 corpus
3633 3979 3760 4034 pur-

2181 4075 2311 4132 gare
2339 4057 2530 4125 debui,
2561 4073 2702 4128 pene
2732 4072 2820 4112 me
2848 4055 3098 4128 corporis
3127 4056 3237 4110 vita
3259 4053 3512 4126 purgavi.
3538 4052 3651 4108 Sed
3667 4051 3764 4108 Dei

2181 4147 2360 4222 gratia
2384 4148 2453 4202 de
2484 4146 2794 4202 inﬁrmitate
2825 4145 2920 4201 illa
2950 4143 3226 4210 convalui,
3259 4151 3313 4199 et
3341 4143 3409 4199 ad
3448 4158 3550 4198 vos
3606 4155 3766 4212 quam

2182 4237 2340 4294 citius
2367 4244 2578 4308 potero,
2609 4242 2874 4304 revertar,
2907 4249 3045 4306 quos
3072 4247 3186 4306 prae
3212 4232 3422 4290 cunctis
3459 4229 3766 4287 hominibus

2181 4342 2402 4398 semper
2430 4325 2600 4398 diligo
2629 4332 2684 4381 et
2712 4323 2900 4379 dilexi.

2677 4437 3017 4494 EPISTULA
3053 4437 3261 4494 XXVI.

2180 4549 2411 4606 Dilectis
2442 4550 2505 4604 in
2529 4545 2746 4604 Christo
2783 4547 3100 4619 discipulis,
3143 4543 3456 4616 Ingelbaldo
3501 4541 3671 4614 (319),
3709 4546 3763 4599 et

2251 4639 2509 4694 omnibus
2530 4636 2687 4706 aliis,
2715 4633 3004 4708 Go/fridus
3039 4649 3238 4690 eorum
3277 4631 3542 4704 indignus
3576 4634 3760 4698 Pater,

2245 4728 2497 4782 salutem
2534 4743 2569 4782 α
2597 4726 2707 4783 Dco
2739 4728 2793 4779 et
2817 4723 3288 4780 bcncdiclioncm.

2247 4823 2564 4892 Calumnice,
2617 4840 2740 4897 qua:
2765 4821 2821 4878 in
2849 4821 3098 4896 partibus
3131 4821 3320 4895 patrie
3359 4819 3764 4894 Andegavensis

2175 5007 2450 5080 professos
2475 5005 2631 5060 omni
2683 5007 2931 5076 (corpore
2971 5001 3307 5069 habendum,
3365 5000 3670 5060 tenendum
3708 5003 3760 5055 et

2177 5077 2474 5131 possidenti
2482 5093 2576 5131 um
2589 5118 2602 5131 .

2214 5079 2474 5134 assidenti
2482 5093 2576 5132 um
2589 5118 2602 5131 .

2173 5096 2602 5152 p08$la(’nllu1n.

2248 5150 2398 5216 (316)
2429 5149 2742 5204 Il'imelino.
2775 5146 2892 5201 Lib.
2926 5162 3008 5212 Ill,
3042 5147 3201 5218 epist.
3237 5146 3302 5199 10
3333 5152 3397 5214 ει,
3425 5144 3539 5218 _H,_
3574 5160 3762 5200 mona-

2177 5220 2295 5276 chis
2321 5219 2808 5274 Vindoeinensibus
2839 5219 3040 5290 scripta
3070 5215 3154 5274 est
3179 5219 3296 5274 haec
3352 5215 3581 5288 cpistola
3641 5232 3756 5274 cum

2176 5291 2378 5362 aliquot
2406 5290 2776 5362 sequentibus.

2251 5358 2398 5432 (317)
2433 5358 2666 5432 Qualia
2687 5361 2925 5416 ecclesia
2945 5376 3122 5417 voces.
3148 5358 3516 5432 Interdictum,
3544 5358 3752 5432 opinor,

2180 5429 2436 5505 designat
2452 5429 2610 5505 quod
2637 5433 3130 5487 Vindocinensibus
3159 5431 3279 5486 suis
3332 5429 3606 5486 indixerat
3661 5429 3746 5484 ad-

2181 5504 2370 5560 versus
2400 5504 2734 5559 comitissam
2749 5544 2762 5557 .

2255 5577 2404 5644 (318)
2460 5577 2673 5632 Sexum
2730 5575 2900 5630 illum
2946 5574 3092 5630 mihi
3157 5577 3495 5646 suspectum.
3556 5571 3680 5629 Lib.
3717 5586 3753 5636 ι,

2182 5649 2348 5702 enist.
2385 5650 2474 5701 26.

2216 5661 2780 5790 ρέῗςιίθξῗιθθιῡαιᾱο.
2821 5717 3088 5790 Μοηαοιιο
3122 5713 3524 5790 Yindocinensi.
3577 5712 3756 5790 Ostia:

2182 5783 2280 5843 rus
2303 5783 2417 5857 jam
2444 5783 2559 5844 erat
2583 5795 2708 5842 ante
2727 5786 3039 5845 Goﬂ'ridum
3092 5787 3364 5850 abbatem,
3417 5785 3640 5857 quando
3689 5783 3758 5840 ad

2184 5855 2462 5938 Urbanum
2491 5875 2826 5938 papam_.una
2849 5877 2972 5916 cum
2996 5859 3330 5916 Frotmundo
3349 5855 3535 5938 priore
3560 5855 3756 5938 missus

2181 5939 2265 5988 est
2289 5931 2364 5990 ob
2390 5929 2540 5988 litem
2560 5929 2972 5991 Credonansem
2988 5947 3111 5989 cum
3147 5929 3433 5988 monachis
3461 5929 3520 5990 S.
3543 5929 3745 5986 Albini.
