3910 6476
187 452 290 508 169

1392 448 1770 506 EPISTOLZE.
1818 479 1887 491 -
1926 448 2070 504 LIB.
2116 446 2212 507 IV.
2309 457 2312 460 ’

3381 459 3485 514 170

185 568 311 622 olim
341 576 529 626 contra
561 584 662 626 nos
690 576 823 626 ortas
849 569 1085 636 fuerunt,
1118 567 1303 623 divina
1334 567 1627 637 apitulante
1648 583 1778 640 gra-
1809 551 1866 611 Α
1893 565 2089 622 animae
2115 572 2319 622 nostrae
2347 567 2522 623 Deum
2549 568 2637 624 die
2668 583 2735 625 ac
2753 576 2918 626 nocte
2954 576 3235 641 precatur.
3275 573 3489 629 Pravo-

186 656 280 723 tia,
311 658 380 712 ad
410 660 676 713 honorem
704 666 949 714 nostrum
996 665 1049 712 et
1079 655 1371 712 utilitatem
1404 666 1526 710 sunt
1557 656 1779 712 sedatae.

186 745 461 800 Novitium
488 747 780 819 quemdam
811 748 1052 801 honestae
1082 744 1223 810 vita},
1266 751 1319 797 et
1362 744 1785 814 Optimelittera-

188 840 301 887 tum
325 836 541 905 suscepi
576 855 591 902 -,
624 851 786 908 quem
820 834 1005 890 saeculi
1050 832 1248 903 pannis
1270 840 1489 888 exutum
1539 832 1786 906 regulari

189 930 347 978 veste
378 923 551 978 habeo
584 924 864 979 vestitum.
935 924 1185 977 Domnus
1217 922 1365 992 prior
1397 929 1590 976 noster
1645 921 1786 987 (320)

188 1009 439 1066 infirmus
470 1021 699 1079 tenetur,
736 1013 835 1067 sed
856 1012 927 1067 de
964 1011 1130 1066 beata
1160 1010 1253 1064 illa
1281 1010 1463 1065 anima
1491 1009 1620 1081 quid
1643 1009 1790 1065 dice-

191 1115 324 1167 rem,
358 1116 478 1171 quae
511 1100 578 1170 si,
623 1108 854 1157 vocante
888 1100 1137 1165 Domino,
1167 1115 1199 1153 a
1247 1099 1448 1154 saeculo
1507 1099 1789 1169 migraret,

192 1204 493 1260 nunquam,
526 1197 584 1244 ut
635 1189 865 1255 aestimo,
898 1189 1205 1261 gehennam
1255 1188 1476 1242 sentiret
1505 1188 1534 1243 ?
1564 1186 1676 1242 Sed
1707 1202 1794 1242 me

192 1276 469 1331 infelicem
502 1276 516 1333 l
552 1294 638 1332 me
671 1278 929 1332 miserum
965 1276 976 1331 l
1016 1292 1178 1347 quem
1235 1276 1384 1330 nulla
1441 1284 1796 1346 peccatorum

191 1380 440 1420 meorum
467 1366 779 1421 recordatio
834 1366 1146 1431 momordit,
1180 1365 1309 1419 dum
1341 1380 1405 1419 ca
1432 1364 1547 1417 rnis
1592 1363 1798 1419 sanitas

198 1453 552 1521 blandiretur,
586 1469 735 1509 nunc
763 1453 955 1508 saltem
995 1453 1271 1524 inopinata
1308 1451 1620 1517 inﬁrmitas,
1680 1466 1800 1522 quae

202 1557 291 1597 me
323 1541 500 1596 subito
532 1542 747 1612 pressit,
793 1541 937 1597 circa
968 1556 1091 1596 mea
1123 1541 1265 1595 mala
1316 1540 1547 1595 reddere
1578 1540 1803 1594 deberet

207 1629 520 1686 sollicitum.
554 1630 690 1686 Cum
721 1629 1005 1701 sanguinis
1029 1629 1499 1685 immoderantiam
1556 1637 1803 1683 metuens

208 1734 399 1790 parum
428 1735 517 1773 me
571 1718 746 1773 minui
801 1718 1076 1787 fecissem,
1132 1717 1450 1773 minutionis
1476 1717 1564 1773 die
1623 1717 1800 1781 tertia,

208 1808 430 1864 discors
459 1809 743 1862 humorum
775 1807 952 1862 ﬂuxus
985 1807 1231 1863 ordinem
1279 1815 1489 1862 natura:
1517 1814 1805 1877 transgre-

1891 670 2013 709 rum
2045 663 2227 709 autem
2265 655 2549 711 hominum
2578 658 2740 712 etiam
2769 658 3080 714 maledictio
3131 660 3487 717 vehementer

1893 742 2126 813 Optanda
2149 751 2250 808 est,
2285 753 2338 799 et
2386 760 2575 800 eorum
2624 746 2931 802 benedictio
2974 762 3082 803 non
3140 749 3489 806 mediocriter

1896 830 2262 886 formidanda.
2300 834 2423 887 Nan
2480 833 2789 889 maledictio
2812 835 3025 889 illorum
3057 844 3207 891 creat
3252 837 3486 893 beatitu-

1896 919 2099 989 dinem,
2131 928 2184 974 et
2203 936 2390 975 eorum
2421 921 2725 977 benedictio
2766 923 2999 994 acquirit
3052 925 3482 983 damnationem.

1898 1008 2054 1063 Unde
2078 1007 2122 1062 si
2152 1008 2284 1062 mihi
2316 1025 2424 1064 non
2455 1010 2709 1079 creditur,
2744 1010 2966 1067 Christo
2991 1012 3182 1067 saltem
3210 1014 3485 1081 credatur,

1901 1095 1991 1167 qui
2024 1111 2131 1150 non
2164 1096 2443 1164 mentitur,
2502 1099 2593 1169 qui
2622 1098 2903 1169 discipulis
2949 1100 3066 1155 suis
3112 1100 3367 1173 loquitur,
3401 1103 3493 1157 di-

1902 1200 2033 1241 cens
2067 1202 2081 1238 :
2123 1186 2202 1239 Va:
2220 1202 2350 1241 cum
2380 1187 2777 1243 benedixerint
2800 1189 2946 1244 vobis
2982 1188 3233 1246 homines
3253 1191 3483 1261 (Matth.

1906 1276 1965 1326 v‘.
2006 1274 2094 1342 11)
2119 1288 2132 1343 ;
2167 1282 2223 1329 et
2254 1292 2267 1329 :
2304 1277 2440 1331 Cum
2463 1293 2551 1332 vos
2571 1277 2983 1333 maledixerint
2996 1278 3145 1335 beati
3164 1281 3297 1336 estis
3317 1280 3486 1347 (Luc.

1906 1378 1982 1428 vr,
2016 1362 2132 1432 26).
2173 1363 2293 1418 Non
2325 1364 2622 1428 horariam,
2656 1366 2755 1421 sed
2776 1367 3046 1421 assiduam
3075 1368 3351 1438 ﬁdelibus,
3385 1386 3497 1425 non

1906 1450 2243 1519 infidelibus,
2269 1450 2513 1507 Christus
2545 1453 2601 1507 in
2634 1455 2738 1510 hoc
2767 1456 2969 1510 mundo
2999 1456 3243 1527 promisit
3266 1474 3497 1528 pressu-

1910 1554 2045 1594 ram.
2078 1539 2234 1595 Uude
2256 1556 2388 1596 vera
2428 1542 2642 1597 ratione
2682 1550 2735 1599 et
2763 1543 2959 1598 Christi
2991 1545 3309 1601 auctoritate
3365 1563 3499 1617 pro-

1913 1628 2072 1682 batur
2103 1628 2247 1701 quod
2278 1630 2587 1702 quicunque
2604 1648 2917 1701 pressuram
2947 1633 3061 1688 odit
3079 1650 3240 1706 quam
3258 1634 3503 1695 Christus

1912 1717 2179 1787 promisit,
2212 1733 2320 1772 non
2361 1717 2539 1775 ﬁdelis
2597 1719 2691 1774 tilii
2720 1721 2941 1776 sortitur
2990 1722 3382 1792 hereditatem,
3405 1724 3506 1781 sed

1915 1804 2153 1859 inﬁdelis
2181 1806 2326 1861 servi
2348 1822 2625 1864 carcerem
2654 1817 3021 1879 promeretur.
3041 1812 3157 1867 Nec
3185 1813 3512 1882 promitten-

210 1896 370 1951 diens
400 1913 498 1967 per
526 1896 669 1951 diem
694 1904 746 1951 et
775 1905 985 1951 noctem
1017 1896 1085 1950 de
1115 1910 1345 1966 corpore
1363 1910 1487 1950 meo
1516 1893 1802 1949 emanavit.
1836 1903 1889 1961 Β
1920 1900 2024 1947 tem
2058 1894 2248 1965 diliget
2264 1895 2560 1963 Christum,
2624 1896 2713 1969 qui
2744 1897 2946 1953 Christi
2976 1900 3343 1969 promittentis
3398 1901 3512 1957 odit

213 1984 395 2054 Quem
427 1985 555 2040 dum
588 1986 730 2040 bona
752 1985 851 2040 Dei
868 1986 1039 2055 pietas
1068 1984 1459 2051 restrinxisset,
1485 1982 1654 2039 febris
1676 1981 1808 2037 mihi

214 2073 435 2146 cegnita
467 2073 679 2145 pridem
712 2089 800 2129 me
830 2089 1065 2129 vacuum
1092 2073 1291 2143 pariter
1311 2080 1363 2128 et
1395 2072 1683 2143 fatigatum
1709 2079 1811 2125 sta-

213 2163 312 2217 tim
335 2162 587 2233 arripuit.
642 2163 782 2218 Hinc
806 2162 974 2234 igitur
995 2178 1101 2217 non
1150 2162 1261 2230 jam
1292 2168 1347 2215 ut
1377 2160 1643 2226 subditos,
1701 2174 1811 2214 non

207 2253 327 2322 jam
358 2260 414 2305 ut
434 2250 752 2322 discipulos,
786 2252 882 2305 sed
912 2250 1052 2306 sicut
1073 2250 1330 2305 dominos
1363 2257 1415 2304 et
1446 2250 1654 2304 amicos
1682 2248 1811 2303 cha-

214 2339 485 2407 rissimos,
546 2355 610 2394 ex
664 2338 853 2394 intimo
907 2339 1087 2395 cordis
1127 2336 1320 2394 aﬂ’eclu
1378 2353 1475 2393 vos
1519 2338 1809 2408 deprecor,

218 2436 495 2501 quatenus
551 2428 814 2501 quidquid
872 2427 927 2483 in
980 2444 1080 2483 vos
1131 2427 1353 2498 deliqui,
1393 2428 1560 2496 200
1593 2433 1817 2497 propter

217 2519 565 2584 charitntem,
600 2534 725 2589 quae
782 2517 1028 2572 Christus
1059 2524 1160 2583 est,
1195 2516 1381 2583 corde,
1443 2530 1535 2571 ore
1563 2514 1696 2569 mihi
1727 2513 1816 2569 di-

216 2607 461 2674 mittatis,
496 2614 550 2662 et
577 2605 870 2660 infirmitati
897 2606 1092 2660 animae
1141 2621 1276 2659 mea:
1304 2619 1656 2670 succurrere,
1689 2602 1816 2674 quia

217 2696 378 2752 valde
399 2710 628 2751 necesse
661 2702 762 2762 est,
796 2709 904 2749 non
932 2692 1214 2748 differatis.
1250 2692 1385 2748 Caro
1407 2691 1650 2764 quidem,
1671 2691 1815 2746 unde

218 2783 450 2858 gloriari
471 2791 681 2855 oportet
687 2782 969 2855 ,alﬂigitur
986 2800 1000 2849 ;
1025 2782 1219 2837 anima:
1238 2796 1367 2837 vero
1384 2780 1818 2836 succurrendum

221 2881 308 2928 est
340 2873 554 2928 orando
585 2892 598 2939 ;
632 2873 700 2928 de
726 2887 834 2944 qua
857 2871 1155 2943 lugendum
1187 2871 1557 2935 vehementer,
1590 2869 1636 2923 si
1666 2868 1819 2941 peri-

220 2962 472 3017 clitatur.

728 3088 1065 3144 EPISTOLA
1092 3086 1322 3144 XXVII.

1917 1984 2267 2054 promissum.
2307 1985 2422 2040 Nos
2466 1990 2667 2053 autem,
2728 1986 2947 2053 fratres,
2998 1996 3050 2043 et
3103 1989 3510 2059 promittentem

1917 2071 2189 2126 Christum
2222 2080 2275 2128 et
2303 2073 2418 2141 ejus
2448 2074 2781 2144 promissum
2812 2083 2925 2131 toto
2954 2076 3142 2143 corde,
3177 2085 3285 2133 tota
3307 2078 3507 2149 anima,

1917 2167 2028 2215 tota
2048 2160 2244 2216 virtute
2274 2162 2587 2234 diligamus,
2615 2167 2669 2218 et
2699 2180 2991 2234 pressurae,
3038 2181 3201 2237 quam
3234 2167 3349 2222 suis
3377 2183 3514 2239 pro-

1918 2248 2089 2318 misit,
2111 2249 2160 2303 si
2189 2249 2272 2304 sui
2306 2267 2428 2307 esse
2461 2252 2731 2319 volumus,
2752 2269 2854 2308 nos
2885 2254 3029 2309 ultro
3045 2253 3354 2324 offeramus,
3389 2256 3519 2327 quia.

1922 2353 2115 2407 parum
2147 2345 2252 2403 est,
2286 2339 2378 2394 vel
2434 2340 2568 2394 nihil
2600 2342 2812 2411 penitus
2854 2342 3150 2414 quamlibet
3203 2360 3519 2415 pressuram

1922 2442 2024 2497 pro
2055 2434 2202 2483 tanto
2233 2428 2456 2484 domino
2505 2429 2797 2499 sustinere,
2830 2447 2955 2487 cum
2987 2431 3171 2503 ipsum
3229 2432 3519 2493 Dominum

1925 2531 2203 2585 pressurae
2234 2518 2517 2586 praemium
2544 2532 2932 2591 agnoscamus.
2951 2519 3145 2577 Omnis
3173 2521 3355 2594 itaque
3367 2538 3520 2593 pres-

1925 2619 2075 2669 sura,
2109 2604 2402 2671 tribulatio,
2436 2609 2491 2661 et
2546 2608 2794 2680 angustia
2820 2608 3100 2665 desiderio
3155 2610 3522 2667 desideranda

1928 2700 2028 2759 est,
2054 2692 2146 2747 ubi
2178 2693 2432 2749 Christus
2459 2703 2541 2750 est
2569 2695 2624 2750 in
2653 2711 2844 2753 causa.
2870 2697 3119 2753 Christus
3166 2699 3352 2771 utique
3375 2716 3521 2755 sem-

1929 2796 2028 2851 per
2056 2789 2139 2836 est
2167 2781 2225 2836 in
2257 2798 2424 2838 causa
2479 2783 2747 2840 Ecclesiae
2800 2802 2934 2851 suae,
2966 2785 3021 2841 in
3051 2802 3159 2858 qua
3180 2787 3313 2842 nulli
3370 2788 3527 2846 deest

1928 2870 2132 2926 homini
2175 2870 2471 2941 sivejusto,
2505 2872 2621 2929 sive
2678 2874 2969 2945 peccatori.
3027 2875 3089 2929 In
3120 2876 3224 2933 hac
3251 2892 3413 2932 causa
3428 2878 3521 2947 ju-

1932 2967 2071 3015 stum
2103 2959 2325 3031 quidem
2359 2963 2509 3029 202
2561 2964 2772 3032 probat,
2822 2970 2881 3017 ut
2908 2965 3085 3020 adhuc
3136 2963 3470 3033 justiﬁcetur
3506 2985 3521 3032 ;

1931 3050 2037 3105 hac
2065 3049 2337 3104 examinat
2392 3055 2762 3120 peccatorem,
2795 3060 2852 3107 ut
2877 3052 3057 3120 justus
3087 3051 3380 3109 efficiatur.
3420 3055 3526 3109 Pro

1933 3139 2041 3194 hac
2071 3153 2238 3194 causa
2265 3137 2501 3208 ipsemet
2520 3137 2680 3193 etiam
2711 3154 2934 3197 carnem
2963 3141 3221 3212 suscepit,
3255 3150 3308 3198 et
3336 3142 3531 3197 decer-

226 3233 430 3289 Frater
463 3229 761 3303 Go/‘fridus
780 3231 1200 3287 Vindocinensis
1243 3229 1579 3284 monasterii
1608 3228 1824 3300 qualis-
1854 3261 1904 3324 Ο
1934 3226 2065 3281 tavit
2097 3242 2269 3298 usque
2295 3226 2360 3282 ad
2398 3236 2624 3283 mortem
2658 3241 2671 3298 ;
2704 3244 2806 3284 nec
2837 3228 3107 3295 feriendo,
3142 3230 3241 3285 sed
3270 3229 3531 3301 patiendo

299 3337 528 3392 cunque
552 3320 818 3377 minister
839 3324 894 3375 et
924 3320 1157 3375 humilis
1187 3334 1402 3384 servus,
1435 3317 1659 3373 dilectis
1679 3314 1822 3386 ﬁliis

298 3415 355 3466 et
382 3411 679 3481 fratribus,
714 3410 928 3479 Hugoni
959 3408 1156 3480 priori,
1189 3411 1245 3462 et
1276 3407 1500 3463 caeteris
1542 3406 1823 3471 omnibus,

299 3503 639 3572 perpetuam
658 3498 1103 3554 benedictionem
1119 3514 1153 3552 a
1174 3496 1409 3551 Domino
1426 3499 1481 3551 et
1497 3512 1527 3550 α
1547 3510 1605 3551 se
1621 3510 1827 3567 puram

302 3592 359 3644 et
394 3590 677 3660 integram
706 3587 1071 3643 dilectio-nem
1084 3626 1097 3639 .

301 3707 575 3778 Quoniam
602 3707 787 3763 oculus
817 3707 1012 3762 anima:
1040 3713 1245 3761 nostras
1276 3703 1427 3759 vobis
1486 3702 1675 3775 vigilat
1699 3702 1828 3758 dili-

225 3806 447 3873 genter,
482 3804 539 3851 ut
570 3795 702 3850 mihi
751 3795 928 3851 vicem
959 3801 1163 3849 mutuae
1219 3792 1529 3849 dilectionis
1562 3791 1827 3858 reddatis,

227 3901 419 3959 quaeso
474 3884 768 3940 humiliter.
822 3883 1051 3956 Vigilate
1108 3882 1293 3953 itaque
1338 3889 1555 3936 orantes
1588 3895 1688 3952 pro
1718 3895 1826 3946 me,

227 3977 360 4032 licet
410 3974 656 4046 indigno,
708 3980 897 4028 vestro
928 3979 1109 4027 tamen
1167 3978 1411 4041 pastore,
1447 3969 1539 4041 qui
1561 3985 1660 4025 vos
1690 3968 1831 4023 intra

228 4065 411 4120 sinum
441 4062 720 4117 memorias
750 4068 945 4116 nostrae
967 4075 1186 4130 semper
1217 4058 1490 4123 contineo,
1524 4064 1578 4112 et
1607 4058 1676 4121 de
1705 4072 1827 4111 ma-

230 4151 381 4207 milla
412 4150 614 4222 proprii
640 4150 878 4222 pectoris
908 4149 991 4205 lac
1020 4156 1266 4219 paternae
1292 4145 1831 4212 dulcedinis,absens

234 4241 461 4313 quidem
492 4255 742 4311 corpore,
777 4238 874 4293 sed
921 4252 1168 4309 praesens
1207 4234 1528 4301 dilectione,
1547 4234 1829 4291 vobistri-

236 4331 367 4395 buo,
401 4337 589 4399 potum
620 4326 786 4383 simul
829 4325 1138 4381 animarum
1172 4332 1479 4379 vestrarum
1535 4332 1589 4378 et
1617 4338 1824 4379 escam.

234 4418 354 4473 Tali
376 4425 507 4489 potu
538 4425 590 4471 et
610 4431 740 4472 esca
797 4412 1039 4469 ﬁdelium
1083 4413 1471 4484 discipulorum
1520 4420 1731 4467 mentes
1752 4426 1837 4465 sa-

228 4508 456 4573 tiantur,
488 4504 777 4560 dulcedine
791 4503 1003 4560 scilicet
1034 4502 1115 4558 sui
1144 4500 1379 4573 pastoris
1408 4509 1459 4556 et
1489 4501 1834 4572 amore.Ego

236 4603 392 4653 certe
420 4602 614 4651 vestras
663 4591 941 4658 anxietati,
1005 4607 1169 4662 quam
1199 4606 1299 4662 pro
1354 4596 1539 4646 nostra
1592 4588 1836 4644 absentia
1868 4616 1919 4677 D

238 4699 341 4740 vos
369 4684 576 4739 habere
606 4697 713 4739 non
757 4680 967 4746 dubito,
1001 4679 1158 4735 valde
1192 4679 1549 4749 compatiens,
1580 4693 1722 4749 pane
1774 4676 1839 4731 tri

236 4772 536 4830 bulationis
557 4788 710 4827 mens
740 4778 921 4826 nostra
944 4768 1259 4840 frequenter
1274 4768 1506 4833 cibatur,
1540 4776 1596 4823 et
1624 4772 1842 4838 potatur

238 4878 384 4935 aqua
406 4860 696 4933 angustiae.
724 4860 824 4914 Est
852 4858 980 4913 mihi
1031 4866 1211 4912 tamen
1235 4855 1535 4912 consolatio
1581 4855 1837 4924 maxima,

240 4954 411 5010 chara
436 4949 692 5007 videlicet
718 4946 939 5003 dilectio
994 4953 1195 5013 vestra,
1256 4954 1307 5001 et
1336 4944 1601 5000 malorum
1660 4942 1841 4999 homi-

240 5056 375 5098 num
399 5039 663 5111 patienter
692 5039 780 5104 20
794 5041 821 5104 ι
854 5043 1074 5107 portata
1120 5034 1463 5105 persecutio.
1525 5034 1663 5089 Vere
1711 5047 1844 5088 vera

244 5130 466 5187 dilectio
497 5136 681 5185 vestra
710 5143 796 5182 me
825 5123 1163 5192 consolatur,
1195 5139 1315 5195 quae
1342 5138 1443 5195 pro
1470 5120 1844 5194 puriﬁcatione

322 5346 471 5418 (320)
501 5336 1555 5418 Domnuspriorunosler._Leg‘endum
1589 5352 1654 5392 ex
1674 5334 1847 5418 veteri

249 5409 735 5480 codice'domnus,
768 5409 895 5467 item
925 5412 1020 5466 lib.
1052 5426 1108 5477 γ,
1142 5410 1302 5481 epist.
1324 5409 1394 5481 *Ξῖ
1428 5423 1441 5463 :
1500 5409 1711 5481 Damno
1736 5410 1846 5463 Ra.-

250 5492 448 5560 dulfo.
469 5485 664 5560 Domni
695 5492 749 5538 et
778 5483 989 5560 domini
1018 5479 1491 5560 perpetuumnhoc
1546 5479 1847 5560 discrimen

250 5551 399 5634 apud
429 5556 753 5634 Gotfridum,
815 5551 1031 5625 quando
1051 5551 1475 5634 delhorrjnibus
1504 5565 1687 5605 sermo
1741 5558 1844 5630 est,

255 5621 402 5706 quod
449 5626 636 5685 domni
676 5621 868 5705 vocem
912 5623 1178 5704 praeponit
1227 5621 1558 5706 nominibus
1586 5621 1844 5706 propriis,

256 5691 447 5768 antiis,
481 5714 605 5770 quae
636 5691 985 5770 propriorum
1021 5691 1194 5747 vicem
1233 5700 1434 5770 gerunt
1469 5700 1579 5770 ;ut
1609 5691 1849 5770 domum

258 5762 588 5833 Ildebertus,
622 5762 861 5821 dominus
915 5768 1193 5836 Paganus,
1238 5762 1491 5836 Vdomnus
1537 5762 1845 5836 Erualdus,

256 5848 498 5903 domnus
524 5836 886 5902 Hamelinus,
921 5840 977 5891 et
996 5833 1246 5890 'domnus
1278 5835 1584 5905 episcopus,
1609 5833 1849 5889 domnus

258 5918 444 5983 abbas,
473 5913 716 5970 domnus
738 5907 912 5977 prior,
945 5904 1645 5963 domnusarchidiaconus.
1669 5905 1730 5957 In
1746 5917 1851 5961 ca:-

526 6008 775 6067 PA'mOL.
816 6001 1019 6059 CLVII.

1933 3315 2234 3387 superavit.
2271 3316 2387 3370 Nos
2413 3315 2577 3388 igitur
2605 3317 2837 3388 amplius
2858 3334 2964 3373 non
2987 3316 3310 3375 aﬂ‘ectemus
3338 3318 3531 3375 laudes

1935 3404 2231 3469 hominum,
2266 3412 2324 3459 ut
2345 3404 2623 3476 quaslibet
2677 3422 2864 3460 eorum
2896 3422 3186 3478 pressuras
3216 3406 3527 3475 timeamus,

1935 3493 2033 3548 sed
2056 3493 2327 3549 Christum
2357 3494 2412 3547 in
2442 3509 2539 3549 sua
2570 3509 2730 3550 causa
2755 3511 2877 3550 esse
2914 3486 3534 3553 nebiscumﬁrmissime

1936 3583 2248 3649 credamus,
2282 3590 2335 3638 et
2374 3598 2473 3653 pro
2506 3583 2646 3654 ipso,
2702 3584 2925 3655 quinos
2983 3584 3212 3640 redemit
3268 3586 3538 3658 sanguine

1937 3672 2173 3743 proprio,
2208 3671 2421 3727 etiamsi
2477 3688 2617 3743 opus
2646 3672 2829 3744 fuerit,
2889 3689 3063 3746 usque
3082 3674 3151 3728 ad
3208 3674 3535 3745 sanguinem

1938 3760 2303 3816 decertemus.
2341 3762 2481 3815 Nam
2518 3776 2659 3833 pene
2679 3771 2771 3817 aut
2798 3762 3013 3833 penitus
3040 3762 3418 3817 irremissibile
3438 3778 3538 3819 no-

1941 3842 2024 3903 bis
2053 3849 2121 3903 ab
2163 3849 2286 3920 ipso
2341 3859 2631 3921 peccatum
2686 3850 3057 3923 imputabitur,
3115 3850 3161 3905 si
3208 3852 3536 3924 sanguinem

1939 3945 2190 3993 nostrum
2223 3938 2602 4009 pretiosiorem
2616 3940 2913 3995 habeamus
2928 3955 3086 4010 quam
3115 3940 3492 4007 suum,Valete
3517 3959 3533 4008 ;

1939 4033 1993 4081 et
2020 4025 2072 4080 in
2104 4041 2268 4083 causa
2300 4027 2399 4083 Dei
2428 4042 2551 4084 cum
2582 4028 2704 4101 ipso
2734 4036 3046 4086 constantes
3076 4037 3270 4086 estote.

2416 4215 2771 4273 EPISTOLA
2811 4218 3065 4274 XXVIII.

1951 4346 2245 4419 Goffridus
2280 4345 2704 4404 Vindocinensis
2736 4349 3072 4405 monasterii
3098 4348 3282 4419 abbas,
3327 4349 3541 4408 charis-

2279 4436 2421 4492 sima
2449 4436 2631 4506 fratri
2657 4434 2910 4502 Roberto,
2935 4438 3204 4495 salutem.

2021 4578 2379 4647 Abstinentia,
2405 4594 2566 4651 quam
2599 4579 2758 4647 facis,
2790 4580 2999 4638 scilicet
3047 4582 3189 4654 quod
3222 4582 3391 4639 tribus
3420 4583 3537 4641 die-

1948 4671 2051 4724 bus
2079 4669 2455 4725 tantummodo
2486 4668 2541 4723 in
2570 4669 2909 4725 hebdomade
2941 4669 3135 4737 reficis,
3177 4672 3311 4727 satis
3348 4672 3544 4727 lauda-

1948 4758 2075 4813 bilis
2101 4764 2267 4826 esset,
2335 4757 2386 4812 si
2414 4773 2522 4829 quo
2551 4757 2716 4813 modo
2735 4757 3015 4814 videretur
3033 4759 3546 4834 regularileegula

1948 4862 2207 4920 namque,
2237 4862 2395 4919 quam
2436 4853 2489 4901 te
2517 4847 2931 4903 observaturum
2962 4863 3150 4904 coram
3191 4849 3306 4905 Deo
3337 4858 3390 4904 et
3411 4865 3544 4905 san-

1950 4935 2052 4993 ctis
2081 4938 2199 5004 ejus
2232 4934 2545 5007 promisisti,
2579 4935 2822 5007 praecipit
2864 4936 3032 5008 quod,
3069 4936 3115 4991 si
3172 4936 3292 5009 quis
3318 4937 3546 4993 fratrum

1950 5024 2155 5097 aliquid
2186 5026 2301 5079 Deo
2330 5022 2531 5079 oﬁ'erre
2588 5023 2836 5093 voluerit,
2869 5024 3005 5079 illud
3035 5027 3187 5096 prius
3234 5026 3416 5081 abbati
3444 5042 3546 5084 suo

1951 5113 2222 5179 ostendat,
2258 5120 2313 5169 ut
2335 5112 2452 5183 ejus
2475 5113 2751 5169 voluntate
2783 5113 3082 5171 etconsilio
3116 5112 3209 5170 fiat
3236 5129 3253 5179 ;
3288 5115 3334 5170 si
3363 5123 3547 5172 autem

1953 5335 2087 5393 teris
2116 5335 2395 5391 dominum
2424 5334 2555 5391 dicit
2576 5349 2697 5392 cum
2740 5335 2941 5405 adjecti
2976 5336 3155 5393 locum
3184 5337 3367 5403 habet,
3401 5347 3462 5394 ut
3490 5339 3548 5396 in

1954 5408 2304 5478 epistularum
2336 5406 2779 5478 inscriptionibus
2810 5407 3033 5478 passim,
3050 5407 3285 5467 Domino
3305 5413 3363 5466 et
3381 5411 3550 5469 Patri

1954 5477 2189 5551 Domino
2204 5482 2261 5551 et
2288 5478 2488 5551 amico.
2527 5477 2646 5532 Hac
2667 5477 2855 5551 tamen
2887 5479 3227 5546 exceptione,
3256 5481 3401 5551 quod
3424 5497 3549 5538 cum

1956 5550 2023 5604 de
2055 5565 2192 5619 papa
2223 5549 2479 5619 loquitur,
2514 5549 2772 5618 ρι’ωοίρυί
2797 5551 3017 5604 honoris
3047 5565 3211 5605 causa
3266 5549 3548 5608 dominum

1956 5636 2058 5697 pro
2086 5621 2287 5675 domno
2319 5625 2627 5697 usurpatmt
2644 5620 2910 5697 dominus
2928 5636 3096 5697 papa,
3117 5620 3382 5680 dominus
3399 5640 3552 5697 papa

1962 5691 2237 5768 Urbanus,
2271 5706 2405 5768 cum
2419 5690 2509 5768 alii
2538 5690 2650 5746 fere
2669 5690 2968 5768 scriptores
2988 5690 3260 5768 domuum
3271 5690 3555 5768 papdm'et

1958 5762 2227 5836 domuum
2250 5763 2621 5836 apostolicum
2653 5762 2839 5821 dicere
2862 5764 3093 5832 soleant,
3117 5762 3323 5821 domini
3340 5762 3551 5823 homen

1957 5834 2049 5889 uni
2078 5832 2199 5889 Deo
2232 5832 2564 5891 tribuentes.

3130 5998 3165 6061 6
