3910 6390
3733 403 3837 458 172

1558 413 1891 473 GOFFRIDI
1927 407 2222 468 ABBATIS
2259 407 2380 464 VIN
2387 407 2599 464 DOCIN
2608 406 2823 464 ENSIS.

2607 533 2771 601 205
2816 527 3169 586 EPISTOLA
3213 527 3402 585 xxx.

2208 640 2408 696 Frater
2431 637 2744 711 Gof/ridus,
2763 639 3039 710 fratribus
3052 641 3108 694 et
3117 637 3273 706 ﬁliis,
3308 639 3368 692 Β.
3393 634 3583 708 priori
3597 638 3664 690 et
3687 633 3832 689 aliis

2278 727 2560 794 omnibus,
2591 729 2784 784 omnia
2805 743 2927 800 quae
2951 728 3169 799 corpori
3184 730 3320 781 sunt
3367 723 3737 787 necessaria,
3773 726 3828 777 et

2277 818 2450 872 utilia
2477 817 2743 884 animam
2767 817 2874 872 Deo
2887 817 3055 872 Patre
3079 819 3135 872 et
3160 815 3392 895 Domino
3404 815 3541 871 Iesu
3559 811 3823 875 Christo,

2278 908 2332 960 et
2364 905 2584 977 Spiritu
2600 906 2746 961 vobis
2757 903 3242 976 multiplicentur,
3261 907 3328 959 ut
3341 905 3486 960 bona
3505 902 3824 959 voluntate

2278 993 2512 1051 Domino
2527 995 2704 1050 servio
2717 995 2806 1058 tis,
2825 999 2881 1050 et
2909 995 3208 1066 gaudeatis
3229 994 3289 1049 in
3319 994 3467 1065 ipso.

2277 1085 2415 1141 Cum
2446 1087 2860 1160 tranquillitate,
2895 1095 2948 1142 et
2977 1087 3148 1142 multa
3180 1102 3339 1158 pace,
3367 1095 3422 1142 et
3450 1081 3606 1141 omni
3668 1080 3821 1137 ami-

2206 1173 2330 1231 citia
2362 1176 2636 1232 desiderio
2665 1175 2921 1232 desidero
2952 1177 3138 1232 venire
3166 1175 3235 1231 ad
3250 1190 3346 1232 vos
3380 1194 3395 1244 ;
3421 1174 3521 1230 sed
3545 1177 3826 1246 quassant

2205 1273 2554 1330 necessitatis
2575 1282 2772 1330 vestra!
2805 1281 2856 1330 et
2885 1273 3128 1330 utilitatis
3157 1289 3244 1328 me
3281 1271 3584 1345 impediunt
3611 1289 3629 1336 ;
3663 1268 3820 1324 unde

2207 1363 2324 1418 Deo
2351 1363 2645 1420 auxiliante
2674 1363 2955 1437 expedior,
2989 1371 3042 1419 et
3073 1380 3238 1436 quam
3267 1362 3425 1419 citius
3473 1369 3682 1433 potero
3714 1373 3818 1416 vos

2203 1447 2420 1503 videbo.
2454 1451 2499 1503 Α
2528 1447 2727 1520 quibus
2785 1447 2912 1504 licet
2957 1447 3158 1504 absens
3202 1463 3434 1520 corpore
3463 1445 3691 1512 videar,
3724 1459 3816 1498 me

2204 1544 2362 1603 vobis
2390 1543 2546 1600 ﬁrma
2566 1545 2672 1601 tide
2699 1545 2937 1602 credatis
2964 1545 3132 1602 corde
3159 1561 3380 1618 semper
3419 1548 3474 1601 et
3503 1541 3815 1600 dilectione

2204 1641 2528 1707 praesentem
2563 1653 2578 1702 ;
2603 1649 2701 1690 vos
2730 1635 2876 1690 enim
2905 1633 3034 1691 estis
3063 1651 3259 1691 sensus
3283 1633 3410 1702 mei,
3434 1648 3562 1690 mea
3580 1630 3810 1704 cogita-

2205 1732 2280 1788 tio
2313 1750 2328 1800 ;
2362 1747 2462 1789 vos
2494 1732 2705 1790 viscera
2734 1748 2877 1803 mea,
2913 1732 3066 1790 vobis
3087 1739 3371 1806 utrumque
3411 1731 3560 1798 dedi,
3593 1743 3810 1798 corpus

2204 1821 2393 1894 utique
2413 1837 2616 1888 meum,
2649 1828 2706 1878 et
2730 1821 2970 1878 animam
3001 1837 3181 1879 meam
3210 1841 3226 1888 ;
3262 1836 3362 1893 pro
3393 1820 3547 1877 vobis
3577 1827 3809 1875 utrum-

2205 1927 2329 1982 que,
2365 1919 2422 1966 ut
2454 1909 2670 1966 ﬁdelius
2697 1926 2942 1982 possum,
2975 1910 3226 1982 expende
3262 1909 3531 1982 quotidie.
3571 1909 3688 1968 Per
3705 1921 3806 1963 vos

2201 2007 2488 2073 utrumque
2517 2000 2840 2056 commendo
2869 2001 3104 2056 Domino
3126 2001 3242 2056 Deo
3271 1999 3483 2067 vivens,
3543 2001 3599 2054 et
3629 1997 3804 2053 etiam

2199 2089 2444 2146 moriens
2468 2089 2890 2146 commendabo.
2925 2091 3005 2146 De
3021 2098 3240 2155 caetero,
3275 2088 3488 2153 fratres,
3505 2103 3636 2160 qua:
3655 2087 3801 2142 bona

2201 2187 2328 2234 sunt
2357 2187 2412 2234 et
2439 2188 2648 2246 sancta,
2672 2195 2791 2252 qum
2822 2179 2980 2235 bona:
3008 2178 3184 2244 famae,
3218 2194 3342 2249 qua:
3361 2193 3508 2234 sane
3528 2177 3798 2232 doctrina:

2200 2277 2254 2326 et
2280 2267 2584 2340 disciplinae
2611 2269 2852 2340 cogitate
2879 2275 2932 2324 et
2965 2267 3143 2334 facite,
3177 2269 3428 2340 quoniam
3450 2266 3609 2322 vobis
3627 2266 3795 2322 aDeo

2199 2359 2404 2431 Optime
2433 2357 2775 2428 retribuetur,
2803 2367 2854 2416 et
2875 2375 2908 2414 a
2937 2375 3023 2414 me
3042 2373 3141 2429 pro
3171 2358 3376 2414 viribus
3414 2355 3574 2424 meis,
3609 2355 3794 2428 quali-

2198 2465 2413 2521 cunque
2460 2456 2644 2505 vestro
2693 2456 2928 2520 pastore.
2989 2448 3199 2516 Valete,
3254 2455 3310 2504 et
3367 2465 3486 2521 qua
3533 2447 3694 2504 vobis
3737 2447 3796 2502 in

2192 2537 2527 2594 membranis
2583 2537 2796 2610 scripsi,
2827 2536 2888 2592 in
2917 2537 3174 2594 cordibus
3192 2537 3390 2594 vestris
3411 2537 3786 2603 transcribite,

2196 2637 2266 2678 ne
2302 2638 2390 2677 me
2445 2621 2726 2693 pueinteat,
2789 2621 3040 2694 ingratis,
3095 2621 3240 2694 quod
3271 2621 3410 2678 absit
3439 2623 3452 2677 ι
3482 2629 3595 2678 tam
3649 2621 3793 2678 bona

2199 2710 2487 2783 scripsisse
2501 2753 2515 2768 .

505 431 604 486 1⁸71

507 553 666 610 aliter
703 549 914 620 fecerit,
999 543 1412 621 praesumptioni
1457 539 1828 614 deputabitur,
1877 543 1932 592 et
1985 549 2098 590 non
2123 511 2181 573 Α

506 641 771 699 mercedi.
793 641 871 695 Tu
901 653 1035 696 vero
1066 637 1183 692 sine
1229 634 1506 692 voluntate
1535 637 1720 686 nostra
1765 628 1909 683 hanc
1935 622 2102 680 absti-

506 731 753 788 nentiam
781 727 1082 800 arripuisti.
1151 724 1306 782 Unde
1336 723 1510 778 timeo
1537 736 1607 776 ne
1663 715 1886 774 vanitati
1917 713 2098 786 potius

510 821 800 893 deputetur
828 832 987 890 quam
1034 813 1216 870 saluti.
1253 813 1416 882 203
1448 811 1524 866 Te
1545 808 1732 883 igitur,
1791 803 1972 869 frater,
1991 805 2102 893 gad-

508 889 726 975 moneo,
777 889 1024 978 utiquod
1075 901 1350 958 voluntate
1406 899 1636 971 propria
1683 889 2096 966 praesumpsisti,

509 998 787 1055 voluntate
804 1001 994 1050 nostra
1015 999 1068 1048 et
1096 990 1323 1047 consilio
1353 989 1596 1051 deseras,
1629 992 1682 1041 et
1712 999 1839 1040 cum
1869 978 2100 1036 Domino

509 1089 659 1144 dicas
693 1100 706 1140 :
737 1087 857 1142 Non
877 1083 1006 1139 veni
1017 1083 1207 1154 facere
1228 1080 1581 1136 voluntatem
1594 1091 1780 1130 meam
1801 1073 1992 1142 (Joan.
2018 1082 2096 1134 VI,

507 1178 618 1247 38).
648 1175 849 1231 Iterum
879 1172 993 1227 site
1032 1169 1278 1240 jejunare
1333 1165 1589 1231 delectat,
1630 1162 1813 1230 laudo,
1844 1166 1903 1214 ut
1944 1156 2098 1247 jeju-

506 1244 688 1322 nando
717 1261 977 1320 comedas
1005 1260 1174 1331 (32!),
1218 1265 1268 1314 et
1299 1253 1642 1314 comedendo
1663 1249 1964 1308 abstineas.
2003 1244 2098 1300 Ille

507 1354 653 1412 enim
667 1349 965 1424 ieiunando
979 1347 1233 1415 comedit,
1265 1351 1322 1404 et
1352 1341 1691 1403 comedendo
1722 1337 1981 1404 abstinet,
2005 1332 2100 1424 qui

507 1443 586 1502 sic
615 1422 858 1516 quotidie
877 1437 1133 1507 comedit,
1167 1435 1314 1508 quod
1335 1433 1516 1492 ventri
1545 1430 1848 1488 nullatenus
1877 1422 2100 1516 satisfa-

506 1513 777 1591 ciat.—Uno
807 1527 1080 1601 siquidem
1135 1525 1225 1581 die
1245 1523 1470 1581 omnino
1491 1520 1793 1586 abstinere,
1845 1523 1900 1572 et
1925 1513 2096 1601 altero

502 1623 574 1679 ad
601 1620 824 1694 plenum
843 1600 1094 1682 reficere,
1115 1629 1226 1671 non
1255 1613 1393 1670 satis
1410 1611 1629 1668 videtur
1655 1603 1969 1681 probabile.
1996 1600 2096 1658 Die

502 1711 652 1770 enim
679 1723 790 1782 quo
819 1708 984 1764 homo
1009 1703 1145 1760 nihil
1173 1702 1281 1760 cibi
1309 1701 1509 1773 accipit
1552 1696 1828 1754 multoties
1856 1707 2098 1782 murmu-

500 1803 591 1858 rat
623 1817 637 1866 ;
668 1781 843 1854 altero
872 1809 1002 1852 vero
1048 1808 1174 1850 cum
1201 1791 1429 1848 multum
1487 1786 1858 1844 desideratum
1914 1781 2096 1838 cibum

498 1887 770 1953 habuerit,
793 1885 886 1941 vix
916 1885 1138 1940 modum
1169 1881 1224 1937 in
1257 1878 1598 1938 comedendo
1655 1880 1857 1940 servat,
1890 1879 1942 1928 et
1969 1885 2094 1924 cum
2121 1876 2176 1938 Β

495 1983 616 2052 jam
665 1975 907 2048 repletus
970 1972 1152 2041 fuerit,
1204 1969 1438 2041 ineptam
1506 1966 1748 2023 laetitiam
1799 1961 1965 2036 gerit.
2023 1958 2092 2014 Et

499 2068 704 2126 idcirco
723 2065 854 2122 utile
883 2061 1184 2131 valde,imo
1204 2057 1574 2116 necessarium
1609 2055 1806 2111 animae
1860 2059 1914 2107 et
1961 2064 2090 2106 cor-

499 2157 622 2232 pori
668 2171 792 2212 esse
845 2152 1259 2225 cognoscimus,
1318 2155 1378 2204 ut
1407 2155 1458 2203 et
1487 2160 1614 2202 caro
1669 2142 1912 2216 quotidie
1949 2138 2092 2232 cibis

496 2226 848 2311 sustentetur,
878 2249 935 2299 et
985 2249 1167 2296 tamen
1193 2254 1227 2295 a
1256 2237 1399 2295 vitiis
1449 2236 1774 2292 refrenetur.
1806 2232 1946 2285 Nam
1997 2226 2091 2300 qui

497 2337 579 2394 sic
607 2335 761 2402 vivit,
793 2331 1004 2388 duobus
1025 2329 1204 2386 modis
1233 2327 1338 2382 sibi
1378 2323 1613 2398 proﬁcit,
1648 2318 2090 2395 quandoquidem

495 2433 550 2482 et
577 2425 646 2481 ab
676 2423 912 2480 elatione
931 2420 1140 2476 alienus
1160 2417 1361 2483 existit,
1393 2423 1448 2470 et
1476 2423 1673 2471 caetera
1702 2412 1847 2468 bona
1876 2405 2090 2480 Operari

496 2529 607 2572 non
625 2511 831 2569 renuit.
859 2509 944 2566 Ad
973 2505 1407 2580 conquirendum
1439 2504 1623 2576 itaque
1655 2501 1884 2557 salutem
1928 2504 2091 2553 aeter-

493 2620 621 2662 nam
649 2599 980 2658 abstinentia
1007 2595 1306 2669 corporalis
1347 2593 1464 2650 sola
1489 2607 1600 2648 non
1632 2589 1850 2660 sufﬁcit,
1899 2587 2003 2642 nisi
2033 2591 2094 2642 et

494 2694 691 2749 animm
721 2704 938 2763 quoque
963 2685 1230 2757 jejunium
1259 2700 1360 2756 per
1392 2680 1778 2738 abstinentiam
1833 2677 2089 2734 vitiorum

493 2781 654 2839 fuerit
682 2779 972 2836 sociatum.
1010 2777 1079 2832 Et
1134 2773 1280 2840 ideo,
1341 2770 1716 2837 dilectissime,
1765 2768 1840 2823 ita
1887 2780 2088 2837 corpus

493 2885 694 2928 exerce
717 2866 956 2938 jejuniis,
991 2873 1048 2920 ut
1085 2879 1292 2936 purges
1319 2868 1559 2918 mentem
1589 2875 1621 2916 a
1648 2857 1821 2916 vitiis.
1861 2857 1974 2911 Hoc
2007 2861 2091 2910 est

493 2967 679 3018 autem
704 2944 1290 3030 spiritualejejunium,
1322 2967 1426 3025 per
1455 2949 1603 3022 quod
1643 2948 1762 3004 sine
1789 2945 1956 3002 dubio
1987 2959 2088 3000 so-

492 3049 665 3108 cietas
691 3045 992 3120 acquiritur
1021 3043 1223 3100 civium
1266 3054 1647 3112 supernorum,
1681 3045 1735 3094 et
1780 3036 1872 3092 ille
1901 3034 2090 3091 lauda-

492 3139 678 3196 biliter
694 3138 801 3193 hoc
847 3133 1116 3205 jejunium
1152 3138 1356 3198 servat,
1409 3143 1576 3202 quem
1625 3125 1895 3184 detractio
1940 3122 2090 3180 nulla

495 3232 805 3299 exasperat,
830 3199 993 3297 quem
1022 3237 1126 3278 nec
1155 3220 1309 3276 furor
1328 3199 1442 3275 nec
1459 3217 1833 3274 immoderata
1852 3214 1933 3270 ira
1962 3228 2087 3302 exa-
2119 3236 2168 3302 ρ
2246 3199 2524 3302 -ξξξιῐξάαξί
2547 3208 2600 3300 ξι
2625 3200 2831 3256 mando
2861 3199 3008 3302 quo?
3039 3215 3140 3302 Ῑξΐο
3169 3207 3352 3256 vestra
3381 3200 3789 3302 ηθοθξείξεξθξί

496 3289 654 3390 gitat,
686 3289 862 3388 quem
893 3311 1152 3385 superbia
1208 3308 1380 3383 gratia
1411 3306 1512 3364 Dei
1546 3307 1700 3376 204
1729 3320 1842 3362 non
1872 3301 2090 3376 spoliat,
2124 3289 2168 3302 ⁹
2203 3289 2433 3347 utilitate
2464 3289 2567 3390 feci
2598 3305 2806 3390 moram
2840 3307 2856 3358 ;
2891 3289 2986 3346 sed
3005 3290 3074 3344 ad
3103 3305 3345 3362 praesens
3363 3289 3566 3362 praevio
3591 3291 3789 3363 Spiritu

498 3387 662 3480 quem
691 3387 1001 3460 maledictis
1029 3400 1215 3470 lingua
1263 3413 1373 3453 non
1397 3395 1654 3462 maculat,
1687 3409 1850 3468 quem
1904 3407 2098 3448 rancor
2202 3396 2388 3480 sancto
2420 3387 2639 3480 veniam
2671 3387 2740 3443 ad
2769 3403 2888 3480 vos,
2913 3403 3052 3480 quos
3080 3403 3230 3460 purae
3252 3387 3558 3446 dilectionis
3595 3387 3788 3444 atfectn

498 3476 601 3552 seu
621 3507 864 3549 murmur
889 3505 1000 3546 non
1029 3487 1256 3546 cruciat.
1285 3485 1418 3543 Vale
1447 3503 1464 3554 ;
1494 3491 1546 3542 et
1563 3500 1734 3557 super
1750 3485 1854 3540 hoc
1871 3481 2099 3539 obedire
2205 3477 2395 3544 dilexi,
2430 3484 2483 3534 et
2503 3477 2747 3549 diligam.
2780 3476 2838 3532 Si
2871 3477 3006 3533 tales
3032 3476 3310 3544 invenero,
3361 3476 3550 3550 quales
3577 3493 3674 3534 vos
3701 3477 3793 3533 iu-

2597 2813 2763 2883 206
2800 2810 3154 2869 EPISTOLA
3189 2811 3400 2868 XXXI.

2201 2934 2402 2990 Frater
2415 2931 2712 3004 Go/‘fridus
2725 2932 3004 3004 fratribus
3018 2935 3073 2988 et
3082 2933 3288 3003 ﬁliisR
3299 2973 3314 2986 .
3339 2933 3541 3006 priori,
3557 2937 3612 2990 et
3632 2938 3786 2991 cate-

2271 3023 2351 3078 ris
2380 3022 2662 3090 omnibus,
2686 3022 2865 3079 Deum
2908 3022 3131 3094 timere,
3151 3022 3440 3080 observare
3483 3023 3781 3091 mandata,

2268 3128 2317 3184 ej
2326 3127 2410 3168 us.

497 3597 609 3642 non
626 3581 906 3656 negligas.

1000 3691 1352 3750 EPISTOLA
1381 3693 1566 3750 XXIX
1579 3733 1593 3747 .

509 3803 811 3882 Goffridus
829 3802 1252 3862 Vindooinensis
1266 3797 1606 3858 monasterii
1620 3814 1834 3866 servus,
1848 3813 1948 3854 suo
1963 3795 2104 3852 mul-

576 3901 699 3954 tum
717 3896 921 3952 dilecto
932 3892 1110 3964 fratri
1147 3895 1203 3948 et
1217 3891 1338 3961 ﬁlio
1372 3890 1666 3959 Rainaldo,
1692 3891 1864 3946 Deum
1905 3887 2103 3943 timere

576 3990 634 4044 et
645 4001 775 4043 cum
797 3985 1001 4040 timore
1017 3982 1277 4054 diligere.

578 4086 869 4144 lnﬁrmitas
897 4089 1102 4152 vestra,
1135 4099 1298 4156 quam
1351 4090 1606 4139 nostram
1670 4079 1896 4137 facimus
1949 4095 2106 4136 com-

509 4177 785 4252 passionis
815 4173 1038 4241 affectu,
1081 4189 1191 4230 non
1221 4171 1405 4246 magis
1460 4171 1565 4227 sibi
1595 4169 1878 4227 subveniri
1933 4167 2107 4241 exigit

511 4282 678 4342 quam
731 4271 920 4328 nostra
965 4270 1112 4335 optat
1142 4261 1384 4320 dilectio.
1419 4264 1489 4316 At
1511 4260 1637 4334 quia
1653 4260 1837 4316 animo
1869 4257 2108 4331 cupienti

511 4357 590 4414 nil
619 4355 748 4411 satis
801 4352 1108 4418 festinatur,
1132 4351 1318 4408 forsan
1362 4349 1512 4407 venit
1561 4349 1720 4407 vobis
1775 4348 1830 4404 in
1866 4357 2107 4405 mentem

516 4444 668 4519 quod
695 4442 845 4499 salus
874 4447 1058 4498 vestra
1084 4448 1173 4497 aut
1200 4455 1314 4496 non
1342 4448 1564 4497 curetur
1591 4453 1624 4494 a
1653 4437 1833 4506 nobis,
1855 4446 1946 4494 aut
1961 4437 2106 4494 obli-

513 4533 662 4595 vioni
691 4531 962 4588 tradatur.
1007 4529 1114 4586 Sed
1159 4545 1271 4586 non
1299 4529 1374 4584 ita
1396 4536 1500 4597 est,
1559 4528 1688 4600 quia
1716 4527 1923 4599 omnia,
1983 4543 2106 4601 quae

512 4621 818 4684 mandastis
845 4620 1002 4679 vobis
1031 4635 1156 4676 esse
1183 4617 1524 4686 necessaria,
1557 4616 1906 4690 quesivimus
1933 4633 2109 4690 mute-

513 4716 620 4773 sita
640 4714 758 4784 jam
779 4709 1030 4785 quadam
1085 4707 1412 4776 invenimus;
1436 4707 1684 4780 quaedam
1716 4706 1894 4764 adhuc
1950 4707 2108 4764 inve-

511 4805 634 4862 nire
655 4797 1276 4876 nequivimus.hledicus
1307 4813 1459 4865 vero,
1481 4796 1537 4852 in
1560 4812 1667 4869 quo
1688 4813 1817 4869 spes
1829 4795 2110 4869 sospitatis

512 4903 707 4954 vestra:
736 4899 848 4948 tota
872 4885 1320 4960 suspenditur,ad
1333 4902 1433 4943 vos
1446 4885 1617 4953 venit,
1650 4888 1928 4943 Turonum
1960 4886 2108 4942 redi-

509 4993 684 5050 turus,
735 4980 812 5037 ibi
856 4977 1202 5036 confecturus
1279 4975 1608 5032 medicinam
1661 4975 1892 5033 omnino
1950 4977 2108 5034 vobis

509 5071 874 5147 profuturam,
905 5076 960 5125 ut
985 5066 1205 5137 asserit,
1239 5073 1293 5122 et
1311 5065 1390 5122 sic
1421 5065 1494 5121 ad
1526 5080 1622 5123 vos
1647 5064 1936 5122 nobiscum
1967 5081 2107 5122 ven-

503 5167 688 5218 turus.
727 5157 946 5214 Interim
976 5155 1137 5211 mittit
1156 5155 1312 5212 vobis
1362 5154 1718 5210 electuarium
1765 5155 1897 5210 utile
1933 5155 2098 5212 valde

503 5258 704 5308 vestrm
732 5245 1048 5314 infirmitati,
1071 5245 1182 5300 imo
1239 5244 1635 5312 necessarium,
1659 5244 1803 5317 quod
1862 5243 2106 5316 quotidie

499 5337 723 5409 jejunus
776 5334 1086 5408 accipiatis,
1121 5342 1176 5392 et
1221 5341 1348 5407 post
1375 5349 1591 5391 omnem
1637 5341 1930 5407 antequam
1972 5333 2106 5390 dor-

507 5426 693 5484 miatis
705 5466 720 5482 .

583 5594 950 5678 (321LLa'udo
971 5597 1036 5651 ut
1046 5595 1374 5678 jejunandq
1377 5592 1824 5678 comedas-Idem
1848 5603 1932 5650 est
1961 5611 2099 5678 gon:

511 5667 694 5725 silium
723 5667 779 5723 S.
806 5667 1117 5738 Hieronymi
1148 5667 1314 5737 epist.
1347 5671 1414 5723 22
1443 5667 1513 5720 ad
1547 5667 1896 5722 Eustochium
1923 5685 1936 5722 :
1961 5668 2100 5724 Sint

513 5742 614 5812 tibi
625 5739 956 5812 quotidiana
958 5739 1275 5812 jejunia,et_
1287 5738 1522 5808 refectio
1534 5738 1738 5812 satieta
1749 5742 1858 5794 tem
1870 5742 2098 5811 fugiens

511 5809 666 5866 Nihil
681 5809 904 5882 prodest
951 5809 1136 5882 biduo,
1163 5809 1458 5882 triduoque
1489 5810 1826 5882 transmisso
1857 5809 2098 5867 vacuum

511 5880 738 5955 portare
749 5885 1023 5946 ventrem,
1039 5881 1090 5936 si
1097 5881 1319 5951 pariter
1330 5880 1622 5943 obruatur,
1641 5880 2100 5952 sicompensetur

2207 3567 2397 3624 venire
2425 3565 2706 3632 desidero,
2743 3565 2929 3633 talem,
2948 3581 3036 3622 me
3064 3565 3400 3632 inveneritis,
3419 3565 3631 3638 qualem
3647 3567 3790 3624 inve-

2208 3655 2326 3712 nire
2355 3655 2707 3712 desideratis.
2737 3655 2964 3712 Servate
3001 3653 3388 3721 innocentiam,
3438 3654 3787 3713 humilitatem

2208 3755 2488 3821 habetote,
2515 3753 2724 3828 diligite
2768 3752 3113 3826 patientiam.
3174 3753 3284 3808 Isto.
3330 3761 3454 3808 sunt
3500 3753 3644 3810 enim
3673 3770 3791 3826 quin

2210 3851 2602 3924 discipulorum
2659 3851 3023 3908 obedientiam
3079 3849 3409 3907 laudabilem
3465 3849 3680 3921 faciunt,
3737 3862 3791 3909 et

2211 3948 2558 4022 tranquillam
2639 3956 2878 4005 mentem
2933 3947 3344 4022 magistrorum.
3421 3947 3550 4004 Hec
3592 3948 3786 4006 absens

2213 4046 2416 4115 scribo,
2449 4046 2652 4102 mmihi
2680 4046 2825 4102 detis
2844 4046 3191 4104 occasionem
3235 4045 3392 4102 vobis
3421 4045 3570 4118 quod
3597 4046 3782 4104 melius

2211 4145 2403 4209 potero
2431 4135 2666 4192 faciendi
2703 4152 2829 4192 cum
2857 4151 3104 4208 praesens
3161 4135 3335 4192 fuero.
3367 4134 3422 4191 Si
3445 4133 3659 4204 fratres,
3697 4137 3784 4209 qui

2214 4225 2373 4283 aliter
2403 4241 2567 4299 quam
2601 4225 2920 4283 debuissent
2960 4224 3224 4295 fecerunt,
3257 4240 3318 4281 se
3345 4224 3510 4299 digna
3537 4225 3786 4282 emenda-

2215 4318 2364 4376 tione
2395 4326 2771 4387 correxerunt,
2805 4317 2940 4374 mihi
2969 4317 3198 4374 multum
3225 4316 3422 4390 placet,
3463 4323 3520 4374 et
3545 4319 3784 4391 omnipo.

2215 4417 2349 4473 tenti
2377 4417 2494 4474 Deo
2521 4416 2856 4490 multiplices
2886 4423 3074 4490 grates
3102 4423 3156 4473 et
3185 4414 3396 4488 gratias
3450 4430 3576 4488 ago.
3597 4416 3789 4473 Natura

2213 4519 2410 4572 nostra
2421 4515 2590 4572 etiam
2613 4516 2682 4572 ad
2707 4515 2992 4587 culparum
3019 4513 3316 4572 vindictam
3355 4514 3522 4570 invita
3541 4514 3782 4584 trahitur,

2135 4593 2190 4656 D
2218 4621 2273 4670 et
2299 4613 2459 4672 velox
2489 4614 2657 4670 estad
2686 4611 3413 4688 indulgentiam.Consilium
3440 4611 3654 4685 quidem
3685 4621 3781 4670 sta-

2219 4712 2327 4770 bile
2355 4711 2647 4785 unicuique
2678 4712 2885 4770 rectori
2928 4710 3123 4770 anima:
3149 4711 3329 4768 inesse
3383 4710 3561 4782 debet,
3615 4712 3705 4768 sed
3729 4711 3780 4766 in

2217 4817 2284 4858 eo
2313 4801 2406 4874 qui
2430 4801 2673 4874 peccavit
2699 4809 2754 4858 et
2778 4801 3030 4874 poenitet,
3082 4816 3195 4857 non
3212 4801 3284 4856 sit
3309 4799 3523 4856 difﬁcils
3587 4809 3778 4857 mutare

2218 4891 2563 4948 sententiam.
2598 4891 2813 4948 Utinam
2845 4890 2938 4963 qui
2961 4889 3229 4962 peccavit,
3252 4897 3366 4945 tam
3391 4888 3500 4946 cito
3528 4891 3778 4962 pmniten-

2216 4980 2292 5036 tia
2319 4980 2612 5037 duceretur
2668 4996 2833 5053 quam
2879 4979 2986 5037 cito
3015 4987 3317 5036 mutaretur
3351 4981 3406 5034 in
3447 4977 3570 5050 ipso
3613 4988 3779 5036 nostra

2215 5071 2489 5126 sententia
2540 5072 2600 5125 In
2630 5067 3057 5126 aedificationem
3111 5085 3200 5124 me
3254 5067 3480 5124 missum
3533 5068 3776 5142 intelligo,

2213 5175 2324 5216 non
2353 5159 2408 5214 in
2437 5158 2890 5216 destructionem.
2953 5157 3243 5213 Neminem
3289 5165 3535 5213 vestrum
3589 5174 3775 5216 vexare

2213 5263 2402 5321 quaero
2438 5250 2612 5319 207,
2633 5248 2730 5304 sed
2761 5247 2918 5303 vobis
2936 5246 3188 5302 omnibus
3214 5254 3342 5318 opto
3389 5246 3642 5320 quietem.
3681 5246 3775 5303 Sed

2211 5337 2322 5404 ille,
2355 5337 2596 5410 inquam,
2656 5337 2884 5392 insanus
2928 5343 3032 5404 est,
3085 5343 3138 5393 et
3193 5333 3492 5408 malignum
3548 5336 3774 5408 spiritum

2209 5426 2378 5484 habet
2405 5427 2498 5500 qui
2519 5442 2646 5484 eum
2676 5425 2748 5482 ad
2764 5425 2905 5482 iram
2933 5439 3238 5498 provocare
3250 5424 3468 5498 satagit,
3497 5441 3532 5482 a
3558 5433 3774 5500 quopost

2207 5605 2521 5677 saturitate
2537 5604 2852 5677 jejunium,
2885 5611 2938 5660 et
2950 5602 3114 5677 epist.
3143 5602 3208 5658 10
3223 5601 3529 5677 αάᾼῐῗιιιυίιιηι
3553 5607 3773 5663 :Parcus

2207 5676 2366 5752 cibus
2385 5680 2442 5752 et
2470 5675 2666 5752 venter
2682 5693 2903 5752 semper
2919 5676 3194 5752 esuriens,
3218 5675 3532 5752 triduamis
3565 5683 3772 5752 prester-

2210 5752 2308 5802 tur
2319 5749 2584 5820 jejuniis,
2634 5753 2690 5827 et
2719 5749 2902 5804 multo
2930 5749 3137 5805 melius
3173 5749 3262 5804 est
3305 5749 3577 5822 quotidie
3601 5766 3774 5827 parum

2205 5835 2374 5892 quam
2401 5835 2533 5877 raro
2556 5821 2698 5877 satis
2729 5835 2976 5877 sumere.
