3910 6400
124 459 233 515 1³73

1386 460 1766 518 EPISTOLE.
1814 490 1881 502 —
1919 458 2054 515 LIB.
2104 460 2194 515 IV.

3335 470 3438 524 174

105 582 417 641 Dominum
448 586 635 644 omnia.
662 601 886 659 sperare
915 586 1061 654 licet,
1092 592 1147 642 et
1183 585 1301 642 sine
1351 601 1461 659 quo
1506 584 1639 641 nihil
1681 584 1730 641 ei
1758 585 1813 645 A
1840 599 1967 639 rare
1995 584 2337 655 sospitatem.
2384 586 2507 657 Ego
2548 584 2767 657 quidem
2814 602 2979 659 quam
3033 587 3196 645 citius
3251 598 3440 662 petere

105 672 296 743 possit
323 690 447 731 esse
477 677 621 749 quod
652 676 841 748 prosit.
876 676 1082 732 Valete.

631 782 975 841 EPISTOLA
1022 785 1262 840 XXXII.

112 882 416 954 Go/‘fridus
443 882 610 938 abbas
639 897 755 938 non
787 884 910 939 suis
945 884 1192 953 meritis,
1229 882 1327 939 sed
1373 882 1470 938 Dei
1514 882 1723 954 gratia,

192 971 421 1028 dilectis
441 972 577 1040 ﬁliis
602 974 666 1028 lt.
690 972 896 1044 priori,
929 976 984 1028 et
1015 972 1271 1030 omnibus
1305 972 1438 1027 aliis
1480 972 1726 1027 salutem

195 1063 253 1114 et
281 1060 648 1115 dilectionem
661 1101 675 1114 .

193 1153 356 1223 Quod
388 1155 669 1211 vobiscum
698 1154 754 1209 in
783 1156 997 1211 Pascha
1025 1172 1133 1211 non
1161 1154 1257 1223 fui,
1286 1154 1456 1211 nostri
1479 1155 1726 1227 corporis

107 1242 412 1298 inﬁrmitas
441 1260 606 1300 causa
635 1244 861 1299 exstitit.
896 1244 1109 1300 Gibbus
1138 1244 1283 1299 enim
1309 1244 1442 1298 mihi
1469 1244 1643 1300 crevit
1670 1245 1726 1299 in

107 1331 310 1399 dorso,
343 1333 488 1388 unde
519 1348 607 1388 me
634 1332 807 1390 secari
834 1332 1094 1404 oportuit.
1162 1334 1229 1388 Et
1287 1334 1544 1405 quamvis
1580 1334 1725 1390 inter

117 1436 333 1475 manus
360 1428 413 1475 et
442 1421 780 1493 lacrymosas
798 1436 966 1478 voces
1020 1421 1345 1478 dilectarum
1400 1423 1516 1476 Deo
1573 1422 1722 1494 (322)

113 1509 629 1565 sanctimonialium
655 1510 724 1566 de
753 1509 921 1566 Fonte
952 1509 1418 1577 Ebraldi,ra50rio
1449 1512 1724 1567 scribente

113 1597 184 1652 in
216 1605 404 1653 nostra
435 1613 601 1654 carne
631 1613 763 1653 suas
793 1596 1021 1665 litteras,
1054 1614 1253 1669 corpus
1279 1607 1528 1654 nostrum
1567 1599 1724 1654 intir-

108 1684 317 1742 mitate
345 1686 556 1757 pariter
585 1695 638 1743 et
667 1686 889 1743 vulnere
919 1702 1029 1743 non
1054 1687 1399 1743 mediocriter
1438 1687 1724 1761 fatigatum

112 1781 422 1844 teneretur,
457 1790 560 1831 nec
598 1773 903 1842 infirmitas,
957 1791 1061 1832 nec
1116 1776 1352 1833 secantis
1407 1776 1718 1845 crudelitas,

110 1878 229 1919 nec
259 1864 439 1918 statim
470 1863 711 1932 impositi
741 1864 870 1919 salis
902 1864 1185 1935 asperitas,
1245 1874 1303 1920 ut
1356 1880 1453 1921 vos
1510 1865 1597 1921 vel
1653 1865 1724 1921 ad

1837 673 1908 728 ad
1939 689 2034 728 vos
2063 672 2299 740 veniam,
2332 689 2469 745 quos
2499 673 2778 730 desiderio
2811 675 2996 732 videre
3046 677 3324 749 desidero,
3383 686 3438 736 et

1836 761 2121 833 inquibus
2150 769 2273 832 post
2302 762 2473 819 Deum
2501 762 2662 819 totius
2691 763 2888 821 animas
2915 781 3051 822 meae
3069 766 3227 839 posui
3252 765 3436 824 inten-

1837 849 2058 905 tionem.
2094 850 2300 907 Valete.

2300 947 2654 1005 EPISTOLA
2693 950 2956 1007 XXXIV.

1840 1046 2117 1118 Goﬁ'ridus
2158 1046 2579 1103 Vindocinensis
2611 1048 2944 1104 monasterii
2980 1065 3271 1107 servorum
3295 1067 3426 1108 ser-

1903 1154 2025 1203 vus,
2059 1136 2284 1192 dilectis
2313 1136 2376 1190 in
2411 1135 2627 1192 Christo
2674 1137 2811 1205 ﬁliis
2839 1140 3013 1208 (323),
3069 1138 3319 1211 Gof/‘rido
3359 1141 3428 1199 de

1902 1224 2204 1297 Surgeriis,
2220 1224 2462 1281 Iordane
2494 1225 2560 1280 de
2578 1225 2749 1280 Pedio
2770 1226 2985 1296 rebelli,
3012 1229 3290 1284 Rainaldo
3307 1228 3429 1286 Car-

1906 1314 2078 1381 taldo,
2105 1315 2308 1370 Ilerveo
2332 1314 2397 1369 de
2433 1314 2624 1383 Olona,
2645 1315 2912 1371 salutem.

1902 1411 2222 1466 Mandamus
2251 1410 2427 1479 vobis,
2457 1418 2509 1467 et
2537 1411 2845 1467 mandando
2876 1411 3246 1483 prmeipimus,
3280 1431 3420 1487 qua-

1832 1505 1989 1555 tenus
2016 1499 2071 1555 in
2103 1499 2347 1571 proxima
2376 1508 2581 1556 sanctae
2607 1500 2885 1556 Trinitatis
2907 1501 3199 1558 festivitate
3220 1502 3291 1558 ad
3322 1520 3427 1561 nos

1830 1588 2033 1653 venire,
2069 1594 2122 1643 et
2154 1588 2543 1644 monasterium
2572 1596 2836 1655 vestrum,
2872 1597 3032 1660 prout
3062 1589 3285 1663 dignum
3317 1600 3420 1661 est,

1834 1676 2054 1732 visitare
2083 1692 2193 1732 non
2224 1674 2482 1731 diﬂ'eratis
2503 1679 2689 1747 209,
2716 1677 2861 1749 quod
2888 1676 3051 1733 etiam
3074 1694 3184 1734 non
3218 1679 3428 1736 invitati

1828 1763 2013 1820 facere
2039 1764 2337 1821 deberetis.
2376 1766 2493 1821 Hoc
2521 1774 2701 1821 autem
2732 1766 2778 1820 si
2825 1764 2945 1837 quis
3001 1774 3243 1822 vestrum
3289 1785 3428 1824 con-

1831 1853 2131 1924 tempserit,
2161 1853 2266 1908 nisi
2288 1853 2444 1926 gravi
2485 1854 2733 1925 corporis
2789 1854 3096 1910 infirmitate
3152 1856 3428 1925 detentus,

109 1960 462 2007 momentum
495 1952 871 2019 obliviscerer,
900 1952 1077 2008 facere
1107 1954 1299 2024 ροιυίι,
1350 1954 1450 2009 sed
1507 1954 1725 2024 spiritus
1753 1944 1805 2004 Β
1836 1942 2009 1997 donec
2023 1942 2091 1997 de
2120 1942 2488 1997 inobedientia
2517 1942 2837 2010 satisfaciat,
2869 1958 2904 1999 a
2930 1952 3135 2000 sanctae
3189 1945 3438 2002 θοοιθείω

108 2057 280 2114 ραι-ω
309 2039 636 2107 dilectionis,
670 2058 779 2113 quo
811 2057 909 2096 vos
938 2058 1154 2112 semper
1190 2042 1380 2108 dilexi,
1428 2050 1481 2097 et
1536 2043 1727 2114 diligo,

109 2134 174 2185 et
206 2129 456 2200 diligam,
493 2130 690 2184 mansit
722 2130 1024 2186 vobiscum.
1058 2130 1156 2184 Dei
1187 2132 1407 2185 tandem
1429 2130 1733 2202 adjuvante

111 2217 419 2274 clementia
446 2217 841 2290 aliquantulum
873 2219 941 2273 de
988 2217 1298 2274 infirmitate
1346 2220 1617 2289 convalui,
1682 2227 1735 2275 et

114 2307 329 2379 partim
359 2323 518 2379 aqua,
552 2308 858 2379 partimque
906 2324 1046 2378 equo
1096 2316 1341 2379 portatus
1393 2308 1732 2379 Andegavim

114 2395 282 2452 veni.
325 2396 510 2451 Valete
534 2395 586 2450 in
620 2397 852 2451 Domino
881 2397 1030 2451 omni
1054 2405 1312 2469 tempore,
1340 2396 1515 2468 ipsum
1538 2398 1730 2464 Deum,

122 2498 179 2545 et
215 2487 512 2543 Dominum
548 2496 800 2544 nostrum
832 2496 1114 2561 rogantes,
1149 2497 1205 2544 ut
1237 2506 1343 2557 me,
1366 2499 1416 2545 et
1433 2491 1486 2545 in
1506 2488 1734 2544 infirmi-

114 2586 241 2633 tate
273 2578 597 2648 patientem,
631 2585 682 2633 et
712 2578 767 2631 in
797 2578 1156 2649 prosperitate
1190 2580 1354 2649 208
1378 2579 1637 2635 humilem
1659 2579 1735 2635 fa-

112 2666 259 2733 ciat,
292 2674 345 2721 et
373 2682 479 2733 me,
513 2674 567 2721 et
596 2681 697 2721 vos
729 2666 783 2721 in
813 2666 896 2721 sui
929 2666 1258 2723 dilectionne
1291 2666 1580 2724 custodiat.

595 2763 939 2820 EPISTOLA
992 2765 1264 2821 XXXIII.

120 2862 427 2935 Goffridus
442 2862 610 2919 abbas
631 2879 748 2919 non
766 2864 885 2919 suis
904 2865 1143 2930 meritis,
1177 2865 1271 2920 sed
1292 2865 1390 2921 Dei
1409 2867 1617 2937 gratia,
1642 2865 1733 2921 di-

196 2953 365 3008 lectis
385 2952 525 3020 ﬁliis
560 2954 618 3008 R.
640 2954 841 3024 priori,
866 2954 920 3008 et
950 2954 1208 3009 omnibus
1227 2953 1359 3009 aliis
1384 2954 1545 3009 illam
1570 2971 1605 3009 a
1626 2956 1736 3010 Deo

192 3057 369 3113 quam
398 3040 552 3096 dedit
571 3041 695 3097 suis
715 3043 931 3098 sanctis
950 3042 1247 3114 discipulis
1269 3042 1730 3099 benedictionem.

196 3137 306 3191 Pro
338 3136 533 3191 vestris
564 3135 667 3207 piis
695 3137 954 3207 precibus
996 3145 1049 3193 et
1106 3137 1381 3209 lacrymis,
1440 3153 1577 3209 quas
1634 3154 1736 3209 pro

113 3242 231 3292 me,
262 3224 390 3280 licet
419 3225 651 3297 indigno
694 3234 912 3296 pastore
968 3235 1172 3292 vestro,
1234 3227 1385 3282 tiliali
1438 3227 1732 3283 devotione

1834 2030 2112 2085 liminibus
2141 2030 2358 2086 alienus
2377 2031 2595 2087 existat.

2330 2141 2674 2197 EPISTOLA
2711 2140 2941 2197 XXXV.

1839 2239 2130 2311 Go/‘fridus
2159 2240 2585 2295 Vindocinensis
2601 2241 2937 2296 monasterii
2956 2240 3193 2298 humilis
3211 2259 3426 2311 servus,

1905 2330 2129 2385 dilectis
2150 2330 2211 2384 in
2246 2329 2464 2384 Christo
2483 2329 2641 2397 ﬁliis,
2666 2330 2932 2392 Jordano,
2981 2330 3253 2389 Rainaldo
3304 2333 3435 2389 Car—

1909 2418 2081 2483 taldo,
2114 2418 2364 2473 salutem
2384 2421 2441 2472 et
2461 2417 2927 2474 benedictionem.

1906 2512 1962 2567 Si
1984 2512 2323 2582 jussionibus
2355 2513 2554 2568 nostris
2606 2513 2906 2584 aliquando
2953 2532 3051 2572 vos
3108 2531 3429 2589 gravamus,

1833 2617 1944 2657 non
1976 2601 2098 2656 ideo
2127 2609 2311 2657 contra
2340 2617 2441 2657 nos
2472 2617 2807 2658 murmurare
2850 2604 3079 2671 debetis,
3113 2607 3219 2673 vel,
3278 2607 3432 2678 quod

1833 2689 1973 2744 absit
2005 2688 2017 2745 Ι
2052 2706 2152 2746 nos
2180 2690 2307 2745 odio
2335 2690 2557 2759 habere,
2591 2691 2845 2762 quoniam
2879 2693 3046 2748 vobis
3061 2694 3239 2749 multa
3262 2695 3434 2766 impe-

1833 2794 2022 2834 ramus
2052 2778 2373 2834 necessitate
2412 2779 2726 2834 monasterii
2785 2782 2963 2851 potius
3021 2799 3181 2853 quam
3237 2782 3437 2839 volun-

1835 2875 1966 2923 tate.
1991 2867 2319 2923 Obedientia
2366 2874 2547 2922 tamen
2604 2867 2743 2923 hanc
2801 2869 2906 2924 sibi
2962 2870 3275 2941 specialiter
3328 2887 3435 2944 po-

1834 2962 2092 3011 testatem
2125 2955 2382 3019 vindicat,
2416 2964 2473 3009 ut
2502 2971 2611 3011 non
2649 2965 2758 3010 tam
2813 2959 2932 3027 ejus
2990 2960 3078 3015 cui
3134 2960 3438 3030 pracipitur

1838 3060 1997 3116 quam
2026 3044 2146 3115 ejus
2178 3042 2269 3114 qui
2297 3042 2541 3114 prmeipit
2572 3045 2824 3100 voluntas
2856 3046 2970 3101 ﬁat.
2996 3047 3149 3103 Unde
3168 3048 3435 3105 Dominus

1835 3132 1891 3187 in
1915 3132 2214 3204 Evangelio
2260 3132 2585 3188 obedientiae
2644 3132 2850 3188 forman
2906 3135 3170 3203 tribuens,
3227 3136 3356 3194 dicit
3417 3156 3432 3193 :

1835 3223 1956 3278 Non
1984 3222 2113 3277 veni
2131 3224 2320 3293 facere
2358 3222 2713 3277 voluntatem
2733 3239 2922 3289 mean,
2956 3224 3051 3279 sed
3074 3226 3196 3295 ejus
3215 3227 3312 3298 qui
3342 3243 3433 3283 me

115 3312 364 3371 Domino
385 3313 506 3369 Deo
535 3314 828 3382 obtulistis,
861 3314 1192 3386 multiplices
1222 3316 1525 3389 gratiarum
1551 3316 1721 3372 refero

1841 3312 1999 3367 misit
2018 3312 2209 3375 (Joan.
2249 3326 2322 3376 vr,
2360 3312 2472 3380 38).
2504 3311 2738 3381 Expedit
2783 3311 2967 3384 itaque
2999 3313 3175 3382 vobis,
3222 3330 3427 3370 secun-

116 3403 392 3459 actiones.
428 3403 552 3457 Pius
582 3410 635 3458 et
666 3402 877 3474 patiens
910 3404 1191 3472 Dominus,
1249 3405 1410 3475 cujus
1464 3404 1724 3476 patientia

116 3508 213 3547 me
247 3491 343 3546 diu
374 3498 696 3562 peccantem
727 3492 999 3559 sustinuit,
1032 3493 1234 3563 pietate
1264 3509 1382 3559 sua,
1416 3494 1614 3549 vestris
1642 3493 1726 3549 in-

116 3580 542 3636 tercedentibus
573 3581 800 3650 meritis,
834 3597 971 3636 mea:
1001 3580 1328 3637 infirmitatis
1376 3592 1429 3637 et
1484 3582 1724 3638 vulneris

117 3668 386 3741 specialis
417 3669 659 3725 medicus
688 3668 806 3726 fuit.
844 3670 999 3726 Unde
1015 3670 1324 3726 nullatenus
1347 3672 1500 3727 valeo
1521 3671 1722 3743 despe-

196 3846 350 3916 (322)
378 3845 915 3903 Sanctimonialium
946 3848 1013 3903 de
1042 3848 1215 3904 Fonte
1246 3847 1492 3904 Ebraldi.
1538 3848 1724 3905 Fontis

118 3917 353 3974 Ebraldi
381 3917 590 3990 nudum
619 3934 818 3974 nomen
848 3919 1078 3974 vidimus
1106 3920 1201 3972 lib.
1234 3935 1271 3985 ι,
1297 3920 1454 3990 epist.
1474 3922 1541 3974 ‘24
1566 3922 1718 3975 et26.

118 3992 228 4061 Hic
256 3989 700 4061 sanctimoniales
743 3992 1003 4055 nominat,
1053 3990 1248 4061 quibus
1304 3991 1721 4047 celeberrimum

120 4077 189 4116 eo
216 4060 339 4132 loci
354 4063 748 4132 monasterium
782 4061 921 4116 Petri
950 4060 1191 4132 episcopi
1238 4061 1613 4127 Pictaviensis,
1665 4062 1722 4117 in

120 4132 283 4201 cujus
312 4130 533 4215 dimcesi
563 4132 703 4215 haud
734 4133 928 4215 procul
965 4130 1000 4187 a
1053 4130 1331 4187 Turonum
1386 4134 1720 4215 findegavo-

118 4217 361 4274 rumque
392 4202 595 4257 ﬁnibus
623 4210 706 4259 est
733 4203 906 4267 locus,
939 4211 1069 4258 nutu
1106 4211 1159 4258 et
1196 4205 1512 4259 auctoritate
1552 4202 1723 4258 insti-

120 4273 225 4346 tuit
254 4273 523 4346 ttobertus
551 4274 619 4346 de
650 4274 981 4346 Arbrissello
1011 4274 1058 4346 is
1086 4275 1155 4329 ad
1187 4290 1349 4346 quem
1389 4276 1594 4344 scripta
1638 4281 1723 4330 est

120 4343 363 4415 epistola
389 4346 457 4398 47
490 4344 651 4415 hujus
680 4344 825 4400 libri.
850 4345 1139 4405 Conditum
1167 4343 1311 4402 anno
1341 4343 1539 4401 Christi
1584 4347 1721 4401 1100

120 4414 280 4470 notat
310 4414 639 4472 Chronicum
669 4416 989 4472 Turonense
1020 4416 1103 4471 his
1142 4417 1325 4473 verbis
1360 4435 1374 4472 :
1404 4418 1570 4473 Anno
1610 4418 1722 4474 Do-

119 4485 430 4561 minittoo
461 4487 689 4561 genrici
704 4487 901 4561 imper.
924 4502 1080 4554 xuv,
1122 4487 1371 4561 Philippi
1416 4490 1586 4561 regis,
1622 4503 1717 4554 XL,

119 4556 436 4614 concilium
453 4558 699 4611 Pictavis
711 4556 1154 4624 celebratur,nec
1167 4556 1352 4614 multo
1362 4556 1721 4632 post'abbatia

117 4628 321 4683 Fontis
340 4626 565 4683 Ebraldi
582 4629 646 4682 in
668 4630 1012 4684 Pietaviensi
1031 4630 1253 4685 dioecesi
1269 4631 1712 4685 fabricatur.Mi-

162 4642 321 4681 οηιιε
340 4642 565 4683 ιςωάιαι
582 4643 646 4682 ιη
668 4642 1012 4684 mctamensi
1031 4642 1253 4686 αιωσεεῐ
1269 4642 1712 4686 fabricatur-.m-

1832 3398 1962 3455 dum
1992 3398 2210 3454 Domini
2239 3398 2582 3463 sententiam,
2617 3399 2841 3454 alterius
2866 3400 3093 3456 obedire
3140 3402 3420 3471 voluntati,

1833 3502 1945 3543 non
1973 3494 2209 3542 vestram
2240 3486 2420 3558 sequi.
2461 3485 2570 3541 Sed
2603 3502 2744 3556 quae,
2778 3488 2865 3543 vel
2910 3496 3113 3560 quanta
3160 3490 3315 3546 vobis
3358 3492 3429 3547 ob

1833 3576 1938 3632 hoc
1968 3576 2021 3630 in
2054 3575 2235 3631 futuro
2264 3590 2476 3630 merces
2507 3575 2921 3647 repromittitur,
2955 3577 2999 3631 si
3049 3579 3188 3634 bene
3233 3581 3424 3635 consi-

1832 3664 2051 3733 deratis,
2086 3679 2255 3720 suave
2281 3664 2511 3736 Ieveque
2534 3664 2689 3721 vobis
2719 3666 2823 3720 erit
2856 3666 3121 3740 quidquid
3172 3667 3229 3722 in
3275 3686 3425 3741 pra:-

1832 3841 2181 3917 becillitatem
2208 3838 2483 3917 debilium
2497 3841 3141 3917 confovendosustinere.
3159 3844 3290 3917 quid
3312 3848 3434 3904 uni-

1830 3914 2026 3985 cuique
2054 3913 2299 3984 expediat
2331 3911 2642 3983 providere,
2677 3911 2968 3983 fragilitati
3005 3911 3193 3971 sexus'
3217 3918 3428 3975 conde-

1830 3984 2124 4049 scendatis,
2155 3992 2209 4039 et
2235 4000 2356 4055 qua:
2376 3991 2562 4055 vestra
2591 3986 2914 4055 auctoritate
2964 3985 3282 4052 innituntur,
3331 4005 3430 4046 eas

1828 4056 1929 4129 sub
1962 4064 2142 4129 vestra
2172 4053 2504 4129 protectione
2527 4053 2825 4129 retineatis,
2855 4070 2975 4129 nec
3016 4057 3173 4112 alteri
3230 4059 3423 4129 subjici

1830 4125 2026 4191 velitis,
2061 4126 2378 4198 etabhac
2406 4124 2793 4198 defatigatione
2852 4125 2903 4198 in
2957 4142 3095 4198 pace
3149 4143 3245 4184 eas
3300 4124 3426 4189 esse

1825 4198 2064 4255 faciatis.
2102 4196 2265 4252 Novit
2293 4194 2436 4270 enim
2467 4194 2649 4270 vestra
2676 4196 2935 4253 discretio
2957 4194 3108 4270 quod
3137 4200 3427 4260 animabus

1828 4284 2018 4349 earu_m
2051 4284 2159 4323 non
2191 4266 2407 4349 expedit
2436 4266 2677 4349 claustra
2733 4266 3055 4349 monasterii
3108 4270 3191 4326 sui
3232 4271 3420 4349 exire,

1827 4356 1931 4413 nec
1959 4340 2071 4413 hac
2092 4337 2400 4413 occasione,
2423 4337 2508 4392 vel
2535 4337 2640 4392 alia
2663 4338 3210 4413 saeculoscjungere.
3232 4337 3423 4402 Nostis

1829 4411 1993 4484 enim,
2028 4410 2074 4465 si
2104 4416 2305 4484 vestra:
2334 4408 2514 4479 placet
2554 4409 2929 4484 paterniitati,_
2958 4408 3114 4484 ’qudd
3167 4413 3424 4484 praefatus

1830 4481 2122 4555 episcopus
2153 4480 2587 4555 subjectossuos
2608 4482 2892 4555 consuevit
2905 4480 3245 4555 inquietare.
3298 4485 3425 4542 Pla-

1830 4549 1953 4609 ceat
1981 4549 2147 4622 igitur
2173 4549 2733 4622 excellentimivestrm
2762 4552 2830 4605 ab
2880 4551 2948 4607 iis
2993 4549 3268 4610 molestiis
3323 4572 3421 4614 eas

1833 4620 2069 4696 eripere,
2102 4630 2154 4696 et
2183 4629 2241 4676 ut
2268 4620 2322 4696 in
2353 4636 2487 4691 pace
2510 4621 2626 4676 Deo
2653 4622 2984 4696 deserviant,
3018 4624 3169 4696 eisin
3185 4625 3421 4696 multitu-

120 4670 250 4753 i‘um
277 4703 360 4751 est
388 4670 1569 4771 quoi'dg'iLEeEﬁ'EZEERESEiiliZE"2333'
1592 4670 1711 4757 'ldei
1737 4670 1790 4731 D
1820 4670 1947 4771 diale
1974 4670 2382 4771 misericordiasr
2393 4699 2589 4747 vestrae
2613 4670 3052 4771 providere,_sub
3074 4691 3415 4771 protectione

120 4783 365 4840 numero,
387 4768 568 4840 prodit
598 4768 864 4840 Sugérius
888 4770 1085 4836 abbas,
1114 4787 1234 4827 cum
1284 4768 1568 4835 scribe—ret,
1617 4773 1721 4828 hoc

120 4847 207 4895 est
238 4838 413 4914 annis
431 4838 758 4914 nondumat)
785 4848 905 4895 ortu
935 4842 1170 4914 cmnobii
1201 4843 1613 4914 quinquaginta,
1647 4843 1718 4899 ad

120 4919 361 4982 quatuor
386 4908 505 4983 fere
534 4918 625 4983 aut.
654 4910 899 4983 quinque
931 4912 1096 4966 millia
1126 4908 1475 4976 excrevisse}
1510 4914 1612 4968 sed
1632 4915 1722 4968 di-

122 4980 233 5062 gna
265 4988 349 5036 est
376 4980 595 5062 _Sugerii
618 4980 869 5062 epistola,
900 4993 1328 5062 quae__propt_er_
1341 4992 1721 5062 argumentum

121 5051 346 5124 integra
374 5051 606 5125 legatur.
638 5051 727 5110 Sic
755 5069 893 5126 ergo
919 5051 1109 5110 scribit
1162 5051 1231 5110 ad
1285 5051 1590 5128 Eugenium
1648 5056 1721 5111 III

122 5138 328 5195 papam
356 5138 370 5178 :

124 5240 349 5312 Sugerii
373 5238 590 5297 abbatis
617 5241 858 5325 epistola
878 5241 951 5325 ad
964 5241 1290 5325 Eugenium.
1302 5240 1382 5325 ill
1392 5256 1492 5314 pro
1506 5240 1722 5297 sancti-

498 5312 840 5369 monialibus
868 5313 1061 5370 Fontis
1088 5313 1339 5369 Ebraldi.

201 5431 222 5457 ο
252 5406 590 5481 charissima
618 5407 840 5481 domino
866 5417 921 5464 et
948 5409 1114 5465 Patri.
1150 5409 1249 5465 Dei
1283 5408 1461 5481 gratia
1506 5422 1721 5481 summo

126 5485 181 5535 et
207 5479 503 5553 universali
532 5478 1050 5553 pontificiEugenio
1080 5478 1360 5553 Sugerius,
1396 5480 1537 5553 beati
1585 5480 1722 5553 D_io-

123 5550 265 5622 nysii
288 5550 485 5622 abbas,
519 5550 845 5622 obedientiaa
875 5550 927 5605 et
957 5550 1594 5622 servitii'plenitudinem.
1623 5550 1722 5604 Pro

126 5620 407 5692 scroribus
434 5621 577 5692 apud
610 5621 832 5677 Fontem
863 5623 1165 5678 Ebraldum
1187 5620 1380 5678 sancta
1408 5629 1459 5677 et
1487 5623 1601 5677 Deo
1631 5636 1723 5676 ac-

126 5691 383 5768 ceptabili
411 5691 679 5768 religione
708 5694 1059 5768 degentibus,
1089 5708 1223 5768 quas
1239 5693 1528 5765 episcopus
1553 5692 1723 5747 Picta-

125 5761 356 5834 viensis,
383 5761 878 5830 subjéctionem'ab
926 5765 1007 5820 eis
1055 5761 1360 5834 requirens,
1419 5761 1722 5834 earumque

128 5833 457 5910 abbatissam
489 5834 1036 5910 benedicere-nolens
1064 5833 1347 5910 defatigat,
1385 5836 1556 5892 sancti
1582 5833 1724 5904 apo—

129 5903 355 5981 stolatus
384 5905 553 5981 vestri
580 5905 985 5981 celsitudinem,
1045 5924 1177 5981 qua
1208 5903 1501 5981 p'ossumus
1533 5903 1723 5981 ‘pifece

128 5973 429 6047 pulsamus,
460 5979 521 6033 ut
549 5975 687 6035 sicut
713 5985 912 6036 vestrm
937 5973 1573 6050 incumbit'discretioni;
1611 5976 1721 6057 im-_

1821 4766 1922 4822 Dei
1951 4765 2093 4830 creti,
2127 4772 2181 4819 et
2210 4771 2395 4819 vestra
2420 4762 2714 4832 apostolica
2736 4764 3055 4837 auctoritate
3074 4762 3414 4837 'confovere,

1821 4846 1875 4894 et
1903 4846 2209 4909 protegere,
2242 4841 2428 4909 utpote
2457 4841 2665 4909 tantum
2695 4842 2869 4909 tanta}
2901 4835 3185 4907 religionis
3212 4835 3414 4909 locum,

1821 4903 1984 4981 quem
2012 4903 2134 4963 cum
2162 4907 2216 4961 in
2248 4903 2494 4981 partibus
2525 4904 2599 4958 illi
2620 4903 2676 4958 in
2697 4903 3184 4981 scholis‘essemus,
3205 4903 3421 4981 noviter

1819 4976 2096 5050 inceptum
2129 4992 2252 5033 esse
2282 4976 2538 5041 vidimus,
2569 4984 2621 5050 et
2661 4991 2759 5045 pro
2816 4977 2928 5050 Dei
2970 4978 3244 5035 voluntate
3298 4980 3417 5039 fere

1820 5046 1995 5123 usque
2023 5050 2089 5103 ad
2120 5054 2352 5123 quatuor
2379 5054 2471 5101 aut
2501 5046 2744 5123 quinque
2799 5048 2971 5103 millia
3025 5051 3416 5123 sanctimonia-

1821 5117 1953 5178 lium
1978 5122 2093 5190 jam
2123 5117 2431 5174 excrevisse
2460 5117 2871 5190 audivimus,et
2900 5120 3231 5190 gaudemus.
3281 5146 3303 5170 ι.

1891 5189 2039 5264 (323)
2074 5190 2323 5264 Gof/‘rido
2352 5190 2419 5244 de
2449 5189 2750 5264 surgeriis.
2772 5189 3043 5264 Elenehus
3061 5191 3417 5262 epistolarum

1820 5263 1877 5318 in
1902 5259 2094 5320 codice
2124 5259 2840 5323 Cénomanensi.’fratribus
2869 5261 2938 5317 de
2968 5259 3235 5318 Sant'onia
3273 5265 3419 5322 scri-

1821 5342 1967 5405 ptam
2000 5340 2227 5405 monet_;
2260 5331 2404 5405 quod
2434 5330 2628 5398 maiori
2657 5347 2723 5405 ea
2753 5341 2917 5405 parte
2941 5348 3130 5405 verum
3173 5342 3285 5390 est.
3352 5338 3419 5392 In

1822 5400 1975 5478 pago
1989 5404 2140 5478 enim
2171 5400 2463 5478 Santonico
2492 5409 2576 5478 est
2603 5400 2839 5478 ecclesia
2884 5403 3289 5478 Surgeriarum,
3346 5407 3419 5464 de

1862 5472 1926 5530 ua
1948 5472 2277 5545 dictumulib.
2309 5487 2390 5537 ut,
2420 5472 2579 5545 epist.
2609 5472 2717 5545 4t);
2761 5472 3018 5545 itemque'
3055 5472 3289 5533 ecclesia
3343 5478 3420 5536 de

1862 5493 1926 5530 ua
1948 5493 2152 5532 (uelum
2182 5493 2277 5527 ut).
2309 5493 2390 5537 lu,
2420 5493 2579 5540 eptss.
2609 5493 2717 5539 qu;
2761 5493 2999 5545 Itemque
3055 5493 3289 5533 ecclesia
3343 5493 3420 5536 ue

1821 5493 1991 5620 gadio
2023 5542 2215 5620 rebelli
2245 5558 2409 5620 quam
2441 5542 2828 5620 Vindosinensi
2882 5547 3186 5620 cmnobio,”
3215 5563 3420 5620 appro-

1824 5618 1986 5673 bante
2015 5615 2127 5672 tilio
2156 5614 2447 5669 Guiltelmo
2475 5614 2674 5670 comite
2704 5615 3044 5684 Pictaviensi,
3064 5614 3421 5744 dedilhgnes

1824 5687 2116 5744 comitissa.
2150 5689 2218 5740 At
2249 5684 2424 5740 Olona
2453 5684 2507 5739 in
2537 5684 2714 5740 littore
2748 5686 3033 5744 Pictavico.
3065 5690 3268 5744 tabulae
3311 5707 3421 5744 un-

1821 5687 2116 5745 comitissa.
2150 5689 2218 5740 At
2249 5684 2424 5740 Olona
2453 5684 2507 5739 in
2537 5684 2714 5740 littore
2748 5686 3033 5754 Pictavico,
3065 5684 3421 5746 tabulaaiun-

1821 5759 2055 5816 dationis
2084 5775 2098 5813 :
2131 5757 2195 5813 In
2213 5772 2353 5829 pago
2382 5756 2731 5829 Pictaviensi
2766 5759 3130 5816 medietatem
3153 5762 3427 5818 ecclesia-

1824 5848 1952 5889 rum
1980 5830 2046 5888 de
2080 5824 2255 5887 Olona
2283 5824 2412 5884 cum
2440 5824 3106 5899 decimis,salinarum,et
3125 5833 3429 5893 vinearum

1823 5907 1880 5962 et
1897 5901 2156 5962 omnium
2176 5899 2309 5957 inde
2331 5900 2675 5958 exeuntium
2687 5938 2702 5955 .
