3910 6390
460 449 566 504 1⁵75

463 569 610 630 senti
637 583 739 641 pro
769 565 1002 624 Domino
1045 563 1436 622 sustinueritis.
1505 563 1923 634 I’tepromittilur
1979 561 2060 618 si-
2088 559 2149 622 Α

465 659 687 734 quidem
741 655 896 713 vobis
947 655 1054 711 vita
1109 655 1228 710 sine
1283 653 1455 718 senio,
1517 652 1746 708 satietas
1799 651 2060 708 continua

468 745 587 800 sine
616 741 854 808 fastidio,
885 739 1118 796 societas
1173 737 1520 809 angelorum,
1583 744 1636 792 et
1691 736 1838 808 quod
1894 751 2061 807 super

467 849 631 890 omne
658 832 861 887 bonum
891 837 990 894 est,
1025 827 1163 883 facie
1217 827 1290 882 ad
1345 825 1545 881 faciem
1599 825 1816 881 assidue
1873 825 2060 880 videre

470 923 670 976 Deum.
712 921 778 974 Et
805 918 933 990 quia
960 917 1030 973 de
1059 914 1370 972 obedientia
1397 913 1651 970 charitati
1684 921 1882 971 vestra:
1911 912 2061 984 loqui

465 1010 749 1082 cmpimus,
784 1008 885 1063 sub
912 1006 1083 1078 ipsius
1115 1004 1442 1062 obedientise
1471 1003 1690 1060 nomine
1726 1005 1912 1072 210,
1933 1009 1986 1058 et
2007 1001 2062 1056 in

465 1098 844 1156 remissionem
871 1095 1112 1152 omnium
1139 1102 1490 1166 peccatorum
1542 1099 1853 1148 vestrorum
1903 1107 2062 1146 man—

465 1189 658 1244 damus
687 1186 864 1254 vobis,
897 1193 1162 1258 quatenus
1191 1183 1372 1255 pisces
1401 1189 1638 1246 nostros,
1675 1181 1876 1238 cibaria
1905 1181 2063 1236 vide-

463 1277 591 1334 licet
622 1275 849 1332 fratrum
879 1283 1200 1339 vestrorum,
1234 1288 1406 1344 usque
1437 1271 1780 1344 Andegovim
1824 1269 2064 1327 adduca-

468 1365 556 1422 tis.
594 1365 802 1432 Valete,
835 1362 884 1419 si
911 1362 1235 1420 obedientes
1269 1359 1503 1417 fueritis.

947 1511 1292 1572 EPISTOLA
1329 1511 1582 1568 XXXVI.

469 1639 776 1716 Goffridus,
803 1637 901 1713 qui
922 1637 1117 1712 gratia
1143 1637 1244 1692 Dei
1273 1636 1435 1692 estid
1463 1633 1606 1708 quod
1635 1636 1742 1700 est,
1765 1633 1990 1690 dilectis
2002 1631 2066 1688 in

539 1732 758 1790 Christo
787 1727 1086 1800 fratribus,
1111 1725 1407 1782 Hamelino
1433 1725 1614 1797 priori
1636 1722 1808 1794 (324),
1853 1721 2068 1778 Briccio

535 1817 855 1887 cellarario,
887 1817 1153 1872 salutem.

537 1957 679 2017 Volo
709 1972 807 2014 vos
837 1970 945 2011 non
975 1953 1250 2027 ignorare,
1282 1951 1380 2008 sed
1407 1951 1643 2007 firmiter
1683 1951 1930 2019 credere,
1981 1965 2070 2006 me

465 2065 590 2108 cum
621 2061 822 2120 magno
849 2044 1107 2102 comitatu
1137 2058 1235 2114 pro
1264 2057 1450 2108 causa,
1503 2057 1666 2114 quam
1723 2040 1896 2104 scitis,
1951 2043 2072 2095 An-

465 2137 723 2212 degavim
752 2142 1035 2192 venturum
1060 2131 1250 2204 vigilia
1296 2130 1671 2202 Ascensionis,
1718 2131 1764 2185 si
1820 2130 2075 2185 detentus

472 2245 581 2286 non
610 2227 785 2295 fuero,
818 2223 963 2298 quod
993 2224 1138 2278 Deus
1163 2221 1362 2276 abnuat
1397 2219 1408 2275 l
1441 2222 1692 2292 corporis
1720 2219 2064 2274 inﬁrmitate.

474 2318 594 2374 Hoc
617 2315 777 2373 vobis
807 2311 986 2370 curavi
1017 2309 1339 2382 praedicere,
1371 2325 1511 2382 quos
1558 2309 1626 2363 ad
1677 2325 1945 2379 expensas
1996 2307 2074 2362 fa-

475 2405 698 2474 ciendas
725 2409 944 2474 paratos
973 2398 1249 2455 desiderio
1277 2397 1536 2453 desidero
1560 2397 1823 2454 invenire.
1857 2397 1913 2452 Si
1944 2411 2076 2454 vero

476 2493 660 2551 verbis
689 2500 780 2548 aut
805 2490 1045 2547 clamore
1077 2487 1256 2544 cordis
1285 2485 1521 2556 objicitis
1549 2494 1930 2558 paupertatem
1977 2501 2076 2542 ve-

477 2591 644 2639 stram
675 2581 746 2636 ad
775 2581 894 2635 hinc
924 2577 1144 2632 minime
1172 2592 1334 2648 posse
1363 2573 1638 2639 sufficere,
1671 2575 1759 2631 hic
1787 2575 1934 2630 nulla
1973 2591 2076 2631 ne-

480 2671 714 2729 cessitas
744 2667 892 2739 cogit
921 2683 1009 2722 me
1068 2665 1429 2737 respondere,
1462 2665 1559 2719 sed
1603 2664 1832 2736 imperat
1878 2665 2080 2720 veritas

478 2776 581 2816 vos
609 2774 721 2814 non
753 2757 955 2814 debere
981 2755 1060 2811 sic
1089 2753 1257 2826 loqui,
1282 2769 1384 2810 nec
1414 2754 1494 2810 sic
1535 2753 1800 2826 cogitare,
1853 2753 1945 2825 qui
1991 2752 2080 2808 di-

483 2849 590 2906 vite
617 2847 836 2903 Christo
866 2861 976 2902 non
1017 2842 1229 2899 debetis
1284 2841 1601 2914 pauperiem
1651 2841 1968 2908 formidare,
2029 2850 2082 2898 et

488 2937 688 3011 quibus
717 2934 864 3008 quod
889 2933 1172 2998 habemus,
1224 2931 1536 2987 nullatenus
1589 2939 1769 3004 potest
1825 2931 2080 2988 deiicere.

484 3024 774 3083 Mallemus
803 3023 1021 3096 quidem
1054 3019 1322 3094 quidquid
1352 3020 1614 3077 Credonis
1643 3021 1932 3092 possidere
1960 3036 2084 3077 cer-

479 3115 665 3191 nimur
693 3111 1088 3170 honorabiliter
1113 3110 1423 3182 expendere
1450 3127 1612 3183 quam
1641 3109 1808 3166 rebus
1836 3109 2087 3166 ecclesiae

483 3205 586 3262 Dei
614 3204 844 3274 injustas
871 3217 934 3258 ac
963 3215 1159 3272 pravas
1188 3199 1614 3256 consuetudines
1660 3201 1824 3256 homo
1871 3201 2086 3255 incom-

1492 438 1823 495 GOFFRIDI
1863 432 2168 493 ABBATIS
2209 429 2780 490 VINDOCINENSIS.

3695 425 3810 482 176

2619 553 2959 612 EPISTOLA
2991 553 3302 610 XXXVIII.

2175 642 2461 715 Gai/ridus
2495 642 2916 698 Vindocinensis
2953 639 3294 695 monasterii
3311 653 3528 706 servus,
3560 635 3800 691 dilecto

2241 733 2420 857 {rogi
2442 733 2676 787 Andreae
2693 730 2863 801 (325),
2886 729 3091 785 salutis
3103 729 3323 784 monita
3339 725 3623 784 oblivioni
3663 739 3794 780 non

2273 821 2335 857 ra
2376 819 2488 857 ere.

2273 819 2371 858 νίκα
2376 819 2403 858 ϐ
2410 819 2468 858 re
2475 844 2488 856 .

2240 891 2321 946 De
2347 897 2399 946 te
2429 890 2586 946 nobis
2615 889 2846 945 relatum
2860 887 3000 944 scias
3021 886 3164 959 quod
3195 885 3509 958 generalem
3527 883 3800 940 refecto-

2169 978 2238 1034 rii
2267 995 2464 1050 panem
2492 987 2545 1034 et
2587 973 2776 1034 vinuzn'
2827 975 3103 1047 respuisti,
3156 983 3208 1032 et
3257 981 3314 1030 ut
3373 976 3475 1044 24
3491 975 3537 1042 2
3609 973 3798 1028 alium

2172 1085 2392 1140 panem,
2434 1068 2729 1138 vinumque
2786 1065 2934 1120 aliud
2984 1064 3083 1119 tibi
3137 1071 3426 1136 quaereret,
3483 1060 3796 1119 cellarario

2174 1156 2501 1230 praecepisti.
2535 1156 2592 1211 Si
2623 1171 2722 1228 per
2743 1153 3002 1210 invidiam
3033 1160 3085 1210 et
3105 1168 3214 1208 non
3243 1168 3304 1208 ex
3319 1151 3546 1207 veritate
3564 1149 3796 1206 dictum

2173 1254 2275 1314 est,
2307 1245 2580 1302 dicentem
2609 1259 2720 1300 non
2749 1242 2966 1299 dubites
2997 1257 3212 1314 pcenam
3237 1239 3540 1313 acquisisse
3555 1237 3700 1294 sibi.
3731 1236 3795 1292 Si

2171 1349 2305 1392 vero
2335 1349 2368 1389 a
2397 1342 2449 1390 te
2479 1341 2656 1390 actum
2679 1339 2779 1402 est,
2815 1331 3088 1403 sapienter
3109 1329 3326 1402 corrige
3357 1328 3504 1401 quod
3557 1325 3786 1382 fecisti.

2174 1423 2400 1496 Oportet
2429 1422 2572 1478 enim
2605 1430 2677 1486 te,
2711 1420 2894 1489 frater,
2929 1419 3009 1476 sic
3037 1419 3093 1474 in
3139 1417 3390 1476 omnibus
3448 1414 3790 1488 temperari,

2175 1529 2244 1568 ne
2273 1511 2426 1584 quasi
2456 1511 2632 1567 libera
2680 1517 2842 1565 utens
2897 1515 3166 1580 potestate
3222 1506 3520 1579 quidquam
3585 1503 3796 1566 facias,

2173 1597 2319 1652 unde
2347 1595 2542 1652 merito
2568 1593 2844 1659 fratribus,
2869 1607 3007 1666 quos
3036 1599 3141 1648 tuae
3170 1589 3442 1648 dilectioni
3486 1586 3794 1646 commisi-

2173 1701 2314 1753 mus,
2347 1685 2665 1742 scandalum
2694 1683 2874 1740 valeat
2907 1681 2993 1738 vel
3023 1696 3267 1736 murmur
3321 1677 3603 1754 generari.

2661 1796 3002 1855 EPISTOLA
3039 1796 3301 1852 XXXIX.

2187 1891 2475 1965 Cof/rillus
2497 1889 2919 1947 Vindocinensis
2933 1885 3269 1944 monasterii
3286 1884 3520 1941 humilis
3556 1897 3790 1948 servus,

2253 1982 2456 2037 dilecto
2475 1981 2536 2036 in
2559 1979 2776 2036 Christo
2796 1977 2914 2046 ﬁlio
2937 1975 3190 2043 Andreae,
3221 1977 3532 2047 prudenter
3555 1976 3618 2028 et
3643 1973 3792 2026 sim-

2247 2071 2480 2144 pliciter
2512 2070 2572 2124 in
2601 2067 2860 2124 omnibus
2891 2067 3244 2121 ministrare.

2254 2159 2410 2216 Circa
2443 2157 2656 2232 fratres,
2703 2172 2842 2228 quos
2871 2164 2974 2210 tuae
3022 2152 3150 2208 fidei
3192 2149 3586 2218 commisimus,
3623 2147 3706 2204 sic
3739 2156 3790 2203 te

2179 2249 2341 2306 decet
2371 2263 2492 2302 esse
2521 2245 2836 2311 sollicitum,
2870 2251 2924 2298 ut
2952 2242 3080 2297 dum
3112 2241 3323 2296 animas
3346 2256 3535 2296 eorum
3556 2237 3787 2294 salvere

2181 2337 2482 2404 desideras,
2521 2350 2704 2390 curam
2736 2347 3029 2404 corporum
3060 2329 3322 2386 exhibere
3352 2344 3460 2382 non
3501 2326 3785 2400 negligas.

2181 2429 2305 2484 Non
2335 2425 2480 2482 enim
2507 2425 2644 2479 bene
2675 2425 2730 2477 in
2758 2421 2978 2478 homine
3008 2421 3244 2476 animam
3273 2417 3465 2490 diligit,
3509 2415 3603 2488 qui
3649 2431 3783 2471 cor-

2184 2515 2303 2590 pori
2336 2515 2389 2570 in
2421 2529 2515 2568 sua
2545 2511 2867 2568 necessitate
2890 2509 3084 2581 refugit
3119 2506 3434 2564 subvenire.
3471 2506 3786 2572 Utrumque

2186 2606 2335 2660 Deus
2365 2601 2627 2667 condidit,
2662 2608 2712 2655 et
2752 2606 2809 2654 ut
2839 2606 3126 2669 utrumque
3156 2595 3447 2666 repararet,
3483 2597 3779 2663 utrumque

2185 2691 2672 2763 suscepit;carne
2729 2686 2949 2759 quidem
3009 2693 3256 2741 mortuus
3313 2690 3414 2748 est,
3475 2689 3530 2737 et
3583 2679 3784 2736 animae

2186 2783 2376 2848 vitam,
2411 2795 2569 2852 quam
2610 2785 2836 2849 peccato
2889 2791 2988 2830 suo
3046 2773 3377 2845 perdiderat,
3435 2771 3632 2826 iterum
3691 2768 3783 2824 de-

2189 2871 2291 2927 dit.
2330 2870 2457 2924 Non
2487 2884 2552 2923 ex
2583 2865 2764 2923 carnis
2791 2863 3158 2934 corruptione,
3207 2861 3343 2918 sicut
3398 2857 3618 2932 quidam
3677 2875 3780 2928 pu-

2191 2966 2304 3014 tant
2325 2957 2494 3029 (326),
2519 2955 2715 3010 animae
2730 2969 2879 3008 mors
2898 2951 3164 3024 processit
3185 2967 3200 3016 ;
3223 2964 3326 3006 nec
3344 2947 3594 3004 diabolus
3631 2945 3781 3018 prius

2191 3063 2411 3106 carnem
2443 3053 2690 3100 nostram
2719 3041 2905 3098 infecit
2933 3057 3096 3114 quam
3148 3039 3410 3094 animam.
3479 3034 3636 3092 Unde
3689 3033 3782 3104 qui

2192 3143 2342 3192 recte
2371 3133 2563 3196 credit,
2595 3129 2850 3201 intelligit
2879 3129 3023 3202 quod
3067 3124 3443 3197 corruptibilis
3496 3137 3628 3180 caro
3671 3136 3778 3176 non

2195 3225 2432 3281 animam
2459 3219 2837 3294 peccatricem,
2871 3219 2967 3274 sed
2997 3216 3179 3271 anima
3223 3213 3499 3286 peccatrix
3557 3225 3780 3268 carnem

487 3293 702 3384 Ροείιυε
734 3301 786 3384 ᾳ
815 3289 1228 3384 ίθωυδθιῖδίῖῃθ
1261 3289 1647 3384 feminam“?
1665 3289 1934 3384 Ῡίοιθξλίθτ
1961 3304 2090 3384 Ροδῖ
2119 3275 2168 3339 C
2635 3308 2788 3365 fecit.
2827 3275 2891 3361 In
2921 3307 3118 3379 quibus
3145 3275 3477 3359 fraternitati
3515 3308 3618 3356 tute
3671 3313 3780 3353 non

497 3391 584 3441 set
609 3381 951 3454 imprimere.
995 3379 1198 3445 Valete,
1231 3386 1285 3434 et
1349 3378 1440 3434 cui
1487 3378 1731 3446 servitis,
1791 3380 1860 3435 de
1917 3379 2092 3435 sancti

500 3471 797 3529 Clementis
821 3484 1019 3541 magna
1073 3467 1367 3524 clementia
1423 3465 1702 3536 conﬁdite,
1744 3467 1813 3525 de
1866 3467 2094 3526 victoria

494 3560 630 3619 nihil
659 3559 876 3634 penitus
902 3557 1240 3616 haesitantes.

849 3711 951 3779 21
969 3709 1010 3778 1
1059 3705 1398 3764 EPISTOLA
1438 3707 1723 3766 XXXVII.

505 3825 798 3902 (lo/fridus
834 3825 1256 3884 Vindocinensis
1271 3826 1612 3882 monasterii
1629 3825 1862 3884 humilis
1881 3845 2096 3898 servus,

571 3919 778 3985 dilecto
803 3915 982 3990 fratri
1011 3915 1327 3982 Hamelino,
1354 3915 1438 3971 sic
1464 3916 1700 3984 obedire,
1733 3920 1800 3973 ut
1839 3917 2101 3976 obedien-

578 4008 676 4064 ἤιε
689 4009 950 4078 fructum
979 4004 1156 4078 possit
1184 4004 1458 4076 recipere.

581 4129 883 4187 Inﬁrmitati
908 4137 1034 4196 tua},
1067 4145 1194 4202 qua,
1227 4136 1286 4184 ut
1331 4129 1623 4198 mandasti,
1682 4132 2103 4206 ingravescente

511 4220 582 4278 ad
609 4235 712 4275 nos
741 4217 928 4274 venire
957 4234 1066 4274 non
1095 4217 1336 4289 potuisti,
1371 4219 1467 4274 sed
1500 4218 1721 4276 domum
1750 4223 1934 4280 redire
1999 4241 2106 4298 po-

510 4304 680 4375 tuisti,
713 4315 914 4378 quanto
944 4323 1254 4379 possumus,
1289 4315 1340 4362 et
1371 4307 1638 4364 debemus
1683 4311 1862 4367 cordis
1911 4313 2107 4370 affectu

511 4395 892 4469 compatimur.
916 4395 1066 4450 Illam
1099 4403 1278 4452 tamen
1327 4395 1698 4454 infirmitatem
1755 4401 2110 4459 vehementer

513 4487 796 4553 miramur,
833 4501 960 4557 quae
989 4483 1080 4539 tibi
1111 4483 1497 4556 impedimento
1527 4486 1642 4557 fuit,
1673 4505 1744 4544 ne
1771 4491 1841 4546 ad
1864 4507 1964 4547 nos
2007 4509 2108 4550 ve-

515 4576 686 4645 nires,
721 4582 775 4630 et
803 4573 1190 4646 impedimento
1219 4589 1343 4630 esse
1371 4590 1479 4632 non
1513 4576 1706 4648 potuit,
1737 4594 1807 4634 ne
1863 4581 2098 4638 redires.

515 4666 674 4722 Certe
705 4663 749 4720 si
782 4679 888 4719 non
919 4662 1190 4735 potuisses
1219 4663 1425 4730 venire,
1459 4664 1594 4721 sicut
1635 4667 1857 4737 potuisti
1902 4671 2108 4742 redire,

512 4749 729 4806 mittere
775 4747 1064 4804 debuisses
1100 4765 1202 4820 per
1248 4764 1410 4820 quem
1439 4751 1874 4809 constitutionem
1909 4755 2010 4812 Dei
2057 4759 2114 4813 et

512 4847 758 4897 nostram
784 4837 1493 4909 complesses.Firmissime
1521 4840 1705 4906 crede,
1729 4849 1783 4898 et
1802 4842 2114 4901 nullatenus

517 4928 752 4994 dubites,
777 4925 853 4980 ﬁli
879 4926 933 4980 in
963 4926 1187 4982 Christo
1215 4925 1559 4994 charissima,
1612 4930 1757 5000 quod
1813 4935 2114 4990 monachus

519 5017 612 5090 qui
641 5016 824 5074 verbis
855 5015 1077 5088 quidem
1101 5015 1400 5072 monachus
1419 5016 1650 5087 videtur,
1679 5019 1775 5075 sed
1797 5036 1968 5092 opere
1991 5039 2117 5080 mo-

519 5107 730 5163 nachus
761 5121 884 5162 esse
915 5112 1167 5180 negatur.
1191 5105 1344 5162 Unde
1366 5105 1484 5176 ejus
1501 5107 1666 5162 verba
1689 5111 1916 5167 verbera
1937 5111 2118 5184 potius

521 5207 685 5263 quam
715 5191 948 5264 gratiam
981 5199 1386 5262 promerentur.
1428 5191 1579 5257 Vale,
1605 5201 1658 5248 et
1686 5193 1925 5252 formosa
1946 5199 2120 5254 verba

525 5279 851 5336 obedientite
867 5295 1203 5352 prosequere
1233 5279 1566 5336 obedientiae
1587 5281 1829 5341 formoso
1859 5302 2047 5359 opere.

599 5486 750 5567 (32b)
780 5485 1074 5567 Hamelino
1085 5486 1289 5558 priori.
1307 5487 1684 5567 Credonensi.
1743 5494 1996 5554 Urbanus
2055 5502 2103 5558 II

531 5547 782 5640 Coti‘rido
812 5571 824 5610 :
859 5547 1109 5640 Ecclesia
1127 5558 1470 5640 pqroghialis
1491 5561 1544 5640 ξ.
1567 5547 2123 5640 ςιεφηαὶιὶῖἕᾶἴονῖὶ

534 5627 1348 5716 ιξφξθ,ξφῃίίρςνειερᾴριεεὶέε,
1362 5648 1485 5716 qua:
1496 5635 1653 5716 inf-ra
1662 5640 1946 5716 terminos
1967 5627 2124 5716 ejus-

536 5697 662 5778 dem
688 5698 972 5778 parochias
999 5697 1531 5778 continenturISed
1557 5697 1625 5760 de
1649 5707 1922 5778 Credonis
1941 5697 2088 5772 eis];

536 5734 662 5752 worn
688 5734 782 5778 Fu:
796 5734 969 5753 ννιιιω
999 5734 1225 5754 puerone!)
1237 5734 1360 5780 7.00“!
1385 5743 1398 5756 ο
1424 5734 1531 5758 DCU
1557 5734 1625 5760 uc
1657 5734 1922 5767 υιέυυυιδ
1941 5734 2124 5776 Casu‘o

536 5773 614 5892 ξδ’
621 5783 742 5891 (111:3
766 5783 836 5906 2:)
837 5783 918 5891 i2?
945 5775 1038 5895 eget7
1052 5768 1286 5824 ecclesm
1304 5772 1364 5828 S.
1397 5772 1712 5845 Clementis,
1746 5781 1910 5852 epist.
1954 5787 2038 5856 44,
2073 5797 2126 5847 et

625 5877 640 5892 ο
723 5879 734 5902 ,
919 5878 932 5892 ο
1051 5878 1064 5890 ο

608 5908 758 5982 (325)
788 5907 1043 5968 Andreae.
1070 5907 1264 5978 Priori,
1293 5917 1351 5966 ut
1375 5917 1528 5983 patet
1555 5928 1628 5971 ex
1657 5919 1889 5991 epistola
1917 5926 2004 5998 to,
2025 5931 2126 5988 sed

2193 3403 2444 3467 dicimus,
2477 3407 2536 3455 ut
2563 3415 2627 3454 ea
2675 3397 2864 3463 facias,
2923 3393 3014 3452 vel
3071 3391 3380 3451 consentias
3431 3391 3590 3459 213
3657 3402 3778 3459 quas

2193 3491 2499 3549 inordinate
2529 3486 2868 3558 concupiscit
2896 3484 3168 3556 voluptas,
3201 3482 3298 3538 sed
3328 3495 3450 3553 quae
3470 3479 3619 3548 juste
3663 3473 3781 3532 ﬁeri

2195 3580 2345 3655 cogit
2370 3577 2698 3636 necessitas.
2738 3574 2900 3632 Vale.

2746 3687 3107 3748 EPISTOLA
3147 3687 3260 3742 XL.

2203 3785 2493 3860 Goffridus
2526 3780 2948 3842 Vindoeinensis
2969 3777 3302 3836 monasterii
3323 3772 3554 3830 humilis
3569 3786 3775 3836 servus,

2271 3873 2586 3934 venerabili
2610 3873 2797 3939 fratri
2823 3886 2926 3927 suo
2956 3867 3219 3924 Andreae.
3261 3887 3282 3912 α
3309 3864 3428 3920 Non
3450 3861 3576 3918 veni
3589 3862 3779 3932 facere

2273 3967 2626 4024 voluntatem
2653 3977 2860 4025 meam,
2891 3957 2986 4014 sed
3007 3957 3128 4028 ejus
3157 3954 3254 4029 qui
3275 3953 3430 4008 misit
3459 3965 3548 4007 me
3575 3951 3774 4019 (Joan.,

2273 4071 2346 4122 v1,
2379 4053 2490 4124 38),
2517 4071 2540 4103 ι
2574 4050 2909 4107 memoriter
2936 4047 3212 4104 retinere.

2277 4156 2360 4213 Ad
2391 4163 2462 4224 te,
2500 4151 2874 4216 dilectissime,
2905 4147 3163 4205 dilectum
3187 4144 3356 4200 filium
3383 4149 3623 4199 nostrum
3644 4139 3776 4194 Her-

2204 4247 2418 4303 bertum
2449 4241 2719 4309 misimus,
2751 4255 2919 4313 quem
2949 4239 3006 4293 in
3050 4236 3212 4293 rebus
3270 4231 3455 4290 saeculi
3506 4229 3776 4302 providum

2207 4351 2331 4392 esse
2358 4331 2766 4406 cognoscimus,
2797 4337 2849 4384 et
2879 4335 2937 4383 ut
2965 4341 3033 4382 ea
3059 4341 3183 4398 quae
3213 4322 3348 4380 foris
3377 4319 3588 4392 agenda
3641 4324 3774 4382 sunt,

2210 4403 2486 4496 sapienter
2514 4428 2568 4477 et
2591 4429 2684 4475 tuo
2714 4417 2945 4475 consilio
2977 4423 3126 4488 agat,
3159 4410 3522 4485 praecipimus,
3553 4407 3658 4461 hoc
3685 4403 3779 4459 sibi

2211 4493 2520 4586 specialiter
2547 4510 2912 4580 injungentes,
2947 4511 3225 4578 quatenus
3258 4509 3310 4556 te
3338 4506 3449 4555 toto
3478 4495 3637 4553 corde
3663 4493 3781 4548 dili-

2135 4629 2188 4689 Π
2219 4583 2332 4675 gat,
2365 4609 2421 4658 et
2449 4599 2547 4656 tibi
2565 4607 2824 4670 tanquam
2842 4593 3015 4667 priori
3037 4608 3138 4648 suo
3157 4590 3448 4662 diligenter
3463 4583 3694 4689 obediat.
3708 4583 3781 4681 Tn

2219 4669 2349 4749 vero
2379 4697 2432 4746 te
2464 4688 2625 4745 talem
2657 4669 2804 4743 circa
2834 4684 3010 4756 ipsum
3039 4691 3094 4738 et
3122 4687 3347 4738 cateros
3395 4685 3499 4731 tum
3527 4669 3780 4729 dilectioni

2219 4779 2546 4837 commissos
2591 4775 2789 4831 fratres
2818 4787 2952 4830 cura
2979 4761 3240 4844 pastorali
3284 4764 3496 4830 exhibe,
3549 4776 3614 4817 ne
3669 4757 3780 4832 quid

2219 4868 2400 4924 minus
2430 4863 2782 4939 perfectionis
2812 4862 2867 4918 in
2897 4861 2976 4917 eis
3007 4859 3198 4914 Pastor
3214 4863 3444 4914 aeternus
3465 4851 3633 4906 valeat
3659 4849 3783 4904 inve-

2221 4959 2360 5014 nire.
2395 4955 2554 5026 Quod
2585 4954 2631 5010 si
2661 4953 2808 5011 circa
2834 4950 3048 5008 animas
3078 4955 3184 5004 tuae
3212 4945 3338 5002 ﬁdei
3365 4940 3608 5004 creditas,
3648 4939 3783 5008 juxta

2222 5025 2646 5103 admonitionem
2696 5049 2960 5106 nostram,
3023 5045 3076 5094 te
3131 5033 3424 5094 sollicitum
3480 5025 3780 5092 exhibueris,

2223 5133 2533 5190 firmissime
2562 5132 2748 5197 crede,
2781 5138 2836 5187 et
2864 5127 3172 5185 nullatenus
3201 5122 3436 5188 dubites,
3467 5115 3699 5190 quoniam
3720 5113 3782 5169 de

2226 5223 2423 5280 minori
2453 5219 2750 5278 substantia
2783 5219 2977 5275 merito
3006 5213 3224 5274 causari
3251 5227 3360 5268 non
3387 5205 3606 5280 poteris.
3655 5204 3778 5259 Deus

2227 5312 2370 5372 enim
2401 5327 2502 5385 per
2531 5327 2618 5366 me
2645 5309 2933 5382 indignum
2955 5303 3223 5364 famulum
3253 5314 3412 5358 suum
3432 5304 3572 5352 tuam
3589 5291 3776 5366 supple-

2229 5515 2382 5586 cujus
2411 5513 2518 5572 loci
2548 5513 2699 5586 prior
2727 5511 2888 5586 fuerit
2917 5527 3027 5566 non
3057 5503 3362 5586 significat._
3449 5577 3461 5586 _
3560 5569 3572 5585 ο

2301 5567 2458 5656 βΞῶ
2474 5567 2603 5643 lVorn
2617 5567 2690 5643 iis
2721 5567 2920 5656 carnis
2935 5567 3690 5656 corruptignesicutquidam
3697 5581 3782 5656 pa.

2231 5642 2392 5731 tanti.
2419 5642 2496 5712 Et
2527 5642 2854 5731 Augustino.
2889 5654 2990 5731 lib.
3029 5642 3150 5708 xxv.
3179 5650 3262 5705 De
3293 5642 3516 5731 Civitati:
3543 5642 3651 5731 Dei,
3675 5654 3780 5731 cap:

2232 5733 2263 5784 3
2297 5745 2312 5786 :
2349 5715 2928 5801 Corruptizgcorporis
2957 5740 3081 5797 qua
3109 5715 3642 5801 aggravataniman,
3683 5724 3780 5801 non

2228 5801 2464 5873 peccati
2482 5789 2664 5873 primi
2690 5789 2784 5855 est'
2803 5789 2994 5863 causa,
3011 5789 3124 5873 sed
3146 5789 3357 5873 'p'azna';
3385 5802 3487 5872 nec
3513 5799 3632 5842 caro
3672 5797 3779 5836 cor-

2231 5859 2522 5956 ruptibilis
2548 5871 2806 5926 animam
2823 5859 3218 5956 pecea'tﬁem,
3244 5860 3360 5956 sed-
3371 5859 3564 5916 anima
3606 5868 3778 5929 pecca-

2234 5937 2360 5999 trix
2383 5943 2524 6015 fecit
2547 5957 2664 6001 esse
2691 5937 3116 6016 corruptibilem
3134 5947 3394 5995 carnem.
