3910 6444
173 442 285 497 1⁸77

1370 436 1748 494 ΕριετοιίΕ.
1793 466 1864 477 -
1889 437 2034 493 'LIB.
2082 437 2179 493 IV.

3390 439 3491 494 178

174 566 256 620 bit
272 565 535 638 inopiam,
558 574 611 624 et
629 581 731 639 pro
786 580 961 639 grege
1016 563 1157 619 bene
1199 569 1417 620 servato
1471 560 1784 618 mercedem
1811 560 1866 622 A
1892 562 2021 632 gula
2076 578 2186 618 non
2242 569 2325 618 est
2378 568 2715 635 praeceptum
2770 559 3059 618 monachis
3108 559 3359 630 inﬁrmis,
3391 562 3490 619 sed

172 657 245 711 ab
272 656 397 727 ipso
426 656 662 728 recipies
689 656 1101 727 sempiternam.

613 765 658 830 2
677 764 782 832 14
812 758 1156 817 EPISTOLA
1185 759 1332 814 XLI.

179 870 464 943 Coffridus
497 869 914 926 Vindocinensis
934 867 1272 925 monasterii
1304 865 1539 922 humilis
1565 880 1780 930 servus,

256 958 586 1023 Guillelmo,
607 964 661 1015 et
682 960 813 1014 aliis
835 958 1109 1029 fratribus
1130 956 1279 1029 apud
1306 955 1614 1011 Castellum
1631 951 1782 1025 (327)

251 1048 639 1113 manentibus,
659 1048 926 1103 salutem.

253 1137 445 1191 Frater
473 1135 783 1202 Guillelme,
842 1134 1081 1189 diximus
1139 1132 1235 1186 tibi
1289 1136 1346 1187 ut
1378 1132 1446 1186 ad
1493 1146 1594 1186 nos
1620 1146 1782 1203 quam

180 1224 342 1280 cilius
373 1240 566 1294 posses
595 1224 832 1289 venires,
866 1232 919 1279 et
948 1222 1281 1278 Bernardum
1306 1230 1486 1277 tecum
1534 1220 1781 1275 adduce-

179 1330 298 1369 res.
330 1314 407 1367 Tu
439 1320 617 1368 autem
650 1330 772 1384 quae
803 1312 898 1366 tibi
930 1312 1165 1365 diximus
1195 1326 1303 1365 non
1335 1309 1533 1372 fecisti,
1571 1308 1668 1364 sed
1690 1308 1781 1363 lit-

178 1399 347 1470 teras,
374 1401 565 1472 quales
588 1401 683 1455 tibi
732 1400 955 1471 placuit,
994 1399 1154 1455 nobis
1195 1398 1413 1464 misisti,
1470 1397 1523 1451 in
1584 1397 1783 1469 quibus

180 1491 540 1556 Bernardum,
572 1505 680 1545 non
712 1504 875 1561 posse
906 1488 1093 1544 venire
1151 1486 1493 1559 significasti.
1552 1486 1645 1539 Ad
1666 1486 1783 1542 haec

181 1578 277 1633 tibi
308 1579 706 1650 respondemus
733 1578 882 1650 quia,
918 1577 963 1633 si
990 1577 1179 1632 venire
1204 1592 1315 1631 non
1346 1581 1546 1646 potest,
1579 1572 1783 1628 deferri

178 1674 385 1737 potest.
428 1667 780 1738 Praecipimus
828 1666 995 1738 igitur
1052 1665 1147 1719 tibi
1203 1664 1529 1721 auctoritate
1580 1670 1784 1717 sanctae

179 1756 424 1827 Regulae,
460 1764 518 1810 ut
544 1755 686 1810 infra
716 1762 952 1827 quatuor
1005 1755 1145 1820 dies,
1177 1753 1309 1809 visis
1341 1752 1423 1807 bis
1461 1751 1679 1817 litteris,
1712 1750 1781 1804 ad

177 1860 283 1900 nos
303 1844 509 1910 venias,
543 1852 597 1900 et
624 1845 985 1910 Bernardum,
1046 1843 1092 1898 si
1149 1842 1391 1913 equitare
1440 1855 1549 1896 non
1580 1846 1775 1911 potest,

177 1932 362 1988 afferri
400 1932 593 1988 facias.
634 1933 689 1987 Si
718 1948 848 1989 vero
876 1932 1031 1986 aliter
1084 1931 1302 1998 feceris,
1336 1937 1389 1986 et
1416 1935 1470 1986 te
1502 1936 1783 2001 perpetuae
1805 1918 1859 1977 Β

176 2021 417 2077 infamia:
447 2030 575 2076 nota
604 2020 953 2087 damnamus,
1008 2024 1067 2075 et
1124 2019 1455 2075 Bernardum
1476 2018 1531 2072 in
1558 2033 1782 2073 excom-

180 2110 525 2166 municamus
554 2118 612 2164 ut
641 2125 748 2166 nec
808 2108 1248 2165 communionem
1301 2106 1566 2179 percipiat
1601 2105 1780 2172 vivus,

182 2214 292 2255 nec
319 2199 646 2270 sepulturam
678 2197 999 2254 defunctus.

713 2294 1064 2351 EPISTOLA
1091 2295 1260 2349 XLII.

186 2400 483 2474 Goffridus
515 2401 942 2459 Vindocinensis
956 2401 1294 2458 monasterii
1310 2416 1522 2466 servus,
1544 2399 1783 2457 Cuillel-

253 2508 344 2548 mo
360 2493 542 2564 priori
571 2493 636 2547 de
661 2491 899 2547 Castello
914 2496 971 2547 et
987 2490 1267 2562 fratribus
1288 2489 1383 2562 qui
1397 2506 1527 2544 cum
1544 2504 1604 2544 eo
1620 2491 1780 2553 sunt,

255 2582 543 2639 observare
555 2582 831 2651 regulam,
850 2584 905 2636 et
918 2581 1067 2652 gula:
1085 2580 1453 2634 irritamenta
1472 2577 1780 2632 declinare.

255 2670 505 2726 Pervenit
532 2669 599 2725 ad
631 2685 794 2725 aures
824 2677 1037 2724 nostras
1068 2668 1137 2723 de
1193 2667 1351 2725 vobis
1379 2666 1685 2737 irreligiosa
1732 2672 1786 2720 et

181 2757 490 2815 inordinata
511 2775 741 2830 prorsus
782 2757 991 2828 opinio.
1031 2758 1247 2813 Dictum
1294 2764 1377 2813 est
1431 2755 1575 2811 enim
1641 2754 1786 2827 quod

181 2857 372 2905 contra
402 2847 688 2919 Regulam,
721 2862 884 2919 quam
906 2862 1091 2903 coram
1118 2848 1234 2901 Deo
1252 2852 1305 2901 et
1321 2844 1526 2901 sanctis
1548 2845 1665 2913 ejus
1688 2857 1786 2899 vos

181 2938 571 2993 observaturos
601 2935 948 3008 promisistis,
984 2951 1178 2991 carnes
1235 2933 1550 2990 solemniter
1606 2940 1659 2987 et
1687 2948 1784 3005 ge-

183 3026 445 3083 neraliter
469 3028 618 3095 215
679 3023 1046 3081 manducetis.
1110 3023 1267 3081 Unde
1312 3023 1359 3078 si
1413 3023 1489 3078 ita
1540 3029 1641 3091 est,
1675 3021 1785 3077 imo

184 3114 448 3187 quoniam
476 3115 550 3169 ita
578 3129 703 3171 esse
750 3114 1047 3180 credimus,
1097 3121 1299 3169 vestras
1354 3110 1785 3183 intemperantia:

181 3205 536 3260 vehementer
563 3202 939 3268 condolemus,
971 3210 1026 3258 et
1055 3217 1124 3257 ne
1150 3200 1373 3257 ulterius
1402 3199 1515 3267 ﬁat,
1551 3198 1782 3273 Regulae

182 3292 341 3349 vobis
366 3292 693 3347 auctoritate
723 3291 1099 3363 prohibemus.
1140 3289 1331 3346 Carnis
1362 3271 1783 3358 comestio,vsic-
1813 3271 1864 3337 C

183 3387 244 3435 ut
297 3379 579 3436 monachis
639 3395 740 3451 pro
796 3380 1046 3451 corporis
1076 3375 1389 3433 infirmitate
1445 3376 1778 3441 conceditur,

183 3470 260 3524 ita
288 3469 367 3524 eis
414 3468 469 3524 in
499 3469 676 3525 carnis
729 3468 1005 3540 voluptate
1051 3476 1304 3541 negatur,
1360 3464 1562 3521 inﬁrmi
1619 3467 1783 3521 etiam

182 3558 287 3612 sia
343 3573 505 3614 carne
562 3557 776 3629 penitus
831 3558 1185 3624 abstinerent,
1242 3572 1353 3611 non
1408 3562 1626 3627 prapter
1680 3556 1784 3611 hoc

180 3647 457 3719 Regulam
480 3645 763 3703 violarent.
814 3646 1082 3703 Carnibus
1137 3661 1374 3717 namque
1416 3643 1568 3700 vesci
1594 3644 1649 3698 in
1676 3643 1783 3699 Re-

252 3762 398 3841 (327)
426 3761 960 3841 Cuillelmdet-aliis
980 3761 1129 3841 apud
1156 3757 1683 3841 Castellumfriori
1728 3765 1783 3814 et

180 3829 489 3888 menachis.
526 3831 748 3886 Honorii
781 3833 828 3885 li
874 3842 928 3886 et
957 3829 1186 3886 aliorum
1210 3830 1424 3897 litterae,
1456 3829 1654 3899 plurali
1674 3845 1780 3883 nu-

181 3920 337 3960 mero
367 3903 669 3968 enuntiant,
700 3903 1006 3958 Ecclesium
1053 3904 1118 3957 Β.
1174 3903 1364 3957 Maria:
1412 3902 1479 3956 de
1497 3901 1775 3966 Casteltis,

183 3992 297 4048 quo
319 3975 482 4048 modo
513 3990 658 4029 nunc
685 3974 842 4029 etiam
877 3973 1041 4048 vulgo
1092 3973 1329 4048 vocitapt
1357 3972 1777 4048 Andegayorum

182 4041 360 4103 vicum
390 4047 443 4099 in
476 4054 719 4099 extrema
741 4060 929 4100 eorum
974 4041 1210 4099 'dimcesi
1260 4041 1541 4097 Turonum
1578 4041 1778 4096 finibus

182 4117 600 4174 conterminum.
623 4115 729 4185 Qui
758 4117 930 4186 igitur
958 4115 1206 4171 Goﬂ'rido
1262 4115 1413 4186 prior
1432 4115 1500 4168 de
1538 4112 1775 4168 Castello

181 4189 396 4256 dicitur,
420 4187 539 4241 aliis
569 4190 718 4257 prior
749 4185 805 4242 BZ
841 4187 1028 4243 Mariae
1050 4188 1116 4241 de
1147 4185 1398 4242 Castellis
1445 4186 1738 4240 diceretur.

257 4260 399 4327 (328)
426 4260 690 4315 Bernerio
724 4259 901 4328 priori
942 4257 1661 4328 Credonensi.Notissimum
1693 4262 1778 4310 est

186 4330 468 4395 Credonis,
500 4330 614 4384 sive
642 4338 697 4384 ut
726 4327 969 4385 Gallicus
1025 4345 1144 4384 mos
1173 4328 1383 4383 inflexit
1425 4327 1651 4383 Craonis
1678 4341 1775 4381 ca—

186 4410 356 4456 strum
387 4401 441 4455 in
498 4400 756 4456 inferlore
811 4400 1243 4472 Andegavorumr
1284 4415 1427 4472 pago
1487 4397 1775 4472 armoricis

184 4472 488 4527 finitimum.
523 4472 659 4528 Huic
685 4472 988 4542 proximam
1037 4469 1338 4527 Ecclesiam
1361 4469 1449 4542 'S.
1481 4469 1774 4542 Clementis

184 4543 402 4598 nomine
432 4540 706 4613 insignem
736 4543 1014 4597 Suhardus
1069 4542 1334 4598 Credonis
1360 4541 1489 4596 olim
1512 4540 1774 4613 dominus

184 4613 444 4695 S.Albini
476 4612 809 4695 monasterio
865 4613 1023 4695 stantis
1078 4614 1293 4695 legibus
1341 4627 1462 4669 cum
1492 4612 1762 4695 donasset,

180 4683 542 4757 postmodum
599 4683 871 4757 Guarinus
930 4683 1161 4739 Suhardi
1214 4684 1376 4757 filius,
1426 4683 1580 4757 quod
1609 4692 1771 4757 pacta

181 4752 286 4811 non
320 4754 650 4825 explessent,
681 4755 735 4807 in
784 4756 873 4822 jus
904 4771 1059 4808 suum
1115 4754 1408 4823 revocavit,
1436 4752 1487 4809 et
1534 4752 1770 4825 clericos

181 4842 284 4897 pro
314 4824 663 4881 menaehisin
691 4841 754 4880 ea
775 4826 1071 4881 constituit.
1102 4826 1312 4897 Deinde
1334 4840 1467 4897 vero
1488 4824 1767 4881 Goffridus

182 4896 458 4952 Martellus
511 4910 698 4951 eomes
753 4897 1087 4952 Credonensi
1142 4896 1381 4951 dominio
1420 4896 1472 4950 in
1544 4911 1764 4950 manum

181 4984 339 5024 suam
368 4984 433 5023 ac
462 4967 652 5022 iiscum
707 4975 950 5037 recepto,
1012 4968 1067 5023 S.
1119 4967 1414 5022 Clementis
1470 4967 1766 5022 ecclesiam

180 5038 567 5095 Vindocinensi
596 5040 867 5105 coenobio,
901 5037 1048 5106 quod
1103 5054 1294 5093 recens
1351 5037 1627 5101 fundarat,
1660 5038 1764 5092 ad-

181 5111 333 5175 dixit,
391 5110 707 5181 priusquam
767 5109 1133 5181 Credonense
1163 5107 1481 5181 dominium
1522 5109 1765 5181 Roberto

179 5178 939 5250 Burgundioni—concederet,
997 5180 1143 5250 quod
1197 5180 1433 5250 ipsemet
1469 5178 1522 5232 in
1577 5180 1764 5233 Tahu-

180 5252 248 5307 lis
277 5249 608 5307 ﬁludationis
663 5249 1077 5307 Vindocinensis
1133 5259 1359 5305 testatur
1386 5249 1469 5303 his
1524 5250 1759 5304 verbis:

178 5324 242 5378 In
284 5324 613 5396 episcopatu
666 5323 820 5378 Ande
855 5324 1049 5377 avensi
1095 5322 1389 5377 ecclesiam
1411 5323 1465 5376 S.
1502 5322 1763 5376 Clemen-

182 5395 253 5448 tis
267 5393 413 5448 anud
429 5399 681 5448 castrum
700 5341 1048 5448 Credimensc
1062 5409 1193 5447 cum
1215 5393 1471 5447 omnibus
1494 5393 1564 5446 ad
1580 5393 1763 5448 ipsam

182 5395 253 5450 tis
267 5393 413 5463 apud
429 5393 681 5450 castrum
700 5393 1048 5449 Credonensc
1062 5409 1193 5447 cum
1215 5393 1471 5447 omnibus
1494 5393 1564 5446 ad
1580 5393 1764 5464 ipsam

174 5466 613 5537 pertinentibus,
637 5481 802 5537 quam
828 5465 1051 5536 quidem
1084 5476 1402 5537 exceptam,
1434 5464 1583 5518 sicut
1605 5465 1764 5537 prius

178 5534 424 5593 B.Petro
446 5534 737 5602 donatam,
768 5534 1285 5601 relinuimus,cu’m
1304 5536 1574 5592 honcrem
1634 5534 1766 5589 Cre-

177 5608 478 5664 donensem
515 5608 746 5665 Robcrto
799 5607 1184 5678 Burgundioni
1238 5606 1393 5676 ﬁdeli
1429 5609 1623 5678 nostra
1673 5604 1769 5660 do-

178 5680 455 5736 navimus.
515 5678 649 5734 Inde
692 5687 809 5734 orta
852 5676 1240 5733 monachorum
1300 5678 1357 5732 S.
1415 5676 1600 5731 Albini
1643 5692 1769 5731 cum

180 5749 669 5807 Vindocinensibus
715 5750 785 5806 de
831 5750 1067 5806 ecclesia
1148 5749 1488 5806 Credonensi
1554 5748 1648 5803 diu
1704 5762 1771 5802 ac

180 5837 319 5894 saepe
339 5821 575 5894 agitata__
593 5821 915 5894 cententio.‘
932 5820 1169 5894 Primum,
1206 5821 1349 5894 apud
1377 5820 1664 5894 Nicolaum
1690 5820 1769 5894 _II,

181 5890 269 5966 qui
312 5890 432 5951 eain
517 5892 1007 5950 Vindocinensibus
1079 5890 1435 5966 adjudicavit,
1520 5900 1579 5948 ut
1649 5890 1772 5963 ejus

1889 652 2236 723 permissum.
2261 652 2369 707 Sed
2394 652 2516 723 quia
2572 667 2871 723 paucorum
2914 652 3001 707 vel
3024 650 3297 707 nullorum
3327 652 3489 707 istam

1889 740 2148 797 virtutem
2179 758 2302 797 esse
2331 742 2735 813 cognoscimus,
2768 750 2825 797 ut
2849 741 3103 798 videlicet
3131 757 3163 795 a
3185 757 3351 797 carne
3372 757 3488 798 om-

1890 827 2018 883 nino
2039 830 2361 894 abstineant,
2424 847 2547 887 cum
2599 830 2758 886 alicui
2814 846 3038 887 carnem
3093 829 3488 886 comedendum

1889 918 2199 983 tribuimus,
2236 918 2570 975 rationabilis
2627 929 2708 975 est
2737 918 3134 976 consideranda
3164 918 3485 984 necessitas,

1888 1022 1998 1063 non
2019 1023 2185 1064 carne
2214 1009 2397 1065 carnis
2427 1008 2719 1063 nutrienda
2749 1008 3039 1079 cupiditas.

2407 1114 2747 1170 EPISTOLA
2776 1115 2981 1171 XLIII.

1892 1223 2178 1293 Goffridus
2206 1223 2638 1279 Vindocinensis
2661 1224 2992 1279 monasterii
3014 1223 3251 1280 humilis
3272 1238 3485 1293 seruus,

1960 1312 2165 1367 dilecto
2190 1314 2251 1367 in
2277 1313 2499 1369 Christo
2520 1312 2638 1380 ﬁlio
2661 1310 2983 1377 Guillelmo,
3002 1316 3057 1367 et
3073 1312 3488 1383 [retribuscum

1959 1417 2020 1458 eo
2036 1402 2188 1473 apud
2209 1400 2517 1457 Castellum
2534 1402 2922 1467 manentibus,
2939 1401 3158 1457 obedire
3175 1403 3284 1456 Deo
3301 1402 3487 1473 magis

1960 1506 2125 1560 quam
2147 1491 2492 1546 hominibus.

1958 1579 2255 1634 Nuntiatun
2287 1587 2371 1635 est
2402 1580 2564 1636 nobis
2596 1580 2723 1652 quia
2755 1587 2958 1636 tantam
3018 1577 3361 1639 saecularium
3388 1579 3488 1636 ho-

1890 1666 2115 1734 minum,
2179 1675 2232 1723 et
2275 1668 2419 1740 quod
2468 1668 2827 1740 periculosius
2872 1675 2974 1735 est,
3027 1667 3314 1723 mulierum
3370 1667 3488 1725 fre-

1889 1756 2161 1828 quentiam
2195 1758 2477 1813 vobiscum
2501 1774 2626 1813 esse
2654 1756 2899 1828 patimini
2928 1756 3077 1829 quod
3106 1755 3193 1812 vix
3219 1764 3312 1811 ant
3341 1772 3485 1811 nun-

1890 1860 2052 1916 quam
2084 1862 2204 1917 quae
2233 1846 2332 1901 Dei
2358 1852 2485 1900 sunt
2522 1846 2671 1918 loqui
2702 1845 2927 1917 potestis
2972 1845 3058 1902 vel
3087 1844 3356 1901 meditari.
3417 1847 3487 1902 Et

1889 1933 1980 1987 ubi
2010 1933 2310 1990 inordinate
2363 1935 2639 1991 saecularis
2670 1943 2753 1990 est
2796 1934 3107 1994 assiduitas.
3140 1933 3233 1989 diu
3286 1933 3483 1993 deesse

1890 2038 1997 2078 non
2029 2024 2272 2079 creditur
2293 2024 2518 2097 grandis
2572 2023 2847 2096 iniquitas,
2900 2023 3134 2080 maxime
3182 2023 3396 2090 inloco,
3428 2024 3485 2078 in

1892 2136 2000 2192 quo
2030 2136 2193 2176 sexus
2211 2119 2480 2177 femineus
2520 2121 2759 2177 habitare
2814 2120 3163 2192 permittitur,
3196 2136 3294 2191 per
3323 2137 3484 2191 quem

1893 2209 2055 2265 etiam
2078 2210 2352 2283 religiosae
2377 2226 2627 2281 personae
2677 2217 2945 2282 suspectae
2977 2209 3264 2265 habentur.
3310 2210 3486 2265 Sexus

1894 2306 2071 2354 tamen
2100 2300 2211 2370 ille,
2245 2300 2336 2355 ubi
2368 2298 2562 2365 bonus,
2593 2298 2774 2355 nullus
2795 2298 3009 2366 melior,
3030 2298 3127 2354 sed
3158 2298 3254 2353 ubi
3283 2299 3480 2366 malus,

1891 2388 2071 2443 nullus
2098 2396 2179 2443 est
2223 2389 2394 2460 pejor.
2428 2389 2727 2444 Bonitatem
2757 2395 3012 2453 vestram,
3049 2388 3201 2457 216
3234 2388 3484 2444 dilectis-

1893 2476 2016 2531 simi
2072 2476 2293 2543 fratres,
2354 2476 2716 2547 praesentibus
2770 2476 2964 2531 litteris
3023 2476 3400 2539 admonemus,
3433 2483 3488 2531 et

1892 2566 2236 2622 admonendo
2266 2581 2547 2639 rogamus,
2578 2573 2636 2620 ut
2666 2565 2713 2620 si
2754 2565 2884 2638 quid
2930 2564 3108 2620 minus
3158 2572 3313 2622 caute
3343 2579 3490 2622 nunc

1893 2671 2066 2728 usque
2100 2654 2314 2728 egistis,
2363 2654 2678 2710 nullomodo
2744 2654 3022 2727 corrigere
3077 2651 3357 2722 diﬂ'eratis,
3418 2669 3489 2710 ne

1896 2745 2030 2801 forte
2060 2744 2240 2801 ordini
2269 2751 2469 2810 vestro,
2491 2742 2639 2815 quod
2668 2741 2838 2797 absitl
2873 2741 3165 2814 acquiratis
3185 2741 3486 2809 infamiam,

1893 2842 1947 2891 et
1972 2834 2070 2901 sic,
2097 2833 2303 2903 justitia
2321 2833 2582 2899 dictante,
2616 2848 2716 2888 nos
2737 2840 2937 2888 contra
2965 2847 3062 2888 vos
3090 2830 3400 2903 provocetis
3419 2831 3490 2886 ad

1891 2923 2246 2980 iracundiam.
2280 2921 2487 2992 Valete,
2529 2929 2599 2978 et
2654 2937 2773 2993 quae
2830 2921 3146 2977 mandamus
3201 2920 3492 2995 diligenter

1892 3014 2184 3071 observate
2198 3054 2210 3067 .

2403 3099 2759 3156 EPISTOLA
2784 3099 2982 3154 XLIV.

1897 3209 2156 3282 Gofridus
2192 3205 2613 3265 Vindocinensis
2652 3205 2988 3263 monasterii
3025 3206 3293 3261 minister
3331 3205 3492 3261 indi-

1962 3315 2129 3372 gnus,
2171 3297 2372 3352 dilecto
2419 3296 2483 3350 in
2528 3295 2746 3352 Christo
2782 3295 2962 3366 fratri
2998 3294 3264 3350 Bernerio
3310 3294 3492 3367 priori

1968 3386 2305 3443 Credonensi
2325 3384 2495 3454 (3'28),
2512 3387 2688 3440 Deum
2710 3384 2944 3455 diligere
2965 3387 3021 3439 et
3044 3398 3174 3440 cum
3190 3382 3491 3440 dilectione

1964 3478 2184 3532 timere.

1965 3566 2085 3622 Sum
2113 3562 2472 3636 professionis
2528 3561 2693 3619 fidem
2744 3578 2853 3619 non
2911 3561 3051 3617 bene
3108 3559 3365 3627 custodit,
3399 3561 3492 3633 qui

1898 3655 1960 3711 B.
1992 3653 2272 3710 Benedicti
2297 3652 2543 3726 Regulae,
2604 3667 2765 3725 quam
2797 3667 2857 3706 se
2888 3650 2947 3721 [f.
2979 3666 3012 3705 a
3039 3650 3119 3720 se]
3169 3665 3347 3707 coram
3368 3651 3488 3708 Deo

1890 3778 1992 3818 nos
2006 3761 2197 3818 littera:
2224 3761 2422 3817 docent
2452 3760 2521 3814 ad
2551 3758 2846 3815 Odericum
2876 3758 3127 3813 abbatem
3154 3774 3166 3811 :
3200 3758 3359 3830 Apud
3387 3759 3489 3830 Ca-

1888 3838 2096 3899 strum,
2111 3832 2305 3904 inquit,
2324 3831 2671 3904 Credonense
2690 3830 3033 3904 parochialis
3046 3829 3283 3904 ecclesia
3299 3829 3355 3904 S_.
3374 3829 3493 3884 Cle-

1888 3907 2118 3968 mentis,
2142 3900 2209 3960 de
2228 3920 2337 3976 qua
2352 3904 2506 3976 inter
2530 3900 2956 3976 Vindocinenses
2990 3902 3121 3976 et_B.
3143 3900 3331 3976 Albini
3349 3915 3485 3976 _mo-j

1888 3976 2097 4032 nachos
2112 3976 2174 4029 in
2195 3970 2497 4046 praesentia
2513 3978 2709 4046 nostra
2740 3970 3096 4046 queri-monia
3126 3971 3401 4046 orta/uit,
3426 3974 3483 4046 et

1887 4042 2588 4119 apostolicceisedisjudicio
2600 4042 3019 4119 Ytndocinensi
3030 4057 3161 4119 mon
3170 4043 3377 4119 as_terio
3391 4042 3485 4097 ad-

1886 4113 2166 4185 iudicata.
2206 4113 2409 4170 lterum
2438 4116 2578 4186 apud
2598 4115 2878 4171 Urbanum
2899 4115 2943 4169 II
2964 4113 3204 4186 quirem
3224 4113 3296 4167 ita
3324 4127 3476 4186 com-

1885 4183 2067 4259 posuit
2097 4197 2154 4243 ut
2182 4183 2674 4259 Vindminensibus
2694 4191 2943 4259 maneret
2984 4183 3480 4259 quidemecclesia

1887 4254 1945 4315 S.
1976 4260 2290 4325 Clementis,
2324 4258 2420 4312 sed
2450 4257 2519 4311 ita
2549 4265 2605 4312 ut
2660 4258 2777 4325 ejus
2838 4256 2960 4312 loco
3010 4254 3175 4309 unam
3206 4256 3274 4309 de
3306 4254 3477 4308 tribus

1883 4330 2215 4403 designatis,
2240 4344 2402 4403 quam
2431 4328 2534 4397 ipsi
2562 4328 2804 4403 mallent,
2828 4327 2899 4403 _S.
2938 4326 3120 4381 Albini
3147 4325 3483 4403 monasterio

1885 4397 2162 4466 cederent,
2198 4397 2416 4455 Delecta
2446 4407 2531 4453 est
2560 4407 2611 4453 cl.
2640 4399 2696 4453 S.
2716 4398 2915 4453 Albino
2944 4399 3274 4468 transcripta
3303 4397 3479 4452 eccle-

1885 4474 1967 4528 sia
1988 4474 2043 4528 S.
2067 4471 2298 4527 Joannis
2325 4486 2494 4541 super
2550 4469 2811 4535 Ligerim.
2866 4472 2945 4524 De
3003 4484 3385 4541 quarrursnm
3446 4484 3476 4541 a

1885 4544 2128 4601 Goﬁ'rido
2159 4552 2348 4597 nostro
2378 4539 2430 4597 et
2489 4540 2998 4602 Vindocinensibus,
3023 4539 3032 4540 ί
3057 4540 3147 4611 qui
3176 4556 3235 4595 se
3273 4539 3473 4595 Urbani

1884 4616 2148 4672 sententia
2179 4615 2336 4668 laesos
2359 4613 2687 4681 judicabant,
2711 4626 2855 4666 nova
2885 4611 3116 4666 excitata
3144 4619 3225 4666 est
3246 4618 3471 4665 contro-

1881 4688 2084 4743 versia.
2113 4685 2222 4741 Sed
2251 4680 2375 4739 vicit
2402 4693 2603 4753 tamen,
2637 4683 2779 4737 utad
2802 4682 2896 4736 lib.
2929 4699 2945 4735 1
2975 4681 3139 4752 epist.
3177 4681 3230 4747 8,
3263 4680 3469 4753 dictum

1875 4768 1976 4825 est,
2011 4756 2212 4814 Urbani
2251 4756 2563 4820 auctoritas,
2612 4754 2805 4809 relicta
2843 4754 2904 4807 S.
2935 4753 3121 4825 Albini
3165 4752 3464 4825 monachis,

1874 4822 2114 4902 quorum
2121 4829 2178 4902 _in
2197 4834 2466 4902 potestate
2484 4826 2753 4902 hodieque
2776 4831 2978 4888 manet,
2994 4823 3280 4902 _SJoannis
3293 4822 3471 4902 eccle-

1874 4894 1972 4968 sia,
2006 4894 2273 4961 Gotfrido.
2301 4907 2358 4952 ut
2388 4913 2529 4965 reor,
2561 4894 2735 4951 adhuc
2782 4896 3241 4968 superstiteLcum
3263 4894 3341 4968 _ab
3371 4894 3461 4947 In-

1870 4964 2125 5028 nocentio
2156 4972 2201 5025 II
2232 4971 2285 5024 in
2312 4964 2604 5025 litteris'ad
2627 4964 3011 5023 Frotmundum
3070 4964 3303 5021 Got’fridi
3333 4980 3465 5019 suc-

1870 5059 2181 5107 cessorem,
2242 5042 2384 5095 inter
2439 5055 2533 5095 eas
2586 5041 2697 5106 jam
2756 5053 2862 5092 non
2919 5043 3274 5099 numeretur,
3322 5050 3463 5107 quas

1872 5113 2272 5170 Vindocinense
2327 5111 2633 5167 coenobium
2691 5110 2747 5163 in
2802 5107 3029 5163 dioecesi
3084 5106 3467 5178 Andegavensi

1869 5185 2208 5256 possidebat.
2249 5183 2382 5252 Qum
2405 5182 2587 5256 omnia
2615 5181 2776 5256 paulo
2805 5179 2977 5256 fusius
3006 5180 3122 5256 hoc
3139 5179 3262 5256 loco
3291 5192 3467 5256 expor-

1870 5248 1968 5311 sita
2000 5265 2139 5322 sunt,
2171 5263 2227 5309 ut
2256 5248 2662 5318 controversiae,
2694 5253 2848 5319 cujus
2877 5251 3078 5322 aliquot
3109 5250 3257 5322 locis
3276 5248 3487 5303 memi»

1869 5327 1946 5382 nit
1976 5321 2275 5389 Goftridus,
2327 5340 2583 5397 quaenam,
2635 5339 2814 5378 causm
2865 5321 3063 5397 fuerint
3092 5321 3455 5397 intelligatur.

1868 5399 2025 5452 Nunc
2053 5397 2259 5452 Urbani
2289 5390 2359 5451 de
2388 5412 2455 5452 ea
2484 5412 2539 5451 re
2557 5396 2852 5459 decretum,
2872 5393 3131 5465 quoniam
3150 5390 3468 5465 aliis'etiam

1870 5469 1922 5523 in
1953 5469 2120 5523 rebus
2150 5468 2269 5520 usui
2299 5483 2427 5522 esse
2454 5474 2652 5537 potest,
2682 5482 2748 5521 ex
2778 5466 2834 5521 S.
2857 5464 3064 5537 Alibini
3084 5464 3324 5519 armario
3338 5478 3469 5534 pro-

1872 5555 2163 5612 ponemus.
2206 5539 2318 5594 Hoc
2345 5536 2530 5610 igiitur
2554 5545 2637 5592 est
2663 5536 2969 5607 exemplum
2996 5553 3009 5590 :

1880 5674 2087 5732 Urbani
2108 5672 2156 5727 II
2175 5672 2461 5729 decretum
2482 5672 2547 5727 de
2560 5673 2942 5728 controversia
2965 5670 3305 5728 Credonensi
3315 5670 3476 5725 inter

2089 5745 2390 5800 monachos
2419 5744 2474 5799 S.
2498 5743 2690 5798 Albini
2709 5747 2765 5797 et
2793 5741 3261 5800 Vindocinenses.

1960 5888 2214 5949 Urbanus
2247 5883 2558 5957 episcopus,
2590 5900 2781 5941 servus
2802 5898 3094 5943 servorum
3121 5883 3244 5951 Dei,
3275 5879 3488 5938 dilectis
