3910 6408
107 378 227 435 181

1394 370 1789 429 EPISTOLE.
1827 402 1898 414 —
1927 369 2068 425 LIB.
2109 367 2199 424 VI.

3342 353 3448 410 182

104 520 232 562 nec
266 503 440 560 rebus
469 501 582 559 suis
608 501 900 574 presbyter
925 497 1238 572 exspoliari,
1269 496 1358 556 vel
1387 497 1460 553 ab
1488 495 1739 554 Ecclesia
1768 498 1825 559 A
1855 513 1977 571 quae
2004 495 2053 552 si
2081 508 2207 551 vera
2232 497 2378 559 sunt,
2408 495 2463 547 et
2485 487 2634 545 nulla
2661 483 3015 543 excusatione
3042 480 3139 539 illa
3157 480 3441 574 defendas,

105 593 333 665 projici
364 594 546 658 debet,
578 591 753 647 donec
781 598 871 645 aut
883 590 1248 646 convincatur
1266 604 1414 656 reus,
1439 594 1528 643 aut
1543 586 1741 642 libere-

106 691 213 738 tur
248 681 531 738 innoxius.
562 682 678 736 Nec
706 680 811 734 ista
841 694 875 734 a
903 678 1083 744 nobis,
1111 678 1210 733 sed
1240 678 1311 734 ab
1350 676 1610 747 episcopo
1636 690 1738 730 suo

108 780 257 827 sunt
291 769 674 827 examinanda.
709 768 1018 839 Scripsistis
1059 767 1216 823 nobis
1264 766 1409 839 quod
1452 766 1741 837 presbyter

108 877 233 932 pro
268 859 526 923 veritate,
560 873 728 930 quam
759 856 993 928 populus
1022 856 1090 911 de
1138 871 1205 911 eo
1263 854 1414 919 dicit,
1470 853 1733 925 populum

110 950 274 1005 odit.
306 951 376 1004 Et
397 963 507 1020 ego
528 947 713 1003 scribo
733 946 892 1001 vobis
926 954 1214 1016 utrumque
1236 960 1426 1000 verum
1448 960 1589 1010 esse,
1614 943 1742 1014 quia

111 1046 174 1094 et
209 1039 427 1093 veritas
455 1052 602 1107 saepe
632 1036 844 1101 odium,
880 1043 931 1090 et
960 1034 1147 1089 odium
1192 1049 1339 1105 saepe
1387 1032 1733 1089 mendacium

112 1126 296 1199 parit.
336 1124 513 1180 Potuit
544 1124 726 1197 itaque
754 1131 805 1178 et
834 1123 1125 1195 presbyter
1154 1138 1252 1193 pro
1282 1122 1511 1178 veritate
1551 1121 1737 1178 odisse

112 1215 423 1287 populum,
457 1221 510 1269 et
537 1212 772 1283 p0pulus
800 1228 899 1283 pro
926 1212 1053 1267 odio
1074 1211 1333 1267 adversus
1351 1212 1735 1283 presbyterum

113 1302 439 1360 incurrisse
470 1300 844 1356 mendacium.
865 1300 1162 1355 Ducendus
1191 1307 1295 1365 est,
1330 1298 1735 1370 fratres,popu-

114 1392 236 1457 lus,
268 1406 386 1446 non
418 1388 752 1461 sequendus,
785 1402 888 1443 nec
917 1386 1268 1459 recipiendus
1298 1387 1354 1442 in
1382 1387 1734 1445 accusatione

116 1480 494 1537 clericorum.
534 1478 602 1532 Et
631 1492 820 1532 verum
854 1484 938 1533 est
964 1476 1316 1548 proverbium
1335 1475 1499 1532 illud:
1522 1479 1737 1532 Praece-

116 1569 262 1625 dere
295 1568 457 1624 debet
483 1567 580 1639 qui
608 1565 767 1622 ducit
795 1566 1063 1622 asellum.
1101 1565 1339 1637 Populus
1378 1573 1463 1622 est
1510 1565 1732 1633 asellus,

119 1674 301 1730 quem
331 1671 433 1713 vos
459 1653 775 1727 praecedere
805 1662 859 1711 et
899 1653 1104 1710 ducere
1146 1652 1381 1723 debetis,
1427 1670 1537 1711 non
1580 1654 1735 1727 sequi

118 1763 258 1804 eum
270 1787 286 1803 ο

620 1812 976 1871 EPISTOLA
1014 1814 1233 1870 XLVII.

125 1914 431 1989 Gof/‘ridus
455 1912 878 1970 Vindocinensis
896 1912 1233 1967 monasterii
1261 1909 1495 1968 humilis
1512 1927 1727 1979 servus,

204 2021 311 2062 suo
328 2006 389 2060 in
404 2004 625 2060 Christo
643 2002 895 2057 multum
907 2001 1112 2057 dilecto
1133 2002 1310 2072 fratri
1322 2002 1549 2057 Roberto
1561 2000 1732 2073 (332),

201 2110 434 2151 servare
453 2090 684 2147 modum
705 2090 1087 2154 discretionis,
1121 2094 1176 2146 et
1199 2090 1462 2146 terminis
1479 2107 1612 2163 quos
1640 2092 1741 2146 Pa-

207 2190 328 2240 tres
359 2184 675 2255 posuerunt
709 2195 826 2235 esse
857 2182 1221 2236 contentum.

203 2280 398 2348 Novit,
430 2278 773 2344 charissima,
801 2286 854 2332 et
891 2278 1031 2332 bene
1060 2276 1214 2333 novit
1239 2284 1330 2332 tua
1358 2276 1598 2344 dilectio,
1633 2276 1739 2332 ali-

135 2369 274 2443 quid
303 2369 465 2426 aliter
489 2383 659 2440 agere
707 2382 836 2423 esse
882 2367 1136 2422 humanas
1181 2364 1630 2437 imperfectionis,
1690 2374 1743 2423 et

135 2459 292 2533 quod
324 2458 489 2514 aliter
518 2465 701 2513 actum
731 2463 814 2512 est
841 2454 986 2512 nolle
1002 2455 1279 2527 corrigere
1294 2454 1579 2511 diabolicae
1598 2470 1743 2526 pra;-

136 2546 490 2620 sumptionis.
524 2547 585 2601 In
613 2544 764 2601 nullo
792 2559 979 2618 agere,
1004 2551 1203 2616 praeter
1220 2544 1274 2599 id
1297 2544 1442 2616 quod
1471 2552 1555 2599 est
1575 2560 1748 2617 agen-

138 2638 296 2706 dum,
330 2644 413 2692 est
443 2633 695 2708 angelica
723 2633 1005 2706 perfectio,
1037 2647 1203 2705 quam
1260 2633 1463 2689 habere
1523 2634 1748 2690 minime

140 2733 348 2798 potest,
380 2724 625 2797 quandiu
660 2723 748 2778 hic
783 2738 989 2790 sumus,
1038 2731 1230 2778 nostra
1273 2723 1515 2779 conditio
1550 2725 1742 2793 219,

143 2817 290 2871 Dum
328 2814 495 2885 igitur
514 2828 620 2868 non
640 2812 909 2868 habemus
927 2810 1317 2883 perfectionem
1342 2812 1545 2884 angeli,
1579 2812 1751 2867 nulla-

143 2912 309 2961 tenus
328 2903 626 2959 habeamus
642 2901 1125 2974 praasumptionam
1145 2901 1504 2958 diaboli.Haec
1521 2900 1747 2969 idcirco,

144 2991 477 3052 venerabilis
507 2990 700 3060 frater,
731 2990 1138 3062 preposuimus,
1173 2990 1304 3063 quia
1325 2998 1379 3046 te
1402 2990 1530 3046 talia
1544 2990 1747 3062 egisse,

149 3089 204 3139 et
223 3081 401 3138 adhuc
439 3094 605 3152 agere
626 3079 772 3136 fama
799 3079 1147 3135 discurrente
1177 3078 1395 3135 sinistra
1421 3078 1747 3149 audivimus,

224 3300 371 3371 (332)
404 3300 593 3356 Fratri
615 3299 861 3355 Roberto.
881 3297 1158 3354 Elenchus
1191 3297 1400 3354 codicis
1429 3298 1740 3353 Cenoman-

153 3373 261 3429 nici
286 3390 299 3426 :
324 3374 402 3427 Ad
425 3372 724 3428 Robertum
745 3371 813 3425 de
835 3371 1151 3426 Abrussello
1167 3374 1595 3441 procuratorem
1609 3386 1741 3425 san-

155 3444 554 3501 ctimonialum
583 3443 648 3497 de
667 3442 842 3497 Fonte
871 3442 1116 3507 Ebraldi,
1144 3443 1206 3496 in
1238 3458 1347 3513 qua
1366 3442 1625 3497 hortatus
1656 3445 1741 3497 est

157 3533 284 3572 eum
312 3518 376 3570 ut
405 3515 584 3583 magis
606 3513 849 3568 discrete
868 3528 925 3567 se
937 3514 1167 3568 haberet
1187 3515 1340 3569 circa
1355 3528 1557 3583 sexum
1578 3514 1741 3583 femi-

155 3601 342 3642 neum.
371 3582 787 3654 Procuratorem
817 3591 997 3649 vocat,
1029 3599 1192 3654 quem
1223 3583 1314 3637 alii
1362 3582 1730 3637 fundatdrem.

158 3656 481 3712 Chronicum
512 3655 565 3709 S.
603 3652 804 3708 Albini.
840 3656 999 3709 Anno
1020 3652 1178 3719 1116,
1210 3655 1346 3709 obiit
1378 3655 1641 3711 Robertus
1673 3655 1739 3711 de

152 3727 467 3785 Abrissellis
496 3741 532 3774 ν
550 3726 670 3781 Kal.
688 3725 895 3779 Martii.
915 3726 1022 3780 Iste
1037 3728 1155 3796 fuit
1175 3725 1742 3796 fundator-monaste-

146 3800 222 3856 1ii
243 3799 434 3853 Fontis
456 3796 700 3851 Ebraldi.
734 3825 802 3866 ἡ
859 3796 1013 3851 Hanc
1038 3795 1346 3866 epistolam
1403 3795 1740 3851 subdititiam

149 3886 271 3927 esse
299 3877 459 3939 atque
489 3866 639 3939 haud
669 3865 835 3939 dubie
865 3881 900 3939 a
927 3865 1223 3939 Roscelino
1245 3867 1500 3939 heretico
1520 3875 1611 3922 aut
1628 3868 1738 3923 alio

151 3936 394 4067 guopiam
426 3938 651 3993 homine
681 3936 936 4018 improbo
958 3937 1265 4021 confictam,
1287 3937 1740 4024 existimaverunt

192 4011 431 4067 ollandus
459 4017 510 4063 et
542 4008 921 4064 Henschemus
951 4010 1047 4076 (ad
1069 4009 1219 4065 diem
1244 4025 1383 4065 xxxv
1416 4009 1733 4076 Februarii,

152 4051 442 4166 ῖῖἔξζὲὄξῖ,
459 4051 1735 4162 i'né‘Jﬁ'ﬁiiiiE'iiESrﬁé'Jdﬁ's"(iniiiaiEﬁZEiIéi

152 4154 334 4220 David,
368 4152 643 4223 pag.r46),
676 4149 916 4223 Joannes
961 4152 1109 4223 Bona
1152 4152 1468 4218 cardmahs,
1508 4152 1729 4223 aliique,

153 4169 334 4220 Dama,
368 4169 491 4223 pag.
530 4169 643 4220 ιω),
676 4169 916 4206 Joannes
961 4169 1109 4206 nona
1152 4169 1468 4218 carmnans,
1508 4169 1729 4224 aliique,

153 4225 285 4281 adeo
314 4222 628 4279 incredibile
660 4222 839 4294 visum
865 4230 947 4277 est
978 4222 1032 4277 id
1064 4223 1210 4294 quod
1236 4224 1291 4278 in
1313 4238 1376 4278 ea
1405 4223 1632 4292 epistola
1658 4224 1728 4279 de

152 4297 380 4353 Roberto
402 4292 843 4366 Arbrussellensi
857 4292 1126 4348 narratur.
1142 4294 1301 4349 Illam
1320 4302 1524 4355 tamen,
1541 4310 1731 4366 quam-

154 4368 231 4421 vis
259 4364 614 4437 praastantium
651 4364 969 4420 criticorum
1015 4380 1338 4437 censuram,
1393 4364 1574 4420 haud“
1597 4367 1731 4421 satis

154 4436 315 4492 ﬁrmis
342 4436 437 4490 niti
468 4436 738 4490 rationum
769 4436 1057 4491 momentis
1087 4436 1181 4507 alii
1230 4436 1415 4507 plures
1454 4444 1680 4493 censent
1710 4456 1723 4502 ;

154 4524 258 4564 non
285 4521 393 4579 quo
409 4521 540 4579 vera
568 4522 691 4579 esse
708 4512 904 4579 putent
932 4523 1054 4579 quas
1084 4506 1152 4562 de
1208 4506 1327 4562 viro
1383 4508 1727 4579 sanctissimo

154 4564 342 4648 iactata
370 4576 537 4648 fuisse
566 4564 853 4648 perhibent
882 4564 967 4631 θεέ
989 4577 1202 4641 litterae,
1232 4579 1330 4633 sed
1351 4594 1552 4633 novum
1581 4578 1725 4634 vide-
1754 4564 1809 4628 D

157 4646 277 4706 licet
301 4646 784 4719 sanctimonialium
814 4647 1138 4719 institutum,
1170 4651 1323 4719 cujus
1350 4650 1441 4705 ille
1471 4649 1725 4706 conditor

158 4720 267 4785 fuit,
298 4727 453 4788 atque
481 4717 617 4771 adeo
645 4717 936 4788 colloquia,
969 4719 1045 4773 uti
1076 4717 1305 4775 necesse
1333 4719 1451 4788 fuit,
1484 4737 1607 4778 cum
1638 4721 1725 4775 fe-

159 4791 307 4846 minis
334 4789 442 4843 illis
471 4788 666 4843 crebra
693 4789 954 4859 improbis
984 4805 1047 4844 ac
1077 4791 1361 4847 malevolis
1415 4792 1727 4847 hominibus

161 4858 509 4918 calumniandi
537 4860 1132 4933 ansampraebuisse;
1190 4862 1245 4915 id
1300 4864 1440 4933 quod
1499 4862 1728 4918 summis

162 4933 316 5006 etiam
341 4947 401 4986 ac
430 4930 793 5006 sanctissimis
811 4930 985 5006 viris,
1003 4930 1338 5006 Hieronymo
1367 4934 1600 5006 aliisque
1628 4949 1727 5006 ace-

162 5004 345 5059 cidisse
376 5017 536 5056 nemo
565 5003 762 5072 nescit,
794 5000 923 5055 dum
951 5002 988 5055 ii
1015 5000 1346 5072 peculiarem
1391 5000 1606 5059 feminis
1660 5005 1729 5060 ad

163 5074 400 5147 pietatem
421 5071 765 5147 instituendis
800 5071 1027 5147 operam
1056 5073 1456 5147 impenderent.

231 5144 451 5217 Omnino
480 5143 777 5217 Bobertum
806 5143 875 5198 de
905 5144 1266 5217 Arbrussello
1296 5161 1621 5217 quacunque
1642 5163 1731 5200 ne-

202 5216 350 5272 uioris
375 5214 497 5270 facti
519 5213 835 5284 suspicione
866 5215 997 5268 satis
1038 5215 1275 5269 liberant
1316 5213 1618 5271 innumera
1677 5224 1731 5272 et

202 5234 350 5272 UlOl’lS
375 5234 497 5270 lacu
519 5234 835 5284 δυεριωοηε
866 5234 997 5268 Silus
1038 5234 1275 5269 “nerant
1330 5234 1618 5271 innumera
1677 5234 1728 5272 et

166 5234 370 5344 illustria
402 5285 562 5355 plane
598 5284 904 5358 testimonia
932 5302 1054 5358 quas
1081 5286 1253 5358 ipsius
1282 5286 1486 5353 virtuti,
1517 5286 1728 5358 pietati,

171 5357 443 5428 sapientiae,
469 5355 737 5427 praselare
764 5355 966 5428 gestis,
987 5355 1227 5428 plurimi,
1256 5355 1532 5413 antistites
1569 5358 1729 5424 sacri,

172 5427 257 5485 viri
282 5428 568 5499 principes,
599 5430 797 5482 summi
828 5427 1000 5482 etiam
1049 5427 1334 5497 pontifices
1391 5430 1723 5483 tribuerunt.

176 5501 310 5556 Illum
327 5499 594 5571 Paschalis
610 5500 654 5552 Il
675 5515 892 5569 magna:
908 5499 1199 5571 religionis
1219 5503 1403 5557 virum
1416 5500 1733 5563 nominavit,

175 5569 518 5644 Bobert_us_de
553 5570 728 5644 Monte
758 5572 943 5626 virum
959 5569 1161 5644 aptum
1176 5572 1245 5627 ad
1279 5571 1588 5629 lucrandus
1604 5573 1737 5627 ani-

177 5659 285 5698 mas
304 5659 315 5703 ;
335 5640 401 5696 Β.
421 5642 610 5715 Petrus
629 5640 927 5715 episcopus
946 5640 1302 5711 Pictavorum,
1327 5644 1507 5698 virum
1525 5647 1742 5715 aposto-

183 5716 352 5788 licum,
382 5714 537 5788 verbo
549 5712 754 5788 diuina:
771 5713 1196 5788 prtedicationis
1216 5732 1277 5770 sa
1290 5717 1506 5788 gaciter
1533 5712 1741 5785 invigi-

184 5786 390 5859 lantem,
408 5786 466 5839 et
483 5786 733 5859 tonitrua
745 5789 958 5841 sancta:
970 5786 1392 5859 exhortationis
1402 5787 1601 5859 plures
1625 5790 1745 5859 tam

185 5856 309 5914 viros
318 5871 477 5929 quam
489 5855 757 5913 mulieres
767 5871 803 5913 α
812 5871 917 5915 sae
924 5856 1076 5916 ulari
1087 5858 1234 5917 luxu
1244 5855 1751 5918 revoclmtemAlia

1847 570 1947 644 sed
1976 602 2103 644 cum
2129 582 2278 640 omni
2302 579 2650 637 festinatione
2677 574 2943 648 corrigas,
2993 581 3139 629 tuam
3175 570 3442 643 simplici-

1847 685 2009 733 tatem
2039 688 2316 747 germanaa
2341 668 2617 727 charitatis
2645 665 2956 722 visceribus
2993 676 3435 719 commonemus.

1848 764 2170 823 Audivimus
2209 760 2353 817 enim
2381 757 2641 831 quoniam
2676 755 2818 812 circa
2877 769 3071 810 sexum
3126 751 3441 819 femineum,

1848 871 2009 928 quem
2035 851 2332 924 regendum
2361 846 2594 918 coepisti,
2626 843 2840 900 duobus
2866 842 3045 898 modis
3074 840 3245 896 altero
3282 837 3441 894 alteri

1846 927 2076 1016 prorsus
2105 938 2378 997 contrario
2407 945 2460 993 te
2488 937 2559 991 ita
2577 934 2866 991 sollicitum
2885 930 3089 994 reddis,
3111 928 3257 1001 quod
3278 927 3440 984 modo

1844 1035 1898 1088 in
1949 1038 2186 1102 utroque
2238 1027 2459 1083 modum
2515 1021 2859 1080 discretionis
2901 1018 3125 1091 penitus
3181 1016 3430 1073 excedis.

1846 1121 2193 1178 Feminarum
2222 1117 2508 1190 quasdam,
2543 1121 2601 1169 ut
2629 1111 2848 1176 dicitur,
2901 1108 3062 1164 nimis
3105 1105 3440 1163 familiariter

1845 1221 2025 1268 tecum
2056 1209 2306 1265 habitare
2335 1202 2627 1278 permittis,
2658 1200 2859 1273 quibus
2886 1198 3097 1270 privata
3124 1196 3295 1253 verba
3322 1210 3436 1251 sse-

1844 1304 1967 1373 pius
1995 1297 2253 1369 loqueris,
2288 1302 2343 1351 et
2368 1309 2492 1350 eum
2520 1291 2654 1363 ipsis
2683 1290 2866 1355 etiam,
2909 1297 2959 1343 et
2980 1286 3123 1342 inter
3152 1284 3306 1356 ipsas
3332 1299 3439 1339 no-

1843 1371 1933 1450 ctu
1958 1390 2273 1460 frequenter
2299 1383 2500 1440 cubare
2527 1396 2636 1437 non
2664 1376 2968 1434 erubescis.
2995 1375 3131 1431 Hinc
3158 1371 3257 1429 tibi
3278 1372 3434 1430 vide-

1843 1482 1941 1546 ris,
1970 1487 2029 1536 ut
2055 1475 2278 1541 asseris,
2310 1469 2526 1528 Domini
2545 1466 2845 1525 Salvatoris
2857 1466 3023 1538 digne
3042 1461 3296 1535 bajulare
3309 1478 3436 1518 cru-

1843 1585 1985 1635 cem,
2013 1582 2138 1623 cum
2166 1562 2514 1633 exstinguere
2535 1556 2753 1614 conaris
2775 1554 2917 1610 male
2937 1567 3232 1610 accensum
3252 1549 3436 1607 carnis

1842 1659 2121 1716 ardorem.
2152 1654 2268 1709 Hoc
2295 1650 2341 1707 si
2372 1648 2536 1705 modo
2555 1646 2696 1718 agis,
2718 1644 2805 1703 vel
2826 1641 3120 1716 aliquando
3137 1640 3318 1712 egisti,
3334 1654 3432 1695 no-

1841 1763 1969 1806 vum
1997 1753 2051 1802 et
2077 1741 2396 1807 inauditum,
2428 1737 2527 1793 sed
2554 1735 2953 1792 infructuosum
2980 1746 3157 1805 genus
3194 1727 3435 1800 martyrii

1760 1854 1813 1915 B
1841 1833 2122 1894 invenisti.
2160 1831 2321 1887 Certe
2348 1843 2453 1885 nec
2479 1826 2613 1882 utile
2657 1823 2779 1880 ﬁeri
2834 1828 3035 1915 potest,
3092 1834 3197 1876 nec
3250 1817 3434 1915 aliquo

1840 1926 2005 1983 modo
2055 1922 2408 1985 fructuosum,
2453 1915 2597 1988 quod
2646 1920 2841 1971 contra
2880 1909 3149 1967 rationem
3191 1905 3435 1964 noscitur

1842 2031 1968 2072 esse
1998 2012 2409 2084 praesumptum.
2441 2006 2521 2060 Tu
2551 2010 2730 2060 autem
2770 2008 2961 2059 contra
3015 1998 3282 2054 rationem
3324 2010 3437 2052 non

1844 2101 2193 2160 mediocriter
2218 2093 2634 2171 praesumpsisti,
2670 2092 2717 2147 si
2744 2090 2989 2163 qualibet
3017 2086 3314 2145 occasione
3344 2100 3437 2142 cu-

1845 2193 1985 2250 basti
2014 2206 2143 2247 cum
2174 2184 2515 2253 mulieribus,
2556 2195 2689 2255 quas
2717 2180 2922 2235 mundo
2971 2176 3179 2233 furatus
3230 2174 3439 2232 lucrari

1847 2281 2080 2340 Domino
2127 2278 2419 2333 debueras.
2458 2270 2767 2328 Praesertim
2797 2284 2921 2325 cum
2952 2266 3278 2339 prohibitum
3309 2266 3382 2320 sit
3407 2278 3444 2320 a

1850 2370 2164 2431 Salomone,
2197 2366 2253 2420 in
2279 2364 2425 2435 ipso,
2458 2368 2511 2417 et
2539 2376 2638 2431 per
2665 2357 2845 2430 ipsum
2866 2355 3070 2428 Spiritu
3118 2360 3305 2410 sancto
3348 2352 3442 2408 in-

1850 2467 2072 2518 tonante
2098 2474 2111 2511 :
2139 2456 2277 2511 Cum
2292 2452 2552 2515 muliere,
2577 2446 2768 2520 inquit,
2789 2464 2902 2503 non
2927 2445 3354 2508 accumbas,nec
3364 2443 3443 2498 sis

1851 2548 2114 2607 assiduus
2124 2561 2254 2602 cum
2273 2557 2469 2604 ea.nec
2489 2540 2536 2606 2
2548 2539 2656 2607 20
2679 2537 2840 2592 illam
2851 2534 3188 2606 conspicias,
3206 2547 3278 2588 ne
3296 2534 3445 2603 forte

1851 2636 2259 2696 scandaliseris
2278 2634 2342 2688 in
2359 2626 2789 2703 pulchritudine
2803 2625 2987 2690 illius,
3007 2627 3063 2678 et
3085 2636 3286 2694 pereas
3314 2620 3442 2689 (Ec—

1854 2729 1950 2786 cli.
1974 2724 2195 2793 11,3-5).
2220 2724 2286 2778 Et
2306 2721 2440 2776 item
2465 2736 2478 2772 :
2502 2717 2700 2774 Mulier
2714 2714 2990 2788 pretiosas
3011 2713 3238 2768 animas
3253 2711 3409 2782 capit
3430 2728 3451 2777 ;

1855 2817 2019 2888 cujus
2060 2813 2403 2885 colloquium
2434 2807 2591 2863 velut
2614 2806 2765 2877 ignis
2789 2819 2885 2860 cor
2907 2801 3152 2859 hominis
3191 2798 3454 2856 accendit

1858 2906 2031 2976 (ibib.,
2057 2904 2117 2958 11
2132 2902 2263 2969 ΛΞ).
2286 2900 2602 2968 Nunquam,
2626 2893 2810 2955 frater,
2841 2892 2910 2947 de
2931 2898 3025 2946 tua
3045 2888 3314 2960 religione
3328 2894 3454 2942 tan-

1858 3003 1970 3051 tum
1991 2990 2318 3054 confidas,ut
2336 2985 2538 3044 credas
2559 2992 2613 3039 te
2625 2998 2734 3038 non
2750 2996 2915 3052 posse
2934 2979 3066 3041 labi.
3099 2979 3145 3034 si
3163 2984 3326 3035 caute
3342 2990 3454 3031 non

1855 3082 2132 3142 ambulas.
2170 3077 2370 3135 Labilis
2399 3082 2485 3132 est
2509 3071 2766 3140 mundus,
2798 3070 2996 3143 plenus
3017 3068 3168 3136 limo,
3201 3068 3295 3123 diu
3313 3066 3453 3121 ineo

1768 3215 1818 3280 C

1853 3300 2139 3362 mittimus,
2176 3311 2297 3370 quae
2327 3293 2418 3350 alii
2476 3291 2838 3363 collegerunt,
2895 3287 3140 3370 ejusdem
3172 3363 3182 3370 _
3222 3288 3451 3370 Roberti

1851 3373 2056 3446 elogia.
2093 3360 2539 3446 C_erte_quotquot
2569 3360 2817 3446 eatietate
2864 3360 3190 3446 exstiterunt
3247 3360 3447 3442 virtute

1850 3432 2218 3501 velvdoctrina
2246 3432 2578 3509 insigniores
2606 3433 2729 3500 viri,
2761 3441 2876 3509 tum
2917 3432 3211 3509 Robertum
3265 3432 3445 3502 ipsum

1851 3514 2067 3584 magnis
2096 3502 2386 3584 praeconiis
2406 3504 3065 3584 extulere,tum‘impense
3086 3502 3444 3584 laudaveruut

1848 3574 2154 3642 institutam
2183 3583 2249 3637 ab
2279 3581 2399 3652 ipso
2423 3577 2748 3652 religiosam
2779 3574 3037 3652 familiam
3062 3593 3077 3640 ;
3109 3590 3277 3647 quam
3313 3575 3442 3647 qui—

1848 3658 1972 3713 dem
2004 3657 2058 3710 in
2087 3655 2220 3726 ipsis
2247 3648 2503 3726 exordiis,
2533 3648 2751 3726 vivente
2779 3648 2959 3703 adhuc
2986 3655 3209 3726 auctore
3237 3652 3291 3701 et
3333 3662 3439 3717 pa-

1848 3738 2020 3795 rente,
2054 3718 2335 3782 sacrarum
2360 3722 2627 3795 virginum
2664 3719 2904 3795 quinque
2953 3718 3120 3795 millia
3174 3732 3437 3795 numam-

1847 3788 2018 3863 visse,
2044 3797 2199 3854 testis
2229 3803 2313 3850 est
2347 3788 2480 3848 sane
2539 3788 2785 3861 locuples
2816 3788 3129 3863 iSugerius
3155 3788 3327 3863 abbas
3381 3789 3439 3843 in

1847 3860 2079 3942 epistola
2109 3868 2176 3923 ad
2198 3865 2503 3942 Eugenium
2525 3860 2913 3942 papamlhu‘jus
2924 3860 3163 3942 nominis
3184 3860 3434 3942 tertiuﬁm,

1846 3930 1912 3999 ac
1930 3930 2675 4004 sanctintonidlesillasipse
2705 3930 2984 4004 Goﬂ‘ridus
3023 3941 3284 4004 tanquam
3326 3932 3438 3987 Deo

1844 4015 2083 4070 dilectas
2114 4012 2170 4065 in
2202 4008 2440 4081 quadam
2470 4002 2698 4081 epistola
2724 4004 2911 4081 (epist.
2945 4003 3037 4081 Βῆ)
3066 4002 3354 4081 praedicat.

1915 4083 2051 4152 Quis
2082 4072 2250 4154 igitur
2275 4094 2394 4154 pou
2415 4072 2954 4154 sen'ti_at_neuti'quam
2995 4072 3297 4154 insimulari
3345 4079 3439 4129 aut

1843 4144 2173 4225 reprehenvdi
2203 4168 2233 4225 a
2264 4148 2508 4225 Goffrido
2536 4144 2855 4225 Robertum,
2916 4146 3013 4201 sed
3070 4145 3138 4225 de
3204 4144 3270 4199 iis
3312 4161 3433 4225 quae

1841 4216 2092 4281 homines
2121 4221 2375 4277 maledici
2398 4219 2748 4290 spargebant,
2783 4218 2952 4272 libere
2978 4232 3056 4290 ac
3084 4216 3343 4290 sincere,_
3363 4224 3435 4290 Aut

1840 4296 1897 4351 fit
1916 4297 2061 4351 inter
2080 4295 2306 4356 amicos,
2330 4286 2633 4346 admoneri.
2649 4292 2825 4360 Atque
2854 4289 2908 4343 id
2938 4289 3023 4344 vel
3044 4288 3165 4359 ipsa
3185 4286 3432 4358 epistolae

1838 4368 2008 4424 verba
2038 4367 2172 4420 satis
2197 4365 2571 4419 demonstrant
2604 4378 2618 4414 :
2659 4362 2728 4418 Ut
2752 4362 2967 4416 dicitur
2998 4378 3012 4415 :
3070 4362 3223 4415 sicut
3274 4362 3435 4430 fama

1832 4440 2076 4511 spargit:
2093 4436 2305 4511 diceris
2327 4436 2445 4490 haec
2463 4436 2651 4511 facere
2675 4450 2689 4486 :
2713 4437 2764 4488 te
2792 4432 2935 4511 {alia
2953 4433 3127 4511 egisse
3148 4434 3307 4511 [ama
3329 4431 3434 4511 dis-

1836 4503 2108 4566 currente
2139 4508 2379 4563 sinistra
2409 4503 2753 4559 audivimus.
2790 4504 2877 4577 Tu
2892 4503 3119 4577 quidem
3142 4505 3207 4577 i_n
3220 4503 3431 4559 mundo

1872 4583 1997 4636 uasi
2019 4582 2270 4635 montem
2286 4576 2578 4631 excelsum
2594 4573 2922 4642 ascendisti,
2955 4590 3022 4629 ac
3048 4590 3151 4645 per
3163 4573 3267 4628 hoc
3291 4576 3353 4628 in
3378 4578 3433 4629 te

1859 4656 2058 4723 inguas
2084 4654 2142 4705 et
2163 4650 2348 4723 oculos
2364 4648 2658 4723 hominum
2674 4647 3036 4723 con_vcr_tisti._
3057 4646 3145 4707 Et,
3160 4645 3311 4723 quod
3326 4645 3430 4723 mi-

1833 4715 1979 4778 nime
2008 4718 2554 4792 praetermittendum,
2589 4717 2644 4771 in
2702 4717 2948 4786 epistolae
2990 4715 3423 4792 clausula__Vale,
3462 4715 3468 4720 ”

1835 4787 2093 4865 inquit,“
2110 4808 2211 4847 nos
2229 4795 2463 4868 tuarum
2479 4792 2816 4868 sanctarum
2833 4787 3426 4868 precum,suppliciter

1833 4858 2154 4939 precamur,
2176 4862 2483 4939 participes
2508 4861 2678 4939 efﬁce.
2698 4858 2843 4939 Quae
2863 4859 3045 4939 omnia
3074 4858 3426 4939 sa’tisnpst‘en-

1834 4928 1969 4992 dunt
1998 4950 2158 5005 quam
2176 4928 2486 5005 "honorifice
2516 4928 2584 5005 de
2612 4931 2854 5005 lloherto
2872 4930 3091 5005 sentiret
3121 4928 3420 5005 Galli-idus,

1837 5016 1888 5062 et
1919 5001 2081 5076 quam
2110 5021 2298 5076 parum
2329 5003 2568 5076 sinistris
2592 5001 2715 5076 illis
2772 5001 3083 5076 rumoribus
3136 5001 3420 5069 tribueret,

1836 5079 1921 5134 vel
1940 5072 2079 5131 tunc
2107 5072 2231 5131 cum
2262 5074 2553 5145 epistolam
2572 5072 2740 5145 illam
2760 5073 3065 5145 scribebat.

1908 5152 1986 5203 Ac
2013 5147 2262 5218 plurimis
2297 5141 3026 5218 ejusmodiluculentisque
3080 5141 3424 5218 testimoniis,

1838 5215 2070 5289 aliisque
2097 5216 2435 5289 argumentis
2464 5215 2819 5289 gravissimis,
2845 5215 3188 5289 sanctitatem
3206 5215 3428 5289 Roberti

1840 5286 2240 5346 Arbrussellani
2269 5302 2393 5344 com
2403 5286 2742 5358 probavisse,
2777 5287 2908 5341 satis
2931 5302 3052 5341 esse
3075 5294 3284 5357 poterat
3307 5286 3427 5343 viro

1842 5358 2122 5430 docto,qui
2153 5359 2353 5415 abhinc
2379 5359 2585 5430 aliquot
2614 5374 2785 5430 annos
2808 5358 3006 5430 grandi
3035 5359 3431 5430 commentario

1843 5429 2062 5487 causam
2078 5432 2216 5486 hanc
2245 5430 2356 5501 egit
2383 5429 2520 5485 sane
2536 5429 2954 5498 justitissimam;
2976 5430 3130 5495 cujus
3152 5429 3435 5500 scriptoris

1845 5501 2131 5559 consilium
2161 5500 2313 5573 certe
2334 5501 2681 5573 studiumque
2718 5501 3012 5557 laudabile.
3046 5501 3155 5573 Sed
3185 5500 3432 5571 profecto

1846 5589 2061 5644 aequum
2088 5587 2197 5626 non
2245 5570 2359 5637 fuit,
2421 5570 2608 5644 neque
2635 5573 2704 5628 ad
2744 5588 2939 5644 vanam
2970 5570 3432 5644 criminationem

1848 5642 2158 5700 diluendam
2189 5642 2579 5709 necessarium,
2610 5652 2665 5697 ut
2694 5642 2922 5700 Goli'ridi
2953 5643 3198 5714 Operum
3253 5644 3433 5699 edito-

1850 5732 1988 5777 rem,
2022 5714 2195 5767 virum
2225 5714 2476 5785 omnibus
2508 5714 2974 5785 probatissimum,
3009 5722 3227 5772 vocaret
3257 5715 3312 5770 in
3340 5716 3433 5769 in-

1853 5787 2072 5854 vidiam,
2113 5784 2338 5858 acinihil
2393 5800 2632 5857 unquam
2670 5786 2774 5858 tale
2828 5787 3185 5858 promet-itum
3240 5785 3441 5844 acerbe

1853 5864 2129 5933 carperet.
2166 5857 2383 5924 Epiron
2413 5858 2678 5917 VBNETUS
2706 5856 2853 5932 Opp}
