3910 6410
436 372 538 429 183

1356 375 1694 433 GOFFRIDI
1730 374 2023 431 ABBATIS
2066 372 2614 431 VINDOCINENSIS

3650 373 3755 428 I84

438 505 581 554 stare
610 495 812 553 firmus
827 498 991 557 homo
1023 516 1134 556 non
1161 500 1334 573 potuit
1360 501 1572 567 ;subito
1593 501 1779 572 lapsus
1795 507 1879 555 est
1911 500 2036 570 ;vix
2066 500 2123 561 A
2153 499 2415 554 delicatus
2446 515 2612 554 sexus
2630 497 2918 565 femineus,
2964 504 3016 553 et
3042 496 3252 553 idcirco
3289 512 3519 552 necesse
3548 503 3635 552 est
3694 503 3758 549 ut

439 595 534 642 aut
560 604 832 660 nunquam
882 590 1144 645 surrexit.
1183 592 1261 645 Tu
1293 591 1511 662 quidem
1543 590 1596 643 in
1643 590 1846 645 mundo
1876 589 2036 661 quasi

443 685 685 732 montem
714 678 990 733 excelsum
1032 679 1348 746 ascendisti,
1382 694 1446 734 ac
1477 696 1576 749 per
1604 679 1710 735 hoc
1739 679 1792 732 in
1832 686 1884 733 te
1927 678 2037 732 lin-

448 780 589 836 gues
620 773 674 820 et
701 766 892 821 oculos
924 767 1202 822 hominum
1232 768 1581 824 convertisti.
1622 768 1774 838 Ergo
1806 775 1957 821 stans
1987 766 2039 821 in

450 862 657 923 monte,
692 854 813 910 vide
842 872 910 910 ne
940 871 1184 921 corruas,
1208 873 1309 913 nec
1339 873 1435 929 per
1455 857 1771 928 martyrium
1784 856 2043 927 martyri-

451 942 557 999 bus
587 942 787 999 sanctis
816 944 1031 1015 penitus
1059 946 1323 1017 ignotum,
1345 946 1616 1019 religiosae
1639 946 1759 1002 vita:
1779 945 2043 1017 principio

453 1041 635 1087 notam
659 1032 897 1089 infamiae
917 1034 1289 1107 derelinquas.
1325 1035 1483 1090 Nulla
1511 1035 1677 1091 etiam
1708 1042 1796 1090 tua
1827 1035 2048 1091 actione

452 1121 676 1187 mundo,
708 1121 801 1193 qui
831 1138 970 1192 pene
1001 1130 1145 1179 totus
1172 1130 1228 1179 te
1255 1123 1529 1195 sequitur,
1560 1124 1789 1179 suscites
1819 1124 2049 1179 scanda-

453 1208 592 1266 lum.
629 1211 769 1265 Nam
800 1211 952 1268 fieret
978 1213 1073 1267 tibi
1102 1213 1381 1268 damnatio
1412 1213 1635 1285 gravior
1662 1213 1820 1269 ruina
1872 1213 2049 1284 pluri-

455 1314 693 1355 morum.
719 1300 999 1355 Mulierum
1024 1302 1370 1373 quibusdam,
1402 1302 1542 1357 sicut
1564 1301 1707 1357 fama
1738 1302 1961 1372 sparsit,
1996 1307 2053 1357 et

457 1404 558 1445 nos
587 1396 712 1444 ante
741 1388 996 1456 diximus,
1030 1406 1177 1461 saepe
1206 1390 1460 1462 privatim
1486 1391 1751 1464 loqueris,
1774 1399 1832 1446 et
1862 1405 2052 1446 earum

458 1477 710 1533 accubitu
740 1493 882 1534 novo
927 1479 1164 1551 quodam
1212 1479 1461 1551 martyrii
1511 1496 1719 1552 genere
1756 1480 2044 1536 cruciaris.

458 1565 572 1620 lllis
599 1566 872 1637 siquidem
908 1574 959 1621 te
989 1583 1209 1639 semper
1239 1583 1493 1623 sermone
1515 1569 1812 1636 jucundum
1861 1577 2054 1624 osten-

459 1655 565 1720 dis,
597 1663 650 1709 et
679 1655 917 1712 alacrem
946 1657 1183 1723 actione,
1204 1672 1475 1729 omneque
1504 1674 1680 1729 genus
1709 1658 2057 1712 humanitatis

460 1743 710 1809 exhibes,
746 1744 894 1799 nulla
923 1753 1138 1800 servata
1169 1746 1455 1817 parcitate.
1489 1746 1635 1801 Aliis
1666 1762 1816 1812 vero,
1838 1747 2059 1818 siquan-

2144 587 2364 659 pietatis
2395 587 2685 643 dulcedine
2718 586 2897 658 potius
2928 602 3088 659 quam
3121 586 3285 640 nimia
3315 585 3607 642 severitate
3660 600 3757 638 re-

2148 686 2406 749 gatur,ne
2428 680 2576 749 forte
2594 677 3002 733 abundantiori
3016 677 3259 732 tristitia
3277 676 3645 732 absorbeatur
3666 674 3721 743 (I
3738 674 3762 728 ι

2154 768 2282 821 Cor.
2323 782 2382 832 ll,
2416 768 2491 835 '7),
2524 774 2575 820 et
2601 766 2697 837 qui
2728 782 2848 819 eum
2880 780 3068 837 regere
3098 764 3280 828 debet,
3333 765 3413 820 sic
3466 779 3497 818 a
3555 762 3761 817 Satana

2151 855 2627 910 circumveniatur.
2662 858 2706 909 A
2746 854 2949 910 Satana
2999 861 3183 909 rector
3228 852 3677 917 circumvenitur,
3711 851 3758 904 si

2166 959 2271 1014 per
2324 943 2548 998 nimiam
2593 942 2863 997 tristitiam
2911 942 3208 1013 regendum
3246 941 3423 1013 perire
3451 940 3756 1012 contingat,

2156 1032 2248 1105 qui
2276 1032 2444 1102 potuit
2474 1031 2693 1087 liberari
2725 1049 2822 1103 per
2840 1031 3252 1104 indulgentiam.
3276 1030 3413 1085 Cum
3441 1030 3509 1086 de
3550 1030 3759 1100 pietate

2154 1125 2309 1176 tuam
2339 1119 2432 1177 hic
2460 1122 2742 1177 hortamur
2772 1122 3089 1187 bonitatem,
3122 1119 3218 1173 tibi
3239 1119 3455 1175 auferre
3494 1117 3759 1173 nolumus

2152 1210 2377 1280 justitia:
2407 1210 2702 1276 actionem,
2734 1217 2789 1264 te
2812 1211 3018 1278 justum
3042 1224 3166 1265 esse
3203 1208 3408 1279 pariter
3459 1207 3756 1263 desidera-

2160 1314 2281 1354 mus
2311 1306 2364 1353 et
2391 1298 2566 1370 pium.
2602 1299 2681 1355 Sit
2706 1298 2869 1371 igitur
2898 1297 2992 1352 tibi
3022 1297 3192 1368 pietas
3223 1312 3488 1367 respuens
3536 1294 3758 1351 inordi-

2162 1398 2344 1443 natam
2376 1388 2753 1443 remissionem
2790 1405 2803 1452 ;
2839 1386 2908 1442 sit
2937 1387 3010 1441 ibi
3032 1386 3236 1455 justitia
3268 1385 3407 1457 piam
3427 1401 3647 1456 semper
3662 1385 3763 1438 ha-

2173 1477 2309 1533 bens
2339 1476 2800 1549 compassionem.
2829 1475 2982 1542 Vale,
3015 1484 3068 1530 et
3096 1490 3196 1529 nos
3214 1482 3428 1529 tuarum
3448 1481 3761 1528 sanctarum

2166 1581 2411 1638 precum,
2449 1564 2768 1637 suppliciter
2796 1580 3105 1635 precamur,
3133 1563 3427 1635 participes
3458 1562 3635 1619 effice.

2623 1664 2786 1730 222
2818 1660 3153 1717 EPISTOLA
3196 1660 3432 1715 XLVIII.

2171 1754 2447 1825 Co/fridus
2489 1752 2908 1809 I’indocinensis
2929 1750 3265 1808 monasterii
3290 1747 3521 1806 humilis
3543 1764 3763 1808 servus.

459 1832 533 1888 do
559 1848 683 1888 cum
713 1832 848 1903 ipsis
880 1833 1144 1906 loqueris,
1175 1834 1687 1906 semperlocutione
1707 1836 1870 1890 nimis
1890 1836 2059 1891 durus
2086 1856 2137 1916 Β
2238 1859 2392 1898 ,ςενυο
2423 1845 2476 1897 et
2498 1841 2728 1897 ancilla;
2760 1841 2876 1905 Dci,
2898 1841 3098 1896 Herueo
3121 1844 3175 1894 et
3197 1840 3319 1894 Eua:
3340 1837 3763 1907 inclusis(333),

460 1936 715 1993 appares,
746 1922 908 1977 nimis
962 1922 1244 1979 districtus
1300 1923 1661 1989 correctione,
1721 1924 1843 1979 illas
1896 1924 2058 1979 etiam

462 2011 605 2067 fame
635 2018 688 2065 et
715 2010 821 2077 siti,
853 2026 918 2067 ac
946 2012 1193 2067 nuditate
1220 2012 1457 2079 crucias,
1516 2013 1662 2068 omni
1710 2013 1903 2068 relicta
1940 2014 2060 2084 pie-

463 2108 597 2155 tate.
638 2098 797 2169 Quod
831 2100 877 2154 si
907 2101 982 2155 ita
1012 2108 1116 2169 est,
1148 2102 1202 2154 in
1232 2107 1466 2172 utroque
1499 2102 1852 2157 vehementer
1879 2100 2060 2157 oﬂen-

463 2189 570 2254 dis,
612 2196 669 2244 et
725 2188 945 2244 modum
1003 2190 1166 2244 totius
1217 2189 1568 2246 discretionis
1621 2191 2052 2263 transgrederis.

462 2279 603 2334 Nam
632 2286 687 2332 et
712 2293 849 2348 erga
879 2278 999 2331 illas
1027 2278 1255 2333 nimium
1294 2278 1726 2345 remissibiliter,
1776 2288 1829 2335 et
1871 2288 2065 2336 contra

464 2366 599 2421 istas
627 2366 854 2421 nimium
883 2366 1179 2437 poenaliter
1204 2367 1354 2440 agis.
1391 2368 1594 2422 Duram
1625 2368 1785 2423 valde
1830 2369 2063 2440 provin-

466 2456 606 2512 ciam
636 2471 830 2525 rcgere
858 2456 1091 2525 cmpisti,
1122 2464 1174 2511 et
1205 2472 1328 2527 quae
1364 2472 1521 2510 suum
1559 2465 1823 2513 rectorem
1872 2458 2064 2529 saepis-

469 2543 607 2599 sime
628 2545 674 2611 2
686 2546 732 2611 2
746 2546 786 2613 1
815 2544 984 2599 traxit
1000 2544 1065 2598 ad
1079 2551 1326 2599 mortem:
1342 2546 1382 2600 Α
1399 2546 1639 2601 muliere
1662 2546 1806 2600 enim
1825 2548 2062 2603 initium

469 2636 695 2705 factum
716 2637 800 2689 est
824 2634 1066 2705 peccati,
1082 2638 1137 2689 et
1158 2650 1260 2701 per
1278 2634 1443 2689 illam
1460 2636 1791 2691 moriuntur
1811 2635 2064 2693 homines

470 2722 729 2778 universi
754 2723 949 2789 (Ecoli.
971 2737 1108 2785 xxv,
1131 2725 1240 2785 33.)
1264 2722 1417 2778 Unde
1447 2722 1544 2777 tibi
1572 2723 1644 2778 ita
1673 2724 1971 2794 prudenter
2001 2742 2067 2783 ac

473 2809 802 2881 simpliciter
828 2809 1105 2883 agendum
1129 2819 1213 2865 est
1245 2818 1303 2866 ut
1352 2819 1405 2867 te
1459 2819 1513 2867 et
1568 2821 1796 2868 matrem
1854 2814 2068 2884 pietatis

472 2898 668 2971 gratia,
701 2907 756 2953 et
786 2907 995 2969 patrem
1026 2899 1171 2955 circa
1202 2900 1458 2955 mulieres
1480 2901 1735 2956 exhibeat
1755 2901 2065 2974 disciplina,

473 2992 533 3043 et
561 3004 681 3059 qua:
709 2988 890 3043 minus
919 3003 1029 3044 non
1045 2988 1706 3059 habebuntperfectionis,
1753 2991 1932 3046 minus
1961 3009 2070 3048 non

476 3075 715 3132 habeant
743 3084 850 3134 tua:
888 3076 1217 3134 dilectionis.
1273 3079 1398 3133 Non
1428 3094 1536 3133 una
1563 3095 1593 3133 a
1633 3087 1687 3133 te
1738 3080 1861 3150 plus
1916 3080 2071 3153 diligi

475 3165 641 3220 debet
671 3181 836 3237 quam
861 3166 986 3232 alia,
1033 3165 1138 3221 nisi
1196 3182 1315 3238 quae
1362 3166 1556 3223 melior
1612 3167 1776 3223 fuerit
1829 3169 2069 3227 inventa.

473 3255 631 3309 Juxta
660 3255 883 3310 modum
915 3255 1090 3310 meriti
1123 3256 1206 3311 vel
1236 3256 1429 3327 culpae,
1451 3257 1683 3313 extende
1706 3258 1927 3313 modum
1947 3275 2074 3316 cor-

479 3343 777 3399 rectionnis
808 3344 891 3399 vel
920 3344 1130 3417 gratiae.
1166 3345 1304 3400 Illud
1332 3353 1509 3401 tamen
1525 3345 1799 3417 praecipue
1817 3346 1872 3402 in
1895 3358 2076 3405 mente

481 3439 575 3487 tua
604 3430 771 3487 ﬁxum
800 3440 1074 3499 teneatur,
1107 3434 1253 3505 quod
1284 3436 1339 3487 in
1359 3434 1663 3506 Evangelio
1687 3437 1956 3492 Dominus
1998 3438 2077 3493 di-

480 3520 557 3578 cit
588 3537 601 3576 :
621 3523 781 3577 Beati
801 3523 1481 3595 misericordes,quoniam
1496 3526 1604 3596 ipsi
1629 3526 2078 3581 misericordiam

484 3611 1121 3684 oonsequentur(Math.
1155 3626 1210 3677 v,
1241 3613 1319 3683 ’7).
1361 3611 1593 3686 Fragilis
1624 3620 1707 3668 est
1755 3614 1985 3670 multum
2028 3625 2080 3673 et

563 3780 712 3852 (333)
733 3782 936 3836 llerveo
967 3785 1021 3836 et
1044 3784 1168 3837 Eva:
1183 3782 1441 3837 inclusis.
1470 3780 1668 3835 Inelusi
1688 3785 2077 3841 monachorum

490 3868 685 3926 genus,
715 3852 817 3926 sed
855 3853 1049 3926 horum
1094 3852 1304 3926 duplex
1362 3853 1584 3907 classis.
1650 3852 1880 3921 Quidam
1937 3858 2081 3913 enim

491 3923 853 3995 monasticam
912 3923 1262 3992 disciplinam
1292 3939 1588 3995 nunquam
1660 3926 1869 3994 experti
1940 3929 2083 3987 hanc

490 3993 892 4120 professionem
921 3995 1102 4049 statim
1131 3994 1421 4063 arripiunt,
1446 3993 1528 4050 'ac
1578 3993 1909 4051 suburbanis
1964 4000 2083 4057 fere

512 4066 627 4120 ocis
658 4066 712 4120 in
738 4064 964 4120 cellulas
989 4065 1183 4120 inclusi
1216 4065 1560 4120 solitudinem
1591 4067 1935 4120 aemulantur.
1960 4088 2082 4120 mn-

512 4066 627 4122 ocis
658 4066 712 4120 iu
738 4064 964 4122 cellulas
989 4065 1183 4121 inclusi
1216 4065 1560 4121 solitudinem
1591 4067 1935 4133 aemulantur,
1960 4088 2082 4127 mo-

490 4138 784 4207 nachorum
810 4135 993 4207 potius
1018 4136 1226 4191 umbra:
1253 4153 1415 4207 quam
1472 4137 1750 4192 monachi.
1813 4140 2085 4199 Eremitas

495 4216 549 4263 et
580 4206 825 4263 reclusos
852 4207 1049 4277 vulgus
1078 4206 1372 4277 nuncupat,
1423 4223 1653 4278 quorum
1712 4209 1972 4275 frequens
2026 4215 2083 4269 iu

495 4278 669 4333 Gallia
692 4278 802 4346 jam
834 4278 963 4332 olim
995 4294 1272 4341 numerus.
1306 4295 1480 4347 eoque
1510 4294 1573 4334 ex
1607 4296 1833 4336 numero
1892 4285 1945 4338 lii
1992 4288 2082 4340 vi-

494 4350 713 4409 dentur.
746 4350 811 4403 ad
844 4365 982 4417 quos
1027 4350 1213 4405 scribit
1251 4349 1550 4405 Golfridus.
1611 4351 1714 4404 Alii
1767 4353 1877 4407 veri
1934 4367 2087 4412 erant

496 4419 747 4497 monachi
778 4420 890 4497 qui,
925 4420 1190 4497 cmnobiis
1221 4420 1448 4497 relictis,
1481 4420 1534 4497 in
1582 4422 1779 4497 quibus
1827 4424 2084 4497 aliqua“-

498 4491 591 4547 diu
621 4506 744 4546 cum
772 4490 891 4546 aliis
924 4491 1189 4550 vixerant.
1222 4490 1551 4546 sublimioris
1591 4492 1867 4559 profectus
1901 4490 2084 4556 studio

498 4573 554 4628 in
571 4570 845 4627 solitariae
862 4570 1030 4626 cellas
1050 4587 1111 4627 se
1131 4570 1404 4626 alidebant
1426 4589 1441 4636 ;
1473 4561 1782 4642 ἐγκλείσους,
1809 4576 2078 4639 inclusos.
2113 4576 2163 4636 D

498 4644 665 4700 etiam
693 4642 874 4723 Graeci
903 4642 1187 4723 vocabant.
1221 4643 1390 4723 liuius
1406 4643 1641 4723 generis
1681 4645 1799 4723 it_|i,_
1833 4648 1903 4702 ad
1954 4669 2092 4723 quos

499 4731 609 4773 non
641 4714 813 4770 semel
842 4714 1031 4770 scribit
1053 4713 1373 4769 Theodorus
1402 4714 1638 4769 Studita.
1704 4716 1871 4785 Cujus
1927 4713 2092 4781 etiam

501 4803 721 4924 exstant
766 4810 876 4850 non
925 4794 1269 4866 inelegantes
1319 4793 1485 4848 iambi
1540 4786 1609 4854 εὶς
1645 4784 1925 4851 iidem-rev
1955 4821 2094 4877 quos

503 4888 566 4924 su
609 4883 787 4924 nciam
817 4881 831 4921 :

503 4881 787 4927 subiiciam
817 4881 831 4921 ε

531 4888 787 4940 ιιιηιοιωιι
817 4888 831 4921 ;

1067 4948 1151 4989 ala
1183 4947 1529 4990 ΕΓΚΔΕΙΣΤΟΝ

618 5025 937 5105 Εγκλειστὸς
968 5019 1123 5105 ἔστιν,
1152 5019 1209 5105 ὅς
1233 5024 1414 5105 παθῶν
1443 5017 1539 5105 ἔξω
1568 5046 1737 5100 μενων

621 5114 656 5139 n
676 5102 825 5183 ολην
851 5104 1089 5188 καθοῖρξς
1121 5102 1253 5188 προς
1279 5102 1395 5162 θεὸν
1435 5103 1530 5177 τήν
1557 5106 1779 5186 καρδιαν

618 5193 822 5261 Κλείων
840 5184 1127 5270 λογισμοὺς
1143 5184 1263 5270 rei);
1288 5209 1541 5270 γυρεοτας
1566 5184 1659 5258 me
1686 5191 1893 5270 πλαιης.

621 5281 764 5340 Νοῦν
790 5266 1134 5349 ὰντιᾶτέμπων
1158 5266 1246 5347 (α)
1273 5266 1385 5350 ταῖς
1414 5266 1522 5326 ἅνω
1550 5267 1802 5350 θεωρίαις,

621 5360 782 5440 Εχων
807 5348 1111 5440 προσεοχὴν
1134 5348 1431 5440 καυστικὴν
1447 5354 1554 5409 τῶν
1569 5348 1857 5440 ᾼδᾳᾲέμόνων,

620 5427 814 5521 (Ῑίέρων
842 5427 1048 5521 iuncti;
1085 5427 1711 5521 uuﬂqmo't‘iaav_ﬁoi0j.

620 5510 825 5603 Ψάχήν
857 5510 1108 5603 deluit-ev
1135 5510 1187 5570 ἐν
1212 5510 1359 5603 lupa
1383 5518 1489 5603 τῷν
1518 5510 1759 5603 ἐλπιδῳν,

627 5537 825 5603 Ψυγήν
857 5537 1108 5577 αυλιπτον
1135 5537 1187 5570 εν
1212 5537 1289 5593 χοι
1323 5537 1357 5573 α
1383 5537 1489 5573 των
1518 5537 1759 5589 εΛπιοων,

624 5589 786 5683 Εργῷ
810 5623 869 5683 τε
894 5601 1105 5681 χειρῶν,
1127 5537 1412 5683 καιῗκὲπου
1438 5597 1597 5674 λιμοῦ
1624 5595 1778 5683 τόνω.

628 5627 671 5664 l‘.
810 5627 869 5659 τε
894 5627 1105 5681 χειρων,
1129 5627 1218 5653 και
1245 5627 1412 5655 ποποῖ)
1440 5627 1597 5674 Λιμου
1624 5627 1778 5657 τονω.

622 5627 770 5761 Ωὲὴν
800 5681 1089 5753 ἄπαυστον,
1123 5682 1329 5757 πνεῦμα
1356 5677 1814 5762 συντετριμμένον.

571 5812 651 5883 (ῃ)
674 5813 805 5868 Cod.
842 5812 983 5883 Regi.
1015 5797 1350 5883 Νοῦν-ὠίου
1375 5794 1620 5883 πέμπῳνε
1939 5871 1951 5883 .
2062 5870 2096 5883 -.

571 5876 645 5952 (b)
672 5882 902 5944 Schoda
917 5876 1375 5945 Sirmoudi,.Non
1403 5892 1503 5948 spe
1532 5876 2100 5944 fatiscens,noninerti

2240 1932 2384 1986 bona
2411 1930 2585 1985 initia
2614 1929 2727 1998 ﬁne
2759 1928 2985 1984 meliori
3013 1927 3343 1983 terminare.

2241 2017 2601 2074 Admoneudo
2631 2032 2729 2071 nos
2758 2016 2977 2075 decent.
3033 2023 3087 2070 et
3141 2014 3389 2070 dotendo
3442 2013 3761 2078 admonent,

2170 2107 2365 2181 quibus
2399 2105 2629 2163 feliciter
2657 2105 2880 2161 obedire
2909 2103 3289 2177 proposuistis,
3337 2118 3490 2159 sacra
3527 2102 3762 2175 eloquia,

2170 2206 2229 2253 ut
2258 2196 2311 2250 id
2342 2212 2516 2267 usque
2547 2195 2600 2249 in
2632 2194 2792 2249 finem
2821 2209 3135 2265 operemur,
3168 2193 3311 2247 unde
3342 2192 3458 2247 sine
3491 2191 3597 2246 fine
3625 2207 3768 2263 gau-

2171 2287 2301 2342 dere
2332 2300 2668 2340 mereamur.
2714 2284 2869 2339 Ultra
2915 2282 3060 2337 enim
3111 2298 3329 2337 omnem
3390 2280 3767 2337 infelicitatem

2173 2384 2275 2441 est,
2309 2389 2410 2445 pro
2440 2370 2731 2444 temporali
2762 2371 2871 2425 vita
2900 2370 3182 2426 doloribus
3197 2368 3561 2425 aclaboribus
3583 2368 3764 2439 plena,

2174 2479 2295 2535 qua:
2318 2463 2502 2534 utique
2523 2461 2708 2517 brevis
2729 2467 2831 2528 est,
2859 2468 2911 2516 et
2949 2460 3064 2529 ejus
3086 2458 3322 2515 brevitas
3343 2458 3567 2523 incerta,
3602 2457 3770 2514 vitam

2174 2553 2425 2624 perdere,
2459 2566 2579 2622 quae
2609 2565 2713 2605 nec
2742 2548 2903 2605 oculo
2932 2548 3102 2614 cerni,
3137 2563 3239 2604 nec
3269 2548 3428 2603 tacita
3459 2546 3654 2602 mentis
3679 2562 3771 2601 co-

2174 2642 2435 2713 gitatione
2458 2644 2636 2706 potest
2658 2637 3084 2709 comprehendi;
3107 2652 3269 2708 quam
3290 2651 3486 2691 revera
3505 2636 3769 2706 consequi

2175 2740 2256 2786 est
2289 2729 2501 2785 facilius
2532 2744 2695 2800 quam
2727 2726 2991 2782 enarrari.
3035 2726 3116 2780 Ibi
3146 2741 3381 2798 namque
3426 2725 3618 2780 vivitur
3645 2724 3763 2779 sine

2178 2819 2431 2884 termino,
2465 2816 2582 2872 sine
2611 2816 2803 2872 dolore
2830 2825 2882 2871 et
2913 2815 3087 2879 senio,
3119 2814 3327 2887 absque
3352 2814 3541 2869 timore
3569 2821 3619 2868 et
3660 2829 3763 2884 pe-

2179 2907 2375 2972 riculo,
2411 2906 2503 2961 ubi
2536 2905 2755 2961 refectio
2785 2904 2903 2959 sine
2935 2902 3168 2968 fastidi),
3202 2920 3322 2975 quae
3352 2902 3496 2958 nullo
3522 2901 3628 2958 cibi
3678 2901 3767 2956 vel

2179 3007 2338 3069 potus
2368 2995 2579 3066 indiget
2609 2992 2910 3063 adiutorio.
2948 2993 3008 3046 In
3038 2992 3127 3046 illa
3149 2991 3416 3062 siquidem
3440 2989 3767 3046 beatitudine

2182 3085 2352 3154 refici,
2385 3084 2520 3138 nihil
2552 3092 2634 3138 est
2666 3082 2811 3138 aliud
2853 3098 3013 3153 quam
3070 3079 3525 3152 contemplatione
3570 3079 3766 3133 divinae

2182 3173 2481 3244 majestatis
2511 3171 2724 3227 satiari.
2765 3172 2916 3226 lianc
2945 3170 3117 3226 sancti
3158 3168 3342 3239 angeli
3394 3167 3764 3232 considerant,

2184 3272 2237 3318 et
2270 3262 2683 3319 ronsiderantes
2710 3275 2834 3315 eam
2884 3274 3103 3330 semper
3148 3258 3492 3313 considerare
3540 3256 3762 3311 deside-

2184 3361 2329 3407 rant.
2404 3351 2543 3406 Huic
2606 3350 2781 3404 beatae
2831 3347 3027 3403 visioni
3093 3346 3317 3417 perfecti
3385 3345 3585 3416 quique
3661 3360 3770 3400 non

2184 3441 2437 3506 deerunt,
2470 3438 2563 3510 qui
2591 3440 2645 3492 in
2675 3437 2879 3491 mundo
2910 3451 3010 3507 pro
3040 3433 3240 3489 Christi
3270 3434 3485 3489 nomine
3515 3450 3575 3490 se
3600 3441 3651 3488 et
3674 3448 3775 3488 sua

2187 3528 2394 3600 pariter
2425 3533 2885 3597 contempserunt.
2919 3524 3001 3579 Ad
3025 3523 3177 3578 illam
3220 3522 3401 3594 igitur,
3447 3522 3770 3589 charissimi,

2186 3618 2314 3673 dum
2346 3625 2555 3687 tempus
2607 3615 2891 3679 habemus,
2951 3612 3155 3669 sanctis
3208 3611 3462 3683 operibus
3515 3614 3777 3668 accedere

2309 3773 2493 3840 Οῢτως
2531 3768 2755 3851 ὰνοέγων
2801 3768 3169 3851 ὰγγελοπρεπῇ
3209 3765 3346 3851 θέαν,

2309 3847 2704 3933 Ακτινολαμπὲῖ
2725 3847 2857 3921 τοὺς⁷
2873 3847 3104 3935 ὃρλῶντοις
3132 3847 3331 3935 ὲνθέῳς.

2309 3936 2507 4017 Λέγων.
2609 3936 2753 3997 ὼδέν
2777 3940 2882 4017 τῶν
2909 3925 3206 4017 ’ἀχρήστων
3233 3925 3504 4017 εὶς-γέλως,

2314 4008 2441 4079 Alit’
2469 4008 2614 4102 ὦίπέρ
2643 4016 2781 4102 iet-tv
2817 4008 3121 4102 dipdsiooat
3148 4014 3239 4102 τὸν
3264 4008 3405 4102 ξένον

2312 4102 2418 4161 Καὶ
2441 4088 2609 4184 “tot-Uret
2626 4100 2840 4184 canym):
2871 4088 3265 4181 μακροῤῥημιῖν
3293 4095 3359 4184 sic
3384 4088 3559 4184 δεόρον.

2312 4187 2430 4243 "Av
2459 4174 2549 4243 οὖν
2578 4174 2701 4255 δύνη
2729 4174 3374 4263 τὶρὸξταῦέοίξσῲστικῶς
3400 4176 3553 4254 ἐχιις.

2312 4266 2378 4325 El
2408 4264 2481 4348 ιεὴ
2513 4263 2585 4324 δέ’
2615 4257 2835 4348 φεῦγοὶς-
2849 4265 2925 4348 μεὶςΔ
2958 4263 3067 4344 βίον
3092 4260 3297 4348 ζῴντων
3342 4257 3472 4348 dum,

2314 4350 2388 4407 Εν
2487 4337 2738 4414 πλειόνωξ
2762 4345 2884 4413 τοὺς
2911 4337 3115 4426 ὰὴῶνας
3139 4337 3467 4423 λαμπρόν-ης.

2782 4463 2843 4518 In
2874 4463 3161 4527 inclusum
3175 4500 3189 4513 .

2302 4552 2550 4609 Inclusus
2579 4554 2670 4608 ille
2702 4561 2804 4617 est,
2839 4551 2931 4623 qui
2962 4548 3154 4620 procul
3184 4547 3254 4603 ab
3284 4540 3568 4601 affectibus

2307 4624 2444 4681 Toto
2475 4625 2697 4680 reclusit
2726 4626 2778 4678 in
2810 4625 2984 4677 Deum
3014 4637 3074 4677 se
3096 4628 3340 4690 pectore.

2314 4699 2486 4753 Freno
2514 4712 2783 4751 coercens
2811 4695 3010 4748 mentis
3037 4706 3251 4747 errores
3281 4700 3470 4759 vagos,

2308 4770 2673 4839 Animumque
2702 4766 2851 4822 curis
2880 4765 3101 4836 erigens
3129 4759 3463 4839 caelestibus,

2311 4840 2569 4898 Precibus
2586 4828 2892 4901 inhaerens,
2926 4828 3047 4906 quae
3077 4828 3664 4913 peruruntdiemones,

2310 4916 2399 4978 Et,
2430 4926 2539 4981 quo
2569 4918 2794 4981 retrusa
2826 4922 2910 4961 res
2940 4903 3142 4981 patent,
3170 4903 3416 4981 _sil_entio.

2313 4974 2421 5055 Spe
2451 4974 2546 5049 '(b),
2578 4980 2885 5055 gaudioque
2916 4974 3133 5032 nescius
3165 4974 3433 5028 fatiscere.
3472 5038 3483 5047 .

2312 5051 2525 5112 Labore
2556 5051 2757 5121 corpus
2786 5059 2839 5105 et
2870 5051 3008 5121 tame
3036 5060 3304 5101 exercens
3334 5056 3507 5112 grain.

2315 5129 2557 5208 tlymnos
2587 5120 2841 5208 gemente
2872 5120 3069 5189 spiritu
3092 5122 3507 5208 iuges—canens.

2314 5189 2414 5254 Hic
2443 5189 2625 5263 angeli
2656 5195 2779 5254 ritu,
2814 5207 2911 5263 ore
2932 5189 3227 5263 conspicuo
3257 5189 3451 5263 nitens,

2311 5253 2409 5325 Dia
2439 5253 2739 5321 intuentum
2767 5253 2940 5318 corda
2959 5262 3035 5332 (ε)
3064 5253 3344 5332 collustrat
3373 5253 3550 5332 face..

2312 5341 2400 5395 Nil
2430 5352 2668 5407 unquam
2698 5335 2857 5408 inane
2887 5326 3076 5408 suetus
3103 5331 3175 5385 ad
3206 5326 3552 5408 ri.sum_loq_ui
3584 5339 3599 5379 :

2314 5412 2419 5466 Sed
2456 5397 2565 5480 quo
2589 5406 2770 5480 juvari
2801 5404 3036 5480 sentiant
3056 5417 3137 5465 se,
3166 5400 3261 5480 _qui
3291 5397 3520 5480 audiunt
3551 5411 3566 5456 ;

2317 5485 2435 5538 Nec
2465 5471 2545 5535 sic
2576 5471 2815 5549 profusae
2847 5475 2969 5549 vela
2999 5475 3138 5549 dans
3166 5471 3475 5549 loquentiae.

2316 5536 2442 5610 llaec
2468 5536 2688 5621 assequi
2717 5545 2933 5621 siApotis
2961 5562 3048 5621 es,
3077 5544 3130 5598 in
3158 5536 3271 5621 tuto
3301 5546 3383 5595 est
3412 5536 3588 5621 salus.

2316 5608 2462 5687 sini;
2491 5622 2561 5676 ad
2590 5608 2882 5692 gregalem
2912 5616 3159 5693 protinus
3190 5612 3353 5693 vitam
3383 5608 3522 5674 redi,

2314 5696 2419 5754 Ubi
2446 5687 2621 5766 porro
2637 5687 2851 5762 agonas
2887 5687 3107 5744 excolas
3133 5687 3423 5740 asceticos.

2208 5797 2477 5873 gaudia-
2552 5866 2563 5873 .
2763 5860 2825 5873 -.
2910 5860 2924 5872 .

2280 5870 2355 5941 (ε)
2385 5866 2563 5926 Sched
2576 5905 2590 5920 .
2627 5866 2975 5937 perstringit.
3048 5888 3061 5894 ‹
