  <div class='ocr_page' id='page_1' title='image "/cluster/home/n/w/nwhite01/storage/ocr_20150623/156-157/uc1.31175010662024/734.png"; bbox 0 0 3910 6394; ppageno 0'>
   <div class='ocr_carea' id='block_1_1' title="bbox 185 357 288 410">
    <p class='ocr_par' dir='ltr' id='par_1_1' title="bbox 185 357 288 410">
     <span class='ocr_line' id='line_1_1' title="bbox 185 357 288 410; baseline 0.019 -2"><span class='ocrx_word' id='word_1_1' title='bbox 185 357 288 410; x_wconf 78' lang='grc'><strong>185</strong></span> 
     </span>
    </p>
   </div>
   <div class='ocr_carea' id='block_1_2' title="bbox 1496 352 2270 411">
    <p class='ocr_par' dir='ltr' id='par_1_2' title="bbox 1496 352 2270 411">
     <span class='ocr_line' id='line_1_2' title="bbox 1496 352 2270 411; baseline -0.001 -3"><span class='ocrx_word' id='word_1_2' title='bbox 1496 352 1876 411; x_wconf 74' lang='lat' dir='ltr'><strong>EPISTOLE.</strong></span> <span class='ocrx_word' id='word_1_3' title='bbox 1917 383 1986 394; x_wconf 92' lang='lat'>—</span> <span class='ocrx_word' id='word_1_4' title='bbox 2016 353 2151 410; x_wconf 87' lang='lat' dir='ltr'><strong>LIB.</strong></span> <span class='ocrx_word' id='word_1_5' title='bbox 2200 354 2270 407; x_wconf 91' lang='lat' dir='ltr'><strong>IV</strong></span> 
     </span>
    </p>
   </div>
   <div class='ocr_carea' id='block_1_3' title="bbox 3378 353 3480 407">
    <p class='ocr_par' dir='ltr' id='par_1_3' title="bbox 3378 353 3480 407">
     <span class='ocr_line' id='line_1_3' title="bbox 3378 353 3480 407; baseline 0.02 -2"><span class='ocrx_word' id='word_1_6' title='bbox 3378 353 3480 407; x_wconf 70' lang='lat'><strong>186</strong></span> 
     </span>
    </p>
   </div>
   <div class='ocr_carea' id='block_1_4' title="bbox 184 476 3479 552">
    <p class='ocr_par' dir='ltr' id='par_1_4' title="bbox 184 476 3479 552">
     <span class='ocr_line' id='line_1_4' title="bbox 184 476 3479 552; baseline -0 -19"><span class='ocrx_word' id='word_1_7' title='bbox 184 478 501 534; x_wconf 81' lang='lat' dir='ltr'><strong>festinemus</strong></span> <span class='ocrx_word' id='word_1_8' title='bbox 536 494 550 549; x_wconf 91' lang='lat'><strong>;</strong></span> <span class='ocrx_word' id='word_1_9' title='bbox 583 493 747 551; x_wconf 87' lang='lat' dir='ltr'><strong>quam</strong></span> <span class='ocrx_word' id='word_1_10' title='bbox 777 478 866 552; x_wconf 96' lang='lat' dir='ltr'><strong>qui</strong></span> <span class='ocrx_word' id='word_1_11' title='bbox 916 479 1085 536; x_wconf 82' lang='lat' dir='ltr'><strong>semel</strong></span> <span class='ocrx_word' id='word_1_12' title='bbox 1117 478 1333 545; x_wconf 90' lang='lat' dir='ltr'><strong>viderit,</strong></span> <span class='ocrx_word' id='word_1_13' title='bbox 1384 478 1536 535; x_wconf 91' lang='lat' dir='ltr'><strong>nullo</strong></span> <span class='ocrx_word' id='word_1_14' title='bbox 1556 478 1779 536; x_wconf 90' lang='lat' dir='ltr'><strong>inimico</strong></span> <span class='ocrx_word' id='word_1_15' title='bbox 1809 478 1867 543; x_wconf 83' lang='lat' dir='ltr'><strong>A</strong></span> <span class='ocrx_word' id='word_1_16' title='bbox 1894 477 2140 547; x_wconf 80' lang='lat' dir='ltr'><strong>desierit,</strong></span> <span class='ocrx_word' id='word_1_17' title='bbox 2170 477 2467 549; x_wconf 89' lang='lat' dir='ltr'><strong>periturum</strong></span> <span class='ocrx_word' id='word_1_18' title='bbox 2524 492 2632 533; x_wconf 92' lang='lat' dir='ltr'><strong>non</strong></span> <span class='ocrx_word' id='word_1_19' title='bbox 2655 476 2870 532; x_wconf 90' lang='lat' dir='ltr'><strong>dubito.</strong></span> <span class='ocrx_word' id='word_1_20' title='bbox 2934 478 2992 532; x_wconf 90' lang='lat' dir='ltr'><strong>In</strong></span> <span class='ocrx_word' id='word_1_21' title='bbox 3017 482 3275 549; x_wconf 91' lang='lat' dir='ltr'><strong>quantum</strong></span> <span class='ocrx_word' id='word_1_22' title='bbox 3334 476 3479 532; x_wconf 89' lang='lat' dir='ltr'><strong>enim</strong></span> 
     </span>
    </p>
   </div>
   <div class='ocr_carea' id='block_1_5' title="bbox 183 568 1780 641">
    <p class='ocr_par' dir='ltr' id='par_1_5' title="bbox 183 568 1780 641">
     <span class='ocr_line' id='line_1_5' title="bbox 183 568 1780 641; baseline 0.002 -19"><span class='ocrx_word' id='word_1_23' title='bbox 183 568 474 624; x_wconf 91' lang='lat' dir='ltr'><strong>insidiante</strong></span> <span class='ocrx_word' id='word_1_24' title='bbox 505 568 648 623; x_wconf 88' lang='lat' dir='ltr'><strong>ultra</strong></span> <span class='ocrx_word' id='word_1_25' title='bbox 694 569 945 625; x_wconf 89' lang='lat' dir='ltr'><strong>amittere</strong></span> <span class='ocrx_word' id='word_1_26' title='bbox 968 570 1196 641; x_wconf 87' lang='lat' dir='ltr'><strong>poterit.</strong></span> <span class='ocrx_word' id='word_1_27' title='bbox 1250 572 1317 625; x_wconf 87' lang='lat' dir='ltr'><strong>Et</strong></span> <span class='ocrx_word' id='word_1_28' title='bbox 1348 577 1493 626; x_wconf 90' lang='lat' dir='ltr'><strong>certe</strong></span> <span class='ocrx_word' id='word_1_29' title='bbox 1522 568 1780 625; x_wconf 86' lang='lat' dir='ltr'><strong>festinare</strong></span> 
     </span>
    </p>
   </div>
   <div class='ocr_carea' id='block_1_6' title="bbox 184 657 1777 732">
    <p class='ocr_par' dir='ltr' id='par_1_6' title="bbox 184 657 1777 732">
     <span class='ocr_line' id='line_1_6' title="bbox 184 657 1777 732; baseline 0.001 -20"><span class='ocrx_word' id='word_1_30' title='bbox 184 657 451 712; x_wconf 83' lang='lat' dir='ltr'><strong>debemus</strong></span> <span class='ocrx_word' id='word_1_31' title='bbox 481 658 611 713; x_wconf 91' lang='lat' dir='ltr'><strong>dum</strong></span> <span class='ocrx_word' id='word_1_32' title='bbox 647 660 811 727; x_wconf 70' lang='lat'><strong>323</strong></span> <span class='ocrx_word' id='word_1_33' title='bbox 846 666 1021 725; x_wconf 88' lang='lat' dir='ltr'><strong>vocat,</strong></span> <span class='ocrx_word' id='word_1_34' title='bbox 1047 660 1182 714; x_wconf 93' lang='lat' dir='ltr'><strong>certi</strong></span> <span class='ocrx_word' id='word_1_35' title='bbox 1211 659 1279 715; x_wconf 91' lang='lat' dir='ltr'><strong>de</strong></span> <span class='ocrx_word' id='word_1_36' title='bbox 1323 666 1473 713; x_wconf 89' lang='lat' dir='ltr'><strong>tanta</strong></span> <span class='ocrx_word' id='word_1_37' title='bbox 1502 658 1777 732; x_wconf 76' lang='lat' dir='ltr'><strong>mercede,</strong></span> 
     </span>
    </p>
   </div>
   <div class='ocr_carea' id='block_1_7' title="bbox 184 746 1782 821">
    <p class='ocr_par' dir='ltr' id='par_1_7' title="bbox 184 746 1782 821">
     <span class='ocr_line' id='line_1_7' title="bbox 184 746 1782 821; baseline 0.003 -20"><span class='ocrx_word' id='word_1_38' title='bbox 184 747 278 817; x_wconf 87' lang='lat' dir='ltr'><strong>qui</strong></span> <span class='ocrx_word' id='word_1_39' title='bbox 308 746 501 802; x_wconf 90' lang='lat' dir='ltr'><strong>incerti</strong></span> <span class='ocrx_word' id='word_1_40' title='bbox 525 763 715 801; x_wconf 91' lang='lat' dir='ltr'><strong>sumus</strong></span> <span class='ocrx_word' id='word_1_41' title='bbox 766 747 834 802; x_wconf 92' lang='lat' dir='ltr'><strong>de</strong></span> <span class='ocrx_word' id='word_1_42' title='bbox 872 747 981 803; x_wconf 91' lang='lat' dir='ltr'><strong>die.</strong></span> <span class='ocrx_word' id='word_1_43' title='bbox 1032 747 1337 821; x_wconf 81' lang='lat' dir='ltr'><strong>Vigilantes</strong></span> <span class='ocrx_word' id='word_1_44' title='bbox 1389 763 1491 802; x_wconf 85' lang='lat' dir='ltr'><strong>nos</strong></span> <span class='ocrx_word' id='word_1_45' title='bbox 1543 747 1782 805; x_wconf 76' lang='lat' dir='ltr'><strong>inveniat</strong></span> 
     </span>
    </p>
   </div>
   <div class='ocr_carea' id='block_1_8' title="bbox 184 835 1776 907">
    <p class='ocr_par' dir='ltr' id='par_1_8' title="bbox 184 835 1776 907">
     <span class='ocr_line' id='line_1_8' title="bbox 184 835 1776 907; baseline 0 -17"><span class='ocrx_word' id='word_1_46' title='bbox 184 843 438 891; x_wconf 85' lang='lat' dir='ltr'><strong>extrema</strong></span> <span class='ocrx_word' id='word_1_47' title='bbox 466 835 790 902; x_wconf 78' lang='lat' dir='ltr'><strong>necessitas,</strong></span> <span class='ocrx_word' id='word_1_48' title='bbox 820 853 943 907; x_wconf 74' lang='lat' dir='ltr'><strong>quae</strong></span> <span class='ocrx_word' id='word_1_49' title='bbox 959 853 1106 907; x_wconf 69' lang='lat' dir='ltr'><strong>saepe</strong></span> <span class='ocrx_word' id='word_1_50' title='bbox 1135 836 1400 907; x_wconf 65' lang='lat' dir='ltr'><strong>praevenit</strong></span> <span class='ocrx_word' id='word_1_51' title='bbox 1425 836 1776 891; x_wconf 88' lang='lat' dir='ltr'><strong>dormientes.</strong></span> 
     </span>
    </p>
   </div>
   <div class='ocr_carea' id='block_1_9' title="bbox 183 924 1779 998">
    <p class='ocr_par' dir='ltr' id='par_1_9' title="bbox 183 924 1779 998">
     <span class='ocr_line' id='line_1_9' title="bbox 183 924 1779 998; baseline 0.001 -20"><span class='ocrx_word' id='word_1_52' title='bbox 183 924 365 979; x_wconf 87' lang='lat' dir='ltr'><strong>Tarde</strong></span> <span class='ocrx_word' id='word_1_53' title='bbox 387 924 589 978; x_wconf 90' lang='lat' dir='ltr'><strong>etenim</strong></span> <span class='ocrx_word' id='word_1_54' title='bbox 618 940 719 979; x_wconf 90' lang='lat' dir='ltr'><strong>nos</strong></span> <span class='ocrx_word' id='word_1_55' title='bbox 748 924 893 979; x_wconf 93' lang='lat' dir='ltr'><strong>male</strong></span> <span class='ocrx_word' id='word_1_56' title='bbox 923 924 1105 998; x_wconf 78' lang='lat' dir='ltr'><strong>egisse</strong></span> <span class='ocrx_word' id='word_1_57' title='bbox 1126 925 1435 996; x_wconf 75' lang='lat' dir='ltr'><strong>pmnitebit,</strong></span> <span class='ocrx_word' id='word_1_58' title='bbox 1466 932 1519 980; x_wconf 89' lang='lat' dir='ltr'><strong>et</strong></span> <span class='ocrx_word' id='word_1_59' title='bbox 1550 941 1674 981; x_wconf 91' lang='lat' dir='ltr'><strong>cum</strong></span> <span class='ocrx_word' id='word_1_60' title='bbox 1691 924 1779 979; x_wconf 91' lang='lat' dir='ltr'><strong>die</strong></span> 
     </span>
    </p>
   </div>
   <div class='ocr_carea' id='block_1_10' title="bbox 185 1011 1779 1086">
    <p class='ocr_par' dir='ltr' id='par_1_10' title="bbox 185 1011 1779 1086">
     <span class='ocr_line' id='line_1_10' title="bbox 185 1011 1779 1086; baseline 0.001 -20"><span class='ocrx_word' id='word_1_61' title='bbox 185 1011 376 1067; x_wconf 90' lang='lat' dir='ltr'><strong>ultimo</strong></span> <span class='ocrx_word' id='word_1_62' title='bbox 400 1013 823 1083; x_wconf 85' lang='lat' dir='ltr'><strong>superveniente</strong></span> <span class='ocrx_word' id='word_1_63' title='bbox 851 1029 909 1068; x_wconf 90' lang='lat' dir='ltr'><strong>se</strong></span> <span class='ocrx_word' id='word_1_64' title='bbox 937 1012 1311 1085; x_wconf 88' lang='lat' dir='ltr'><strong>unusquisque</strong></span> <span class='ocrx_word' id='word_1_65' title='bbox 1360 1014 1603 1086; x_wconf 89' lang='lat' dir='ltr'><strong>separari</strong></span> <span class='ocrx_word' id='word_1_66' title='bbox 1632 1030 1661 1068; x_wconf 89' lang='lat' dir='ltr'><strong>a</strong></span> <span class='ocrx_word' id='word_1_67' title='bbox 1681 1028 1779 1069; x_wconf 91' lang='lat' dir='ltr'><strong>suo</strong></span> 
     </span>
    </p>
   </div>
   <div class='ocr_carea' id='block_1_11' title="bbox 187 1100 1779 1171">
    <p class='ocr_par' dir='ltr' id='par_1_11' title="bbox 187 1100 1779 1171">
     <span class='ocr_line' id='line_1_11' title="bbox 187 1100 1779 1171; baseline 0 -16"><span class='ocrx_word' id='word_1_68' title='bbox 187 1116 425 1171; x_wconf 60' lang='lat' dir='ltr'><strong>corpore</strong></span> <span class='ocrx_word' id='word_1_69' title='bbox 454 1101 666 1170; x_wconf 90' lang='lat' dir='ltr'><strong>viderit,</strong></span> <span class='ocrx_word' id='word_1_70' title='bbox 718 1117 841 1156; x_wconf 91' lang='lat' dir='ltr'><strong>cum</strong></span> <span class='ocrx_word' id='word_1_71' title='bbox 874 1102 977 1155; x_wconf 88' lang='lat' dir='ltr'><strong>sibi</strong></span> <span class='ocrx_word' id='word_1_72' title='bbox 1012 1102 1066 1156; x_wconf 92' lang='lat' dir='ltr'><strong>in</strong></span> <span class='ocrx_word' id='word_1_73' title='bbox 1124 1100 1229 1157; x_wconf 81' lang='lat' dir='ltr'><strong>fine</strong></span> <span class='ocrx_word' id='word_1_74' title='bbox 1258 1102 1449 1157; x_wconf 88' lang='lat' dir='ltr'><strong>oculos</strong></span> <span class='ocrx_word' id='word_1_75' title='bbox 1505 1101 1779 1158; x_wconf 90' lang='lat' dir='ltr'><strong>claudenti</strong></span> 
     </span>
    </p>
   </div>
   <div class='ocr_carea' id='block_1_12' title="bbox 186 1189 1774 1261">
    <p class='ocr_par' dir='ltr' id='par_1_12' title="bbox 186 1189 1774 1261">
     <span class='ocr_line' id='line_1_12' title="bbox 186 1189 1774 1261; baseline 0.001 -19"><span class='ocrx_word' id='word_1_76' title='bbox 186 1189 511 1261; x_wconf 85' lang='lat' dir='ltr'><strong>nigrescere</strong></span> <span class='ocrx_word' id='word_1_77' title='bbox 567 1196 619 1243; x_wconf 89' lang='lat' dir='ltr'><strong>et</strong></span> <span class='ocrx_word' id='word_1_78' title='bbox 676 1190 997 1245; x_wconf 86' lang='lat' dir='ltr'><strong>horrescere</strong></span> <span class='ocrx_word' id='word_1_79' title='bbox 1054 1205 1161 1245; x_wconf 88' lang='lat' dir='ltr'><strong>nox</strong></span> <span class='ocrx_word' id='word_1_80' title='bbox 1217 1198 1477 1261; x_wconf 87' lang='lat' dir='ltr'><strong>perpetua</strong></span> <span class='ocrx_word' id='word_1_81' title='bbox 1530 1190 1774 1261; x_wconf 59' lang='lat' dir='ltr'><strong>coeperit.</strong></span> 
     </span>
    </p>
   </div>
   <div class='ocr_carea' id='block_1_13' title="bbox 185 1278 1777 1345">
    <p class='ocr_par' dir='ltr' id='par_1_13' title="bbox 185 1278 1777 1345">
     <span class='ocr_line' id='line_1_13' title="bbox 185 1278 1777 1345; baseline 0.001 -14"><span class='ocrx_word' id='word_1_82' title='bbox 185 1278 363 1344; x_wconf 92' lang='lat' dir='ltr'><strong>Tunc,</strong></span> <span class='ocrx_word' id='word_1_83' title='bbox 398 1294 586 1333; x_wconf 91' lang='lat' dir='ltr'><strong>verum</strong></span> <span class='ocrx_word' id='word_1_84' title='bbox 621 1286 724 1344; x_wconf 91' lang='lat' dir='ltr'><strong>est,</strong></span> <span class='ocrx_word' id='word_1_85' title='bbox 774 1278 986 1333; x_wconf 87' lang='lat' dir='ltr'><strong>malitia</strong></span> <span class='ocrx_word' id='word_1_86' title='bbox 1037 1287 1229 1334; x_wconf 87' lang='lat' dir='ltr'><strong>nostra</strong></span> <span class='ocrx_word' id='word_1_87' title='bbox 1283 1279 1533 1345; x_wconf 86' lang='lat' dir='ltr'><strong>cessabit,</strong></span> <span class='ocrx_word' id='word_1_88' title='bbox 1582 1278 1777 1333; x_wconf 89' lang='lat' dir='ltr'><strong>mundi</strong></span> 
     </span>
    </p>
   </div>
   <div class='ocr_carea' id='block_1_14' title="bbox 182 1365 1778 1433">
    <p class='ocr_par' dir='ltr' id='par_1_14' title="bbox 182 1365 1778 1433">
     <span class='ocr_line' id='line_1_14' title="bbox 182 1365 1778 1433; baseline 0.001 -13"><span class='ocrx_word' id='word_1_89' title='bbox 182 1365 400 1420; x_wconf 82' lang='lat' dir='ltr'><strong>vanitas</strong></span> <span class='ocrx_word' id='word_1_90' title='bbox 456 1366 607 1423; x_wconf 89' lang='lat' dir='ltr'><strong>velut</strong></span> <span class='ocrx_word' id='word_1_91' title='bbox 662 1367 856 1421; x_wconf 88' lang='lat' dir='ltr'><strong>umbra</strong></span> <span class='ocrx_word' id='word_1_92' title='bbox 917 1365 1150 1433; x_wconf 85' lang='lat' dir='ltr'><strong>deficiet,</strong></span> <span class='ocrx_word' id='word_1_93' title='bbox 1210 1367 1445 1423; x_wconf 86' lang='lat' dir='ltr'><strong>carnalis</strong></span> <span class='ocrx_word' id='word_1_94' title='bbox 1493 1367 1778 1423; x_wconf 88' lang='lat' dir='ltr'><strong>delectatio</strong></span> 
     </span>
    </p>
   </div>
   <div class='ocr_carea' id='block_1_15' title="bbox 187 1454 1781 1528">
    <p class='ocr_par' dir='ltr' id='par_1_15' title="bbox 187 1454 1781 1528">
     <span class='ocr_line' id='line_1_15' title="bbox 187 1454 1781 1528; baseline 0.001 -20"><span class='ocrx_word' id='word_1_95' title='bbox 187 1455 347 1526; x_wconf 88' lang='lat' dir='ltr'><strong>quasi</strong></span> <span class='ocrx_word' id='word_1_96' title='bbox 382 1454 570 1510; x_wconf 85' lang='lat' dir='ltr'><strong>fumus</strong></span> <span class='ocrx_word' id='word_1_97' title='bbox 601 1463 917 1523; x_wconf 85' lang='lat' dir='ltr'><strong>evanescet,</strong></span> <span class='ocrx_word' id='word_1_98' title='bbox 939 1472 1039 1526; x_wconf 91' lang='lat' dir='ltr'><strong>pro</strong></span> <span class='ocrx_word' id='word_1_99' title='bbox 1056 1456 1260 1528; x_wconf 84' lang='lat' dir='ltr'><strong>quibus</strong></span> <span class='ocrx_word' id='word_1_100' title='bbox 1287 1457 1577 1528; x_wconf 88' lang='lat' dir='ltr'><strong>opprobria</strong></span> <span class='ocrx_word' id='word_1_101' title='bbox 1598 1456 1710 1512; x_wconf 86' lang='lat' dir='ltr'><strong>sola</strong></span> <span class='ocrx_word' id='word_1_102' title='bbox 1724 1460 1781 1510; x_wconf 90' lang='lat' dir='ltr'><strong>et</strong></span> 
     </span>
    </p>
   </div>
   <div class='ocr_carea' id='block_1_16' title="bbox 185 1542 1774 1610">
    <p class='ocr_par' dir='ltr' id='par_1_16' title="bbox 185 1542 1774 1610">
     <span class='ocr_line' id='line_1_16' title="bbox 185 1542 1774 1610; baseline 0 -12"><span class='ocrx_word' id='word_1_103' title='bbox 185 1542 417 1598; x_wconf 88' lang='lat' dir='ltr'><strong>crimina</strong></span> <span class='ocrx_word' id='word_1_104' title='bbox 446 1543 831 1610; x_wconf 88' lang='lat' dir='ltr'><strong>remanebunt,</strong></span> <span class='ocrx_word' id='word_1_105' title='bbox 857 1551 911 1599; x_wconf 89' lang='lat' dir='ltr'><strong>et</strong></span> <span class='ocrx_word' id='word_1_106' title='bbox 940 1551 1207 1599; x_wconf 88' lang='lat' dir='ltr'><strong>tormenta</strong></span> <span class='ocrx_word' id='word_1_107' title='bbox 1237 1544 1355 1599; x_wconf 90' lang='lat' dir='ltr'><strong>sine</strong></span> <span class='ocrx_word' id='word_1_108' title='bbox 1373 1543 1483 1598; x_wconf 84' lang='lat' dir='ltr'><strong>ﬁne</strong></span> <span class='ocrx_word' id='word_1_109' title='bbox 1496 1559 1774 1599; x_wconf 89' lang='lat' dir='ltr'><strong>mansura.</strong></span> 
     </span>
    </p>
   </div>
   <div class='ocr_carea' id='block_1_17' title="bbox 186 1630 1779 1705">
    <p class='ocr_par' dir='ltr' id='par_1_17' title="bbox 186 1630 1779 1705">
     <span class='ocr_line' id='line_1_17' title="bbox 186 1630 1779 1705; baseline 0.001 -19"><span class='ocrx_word' id='word_1_110' title='bbox 186 1630 234 1686; x_wconf 93' lang='grc' dir='ltr'>Ο</span> <span class='ocrx_word' id='word_1_111' title='bbox 267 1646 431 1702; x_wconf 89' lang='lat' dir='ltr'><strong>quam</strong></span> <span class='ocrx_word' id='word_1_112' title='bbox 460 1631 654 1686; x_wconf 80' lang='lat' dir='ltr'><strong>infelix</strong></span> <span class='ocrx_word' id='word_1_113' title='bbox 684 1632 789 1686; x_wconf 90' lang='lat' dir='ltr'><strong>erit</strong></span> <span class='ocrx_word' id='word_1_114' title='bbox 818 1632 995 1687; x_wconf 91' lang='lat' dir='ltr'><strong>anima</strong></span> <span class='ocrx_word' id='word_1_115' title='bbox 1022 1632 1134 1699; x_wconf 91' lang='lat' dir='ltr'><strong>illa,</strong></span> <span class='ocrx_word' id='word_1_116' title='bbox 1168 1632 1254 1687; x_wconf 91' lang='lat' dir='ltr'><strong>cui</strong></span> <span class='ocrx_word' id='word_1_117' title='bbox 1295 1648 1421 1688; x_wconf 89' lang='lat' dir='ltr'><strong>mox</strong></span> <span class='ocrx_word' id='word_1_118' title='bbox 1452 1648 1682 1705; x_wconf 86' lang='lat' dir='ltr'><strong>egressa</strong></span> <span class='ocrx_word' id='word_1_119' title='bbox 1711 1633 1779 1687; x_wconf 94' lang='lat' dir='ltr'><strong>de</strong></span> 
     </span>
    </p>
   </div>
   <div class='ocr_carea' id='block_1_18' title="bbox 183 1719 1779 1792">
    <p class='ocr_par' dir='ltr' id='par_1_18' title="bbox 183 1719 1779 1792">
     <span class='ocr_line' id='line_1_18' title="bbox 183 1719 1779 1792; baseline 0 -16"><span class='ocrx_word' id='word_1_120' title='bbox 183 1735 417 1790; x_wconf 72' lang='lat' dir='ltr'><strong>corpore</strong></span> <span class='ocrx_word' id='word_1_121' title='bbox 449 1719 715 1776; x_wconf 85' lang='lat' dir='ltr'><strong>insultare</strong></span> <span class='ocrx_word' id='word_1_122' title='bbox 754 1729 807 1776; x_wconf 89' lang='lat' dir='ltr'><strong>et</strong></span> <span class='ocrx_word' id='word_1_123' title='bbox 836 1721 1085 1776; x_wconf 89' lang='lat' dir='ltr'><strong>insistere</strong></span> <span class='ocrx_word' id='word_1_124' title='bbox 1114 1721 1377 1792; x_wconf 76' lang='lat' dir='ltr'><strong>cmperint</strong></span> <span class='ocrx_word' id='word_1_125' title='bbox 1431 1721 1779 1777; x_wconf 81' lang='lat' dir='ltr'><strong>infernalium</strong></span> 
     </span>
    </p>
   </div>
   <div class='ocr_carea' id='block_1_19' title="bbox 1889 564 3483 640">
    <p class='ocr_par' dir='ltr' id='par_1_19' title="bbox 1889 564 3483 640">
     <span class='ocr_line' id='line_1_19' title="bbox 1889 564 3483 640; baseline -0.001 -20"><span class='ocrx_word' id='word_1_126' title='bbox 1889 566 2021 621; x_wconf 90' lang='lat' dir='ltr'><strong>mihi</strong></span> <span class='ocrx_word' id='word_1_127' title='bbox 2051 567 2283 632; x_wconf 79' lang='lat' dir='ltr'><strong>videtur,</strong></span> <span class='ocrx_word' id='word_1_128' title='bbox 2317 574 2368 622; x_wconf 93' lang='lat' dir='ltr'><strong>et</strong></span> <span class='ocrx_word' id='word_1_129' title='bbox 2422 566 2539 638; x_wconf 89' lang='lat' dir='ltr'><strong>ipsa</strong></span> <span class='ocrx_word' id='word_1_130' title='bbox 2595 566 2765 640; x_wconf 80' lang='lat' dir='ltr'><strong>exigit</strong></span> <span class='ocrx_word' id='word_1_131' title='bbox 2794 567 2955 633; x_wconf 87' lang='lat' dir='ltr'><strong>ratio,</strong></span> <span class='ocrx_word' id='word_1_132' title='bbox 3016 572 3170 621; x_wconf 88' lang='lat' dir='ltr'><strong>tanto</strong></span> <span class='ocrx_word' id='word_1_133' title='bbox 3218 564 3483 636; x_wconf 79' lang='lat' dir='ltr'><strong>graviora</strong></span> 
     </span>
    </p>
   </div>
   <div class='ocr_carea' id='block_1_20' title="bbox 1888 654 3482 727">
    <p class='ocr_par' dir='ltr' id='par_1_20' title="bbox 1888 654 3482 727">
     <span class='ocr_line' id='line_1_20' title="bbox 1888 654 3482 727; baseline -0.002 -16"><span class='ocrx_word' id='word_1_134' title='bbox 1888 656 2039 727; x_wconf 88' lang='lat' dir='ltr'><strong>apud</strong></span> <span class='ocrx_word' id='word_1_135' title='bbox 2074 657 2243 711; x_wconf 80' lang='lat' dir='ltr'><strong>Deum</strong></span> <span class='ocrx_word' id='word_1_136' title='bbox 2274 663 2403 711; x_wconf 88' lang='lat' dir='ltr'><strong>sunt</strong></span> <span class='ocrx_word' id='word_1_137' title='bbox 2427 664 2614 710; x_wconf 90' lang='lat' dir='ltr'><strong>nostra</strong></span> <span class='ocrx_word' id='word_1_138' title='bbox 2633 655 2831 711; x_wconf 88' lang='lat' dir='ltr'><strong>delicta</strong></span> <span class='ocrx_word' id='word_1_139' title='bbox 2851 663 3052 727; x_wconf 90' lang='lat' dir='ltr'><strong>quanto</strong></span> <span class='ocrx_word' id='word_1_140' title='bbox 3088 655 3242 723; x_wconf 79' lang='lat'><strong>225</strong></span> <span class='ocrx_word' id='word_1_141' title='bbox 3276 654 3482 722; x_wconf 84' lang='lat' dir='ltr'><strong>majora</strong></span> 
     </span>
    </p>
   </div>
   <div class='ocr_carea' id='block_1_21' title="bbox 1890 742 3482 817">
    <p class='ocr_par' dir='ltr' id='par_1_21' title="bbox 1890 742 3482 817">
     <span class='ocr_line' id='line_1_21' title="bbox 1890 742 3482 817; baseline -0.003 -16"><span class='ocrx_word' id='word_1_142' title='bbox 1890 760 2027 817; x_wconf 80' lang='lat' dir='ltr'><strong>erga</strong></span> <span class='ocrx_word' id='word_1_143' title='bbox 2056 760 2157 800; x_wconf 90' lang='lat' dir='ltr'><strong>nos</strong></span> <span class='ocrx_word' id='word_1_144' title='bbox 2203 760 2262 799; x_wconf 88' lang='lat' dir='ltr'><strong>se</strong></span> <span class='ocrx_word' id='word_1_145' title='bbox 2312 744 2607 800; x_wconf 90' lang='lat' dir='ltr'><strong>ostendunt</strong></span> <span class='ocrx_word' id='word_1_146' title='bbox 2661 745 2776 813; x_wconf 88' lang='lat' dir='ltr'><strong>ejus</strong></span> <span class='ocrx_word' id='word_1_147' title='bbox 2824 742 3107 800; x_wconf 84' lang='lat' dir='ltr'><strong>beneﬁcia.</strong></span> <span class='ocrx_word' id='word_1_148' title='bbox 3167 743 3482 799; x_wconf 86' lang='lat' dir='ltr'><strong>Verendum</strong></span> 
     </span>
    </p>
   </div>
   <div class='ocr_carea' id='block_1_22' title="bbox 1890 831 3482 898">
    <p class='ocr_par' dir='ltr' id='par_1_22' title="bbox 1890 831 3482 898">
     <span class='ocr_line' id='line_1_22' title="bbox 1890 831 3482 898; baseline -0.003 -10"><span class='ocrx_word' id='word_1_149' title='bbox 1890 841 1975 888; x_wconf 90' lang='lat' dir='ltr'><strong>est</strong></span> <span class='ocrx_word' id='word_1_150' title='bbox 2008 834 2172 890; x_wconf 87' lang='lat' dir='ltr'><strong>etiam</strong></span> <span class='ocrx_word' id='word_1_151' title='bbox 2202 849 2271 888; x_wconf 91' lang='lat' dir='ltr'><strong>ne</strong></span> <span class='ocrx_word' id='word_1_152' title='bbox 2329 848 2520 889; x_wconf 85' lang='lat' dir='ltr'><strong>vocem</strong></span> <span class='ocrx_word' id='word_1_153' title='bbox 2548 833 2696 890; x_wconf 88' lang='lat' dir='ltr'><strong>illam</strong></span> <span class='ocrx_word' id='word_1_154' title='bbox 2751 833 3013 898; x_wconf 65' lang='lat' dir='ltr'><strong>gloriosa:</strong></span> <span class='ocrx_word' id='word_1_155' title='bbox 3064 831 3482 889; x_wconf 85' lang='lat' dir='ltr'><strong>resurrectionis</strong></span> 
     </span>
    </p>
   </div>
   <div class='ocr_carea' id='block_1_23' title="bbox 1892 921 3482 995">
    <p class='ocr_par' dir='ltr' id='par_1_23' title="bbox 1892 921 3482 995">
     <span class='ocr_line' id='line_1_23' title="bbox 1892 921 3482 995; baseline -0.001 -19"><span class='ocrx_word' id='word_1_156' title='bbox 1892 923 2137 993; x_wconf 88' lang='lat' dir='ltr'><strong>pretiosa</strong></span> <span class='ocrx_word' id='word_1_157' title='bbox 2166 922 2345 977; x_wconf 87' lang='lat' dir='ltr'><strong>crucis</strong></span> <span class='ocrx_word' id='word_1_158' title='bbox 2367 922 2602 995; x_wconf 81' lang='lat' dir='ltr'><strong>vestigia</strong></span> <span class='ocrx_word' id='word_1_159' title='bbox 2634 929 3047 991; x_wconf 86' lang='lat' dir='ltr'><strong>protestantem,</strong></span> <span class='ocrx_word' id='word_1_160' title='bbox 3081 922 3138 976; x_wconf 92' lang='lat' dir='ltr'><strong>in</strong></span> <span class='ocrx_word' id='word_1_161' title='bbox 3153 921 3363 992; x_wconf 86' lang='lat' dir='ltr'><strong>judicio</strong></span> <span class='ocrx_word' id='word_1_162' title='bbox 3381 935 3482 975; x_wconf 85' lang='lat' dir='ltr'><strong>suo</strong></span> 
     </span>
    </p>
   </div>
   <div class='ocr_carea' id='block_1_24' title="bbox 1889 1010 3479 1083">
    <p class='ocr_par' dir='ltr' id='par_1_24' title="bbox 1889 1010 3479 1083">
     <span class='ocr_line' id='line_1_24' title="bbox 1889 1010 3479 1083; baseline -0.002 -17"><span class='ocrx_word' id='word_1_163' title='bbox 1889 1012 1957 1066; x_wconf 89' lang='lat' dir='ltr'><strong>ad</strong></span> <span class='ocrx_word' id='word_1_164' title='bbox 1991 1026 2126 1066; x_wconf 83' lang='lat' dir='ltr'><strong>vasa</strong></span> <span class='ocrx_word' id='word_1_165' title='bbox 2156 1011 2449 1083; x_wconf 83' lang='lat' dir='ltr'><strong>iniquitatis</strong></span> <span class='ocrx_word' id='word_1_166' title='bbox 2503 1010 2808 1082; x_wconf 89' lang='lat' dir='ltr'><strong>prolaturus</strong></span> <span class='ocrx_word' id='word_1_167' title='bbox 2867 1011 2935 1065; x_wconf 90' lang='lat' dir='ltr'><strong>sit</strong></span> <span class='ocrx_word' id='word_1_168' title='bbox 2971 1018 3134 1083; x_wconf 89' lang='lat' dir='ltr'><strong>atque</strong></span> <span class='ocrx_word' id='word_1_169' title='bbox 3186 1010 3431 1066; x_wconf 90' lang='lat' dir='ltr'><strong>dicturus</strong></span> <span class='ocrx_word' id='word_1_170' title='bbox 3466 1023 3479 1063; x_wconf 89' lang='lat'>:</span> 
     </span>
    </p>
   </div>
   <div class='ocr_carea' id='block_1_25' title="bbox 1888 1100 3483 1171">
    <p class='ocr_par' dir='ltr' id='par_1_25' title="bbox 1888 1100 3483 1171">
     <span class='ocr_line' id='line_1_25' title="bbox 1888 1100 3483 1171; baseline 0 -17"><span class='ocrx_word' id='word_1_171' title='bbox 1888 1100 2293 1171; x_wconf 79' lang='lat' dir='ltr'><strong>Inferdigitum</strong></span> <span class='ocrx_word' id='word_1_172' title='bbox 2314 1104 2479 1156; x_wconf 85' lang='lat' dir='ltr'><strong>tuum</strong></span> <span class='ocrx_word' id='word_1_173' title='bbox 2497 1100 2688 1166; x_wconf 86' lang='lat' dir='ltr'><strong>huc,et</strong></span> <span class='ocrx_word' id='word_1_174' title='bbox 2700 1101 2821 1156; x_wconf 84' lang='lat' dir='ltr'><strong>vide</strong></span> <span class='ocrx_word' id='word_1_175' title='bbox 2837 1117 3042 1156; x_wconf 78' lang='lat' dir='ltr'><strong>manus</strong></span> <span class='ocrx_word' id='word_1_176' title='bbox 3054 1116 3206 1155; x_wconf 78' lang='lat' dir='ltr'><strong>meas</strong></span> <span class='ocrx_word' id='word_1_177' title='bbox 3224 1104 3311 1167; x_wconf 81' lang='lat' dir='ltr'><strong>;et</strong></span> <span class='ocrx_word' id='word_1_178' title='bbox 3327 1102 3483 1170; x_wconf 77' lang='lat' dir='ltr'><strong>affer</strong></span> 
     </span>
    </p>
   </div>
   <div class='ocr_carea' id='block_1_26' title="bbox 1886 1188 3478 1259">
    <p class='ocr_par' dir='ltr' id='par_1_26' title="bbox 1886 1188 3478 1259">
     <span class='ocr_line' id='line_1_26' title="bbox 1886 1188 3478 1259; baseline -0.003 -15"><span class='ocrx_word' id='word_1_179' title='bbox 1886 1205 2123 1244; x_wconf 86' lang='lat' dir='ltr'><strong>manum</strong></span> <span class='ocrx_word' id='word_1_180' title='bbox 2140 1193 2319 1256; x_wconf 84' lang='lat' dir='ltr'><strong>tuam,</strong></span> <span class='ocrx_word' id='word_1_181' title='bbox 2345 1193 2403 1244; x_wconf 84' lang='lat' dir='ltr'><strong>et</strong></span> <span class='ocrx_word' id='word_1_182' title='bbox 2420 1191 2587 1244; x_wconf 86' lang='lat' dir='ltr'><strong>mitte</strong></span> <span class='ocrx_word' id='word_1_183' title='bbox 2601 1190 2660 1243; x_wconf 83' lang='lat' dir='ltr'><strong>in</strong></span> <span class='ocrx_word' id='word_1_184' title='bbox 2685 1190 2839 1244; x_wconf 81' lang='lat' dir='ltr'><strong>latus</strong></span> <span class='ocrx_word' id='word_1_185' title='bbox 2855 1205 3045 1244; x_wconf 85' lang='lat' dir='ltr'><strong>meum</strong></span> <span class='ocrx_word' id='word_1_186' title='bbox 3065 1188 3478 1259; x_wconf 70' lang='lat' dir='ltr'><strong>(Joan.xx,2’7),</strong></span> 
     </span>
    </p>
   </div>
   <div class='ocr_carea' id='block_1_27' title="bbox 1885 1278 3482 1350">
    <p class='ocr_par' dir='ltr' id='par_1_27' title="bbox 1885 1278 3482 1350">
     <span class='ocr_line' id='line_1_27' title="bbox 1885 1278 3482 1350; baseline -0.002 -18"><span class='ocrx_word' id='word_1_187' title='bbox 1885 1285 1940 1332; x_wconf 93' lang='lat' dir='ltr'><strong>et</strong></span> <span class='ocrx_word' id='word_1_188' title='bbox 1969 1293 2210 1350; x_wconf 71' lang='lat' dir='ltr'><strong>agnosce</strong></span> <span class='ocrx_word' id='word_1_189' title='bbox 2232 1295 2353 1349; x_wconf 88' lang='lat' dir='ltr'><strong>quae</strong></span> <span class='ocrx_word' id='word_1_190' title='bbox 2371 1294 2472 1349; x_wconf 93' lang='lat' dir='ltr'><strong>pro</strong></span> <span class='ocrx_word' id='word_1_191' title='bbox 2502 1285 2554 1334; x_wconf 91' lang='lat' dir='ltr'><strong>te</strong></span> <span class='ocrx_word' id='word_1_192' title='bbox 2583 1286 2635 1334; x_wconf 90' lang='lat' dir='ltr'><strong>et</strong></span> <span class='ocrx_word' id='word_1_193' title='bbox 2655 1294 2685 1333; x_wconf 88' lang='lat' dir='ltr'><strong>a</strong></span> <span class='ocrx_word' id='word_1_194' title='bbox 2715 1286 2787 1345; x_wconf 91' lang='lat' dir='ltr'><strong>te,</strong></span> <span class='ocrx_word' id='word_1_195' title='bbox 2808 1278 3058 1349; x_wconf 86' lang='lat' dir='ltr'><strong>impietas</strong></span> <span class='ocrx_word' id='word_1_196' title='bbox 3080 1279 3482 1348; x_wconf 86' lang='lat' dir='ltr'><strong>humana,per-</strong></span> 
     </span>
    </p>
   </div>
   <div class='ocr_carea' id='block_1_28' title="bbox 1887 1364 3483 1438">
    <p class='ocr_par' dir='ltr' id='par_1_28' title="bbox 1887 1364 3483 1438">
     <span class='ocr_line' id='line_1_28' title="bbox 1887 1364 3483 1438; baseline -0.001 -18"><span class='ocrx_word' id='word_1_197' title='bbox 1887 1366 2131 1421; x_wconf 89' lang='lat' dir='ltr'><strong>tulerim.</strong></span> <span class='ocrx_word' id='word_1_198' title='bbox 2168 1367 2283 1422; x_wconf 87' lang='lat' dir='ltr'><strong>Hoc</strong></span> <span class='ocrx_word' id='word_1_199' title='bbox 2313 1370 2507 1423; x_wconf 85' lang='lat' dir='ltr'><strong>contra</strong></span> <span class='ocrx_word' id='word_1_200' title='bbox 2536 1366 2660 1422; x_wconf 90' lang='lat' dir='ltr'><strong>illos</strong></span> <span class='ocrx_word' id='word_1_201' title='bbox 2688 1367 2887 1422; x_wconf 90' lang='lat' dir='ltr'><strong>dictum</strong></span> <span class='ocrx_word' id='word_1_202' title='bbox 2920 1366 3006 1433; x_wconf 88' lang='lat' dir='ltr'><strong>sit,</strong></span> <span class='ocrx_word' id='word_1_203' title='bbox 3041 1366 3132 1438; x_wconf 91' lang='lat' dir='ltr'><strong>qui</strong></span> <span class='ocrx_word' id='word_1_204' title='bbox 3180 1365 3289 1420; x_wconf 90' lang='lat' dir='ltr'><strong>sibi</strong></span> <span class='ocrx_word' id='word_1_205' title='bbox 3319 1364 3483 1419; x_wconf 89' lang='lat' dir='ltr'><strong>nimis</strong></span> 
     </span>
    </p>
   </div>
   <div class='ocr_carea' id='block_1_29' title="bbox 1888 1454 3481 1526">
    <p class='ocr_par' dir='ltr' id='par_1_29' title="bbox 1888 1454 3481 1526">
     <span class='ocr_line' id='line_1_29' title="bbox 1888 1454 3481 1526; baseline -0.001 -17"><span class='ocrx_word' id='word_1_206' title='bbox 1888 1454 2237 1509; x_wconf 88' lang='lat' dir='ltr'><strong>blandiuntur</strong></span> <span class='ocrx_word' id='word_1_207' title='bbox 2292 1455 2362 1510; x_wconf 92' lang='lat' dir='ltr'><strong>de</strong></span> <span class='ocrx_word' id='word_1_208' title='bbox 2413 1455 2871 1526; x_wconf 85' lang='lat' dir='ltr'><strong>promissionibus</strong></span> <span class='ocrx_word' id='word_1_209' title='bbox 2956 1454 3371 1518; x_wconf 61' lang='lat' dir='ltr'><strong>misericordiae,</strong></span> <span class='ocrx_word' id='word_1_210' title='bbox 3428 1461 3481 1508; x_wconf 90' lang='lat' dir='ltr'><strong>et</strong></span> 
     </span>
    </p>
   </div>
   <div class='ocr_carea' id='block_1_30' title="bbox 1887 1542 3479 1614">
    <p class='ocr_par' dir='ltr' id='par_1_30' title="bbox 1887 1542 3479 1614">
     <span class='ocr_line' id='line_1_30' title="bbox 1887 1542 3479 1614; baseline -0.004 -13"><span class='ocrx_word' id='word_1_211' title='bbox 1887 1551 2241 1601; x_wconf 87' lang='lat' dir='ltr'><strong>contemnunt</strong></span> <span class='ocrx_word' id='word_1_212' title='bbox 2269 1544 2415 1599; x_wconf 85' lang='lat' dir='ltr'><strong>vires</strong></span> <span class='ocrx_word' id='word_1_213' title='bbox 2440 1545 2688 1613; x_wconf 67' lang='lat' dir='ltr'><strong>justitiaa.</strong></span> <span class='ocrx_word' id='word_1_214' title='bbox 2720 1545 2839 1599; x_wconf 89' lang='lat' dir='ltr'><strong>Non</strong></span> <span class='ocrx_word' id='word_1_215' title='bbox 2866 1552 2951 1599; x_wconf 84' lang='lat' dir='ltr'><strong>est</strong></span> <span class='ocrx_word' id='word_1_216' title='bbox 2982 1546 3129 1599; x_wconf 92' lang='lat' dir='ltr'><strong>Deus</strong></span> <span class='ocrx_word' id='word_1_217' title='bbox 3160 1543 3279 1597; x_wconf 88' lang='lat' dir='ltr'><strong>talis</strong></span> <span class='ocrx_word' id='word_1_218' title='bbox 3302 1542 3394 1614; x_wconf 91' lang='lat' dir='ltr'><strong>qui</strong></span> <span class='ocrx_word' id='word_1_219' title='bbox 3423 1542 3479 1596; x_wconf 89' lang='lat' dir='ltr'><strong>in</strong></span> 
     </span>
    </p>
   </div>
   <div class='ocr_carea' id='block_1_31' title="bbox 1885 1630 3482 1699">
    <p class='ocr_par' dir='ltr' id='par_1_31' title="bbox 1885 1630 3482 1699">
     <span class='ocr_line' id='line_1_31' title="bbox 1885 1630 3482 1699; baseline -0.001 -12"><span class='ocrx_word' id='word_1_220' title='bbox 1885 1647 1994 1687; x_wconf 91' lang='lat' dir='ltr'><strong>uno</strong></span> <span class='ocrx_word' id='word_1_221' title='bbox 2015 1647 2203 1687; x_wconf 89' lang='lat' dir='ltr'><strong>verum</strong></span> <span class='ocrx_word' id='word_1_222' title='bbox 2259 1632 2425 1699; x_wconf 83' lang='lat' dir='ltr'><strong>dicat,</strong></span> <span class='ocrx_word' id='word_1_223' title='bbox 2476 1632 2610 1687; x_wconf 92' lang='lat' dir='ltr'><strong>etin</strong></span> <span class='ocrx_word' id='word_1_224' title='bbox 2672 1632 2779 1688; x_wconf 87' lang='lat' dir='ltr'><strong>alio</strong></span> <span class='ocrx_word' id='word_1_225' title='bbox 2811 1632 3117 1688; x_wconf 87' lang='lat' dir='ltr'><strong>mentiatur.</strong></span> <span class='ocrx_word' id='word_1_226' title='bbox 3174 1632 3283 1687; x_wconf 88' lang='lat' dir='ltr'><strong>Sed</strong></span> <span class='ocrx_word' id='word_1_227' title='bbox 3339 1630 3482 1686; x_wconf 86' lang='lat' dir='ltr'><strong>sicut</strong></span> 
     </span>
    </p>
   </div>
   <div class='ocr_carea' id='block_1_32' title="bbox 1888 1719 3480 1793">
    <p class='ocr_par' dir='ltr' id='par_1_32' title="bbox 1888 1719 3480 1793">
     <span class='ocr_line' id='line_1_32' title="bbox 1888 1719 3480 1793; baseline -0.003 -16"><span class='ocrx_word' id='word_1_228' title='bbox 1888 1726 2097 1777; x_wconf 89' lang='lat' dir='ltr'><strong>certum</strong></span> <span class='ocrx_word' id='word_1_229' title='bbox 2128 1729 2210 1776; x_wconf 90' lang='lat' dir='ltr'><strong>est</strong></span> <span class='ocrx_word' id='word_1_230' title='bbox 2237 1721 2382 1793; x_wconf 87' lang='lat' dir='ltr'><strong>quod</strong></span> <span class='ocrx_word' id='word_1_231' title='bbox 2416 1721 2703 1793; x_wconf 86' lang='lat' dir='ltr'><strong>promittit,</strong></span> <span class='ocrx_word' id='word_1_232' title='bbox 2736 1721 2808 1776; x_wconf 85' lang='lat' dir='ltr'><strong>ita</strong></span> <span class='ocrx_word' id='word_1_233' title='bbox 2846 1729 3054 1778; x_wconf 87' lang='lat' dir='ltr'><strong>certum</strong></span> <span class='ocrx_word' id='word_1_234' title='bbox 3112 1728 3198 1776; x_wconf 89' lang='lat' dir='ltr'><strong>est</strong></span> <span class='ocrx_word' id='word_1_235' title='bbox 3226 1729 3279 1776; x_wconf 90' lang='lat' dir='ltr'><strong>et</strong></span> <span class='ocrx_word' id='word_1_236' title='bbox 3334 1719 3480 1791; x_wconf 89' lang='lat' dir='ltr'><strong>quod</strong></span> 
     </span>
    </p>
   </div>
   <div class='ocr_carea' id='block_1_33' title="bbox 184 1807 3481 1893">
    <p class='ocr_par' dir='ltr' id='par_1_33' title="bbox 184 1807 3481 1893">
     <span class='ocr_line' id='line_1_33' title="bbox 184 1807 3481 1893; baseline -0.001 -29"><span class='ocrx_word' id='word_1_237' title='bbox 184 1807 318 1864; x_wconf 67' lang='lat' dir='ltr'><strong>dirae</strong></span> <span class='ocrx_word' id='word_1_238' title='bbox 345 1809 513 1865; x_wconf 82' lang='lat' dir='ltr'><strong>facies</strong></span> <span class='ocrx_word' id='word_1_239' title='bbox 546 1810 913 1865; x_wconf 78' lang='lat' dir='ltr'><strong>ministrorum</strong></span> <span class='ocrx_word' id='word_1_240' title='bbox 949 1811 961 1864; x_wconf 91' lang='lat' dir='ltr'><strong>l</strong></span> <span class='ocrx_word' id='word_1_241' title='bbox 991 1826 1115 1865; x_wconf 92' lang='lat' dir='ltr'><strong>cum</strong></span> <span class='ocrx_word' id='word_1_242' title='bbox 1164 1811 1327 1865; x_wconf 86' lang='lat' dir='ltr'><strong>rebus</strong></span> <span class='ocrx_word' id='word_1_243' title='bbox 1353 1811 1600 1865; x_wconf 87' lang='lat' dir='ltr'><strong>humanis</strong></span> <span class='ocrx_word' id='word_1_244' title='bbox 1654 1810 1778 1866; x_wconf 89' lang='lat' dir='ltr'><strong>vale</strong></span> <span class='ocrx_word' id='word_1_245' title='bbox 1807 1830 1861 1893; x_wconf 81' lang='grc' dir='ltr'>Β</span> <span class='ocrx_word' id='word_1_246' title='bbox 1889 1810 2006 1879; x_wconf 90' lang='lat' dir='ltr'><strong>ipse</strong></span> <span class='ocrx_word' id='word_1_247' title='bbox 2036 1810 2292 1864; x_wconf 85' lang='lat' dir='ltr'><strong>minatur.</strong></span> <span class='ocrx_word' id='word_1_248' title='bbox 2327 1810 2397 1864; x_wconf 84' lang='lat' dir='ltr'><strong>Et</strong></span> <span class='ocrx_word' id='word_1_249' title='bbox 2425 1810 2570 1877; x_wconf 86' lang='lat' dir='ltr'><strong>ideo,</strong></span> <span class='ocrx_word' id='word_1_250' title='bbox 2600 1810 2960 1876; x_wconf 89' lang='lat' dir='ltr'><strong>dilectissimi,</strong></span> <span class='ocrx_word' id='word_1_251' title='bbox 2994 1812 3168 1865; x_wconf 91' lang='lat' dir='ltr'><strong>Deum</strong></span> <span class='ocrx_word' id='word_1_252' title='bbox 3197 1824 3262 1866; x_wconf 87' lang='lat' dir='ltr'><strong>ac</strong></span> <span class='ocrx_word' id='word_1_253' title='bbox 3293 1807 3481 1864; x_wconf 91' lang='lat' dir='ltr'><strong>Domi-</strong></span> 
     </span>
    </p>
   </div>
   <div class='ocr_carea' id='block_1_34' title="bbox 185 1897 1778 1967">
    <p class='ocr_par' dir='ltr' id='par_1_34' title="bbox 185 1897 1778 1967">
     <span class='ocr_line' id='line_1_34' title="bbox 185 1897 1778 1967; baseline 0.002 -16"><span class='ocrx_word' id='word_1_254' title='bbox 185 1897 437 1953; x_wconf 90' lang='lat' dir='ltr'><strong>ultimum</strong></span> <span class='ocrx_word' id='word_1_255' title='bbox 470 1898 679 1965; x_wconf 90' lang='lat' dir='ltr'><strong>dicens,</strong></span> <span class='ocrx_word' id='word_1_256' title='bbox 738 1908 970 1954; x_wconf 89' lang='lat' dir='ltr'><strong>mortem</strong></span> <span class='ocrx_word' id='word_1_257' title='bbox 1001 1908 1127 1954; x_wconf 89' lang='lat' dir='ltr'><strong>ante</strong></span> <span class='ocrx_word' id='word_1_258' title='bbox 1149 1916 1213 1954; x_wconf 89' lang='lat' dir='ltr'><strong>se</strong></span> <span class='ocrx_word' id='word_1_259' title='bbox 1245 1900 1470 1967; x_wconf 89' lang='lat' dir='ltr'><strong>habens,</strong></span> <span class='ocrx_word' id='word_1_260' title='bbox 1501 1904 1558 1955; x_wconf 83' lang='lat' dir='ltr'><strong>et</strong></span> <span class='ocrx_word' id='word_1_261' title='bbox 1612 1899 1778 1955; x_wconf 84' lang='lat' dir='ltr'><strong>vitam</strong></span> 
     </span>
    </p>
   </div>
   <div class='ocr_carea' id='block_1_35' title="bbox 182 1986 1781 2058">
    <p class='ocr_par' dir='ltr' id='par_1_35' title="bbox 182 1986 1781 2058">
     <span class='ocr_line' id='line_1_35' title="bbox 182 1986 1781 2058; baseline 0.001 -17"><span class='ocrx_word' id='word_1_262' title='bbox 182 1994 310 2056; x_wconf 91' lang='lat' dir='ltr'><strong>post</strong></span> <span class='ocrx_word' id='word_1_263' title='bbox 337 2002 397 2041; x_wconf 91' lang='lat' dir='ltr'><strong>se</strong></span> <span class='ocrx_word' id='word_1_264' title='bbox 423 1986 762 2058; x_wconf 90' lang='lat' dir='ltr'><strong>relinquens,</strong></span> <span class='ocrx_word' id='word_1_265' title='bbox 797 1987 851 2041; x_wconf 81' lang='lat' dir='ltr'><strong>in</strong></span> <span class='ocrx_word' id='word_1_266' title='bbox 881 1987 1016 2042; x_wconf 88' lang='lat' dir='ltr'><strong>illud</strong></span> <span class='ocrx_word' id='word_1_267' title='bbox 1048 1988 1460 2053; x_wconf 89' lang='lat' dir='ltr'><strong>horrendum,et</strong></span> <span class='ocrx_word' id='word_1_268' title='bbox 1506 1988 1593 2043; x_wconf 84' lang='lat' dir='ltr'><strong>vix</strong></span> <span class='ocrx_word' id='word_1_269' title='bbox 1608 1987 1781 2043; x_wconf 90' lang='lat' dir='ltr'><strong>oculis</strong></span> 
     </span>
    </p>
   </div>
   <div class='ocr_carea' id='block_1_36' title="bbox 181 2074 1778 2148">
    <p class='ocr_par' dir='ltr' id='par_1_36' title="bbox 181 2074 1778 2148">
     <span class='ocr_line' id='line_1_36' title="bbox 181 2074 1778 2148; baseline 0.001 -19"><span class='ocrx_word' id='word_1_270' title='bbox 181 2074 561 2145; x_wconf 77' lang='lat' dir='ltr'><strong>attingendum</strong></span> <span class='ocrx_word' id='word_1_271' title='bbox 593 2077 938 2145; x_wconf 81' lang='lat' dir='ltr'><strong>pertrahetur</strong></span> <span class='ocrx_word' id='word_1_272' title='bbox 966 2076 1315 2146; x_wconf 76' lang='lat' dir='ltr'><strong>profundum.</strong></span> <span class='ocrx_word' id='word_1_273' title='bbox 1340 2077 1459 2132; x_wconf 88' lang='lat' dir='ltr'><strong>Heu</strong></span> <span class='ocrx_word' id='word_1_274' title='bbox 1483 2075 1495 2131; x_wconf 87' lang='lat' dir='ltr'><strong>l</strong></span> <span class='ocrx_word' id='word_1_275' title='bbox 1523 2084 1778 2148; x_wconf 84' lang='lat' dir='ltr'><strong>quantum</strong></span> 
     </span>
    </p>
   </div>
   <div class='ocr_carea' id='block_1_37' title="bbox 178 2163 1775 2237">
    <p class='ocr_par' dir='ltr' id='par_1_37' title="bbox 178 2163 1775 2237">
     <span class='ocr_line' id='line_1_37' title="bbox 178 2163 1775 2237; baseline 0 -18"><span class='ocrx_word' id='word_1_276' title='bbox 178 2163 418 2235; x_wconf 89' lang='lat' dir='ltr'><strong>perdidit</strong></span> <span class='ocrx_word' id='word_1_277' title='bbox 471 2164 732 2237; x_wconf 78' lang='lat' dir='ltr'><strong>gaudium</strong></span> <span class='ocrx_word' id='word_1_278' title='bbox 806 2169 1015 2220; x_wconf 86' lang='lat' dir='ltr'><strong>tantum</strong></span> <span class='ocrx_word' id='word_1_279' title='bbox 1069 2173 1370 2237; x_wconf 85' lang='lat' dir='ltr'><strong>exceptura</strong></span> <span class='ocrx_word' id='word_1_280' title='bbox 1424 2164 1775 2236; x_wconf 87' lang='lat' dir='ltr'><strong>supplicium.</strong></span> 
     </span>
    </p>
   </div>
   <div class='ocr_carea' id='block_1_38' title="bbox 184 2259 1780 2333">
    <p class='ocr_par' dir='ltr' id='par_1_38' title="bbox 184 2259 1780 2333">
     <span class='ocr_line' id='line_1_38' title="bbox 184 2259 1780 2333; baseline 0.003 -20"><span class='ocrx_word' id='word_1_281' title='bbox 184 2259 325 2329; x_wconf 85' lang='lat' dir='ltr'><strong>Quid</strong></span> <span class='ocrx_word' id='word_1_282' title='bbox 360 2267 489 2316; x_wconf 90' lang='lat' dir='ltr'><strong>tunc</strong></span> <span class='ocrx_word' id='word_1_283' title='bbox 519 2260 689 2315; x_wconf 86' lang='lat' dir='ltr'><strong>animi</strong></span> <span class='ocrx_word' id='word_1_284' title='bbox 717 2261 957 2328; x_wconf 87' lang='lat' dir='ltr'><strong>habebit,</strong></span> <span class='ocrx_word' id='word_1_285' title='bbox 989 2277 1114 2318; x_wconf 91' lang='lat' dir='ltr'><strong>cum</strong></span> <span class='ocrx_word' id='word_1_286' title='bbox 1143 2278 1342 2333; x_wconf 89' lang='lat' dir='ltr'><strong>corpus</strong></span> <span class='ocrx_word' id='word_1_287' title='bbox 1371 2278 1529 2317; x_wconf 89' lang='lat' dir='ltr'><strong>suum</strong></span> <span class='ocrx_word' id='word_1_288' title='bbox 1557 2261 1780 2332; x_wconf 87' lang='lat' dir='ltr'><strong>recipiet</strong></span> 
     </span>
    </p>
   </div>
   <div class='ocr_carea' id='block_1_39' title="bbox 182 2348 1780 2423">
    <p class='ocr_par' dir='ltr' id='par_1_39' title="bbox 182 2348 1780 2423">
     <span class='ocr_line' id='line_1_39' title="bbox 182 2348 1780 2423; baseline 0.002 -21"><span class='ocrx_word' id='word_1_289' title='bbox 182 2348 253 2402; x_wconf 92' lang='lat' dir='ltr'><strong>ad</strong></span> <span class='ocrx_word' id='word_1_290' title='bbox 274 2356 494 2403; x_wconf 69' lang='lat' dir='ltr'><strong>aeternae</strong></span> <span class='ocrx_word' id='word_1_291' title='bbox 516 2348 881 2405; x_wconf 86' lang='lat' dir='ltr'><strong>damnationis</strong></span> <span class='ocrx_word' id='word_1_292' title='bbox 896 2359 1248 2423; x_wconf 85' lang='lat' dir='ltr'><strong>augmentum</strong></span> <span class='ocrx_word' id='word_1_293' title='bbox 1266 2351 1294 2405; x_wconf 81' lang='lat'><strong>?</strong></span> <span class='ocrx_word' id='word_1_294' title='bbox 1316 2352 1417 2406; x_wconf 93' lang='lat' dir='ltr'><strong>Illo</strong></span> <span class='ocrx_word' id='word_1_295' title='bbox 1434 2351 1521 2406; x_wconf 93' lang='lat' dir='ltr'><strong>die</strong></span> <span class='ocrx_word' id='word_1_296' title='bbox 1542 2366 1780 2422; x_wconf 60' lang='lat' dir='ltr'><strong>praesen-</strong></span> 
     </span>
    </p>
   </div>
   <div class='ocr_carea' id='block_1_40' title="bbox 181 2437 1777 2513">
    <p class='ocr_par' dir='ltr' id='par_1_40' title="bbox 181 2437 1777 2513">
     <span class='ocr_line' id='line_1_40' title="bbox 181 2437 1777 2513; baseline 0.002 -22"><span class='ocrx_word' id='word_1_297' title='bbox 181 2437 386 2493; x_wconf 89' lang='lat' dir='ltr'><strong>tabitur</strong></span> <span class='ocrx_word' id='word_1_298' title='bbox 412 2445 538 2492; x_wconf 90' lang='lat' dir='ltr'><strong>ante</strong></span> <span class='ocrx_word' id='word_1_299' title='bbox 569 2438 774 2509; x_wconf 83' lang='lat' dir='ltr'><strong>Regem</strong></span> <span class='ocrx_word' id='word_1_300' title='bbox 832 2440 1180 2506; x_wconf 83' lang='lat' dir='ltr'><strong>saeculorum,</strong></span> <span class='ocrx_word' id='word_1_301' title='bbox 1213 2455 1403 2495; x_wconf 91' lang='lat' dir='ltr'><strong>eorum</strong></span> <span class='ocrx_word' id='word_1_302' title='bbox 1429 2456 1550 2511; x_wconf 80' lang='lat' dir='ltr'><strong>quae</strong></span> <span class='ocrx_word' id='word_1_303' title='bbox 1606 2440 1777 2513; x_wconf 79' lang='lat' dir='ltr'><strong>gessit</strong></span> 
     </span>
    </p>
   </div>
   <div class='ocr_carea' id='block_1_41' title="bbox 181 2532 1777 2608">
    <p class='ocr_par' dir='ltr' id='par_1_41' title="bbox 181 2532 1777 2608">
     <span class='ocr_line' id='line_1_41' title="bbox 181 2532 1777 2608; baseline 0.003 -19"><span class='ocrx_word' id='word_1_304' title='bbox 181 2532 240 2589; x_wconf 90' lang='lat' dir='ltr'><strong>in</strong></span> <span class='ocrx_word' id='word_1_305' title='bbox 271 2549 503 2604; x_wconf 88' lang='lat' dir='ltr'><strong>corpore</strong></span> <span class='ocrx_word' id='word_1_306' title='bbox 534 2535 800 2591; x_wconf 89' lang='lat' dir='ltr'><strong>rationem</strong></span> <span class='ocrx_word' id='word_1_307' title='bbox 855 2536 1158 2592; x_wconf 89' lang='lat' dir='ltr'><strong>redditura.</strong></span> <span class='ocrx_word' id='word_1_308' title='bbox 1201 2537 1310 2592; x_wconf 90' lang='lat' dir='ltr'><strong>Sed</strong></span> <span class='ocrx_word' id='word_1_309' title='bbox 1367 2538 1499 2608; x_wconf 87' lang='lat' dir='ltr'><strong>quia</strong></span> <span class='ocrx_word' id='word_1_310' title='bbox 1530 2535 1677 2591; x_wconf 90' lang='lat' dir='ltr'><strong>nulla</strong></span> <span class='ocrx_word' id='word_1_311' title='bbox 1707 2536 1777 2593; x_wconf 90' lang='lat' dir='ltr'><strong>ad</strong></span> 
     </span>
    </p>
   </div>
   <div class='ocr_carea' id='block_1_42' title="bbox 178 2630 1776 2705">
    <p class='ocr_par' dir='ltr' id='par_1_42' title="bbox 178 2630 1776 2705">
     <span class='ocr_line' id='line_1_42' title="bbox 178 2630 1776 2705; baseline 0.003 -21"><span class='ocrx_word' id='word_1_312' title='bbox 178 2630 644 2701; x_wconf 87' lang='lat' dir='ltr'><strong>comparationem</strong></span> <span class='ocrx_word' id='word_1_313' title='bbox 676 2632 942 2687; x_wconf 88' lang='lat' dir='ltr'><strong>malorum</strong></span> <span class='ocrx_word' id='word_1_314' title='bbox 975 2632 1121 2688; x_wconf 92' lang='lat' dir='ltr'><strong>bona</strong></span> <span class='ocrx_word' id='word_1_315' title='bbox 1160 2641 1431 2688; x_wconf 89' lang='lat' dir='ltr'><strong>ostentare</strong></span> <span class='ocrx_word' id='word_1_316' title='bbox 1450 2634 1673 2705; x_wconf 87' lang='lat' dir='ltr'><strong>poterit,</strong></span> <span class='ocrx_word' id='word_1_317' title='bbox 1706 2634 1776 2689; x_wconf 89' lang='lat' dir='ltr'><strong>ab</strong></span> 
     </span>
    </p>
   </div>
   <div class='ocr_carea' id='block_1_43' title="bbox 178 2720 1775 2794">
    <p class='ocr_par' dir='ltr' id='par_1_43' title="bbox 178 2720 1775 2794">
     <span class='ocr_line' id='line_1_43' title="bbox 178 2720 1775 2794; baseline 0.004 -23"><span class='ocrx_word' id='word_1_318' title='bbox 178 2720 299 2789; x_wconf 89' lang='lat' dir='ltr'><strong>ipsa</strong></span> <span class='ocrx_word' id='word_1_319' title='bbox 326 2727 530 2775; x_wconf 71' lang='lat' dir='ltr'><strong>sancta:</strong></span> <span class='ocrx_word' id='word_1_320' title='bbox 559 2720 825 2775; x_wconf 65' lang='lat' dir='ltr'><strong>Ecclesiae</strong></span> <span class='ocrx_word' id='word_1_321' title='bbox 855 2720 1039 2776; x_wconf 90' lang='lat' dir='ltr'><strong>radice</strong></span> <span class='ocrx_word' id='word_1_322' title='bbox 1062 2722 1403 2791; x_wconf 87' lang='lat' dir='ltr'><strong>praecidetur,</strong></span> <span class='ocrx_word' id='word_1_323' title='bbox 1433 2726 1775 2794; x_wconf 89' lang='lat' dir='ltr'><strong>etnunquam</strong></span> 
     </span>
    </p>
   </div>
   <div class='ocr_carea' id='block_1_44' title="bbox 177 2812 1775 2889">
    <p class='ocr_par' dir='ltr' id='par_1_44' title="bbox 177 2812 1775 2889">
     <span class='ocr_line' id='line_1_44' title="bbox 177 2812 1775 2889; baseline 0.003 -21"><span class='ocrx_word' id='word_1_324' title='bbox 177 2812 505 2884; x_wconf 78' lang='lat' dir='ltr'><strong>eﬁ&#39;ugiendis</strong></span> <span class='ocrx_word' id='word_1_325' title='bbox 534 2815 799 2886; x_wconf 71' lang='lat' dir='ltr'><strong>gehennae</strong></span> <span class='ocrx_word' id='word_1_326' title='bbox 827 2815 1046 2889; x_wconf 80' lang='lat' dir='ltr'><strong>ignibus</strong></span> <span class='ocrx_word' id='word_1_327' title='bbox 1076 2816 1321 2871; x_wconf 88' lang='lat' dir='ltr'><strong>tradetur</strong></span> <span class='ocrx_word' id='word_1_328' title='bbox 1346 2824 1611 2887; x_wconf 89' lang='lat' dir='ltr'><strong>perpetuo</strong></span> <span class='ocrx_word' id='word_1_329' title='bbox 1645 2832 1775 2872; x_wconf 89' lang='lat' dir='ltr'><strong>cru-</strong></span> 
     </span>
    </p>
   </div>
   <div class='ocr_carea' id='block_1_45' title="bbox 178 2909 1777 2986">
    <p class='ocr_par' dir='ltr' id='par_1_45' title="bbox 178 2909 1777 2986">
     <span class='ocr_line' id='line_1_45' title="bbox 178 2909 1777 2986; baseline 0.001 -19"><span class='ocrx_word' id='word_1_330' title='bbox 178 2910 397 2967; x_wconf 88' lang='lat' dir='ltr'><strong>cianda.</strong></span> <span class='ocrx_word' id='word_1_331' title='bbox 430 2909 484 2968; x_wconf 95' lang='grc' dir='ltr'>Ο</span> <span class='ocrx_word' id='word_1_332' title='bbox 528 2927 688 2984; x_wconf 90' lang='lat' dir='ltr'><strong>quam</strong></span> <span class='ocrx_word' id='word_1_333' title='bbox 738 2911 916 2980; x_wconf 87' lang='lat' dir='ltr'><strong>triste,</strong></span> <span class='ocrx_word' id='word_1_334' title='bbox 950 2930 1112 2986; x_wconf 89' lang='lat' dir='ltr'><strong>quam</strong></span> <span class='ocrx_word' id='word_1_335' title='bbox 1168 2914 1400 2986; x_wconf 75' lang='lat' dir='ltr'><strong>lugubre</strong></span> <span class='ocrx_word' id='word_1_336' title='bbox 1449 2915 1601 2970; x_wconf 90' lang='lat' dir='ltr'><strong>erita</strong></span> <span class='ocrx_word' id='word_1_337' title='bbox 1630 2914 1777 2970; x_wconf 91' lang='lat' dir='ltr'><strong>dulci</strong></span> 
     </span>
    </p>
   </div>
   <div class='ocr_carea' id='block_1_46' title="bbox 179 3009 1777 3085">
    <p class='ocr_par' dir='ltr' id='par_1_46' title="bbox 179 3009 1777 3085">
     <span class='ocr_line' id='line_1_46' title="bbox 179 3009 1777 3085; baseline 0.003 -22"><span class='ocrx_word' id='word_1_338' title='bbox 179 3009 378 3082; x_wconf 79' lang='lat' dir='ltr'><strong>intuitu</strong></span> <span class='ocrx_word' id='word_1_339' title='bbox 407 3018 719 3067; x_wconf 89' lang='lat' dir='ltr'><strong>sanctorum</strong></span> <span class='ocrx_word' id='word_1_340' title='bbox 778 3010 1044 3082; x_wconf 87' lang='lat' dir='ltr'><strong>separari,</strong></span> <span class='ocrx_word' id='word_1_341' title='bbox 1078 3020 1128 3067; x_wconf 86' lang='lat' dir='ltr'><strong>et</strong></span> <span class='ocrx_word' id='word_1_342' title='bbox 1174 3029 1337 3085; x_wconf 88' lang='lat' dir='ltr'><strong>quam</strong></span> <span class='ocrx_word' id='word_1_343' title='bbox 1394 3013 1638 3069; x_wconf 85' lang='lat' dir='ltr'><strong>terribile</strong></span> <span class='ocrx_word' id='word_1_344' title='bbox 1668 3012 1777 3067; x_wconf 93' lang='lat' dir='ltr'><strong>im-</strong></span> 
     </span>
    </p>
   </div>
   <div class='ocr_carea' id='block_1_47' title="bbox 178 3098 1775 3175">
    <p class='ocr_par' dir='ltr' id='par_1_47' title="bbox 178 3098 1775 3175">
     <span class='ocr_line' id='line_1_47' title="bbox 178 3098 1775 3175; baseline 0.001 -22"><span class='ocrx_word' id='word_1_345' title='bbox 178 3098 511 3154; x_wconf 90' lang='lat' dir='ltr'><strong>mundorum</strong></span> <span class='ocrx_word' id='word_1_346' title='bbox 543 3098 826 3168; x_wconf 87' lang='lat' dir='ltr'><strong>spirituum</strong></span> <span class='ocrx_word' id='word_1_347' title='bbox 858 3101 1168 3172; x_wconf 84' lang='lat' dir='ltr'><strong>agminibus</strong></span> <span class='ocrx_word' id='word_1_348' title='bbox 1188 3101 1384 3158; x_wconf 87' lang='lat' dir='ltr'><strong>sociari</strong></span> <span class='ocrx_word' id='word_1_349' title='bbox 1418 3101 1431 3157; x_wconf 87' lang='lat'><strong>!</strong></span> <span class='ocrx_word' id='word_1_350' title='bbox 1467 3102 1662 3175; x_wconf 90' lang='lat' dir='ltr'><strong>quibus</strong></span> <span class='ocrx_word' id='word_1_351' title='bbox 1684 3101 1775 3174; x_wconf 91' lang='lat' dir='ltr'><strong>qui</strong></span> 
     </span>
    </p>
   </div>
   <div class='ocr_carea' id='block_1_48' title="bbox 178 3187 1852 3262">
    <p class='ocr_par' dir='ltr' id='par_1_48' title="bbox 178 3187 1852 3262">
     <span class='ocr_line' id='line_1_48' title="bbox 178 3187 1852 3262; baseline 0.002 -19"><span class='ocrx_word' id='word_1_352' title='bbox 178 3187 495 3255; x_wconf 87' lang='lat' dir='ltr'><strong>sociabitur,</strong></span> <span class='ocrx_word' id='word_1_353' title='bbox 536 3190 700 3257; x_wconf 85' lang='lat'><strong>224</strong></span> <span class='ocrx_word' id='word_1_354' title='bbox 734 3188 952 3243; x_wconf 88' lang='lat' dir='ltr'><strong>beatum</strong></span> <span class='ocrx_word' id='word_1_355' title='bbox 981 3207 1040 3245; x_wconf 91' lang='lat' dir='ltr'><strong>se</strong></span> <span class='ocrx_word' id='word_1_356' title='bbox 1054 3190 1278 3255; x_wconf 89' lang='lat' dir='ltr'><strong>diceret,</strong></span> <span class='ocrx_word' id='word_1_357' title='bbox 1300 3190 1386 3256; x_wconf 89' lang='lat' dir='ltr'><strong>sit,</strong></span> <span class='ocrx_word' id='word_1_358' title='bbox 1408 3200 1464 3245; x_wconf 91' lang='lat' dir='ltr'><strong>ut</strong></span> <span class='ocrx_word' id='word_1_359' title='bbox 1492 3191 1773 3262; x_wconf 89' lang='lat' dir='ltr'><strong>quodlibet</strong></span> <span class='ocrx_word' id='word_1_360' title='bbox 1803 3188 1852 3252; x_wconf 91' lang='lat' dir='ltr'>C</span> 
     </span>
    </p>
   </div>
   <div class='ocr_carea' id='block_1_49' title="bbox 178 3275 1769 3349">
    <p class='ocr_par' dir='ltr' id='par_1_49' title="bbox 178 3275 1769 3349">
     <span class='ocr_line' id='line_1_49' title="bbox 178 3275 1769 3349; baseline 0.003 -19"><span class='ocrx_word' id='word_1_361' title='bbox 178 3275 394 3330; x_wconf 90' lang='lat' dir='ltr'><strong>brutum</strong></span> <span class='ocrx_word' id='word_1_362' title='bbox 425 3275 647 3346; x_wconf 89' lang='lat' dir='ltr'><strong>animal,</strong></span> <span class='ocrx_word' id='word_1_363' title='bbox 698 3276 756 3330; x_wconf 90' lang='lat' dir='ltr'><strong>in</strong></span> <span class='ocrx_word' id='word_1_364' title='bbox 788 3277 971 3332; x_wconf 86' lang='lat' dir='ltr'><strong>anima</strong></span> <span class='ocrx_word' id='word_1_365' title='bbox 1001 3286 1051 3332; x_wconf 90' lang='lat' dir='ltr'><strong>et</strong></span> <span class='ocrx_word' id='word_1_366' title='bbox 1080 3279 1133 3331; x_wconf 90' lang='lat' dir='ltr'><strong>in</strong></span> <span class='ocrx_word' id='word_1_367' title='bbox 1187 3293 1423 3349; x_wconf 89' lang='lat' dir='ltr'><strong>corpore</strong></span> <span class='ocrx_word' id='word_1_368' title='bbox 1452 3280 1594 3334; x_wconf 88' lang='lat' dir='ltr'><strong>mori</strong></span> <span class='ocrx_word' id='word_1_369' title='bbox 1618 3278 1769 3335; x_wconf 89' lang='lat' dir='ltr'><strong>vale-</strong></span> 
     </span>
    </p>
   </div>
   <div class='ocr_carea' id='block_1_50' title="bbox 176 3375 1769 3447">
    <p class='ocr_par' dir='ltr' id='par_1_50' title="bbox 176 3375 1769 3447">
     <span class='ocr_line' id='line_1_50' title="bbox 176 3375 1769 3447; baseline 0.001 -17"><span class='ocrx_word' id='word_1_370' title='bbox 176 3383 276 3431; x_wconf 92' lang='lat' dir='ltr'><strong>ret.</strong></span> <span class='ocrx_word' id='word_1_371' title='bbox 307 3375 416 3430; x_wconf 90' lang='lat' dir='ltr'><strong>Sed</strong></span> <span class='ocrx_word' id='word_1_372' title='bbox 473 3375 601 3447; x_wconf 88' lang='lat' dir='ltr'><strong>quia</strong></span> <span class='ocrx_word' id='word_1_373' title='bbox 646 3391 795 3431; x_wconf 87' lang='lat' dir='ltr'><strong>mors</strong></span> <span class='ocrx_word' id='word_1_374' title='bbox 844 3376 940 3432; x_wconf 88' lang='lat' dir='ltr'><strong>illa</strong></span> <span class='ocrx_word' id='word_1_375' title='bbox 995 3375 1159 3431; x_wconf 82' lang='lat' dir='ltr'><strong>ﬁnem</strong></span> <span class='ocrx_word' id='word_1_376' title='bbox 1190 3394 1297 3433; x_wconf 93' lang='lat' dir='ltr'><strong>non</strong></span> <span class='ocrx_word' id='word_1_377' title='bbox 1328 3378 1515 3443; x_wconf 90' lang='lat' dir='ltr'><strong>habet,</strong></span> <span class='ocrx_word' id='word_1_378' title='bbox 1557 3378 1637 3435; x_wconf 89' lang='lat' dir='ltr'><strong>sic</strong></span> <span class='ocrx_word' id='word_1_379' title='bbox 1694 3377 1769 3433; x_wconf 90' lang='lat' dir='ltr'><strong>ibi</strong></span> 
     </span>
    </p>
   </div>
   <div class='ocr_carea' id='block_1_51' title="bbox 171 3465 1767 3539">
    <p class='ocr_par' dir='ltr' id='par_1_51' title="bbox 171 3465 1767 3539">
     <span class='ocr_line' id='line_1_51' title="bbox 171 3465 1767 3539; baseline 0.001 -19"><span class='ocrx_word' id='word_1_380' title='bbox 171 3480 393 3537; x_wconf 89' lang='lat' dir='ltr'><strong>semper</strong></span> <span class='ocrx_word' id='word_1_381' title='bbox 420 3465 651 3521; x_wconf 91' lang='lat' dir='ltr'><strong>moritur</strong></span> <span class='ocrx_word' id='word_1_382' title='bbox 696 3466 879 3531; x_wconf 89' lang='lat' dir='ltr'><strong>homo,</strong></span> <span class='ocrx_word' id='word_1_383' title='bbox 915 3474 973 3520; x_wconf 91' lang='lat' dir='ltr'><strong>ut</strong></span> <span class='ocrx_word' id='word_1_384' title='bbox 1003 3482 1224 3537; x_wconf 90' lang='lat' dir='ltr'><strong>semper</strong></span> <span class='ocrx_word' id='word_1_385' title='bbox 1255 3474 1533 3539; x_wconf 80' lang='lat' dir='ltr'><strong>resurgat,</strong></span> <span class='ocrx_word' id='word_1_386' title='bbox 1568 3468 1666 3521; x_wconf 91' lang='lat' dir='ltr'><strong>sed</strong></span> <span class='ocrx_word' id='word_1_387' title='bbox 1697 3468 1767 3522; x_wconf 88' lang='lat' dir='ltr'><strong>ad</strong></span> 
     </span>
    </p>
   </div>
   <div class='ocr_carea' id='block_1_52' title="bbox 171 3562 1767 3635">
    <p class='ocr_par' dir='ltr' id='par_1_52' title="bbox 171 3562 1767 3635">
     <span class='ocr_line' id='line_1_52' title="bbox 171 3562 1767 3635; baseline 0.003 -19"><span class='ocrx_word' id='word_1_388' title='bbox 171 3562 277 3618; x_wconf 88' lang='lat' dir='ltr'><strong>hoc</strong></span> <span class='ocrx_word' id='word_1_389' title='bbox 307 3562 548 3635; x_wconf 79' lang='lat' dir='ltr'><strong>resurgit</strong></span> <span class='ocrx_word' id='word_1_390' title='bbox 578 3570 634 3617; x_wconf 92' lang='lat' dir='ltr'><strong>ut</strong></span> <span class='ocrx_word' id='word_1_391' title='bbox 663 3567 876 3633; x_wconf 85' lang='lat' dir='ltr'><strong>pereat,</strong></span> <span class='ocrx_word' id='word_1_392' title='bbox 902 3578 1005 3618; x_wconf 89' lang='lat' dir='ltr'><strong>nec</strong></span> <span class='ocrx_word' id='word_1_393' title='bbox 1035 3570 1213 3619; x_wconf 90' lang='lat' dir='ltr'><strong>tamen</strong></span> <span class='ocrx_word' id='word_1_394' title='bbox 1231 3565 1512 3635; x_wconf 89' lang='lat' dir='ltr'><strong>pereundo</strong></span> <span class='ocrx_word' id='word_1_395' title='bbox 1541 3564 1767 3621; x_wconf 88' lang='lat' dir='ltr'><strong>omnino</strong></span> 
     </span>
    </p>
   </div>
   <div class='ocr_carea' id='block_1_53' title="bbox 169 3658 1766 3731">
    <p class='ocr_par' dir='ltr' id='par_1_53' title="bbox 169 3658 1766 3731">
     <span class='ocr_line' id='line_1_53' title="bbox 169 3658 1766 3731; baseline 0.002 -16"><span class='ocrx_word' id='word_1_396' title='bbox 169 3674 295 3715; x_wconf 89' lang='lat' dir='ltr'><strong>esse</strong></span> <span class='ocrx_word' id='word_1_397' title='bbox 325 3658 543 3714; x_wconf 86' lang='lat' dir='ltr'><strong>desinat</strong></span> <span class='ocrx_word' id='word_1_398' title='bbox 576 3678 587 3713; x_wconf 88' lang='lat'><strong>:</strong></span> <span class='ocrx_word' id='word_1_399' title='bbox 624 3658 722 3714; x_wconf 87' lang='lat' dir='ltr'><strong>sed</strong></span> <span class='ocrx_word' id='word_1_400' title='bbox 770 3675 991 3731; x_wconf 88' lang='lat' dir='ltr'><strong>semper</strong></span> <span class='ocrx_word' id='word_1_401' title='bbox 1047 3660 1293 3716; x_wconf 81' lang='lat' dir='ltr'><strong>moriens</strong></span> <span class='ocrx_word' id='word_1_402' title='bbox 1323 3661 1516 3717; x_wconf 91' lang='lat' dir='ltr'><strong>mortis</strong></span> <span class='ocrx_word' id='word_1_403' title='bbox 1564 3663 1766 3718; x_wconf 87' lang='lat' dir='ltr'><strong>exitum</strong></span> 
     </span>
    </p>
   </div>
   <div class='ocr_carea' id='block_1_54' title="bbox 165 3756 1766 3828">
    <p class='ocr_par' dir='ltr' id='par_1_54' title="bbox 165 3756 1766 3828">
     <span class='ocr_line' id='line_1_54' title="bbox 165 3756 1766 3828; baseline 0.003 -18"><span class='ocrx_word' id='word_1_404' title='bbox 165 3771 446 3828; x_wconf 88' lang='lat' dir='ltr'><strong>nunquam</strong></span> <span class='ocrx_word' id='word_1_405' title='bbox 475 3756 737 3811; x_wconf 89' lang='lat' dir='ltr'><strong>inveniat.</strong></span> <span class='ocrx_word' id='word_1_406' title='bbox 790 3758 849 3811; x_wconf 89' lang='lat' dir='ltr'><strong>In</strong></span> <span class='ocrx_word' id='word_1_407' title='bbox 880 3757 985 3813; x_wconf 92' lang='lat' dir='ltr'><strong>hoc</strong></span> <span class='ocrx_word' id='word_1_408' title='bbox 1019 3766 1199 3813; x_wconf 84' lang='lat' dir='ltr'><strong>autem</strong></span> <span class='ocrx_word' id='word_1_409' title='bbox 1236 3758 1471 3814; x_wconf 87' lang='lat' dir='ltr'><strong>damnati</strong></span> <span class='ocrx_word' id='word_1_410' title='bbox 1529 3761 1766 3817; x_wconf 90' lang='lat' dir='ltr'><strong>hominis</strong></span> 
     </span>
    </p>
   </div>
   <div class='ocr_carea' id='block_1_55' title="bbox 164 3845 1767 3920">
    <p class='ocr_par' dir='ltr' id='par_1_55' title="bbox 164 3845 1767 3920">
     <span class='ocr_line' id='line_1_55' title="bbox 164 3845 1767 3920; baseline 0.006 -21"><span class='ocrx_word' id='word_1_411' title='bbox 164 3845 391 3900; x_wconf 88' lang='lat' dir='ltr'><strong>miseria</strong></span> <span class='ocrx_word' id='word_1_412' title='bbox 420 3861 641 3916; x_wconf 89' lang='lat' dir='ltr'><strong>prorsus</strong></span> <span class='ocrx_word' id='word_1_413' title='bbox 672 3847 983 3913; x_wconf 77' lang='lat' dir='ltr'><strong>augebitur,</strong></span> <span class='ocrx_word' id='word_1_414' title='bbox 1009 3847 1153 3919; x_wconf 91' lang='lat' dir='ltr'><strong>quod</strong></span> <span class='ocrx_word' id='word_1_415' title='bbox 1189 3849 1359 3903; x_wconf 90' lang='lat' dir='ltr'><strong>Deum</strong></span> <span class='ocrx_word' id='word_1_416' title='bbox 1408 3849 1631 3920; x_wconf 88' lang='lat' dir='ltr'><strong>videbit,</strong></span> <span class='ocrx_word' id='word_1_417' title='bbox 1663 3866 1767 3908; x_wconf 88' lang='lat' dir='ltr'><strong>nec</strong></span> 
     </span>
    </p>
   </div>
   <div class='ocr_carea' id='block_1_56' title="bbox 163 3943 1765 4019">
    <p class='ocr_par' dir='ltr' id='par_1_56' title="bbox 163 3943 1765 4019">
     <span class='ocr_line' id='line_1_56' title="bbox 163 3943 1765 4019; baseline 0.003 -21"><span class='ocrx_word' id='word_1_418' title='bbox 163 3943 406 4010; x_wconf 89' lang='lat' dir='ltr'><strong>habebit,</strong></span> <span class='ocrx_word' id='word_1_419' title='bbox 440 3952 490 3999; x_wconf 92' lang='lat' dir='ltr'><strong>et</strong></span> <span class='ocrx_word' id='word_1_420' title='bbox 520 3952 646 3999; x_wconf 87' lang='lat' dir='ltr'><strong>ante</strong></span> <span class='ocrx_word' id='word_1_421' title='bbox 678 3944 763 3999; x_wconf 90' lang='lat' dir='ltr'><strong>sui</strong></span> <span class='ocrx_word' id='word_1_422' title='bbox 814 3944 1195 4015; x_wconf 78' lang='lat' dir='ltr'><strong>Redemptoris</strong></span> <span class='ocrx_word' id='word_1_423' title='bbox 1252 3954 1608 4017; x_wconf 90' lang='lat' dir='ltr'><strong>conspectum</strong></span> <span class='ocrx_word' id='word_1_424' title='bbox 1664 3964 1765 4019; x_wconf 90' lang='lat' dir='ltr'><strong>per</strong></span> 
     </span>
    </p>
   </div>
   <div class='ocr_carea' id='block_1_57' title="bbox 164 4028 1763 4114">
    <p class='ocr_par' dir='ltr' id='par_1_57' title="bbox 164 4028 1763 4114">
     <span class='ocr_line' id='line_1_57' title="bbox 164 4028 1763 4114; baseline 0.004 -19"><span class='ocrx_word' id='word_1_425' title='bbox 164 4041 291 4095; x_wconf 90' lang='lat' dir='ltr'><strong>ibit.</strong></span> <span class='ocrx_word' id='word_1_426' title='bbox 328 4042 419 4097; x_wconf 58' lang='lat' dir='ltr'><strong>Vae</strong></span> <span class='ocrx_word' id='word_1_427' title='bbox 452 4028 580 4108; x_wconf 79' lang='lat' dir='ltr'><strong>illis,</strong></span> <span class='ocrx_word' id='word_1_428' title='bbox 617 4041 706 4112; x_wconf 90' lang='lat' dir='ltr'><strong>qui</strong></span> <span class='ocrx_word' id='word_1_429' title='bbox 740 4043 856 4098; x_wconf 75' lang='lat' dir='ltr'><strong>haec</strong></span> <span class='ocrx_word' id='word_1_430' title='bbox 876 4041 929 4096; x_wconf 91' lang='lat' dir='ltr'><strong>in</strong></span> <span class='ocrx_word' id='word_1_431' title='bbox 960 4050 1245 4114; x_wconf 86' lang='lat' dir='ltr'><strong>posterum</strong></span> <span class='ocrx_word' id='word_1_432' title='bbox 1270 4043 1548 4100; x_wconf 88' lang='lat' dir='ltr'><strong>toleranda</strong></span> <span class='ocrx_word' id='word_1_433' title='bbox 1571 4044 1763 4102; x_wconf 89' lang='lat' dir='ltr'><strong>timere</strong></span> 
     </span>
    </p>
   </div>
   <div class='ocr_carea' id='block_1_58' title="bbox 166 4131 1765 4205">
    <p class='ocr_par' dir='ltr' id='par_1_58' title="bbox 166 4131 1765 4205">
     <span class='ocr_line' id='line_1_58' title="bbox 166 4131 1765 4205; baseline 0.004 -21"><span class='ocrx_word' id='word_1_434' title='bbox 166 4145 324 4186; x_wconf 87' lang='lat' dir='ltr'><strong>nunc</strong></span> <span class='ocrx_word' id='word_1_435' title='bbox 377 4138 817 4203; x_wconf 66' lang='lat' dir='ltr'><strong>recusant;qua</strong></span> <span class='ocrx_word' id='word_1_436' title='bbox 864 4131 908 4186; x_wconf 91' lang='lat' dir='ltr'><strong>si</strong></span> <span class='ocrx_word' id='word_1_437' title='bbox 939 4132 1103 4187; x_wconf 91' lang='lat' dir='ltr'><strong>modo</strong></span> <span class='ocrx_word' id='word_1_438' title='bbox 1161 4132 1429 4198; x_wconf 86' lang='lat' dir='ltr'><strong>timerent,</strong></span> <span class='ocrx_word' id='word_1_439' title='bbox 1488 4150 1765 4205; x_wconf 88' lang='lat' dir='ltr'><strong>nunquam</strong></span> 
     </span>
    </p>
   </div>
   <div class='ocr_carea' id='block_1_59' title="bbox 166 4224 1761 4302">
    <p class='ocr_par' dir='ltr' id='par_1_59' title="bbox 166 4224 1761 4302">
     <span class='ocr_line' id='line_1_59' title="bbox 166 4224 1761 4302; baseline 0.003 -23"><span class='ocrx_word' id='word_1_440' title='bbox 166 4224 293 4279; x_wconf 90' lang='lat' dir='ltr'><strong>talia</strong></span> <span class='ocrx_word' id='word_1_441' title='bbox 325 4226 643 4282; x_wconf 88' lang='lat' dir='ltr'><strong>tolerarent.</strong></span> <span class='ocrx_word' id='word_1_442' title='bbox 691 4227 908 4282; x_wconf 90' lang='lat' dir='ltr'><strong>Timere</strong></span> <span class='ocrx_word' id='word_1_443' title='bbox 957 4228 1079 4282; x_wconf 90' lang='lat' dir='ltr'><strong>dico</strong></span> <span class='ocrx_word' id='word_1_444' title='bbox 1109 4243 1217 4283; x_wconf 91' lang='lat' dir='ltr'><strong>non</strong></span> <span class='ocrx_word' id='word_1_445' title='bbox 1246 4228 1441 4284; x_wconf 89' lang='lat' dir='ltr'><strong>timore</strong></span> <span class='ocrx_word' id='word_1_446' title='bbox 1496 4230 1761 4302; x_wconf 89' lang='lat' dir='ltr'><strong>quolibet,</strong></span> 
     </span>
    </p>
   </div>
   <div class='ocr_carea' id='block_1_60' title="bbox 166 4312 1764 4390">
    <p class='ocr_par' dir='ltr' id='par_1_60' title="bbox 166 4312 1764 4390">
     <span class='ocr_line' id='line_1_60' title="bbox 166 4312 1764 4390; baseline 0.006 -23"><span class='ocrx_word' id='word_1_447' title='bbox 166 4313 266 4368; x_wconf 89' lang='lat' dir='ltr'><strong>sed</strong></span> <span class='ocrx_word' id='word_1_448' title='bbox 294 4312 409 4383; x_wconf 85' lang='lat' dir='ltr'><strong>illo,</strong></span> <span class='ocrx_word' id='word_1_449' title='bbox 443 4331 604 4387; x_wconf 89' lang='lat' dir='ltr'><strong>quem</strong></span> <span class='ocrx_word' id='word_1_450' title='bbox 647 4331 779 4370; x_wconf 87' lang='lat' dir='ltr'><strong>vera</strong></span> <span class='ocrx_word' id='word_1_451' title='bbox 810 4316 945 4371; x_wconf 86' lang='lat' dir='ltr'><strong>tides</strong></span> <span class='ocrx_word' id='word_1_452' title='bbox 994 4316 1235 4383; x_wconf 89' lang='lat' dir='ltr'><strong>adducit,</strong></span> <span class='ocrx_word' id='word_1_453' title='bbox 1272 4318 1361 4390; x_wconf 91' lang='lat' dir='ltr'><strong>qui</strong></span> <span class='ocrx_word' id='word_1_454' title='bbox 1410 4334 1473 4373; x_wconf 87' lang='lat' dir='ltr'><strong>ex</strong></span> <span class='ocrx_word' id='word_1_455' title='bbox 1503 4319 1764 4376; x_wconf 85' lang='lat' dir='ltr'><strong>charitate</strong></span> 
     </span>
    </p>
   </div>
   <div class='ocr_carea' id='block_1_61' title="bbox 164 4401 1765 4478">
    <p class='ocr_par' dir='ltr' id='par_1_61' title="bbox 164 4401 1765 4478">
     <span class='ocr_line' id='line_1_61' title="bbox 164 4401 1765 4478; baseline 0.003 -21"><span class='ocrx_word' id='word_1_456' title='bbox 164 4417 277 4457; x_wconf 92' lang='lat' dir='ltr'><strong>non</strong></span> <span class='ocrx_word' id='word_1_457' title='bbox 307 4401 431 4459; x_wconf 86' lang='lat' dir='ltr'><strong>ﬁcta</strong></span> <span class='ocrx_word' id='word_1_458' title='bbox 458 4404 730 4474; x_wconf 88' lang='lat' dir='ltr'><strong>procedit.</strong></span> <span class='ocrx_word' id='word_1_459' title='bbox 766 4404 1014 4460; x_wconf 89' lang='lat' dir='ltr'><strong>Charitas</strong></span> <span class='ocrx_word' id='word_1_460' title='bbox 1044 4407 1191 4460; x_wconf 89' lang='lat' dir='ltr'><strong>enim</strong></span> <span class='ocrx_word' id='word_1_461' title='bbox 1241 4405 1492 4462; x_wconf 88' lang='lat' dir='ltr'><strong>timorem</strong></span> <span class='ocrx_word' id='word_1_462' title='bbox 1524 4408 1682 4478; x_wconf 86' lang='lat' dir='ltr'><strong>parit,</strong></span> <span class='ocrx_word' id='word_1_463' title='bbox 1709 4417 1765 4464; x_wconf 90' lang='lat' dir='ltr'><strong>et</strong></span> 
     </span>
    </p>
   </div>
   <div class='ocr_carea' id='block_1_62' title="bbox 164 4491 1762 4567">
    <p class='ocr_par' dir='ltr' id='par_1_62' title="bbox 164 4491 1762 4567">
     <span class='ocr_line' id='line_1_62' title="bbox 164 4491 1762 4567; baseline 0.003 -21"><span class='ocrx_word' id='word_1_464' title='bbox 164 4491 417 4546; x_wconf 87' lang='lat' dir='ltr'><strong>timorem</strong></span> <span class='ocrx_word' id='word_1_465' title='bbox 446 4492 681 4562; x_wconf 91' lang='lat' dir='ltr'><strong>repellit.</strong></span> <span class='ocrx_word' id='word_1_466' title='bbox 719 4493 863 4548; x_wconf 89' lang='lat' dir='ltr'><strong>Parit</strong></span> <span class='ocrx_word' id='word_1_467' title='bbox 890 4494 1160 4563; x_wconf 86' lang='lat' dir='ltr'><strong>timorem,</strong></span> <span class='ocrx_word' id='word_1_468' title='bbox 1193 4503 1248 4549; x_wconf 91' lang='lat' dir='ltr'><strong>ut</strong></span> <span class='ocrx_word' id='word_1_469' title='bbox 1277 4495 1552 4566; x_wconf 87' lang='lat' dir='ltr'><strong>Scriptura</strong></span> <span class='ocrx_word' id='word_1_470' title='bbox 1583 4496 1713 4553; x_wconf 87' lang='lat' dir='ltr'><strong>dicit</strong></span> <span class='ocrx_word' id='word_1_471' title='bbox 1750 4532 1762 4567; x_wconf 64' lang='grc' dir='ltr'>ε</span> 
     </span>
    </p>
   </div>
   <div class='ocr_carea' id='block_1_63' title="bbox 163 4580 1765 4657">
    <p class='ocr_par' dir='ltr' id='par_1_63' title="bbox 163 4580 1765 4657">
     <span class='ocr_line' id='line_1_63' title="bbox 163 4580 1765 4657; baseline 0.003 -20"><span class='ocrx_word' id='word_1_472' title='bbox 163 4584 374 4637; x_wconf 80' lang='lat' dir='ltr'><strong>Beatus</strong></span> <span class='ocrx_word' id='word_1_473' title='bbox 392 4580 557 4638; x_wconf 88' lang='lat' dir='ltr'><strong>homo</strong></span> <span class='ocrx_word' id='word_1_474' title='bbox 583 4582 680 4654; x_wconf 87' lang='lat' dir='ltr'><strong>qui</strong></span> <span class='ocrx_word' id='word_1_475' title='bbox 700 4598 923 4654; x_wconf 76' lang='lat' dir='ltr'><strong>semper</strong></span> <span class='ocrx_word' id='word_1_476' title='bbox 937 4584 1269 4655; x_wconf 74' lang='lat' dir='ltr'><strong>estpavidus</strong></span> <span class='ocrx_word' id='word_1_477' title='bbox 1283 4586 1466 4655; x_wconf 83' lang='lat' dir='ltr'><strong>(Prov.</strong></span> <span class='ocrx_word' id='word_1_478' title='bbox 1482 4587 1765 4657; x_wconf 68' lang='lat' dir='ltr'><strong>xxvm,1t)</strong></span> 
     </span>
    </p>
   </div>
   <div class='ocr_carea' id='block_1_64' title="bbox 163 4668 1768 4746">
    <p class='ocr_par' dir='ltr' id='par_1_64' title="bbox 163 4668 1768 4746">
     <span class='ocr_line' id='line_1_64' title="bbox 163 4668 1768 4746; baseline 0.004 -22"><span class='ocrx_word' id='word_1_479' title='bbox 163 4668 445 4724; x_wconf 90' lang='lat' dir='ltr'><strong>Timorem</strong></span> <span class='ocrx_word' id='word_1_480' title='bbox 475 4670 708 4740; x_wconf 88' lang='lat' dir='ltr'><strong>repellit,</strong></span> <span class='ocrx_word' id='word_1_481' title='bbox 762 4678 823 4724; x_wconf 84' lang='lat' dir='ltr'><strong>ut</strong></span> <span class='ocrx_word' id='word_1_482' title='bbox 866 4670 939 4725; x_wconf 91' lang='lat' dir='ltr'><strong>ait</strong></span> <span class='ocrx_word' id='word_1_483' title='bbox 969 4671 1246 4741; x_wconf 86' lang='lat' dir='ltr'><strong>apostolus</strong></span> <span class='ocrx_word' id='word_1_484' title='bbox 1280 4691 1292 4726; x_wconf 94' lang='lat'>:</span> <span class='ocrx_word' id='word_1_485' title='bbox 1330 4674 1435 4741; x_wconf 85' lang='lat' dir='ltr'><strong>Qui</strong></span> <span class='ocrx_word' id='word_1_486' title='bbox 1477 4679 1768 4746; x_wconf 79' lang='lat' dir='ltr'><strong>perfectus</strong></span> 
     </span>
    </p>
   </div>
   <div class='ocr_carea' id='block_1_65' title="bbox 163 4758 1766 4833">
    <p class='ocr_par' dir='ltr' id='par_1_65' title="bbox 163 4758 1766 4833">
     <span class='ocr_line' id='line_1_65' title="bbox 163 4758 1766 4833; baseline 0.003 -18"><span class='ocrx_word' id='word_1_487' title='bbox 163 4762 250 4815; x_wconf 82' lang='lat' dir='ltr'><strong>est</strong></span> <span class='ocrx_word' id='word_1_488' title='bbox 269 4760 333 4814; x_wconf 84' lang='lat' dir='ltr'><strong>in</strong></span> <span class='ocrx_word' id='word_1_489' title='bbox 362 4758 667 4824; x_wconf 83' lang='lat' dir='ltr'><strong>charitate,</strong></span> <span class='ocrx_word' id='word_1_490' title='bbox 689 4775 806 4815; x_wconf 83' lang='lat' dir='ltr'><strong>non</strong></span> <span class='ocrx_word' id='word_1_491' title='bbox 825 4761 1056 4831; x_wconf 83' lang='lat' dir='ltr'><strong>timet(l</strong></span> <span class='ocrx_word' id='word_1_492' title='bbox 1074 4762 1236 4817; x_wconf 85' lang='lat' dir='ltr'><strong>Joan.</strong></span> <span class='ocrx_word' id='word_1_493' title='bbox 1255 4778 1332 4831; x_wconf 80' lang='lat' dir='ltr'><strong>xv,</strong></span> <span class='ocrx_word' id='word_1_494' title='bbox 1366 4764 1455 4833; x_wconf 89' lang='grc'><strong>18)</strong></span> <span class='ocrx_word' id='word_1_495' title='bbox 1485 4762 1766 4833; x_wconf 87' lang='lat' dir='ltr'><strong>:Quorum</strong></span> 
     </span>
    </p>
   </div>
   <div class='ocr_carea' id='block_1_66' title="bbox 163 4844 1767 4930">
    <p class='ocr_par' dir='ltr' id='par_1_66' title="bbox 163 4844 1767 4930">
     <span class='ocr_line' id='line_1_66' title="bbox 163 4844 1767 4930; baseline 0.004 -19"><span class='ocrx_word' id='word_1_496' title='bbox 163 4844 307 4911; x_wconf 82' lang='lat' dir='ltr'><strong>unus</strong></span> <span class='ocrx_word' id='word_1_497' title='bbox 337 4856 516 4911; x_wconf 86' lang='lat' dir='ltr'><strong>ﬁlialis</strong></span> <span class='ocrx_word' id='word_1_498' title='bbox 545 4872 672 4913; x_wconf 89' lang='lat' dir='ltr'><strong>esse</strong></span> <span class='ocrx_word' id='word_1_499' title='bbox 709 4857 1070 4930; x_wconf 84' lang='lat' dir='ltr'><strong>dignoscitur,</strong></span> <span class='ocrx_word' id='word_1_500' title='bbox 1102 4860 1237 4914; x_wconf 85' lang='lat' dir='ltr'><strong>alter</strong></span> <span class='ocrx_word' id='word_1_501' title='bbox 1266 4860 1504 4917; x_wconf 81' lang='lat' dir='ltr'><strong>servilis.</strong></span> <span class='ocrx_word' id='word_1_502' title='bbox 1554 4863 1664 4918; x_wconf 90' lang='lat' dir='ltr'><strong>Iste</strong></span> <span class='ocrx_word' id='word_1_503' title='bbox 1695 4865 1767 4918; x_wconf 87' lang='lat' dir='ltr'><strong>ﬁ-</strong></span> 
     </span>
    </p>
   </div>
   <div class='ocr_carea' id='block_1_67' title="bbox 164 4944 1764 5015">
    <p class='ocr_par' dir='ltr' id='par_1_67' title="bbox 164 4944 1764 5015">
     <span class='ocr_line' id='line_1_67' title="bbox 164 4944 1764 5015; baseline 0.006 -17"><span class='ocrx_word' id='word_1_504' title='bbox 164 4945 310 5000; x_wconf 88' lang='lat' dir='ltr'><strong>lialis</strong></span> <span class='ocrx_word' id='word_1_505' title='bbox 340 4944 592 5001; x_wconf 89' lang='lat' dir='ltr'><strong>videlicet</strong></span> <span class='ocrx_word' id='word_1_506' title='bbox 622 4962 746 5001; x_wconf 90' lang='lat' dir='ltr'><strong>cum</strong></span> <span class='ocrx_word' id='word_1_507' title='bbox 794 4946 1083 5003; x_wconf 89' lang='lat' dir='ltr'><strong>dilectione</strong></span> <span class='ocrx_word' id='word_1_508' title='bbox 1114 4955 1167 5002; x_wconf 92' lang='lat' dir='ltr'><strong>et</strong></span> <span class='ocrx_word' id='word_1_509' title='bbox 1215 4947 1513 5015; x_wconf 88' lang='lat' dir='ltr'><strong>desiderio,</strong></span> <span class='ocrx_word' id='word_1_510' title='bbox 1548 4952 1644 5005; x_wconf 89' lang='lat' dir='ltr'><strong>sed</strong></span> <span class='ocrx_word' id='word_1_511' title='bbox 1672 4952 1764 5010; x_wconf 93' lang='lat' dir='ltr'><strong>ille</strong></span> 
     </span>
    </p>
   </div>
   <div class='ocr_carea' id='block_1_68' title="bbox 163 5043 1764 5107">
    <p class='ocr_par' dir='ltr' id='par_1_68' title="bbox 163 5043 1764 5107">
     <span class='ocr_line' id='line_1_68' title="bbox 163 5043 1764 5107; baseline 0.006 -9"><span class='ocrx_word' id='word_1_512' title='bbox 163 5060 285 5099; x_wconf 93' lang='lat' dir='ltr'><strong>cum</strong></span> <span class='ocrx_word' id='word_1_513' title='bbox 319 5043 536 5099; x_wconf 86' lang='lat' dir='ltr'><strong>fastidio</strong></span> <span class='ocrx_word' id='word_1_514' title='bbox 587 5044 873 5101; x_wconf 82' lang='lat' dir='ltr'><strong>exhibetur</strong></span> <span class='ocrx_word' id='word_1_515' title='bbox 906 5055 957 5101; x_wconf 90' lang='lat' dir='ltr'><strong>et</strong></span> <span class='ocrx_word' id='word_1_516' title='bbox 1005 5046 1151 5102; x_wconf 92' lang='lat' dir='ltr'><strong>odio.</strong></span> <span class='ocrx_word' id='word_1_517' title='bbox 1184 5048 1333 5103; x_wconf 88' lang='lat' dir='ltr'><strong>Inter</strong></span> <span class='ocrx_word' id='word_1_518' title='bbox 1388 5048 1503 5104; x_wconf 80' lang='lat' dir='ltr'><strong>hzec</strong></span> <span class='ocrx_word' id='word_1_519' title='bbox 1535 5049 1764 5107; x_wconf 85' lang='lat' dir='ltr'><strong>forsitan</strong></span> 
     </span>
    </p>
   </div>
   <div class='ocr_carea' id='block_1_69' title="bbox 162 5132 1762 5204">
    <p class='ocr_par' dir='ltr' id='par_1_69' title="bbox 162 5132 1762 5204">
     <span class='ocr_line' id='line_1_69' title="bbox 162 5132 1762 5204; baseline 0.008 -19"><span class='ocrx_word' id='word_1_520' title='bbox 162 5132 361 5204; x_wconf 89' lang='lat' dir='ltr'><strong>aliquis</strong></span> <span class='ocrx_word' id='word_1_521' title='bbox 392 5133 523 5190; x_wconf 90' lang='lat' dir='ltr'><strong>dicit</strong></span> <span class='ocrx_word' id='word_1_522' title='bbox 555 5149 568 5188; x_wconf 91' lang='lat'>:</span> <span class='ocrx_word' id='word_1_523' title='bbox 602 5134 711 5190; x_wconf 89' lang='lat' dir='ltr'><strong>Cur</strong></span> <span class='ocrx_word' id='word_1_524' title='bbox 762 5134 967 5189; x_wconf 90' lang='lat' dir='ltr'><strong>homini</strong></span> <span class='ocrx_word' id='word_1_525' title='bbox 1022 5143 1101 5191; x_wconf 90' lang='lat' dir='ltr'><strong>tot</strong></span> <span class='ocrx_word' id='word_1_526' title='bbox 1130 5144 1183 5191; x_wconf 89' lang='lat' dir='ltr'><strong>et</strong></span> <span class='ocrx_word' id='word_1_527' title='bbox 1214 5144 1358 5192; x_wconf 86' lang='lat' dir='ltr'><strong>tanta</strong></span> <span class='ocrx_word' id='word_1_528' title='bbox 1415 5138 1642 5194; x_wconf 90' lang='lat' dir='ltr'><strong>minaris</strong></span> <span class='ocrx_word' id='word_1_529' title='bbox 1692 5140 1762 5197; x_wconf 91' lang='lat' dir='ltr'><strong>de</strong></span> 
     </span>
    </p>
   </div>
   <div class='ocr_carea' id='block_1_70' title="bbox 161 5230 1756 5308">
    <p class='ocr_par' dir='ltr' id='par_1_70' title="bbox 161 5230 1756 5308">
     <span class='ocr_line' id='line_1_70' title="bbox 161 5230 1756 5308; baseline 0.006 -23"><span class='ocrx_word' id='word_1_530' title='bbox 161 5230 325 5287; x_wconf 81' lang='lat' dir='ltr'><strong>Deo?</strong></span> <span class='ocrx_word' id='word_1_531' title='bbox 352 5232 641 5304; x_wconf 87' lang='lat' dir='ltr'><strong>Nunquam</strong></span> <span class='ocrx_word' id='word_1_532' title='bbox 670 5233 990 5305; x_wconf 88' lang='lat' dir='ltr'><strong>perdetipse</strong></span> <span class='ocrx_word' id='word_1_533' title='bbox 1020 5250 1180 5306; x_wconf 90' lang='lat' dir='ltr'><strong>quem</strong></span> <span class='ocrx_word' id='word_1_534' title='bbox 1214 5249 1311 5290; x_wconf 88' lang='lat' dir='ltr'><strong>sua</strong></span> <span class='ocrx_word' id='word_1_535' title='bbox 1342 5235 1517 5308; x_wconf 80' lang='lat' dir='ltr'><strong>gratia</strong></span> <span class='ocrx_word' id='word_1_536' title='bbox 1533 5238 1756 5304; x_wconf 87' lang='lat' dir='ltr'><strong>creavit,</strong></span> 
     </span>
    </p>
   </div>
   <div class='ocr_carea' id='block_1_71' title="bbox 161 5331 1761 5403">
    <p class='ocr_par' dir='ltr' id='par_1_71' title="bbox 161 5331 1761 5403">
     <span class='ocr_line' id='line_1_71' title="bbox 161 5331 1761 5403; baseline 0.003 -18"><span class='ocrx_word' id='word_1_537' title='bbox 161 5346 322 5401; x_wconf 89' lang='lat' dir='ltr'><strong>quem</strong></span> <span class='ocrx_word' id='word_1_538' title='bbox 345 5338 585 5385; x_wconf 91' lang='lat' dir='ltr'><strong>creatum</strong></span> <span class='ocrx_word' id='word_1_539' title='bbox 617 5338 671 5385; x_wconf 91' lang='lat' dir='ltr'><strong>et</strong></span> <span class='ocrx_word' id='word_1_540' title='bbox 698 5331 918 5403; x_wconf 89' lang='lat' dir='ltr'><strong>propria</strong></span> <span class='ocrx_word' id='word_1_541' title='bbox 968 5331 1130 5402; x_wconf 88' lang='lat' dir='ltr'><strong>culpa</strong></span> <span class='ocrx_word' id='word_1_542' title='bbox 1169 5332 1445 5403; x_wconf 90' lang='lat' dir='ltr'><strong>perditum</strong></span> <span class='ocrx_word' id='word_1_543' title='bbox 1502 5333 1761 5391; x_wconf 72' lang='lat' dir='ltr'><strong>ineffabili</strong></span> 
     </span>
    </p>
   </div>
   <div class='ocr_carea' id='block_1_72' title="bbox 160 5427 1759 5500">
    <p class='ocr_par' dir='ltr' id='par_1_72' title="bbox 160 5427 1759 5500">
     <span class='ocr_line' id='line_1_72' title="bbox 160 5427 1759 5500; baseline 0.004 -17"><span class='ocrx_word' id='word_1_544' title='bbox 160 5427 469 5493; x_wconf 90' lang='lat' dir='ltr'><strong>dilectione,</strong></span> <span class='ocrx_word' id='word_1_545' title='bbox 503 5427 629 5483; x_wconf 86' lang='lat' dir='ltr'><strong>dato</strong></span> <span class='ocrx_word' id='word_1_546' title='bbox 657 5444 719 5484; x_wconf 88' lang='lat' dir='ltr'><strong>se</strong></span> <span class='ocrx_word' id='word_1_547' title='bbox 747 5428 946 5500; x_wconf 90' lang='lat' dir='ltr'><strong>pretio,</strong></span> <span class='ocrx_word' id='word_1_548' title='bbox 968 5445 997 5483; x_wconf 87' lang='lat' dir='ltr'><strong>a</strong></span> <span class='ocrx_word' id='word_1_549' title='bbox 1027 5429 1242 5485; x_wconf 88' lang='lat' dir='ltr'><strong>diabolo</strong></span> <span class='ocrx_word' id='word_1_550' title='bbox 1270 5429 1542 5485; x_wconf 87' lang='lat' dir='ltr'><strong>liberavit.</strong></span> <span class='ocrx_word' id='word_1_551' title='bbox 1605 5432 1759 5489; x_wconf 89' lang='lat' dir='ltr'><strong>Hunc</strong></span> 
     </span>
    </p>
   </div>
   <div class='ocr_carea' id='block_1_73' title="bbox 159 5525 1756 5604">
    <p class='ocr_par' dir='ltr' id='par_1_73' title="bbox 159 5525 1756 5604">
     <span class='ocr_line' id='line_1_73' title="bbox 159 5525 1756 5604; baseline 0.004 -24"><span class='ocrx_word' id='word_1_552' title='bbox 159 5525 313 5598; x_wconf 89' lang='lat' dir='ltr'><strong>quasi</strong></span> <span class='ocrx_word' id='word_1_553' title='bbox 359 5540 468 5580; x_wconf 91' lang='lat' dir='ltr'><strong>non</strong></span> <span class='ocrx_word' id='word_1_554' title='bbox 527 5526 906 5597; x_wconf 88' lang='lat' dir='ltr'><strong>desperantem</strong></span> <span class='ocrx_word' id='word_1_555' title='bbox 953 5528 1251 5601; x_wconf 87' lang='lat' dir='ltr'><strong>prospicio,</strong></span> <span class='ocrx_word' id='word_1_556' title='bbox 1288 5531 1385 5585; x_wconf 89' lang='lat' dir='ltr'><strong>sed</strong></span> <span class='ocrx_word' id='word_1_557' title='bbox 1416 5531 1554 5586; x_wconf 87' lang='lat' dir='ltr'><strong>ultra</strong></span> <span class='ocrx_word' id='word_1_558' title='bbox 1591 5547 1756 5604; x_wconf 87' lang='lat' dir='ltr'><strong>quam</strong></span> 
     </span>
    </p>
   </div>
   <div class='ocr_carea' id='block_1_74' title="bbox 159 5623 1750 5700">
    <p class='ocr_par' dir='ltr' id='par_1_74' title="bbox 159 5623 1750 5700">
     <span class='ocr_line' id='line_1_74' title="bbox 159 5623 1750 5700; baseline 0.006 -22"><span class='ocrx_word' id='word_1_559' title='bbox 159 5623 323 5678; x_wconf 89' lang='lat' dir='ltr'><strong>debet</strong></span> <span class='ocrx_word' id='word_1_560' title='bbox 382 5630 715 5693; x_wconf 88' lang='lat' dir='ltr'><strong>sperantem,</strong></span> <span class='ocrx_word' id='word_1_561' title='bbox 760 5625 866 5680; x_wconf 90' lang='lat' dir='ltr'><strong>nisi</strong></span> <span class='ocrx_word' id='word_1_562' title='bbox 918 5636 1044 5684; x_wconf 89' lang='lat' dir='ltr'><strong>ante</strong></span> <span class='ocrx_word' id='word_1_563' title='bbox 1071 5625 1235 5685; x_wconf 81' lang='lat' dir='ltr'><strong>tinem</strong></span> <span class='ocrx_word' id='word_1_564' title='bbox 1267 5629 1390 5686; x_wconf 80' lang='lat' dir='ltr'><strong>vitae</strong></span> <span class='ocrx_word' id='word_1_565' title='bbox 1418 5629 1496 5686; x_wconf 89' lang='lat' dir='ltr'><strong>sic</strong></span> <span class='ocrx_word' id='word_1_566' title='bbox 1525 5644 1750 5700; x_wconf 89' lang='lat' dir='ltr'><strong>sperare</strong></span> 
     </span>
    </p>
   </div>
   <div class='ocr_carea' id='block_1_75' title="bbox 1890 1897 3481 1971">
    <p class='ocr_par' dir='ltr' id='par_1_75' title="bbox 1890 1897 3481 1971">
     <span class='ocr_line' id='line_1_75' title="bbox 1890 1897 3481 1971; baseline 0 -19"><span class='ocrx_word' id='word_1_567' title='bbox 1890 1914 2019 1953; x_wconf 90' lang='lat' dir='ltr'><strong>num</strong></span> <span class='ocrx_word' id='word_1_568' title='bbox 2050 1907 2296 1953; x_wconf 91' lang='lat' dir='ltr'><strong>nostrum</strong></span> <span class='ocrx_word' id='word_1_569' title='bbox 2326 1900 2512 1954; x_wconf 86' lang='lat' dir='ltr'><strong>Jesum</strong></span> <span class='ocrx_word' id='word_1_570' title='bbox 2545 1899 2824 1955; x_wconf 89' lang='lat' dir='ltr'><strong>Christum</strong></span> <span class='ocrx_word' id='word_1_571' title='bbox 2856 1900 3001 1971; x_wconf 91' lang='lat' dir='ltr'><strong>pium</strong></span> <span class='ocrx_word' id='word_1_572' title='bbox 3033 1907 3086 1954; x_wconf 91' lang='lat' dir='ltr'><strong>et</strong></span> <span class='ocrx_word' id='word_1_573' title='bbox 3102 1899 3313 1970; x_wconf 83' lang='lat' dir='ltr'><strong>justum</strong></span> <span class='ocrx_word' id='word_1_574' title='bbox 3344 1897 3481 1968; x_wconf 88' lang='lat' dir='ltr'><strong>pari-</strong></span> 
     </span>
    </p>
   </div>
   <div class='ocr_carea' id='block_1_76' title="bbox 1888 1986 3478 2056">
    <p class='ocr_par' dir='ltr' id='par_1_76' title="bbox 1888 1986 3478 2056">
     <span class='ocr_line' id='line_1_76' title="bbox 1888 1986 3478 2056; baseline -0.001 -14"><span class='ocrx_word' id='word_1_575' title='bbox 1888 1992 1971 2042; x_wconf 87' lang='lat' dir='ltr'><strong>ter</strong></span> <span class='ocrx_word' id='word_1_576' title='bbox 1998 1987 2275 2043; x_wconf 89' lang='lat' dir='ltr'><strong>credendo</strong></span> <span class='ocrx_word' id='word_1_577' title='bbox 2343 1986 2684 2056; x_wconf 83' lang='lat' dir='ltr'><strong>conﬁtentes,</strong></span> <span class='ocrx_word' id='word_1_578' title='bbox 2735 1996 2789 2043; x_wconf 91' lang='lat' dir='ltr'><strong>et</strong></span> <span class='ocrx_word' id='word_1_579' title='bbox 2818 1986 3123 2044; x_wconf 86' lang='lat' dir='ltr'><strong>conﬁtendo</strong></span> <span class='ocrx_word' id='word_1_580' title='bbox 3168 1987 3478 2051; x_wconf 88' lang='lat' dir='ltr'><strong>credentes,</strong></span> 
     </span>
    </p>
   </div>
   <div class='ocr_carea' id='block_1_77' title="bbox 1890 2075 3481 2141">
    <p class='ocr_par' dir='ltr' id='par_1_77' title="bbox 1890 2075 3481 2141">
     <span class='ocr_line' id='line_1_77' title="bbox 1890 2075 3481 2141; baseline -0.001 -11"><span class='ocrx_word' id='word_1_581' title='bbox 1890 2090 2011 2130; x_wconf 90' lang='lat' dir='ltr'><strong>cum</strong></span> <span class='ocrx_word' id='word_1_582' title='bbox 2036 2077 2320 2130; x_wconf 89' lang='lat' dir='ltr'><strong>Psalmista</strong></span> <span class='ocrx_word' id='word_1_583' title='bbox 2351 2076 2593 2132; x_wconf 90' lang='lat' dir='ltr'><strong>dicamus</strong></span> <span class='ocrx_word' id='word_1_584' title='bbox 2622 2092 2634 2132; x_wconf 95' lang='lat'>:</span> <span class='ocrx_word' id='word_1_585' title='bbox 2663 2078 2946 2135; x_wconf 63' lang='lat' dir='ltr'><strong>Universae</strong></span> <span class='ocrx_word' id='word_1_586' title='bbox 2968 2079 3073 2133; x_wconf 74' lang='lat' dir='ltr'><strong>via:</strong></span> <span class='ocrx_word' id='word_1_587' title='bbox 3103 2077 3349 2141; x_wconf 79' lang='lat' dir='ltr'><strong>Domini,</strong></span> <span class='ocrx_word' id='word_1_588' title='bbox 3375 2075 3481 2130; x_wconf 88' lang='lat' dir='ltr'><strong>mi—</strong></span> 
     </span>
    </p>
   </div>
   <div class='ocr_carea' id='block_1_78' title="bbox 1887 2163 3479 2236">
    <p class='ocr_par' dir='ltr' id='par_1_78' title="bbox 1887 2163 3479 2236">
     <span class='ocr_line' id='line_1_78' title="bbox 1887 2163 3479 2236; baseline -0.001 -16"><span class='ocrx_word' id='word_1_589' title='bbox 1887 2166 2196 2221; x_wconf 73' lang='lat' dir='ltr'><strong>sericordia</strong></span> <span class='ocrx_word' id='word_1_590' title='bbox 2210 2169 2266 2221; x_wconf 86' lang='lat' dir='ltr'><strong>et</strong></span> <span class='ocrx_word' id='word_1_591' title='bbox 2288 2167 2498 2222; x_wconf 83' lang='lat' dir='ltr'><strong>veritas</strong></span> <span class='ocrx_word' id='word_1_592' title='bbox 2518 2167 2694 2233; x_wconf 75' lang='lat' dir='ltr'><strong>(Psat.</strong></span> <span class='ocrx_word' id='word_1_593' title='bbox 2722 2180 2891 2229; x_wconf 72' lang='lat' dir='ltr'><strong>xxxv,</strong></span> <span class='ocrx_word' id='word_1_594' title='bbox 2922 2167 3039 2236; x_wconf 76' lang='lat'><strong>20).</strong></span> <span class='ocrx_word' id='word_1_595' title='bbox 3067 2165 3349 2221; x_wconf 78' lang='lat' dir='ltr'><strong>Universae</strong></span> <span class='ocrx_word' id='word_1_596' title='bbox 3375 2163 3479 2219; x_wconf 73' lang='lat' dir='ltr'><strong>viae</strong></span> 
     </span>
    </p>
   </div>
   <div class='ocr_carea' id='block_1_79' title="bbox 1887 2251 3477 2324">
    <p class='ocr_par' dir='ltr' id='par_1_79' title="bbox 1887 2251 3477 2324">
     <span class='ocr_line' id='line_1_79' title="bbox 1887 2251 3477 2324; baseline 0 -16"><span class='ocrx_word' id='word_1_597' title='bbox 1887 2252 2107 2308; x_wconf 88' lang='lat' dir='ltr'><strong>Domini</strong></span> <span class='ocrx_word' id='word_1_598' title='bbox 2131 2261 2256 2307; x_wconf 90' lang='lat' dir='ltr'><strong>sunt</strong></span> <span class='ocrx_word' id='word_1_599' title='bbox 2275 2254 2381 2309; x_wconf 89' lang='lat' dir='ltr'><strong>duo</strong></span> <span class='ocrx_word' id='word_1_600' title='bbox 2404 2254 2671 2309; x_wconf 89' lang='lat' dir='ltr'><strong>adventus</strong></span> <span class='ocrx_word' id='word_1_601' title='bbox 2726 2254 2845 2310; x_wconf 88' lang='lat' dir='ltr'><strong>Filii</strong></span> <span class='ocrx_word' id='word_1_602' title='bbox 2878 2254 3018 2323; x_wconf 88' lang='lat' dir='ltr'><strong>ejus.</strong></span> <span class='ocrx_word' id='word_1_603' title='bbox 3061 2253 3164 2323; x_wconf 86' lang='lat' dir='ltr'><strong>Qui</strong></span> <span class='ocrx_word' id='word_1_604' title='bbox 3216 2253 3271 2307; x_wconf 91' lang='lat' dir='ltr'><strong>in</strong></span> <span class='ocrx_word' id='word_1_605' title='bbox 3302 2251 3477 2324; x_wconf 91' lang='lat' dir='ltr'><strong>primo</strong></span> 
     </span>
    </p>
   </div>
   <div class='ocr_carea' id='block_1_80' title="bbox 1885 2341 3477 2413">
    <p class='ocr_par' dir='ltr' id='par_1_80' title="bbox 1885 2341 3477 2413">
     <span class='ocr_line' id='line_1_80' title="bbox 1885 2341 3477 2413; baseline -0.002 -16"><span class='ocrx_word' id='word_1_606' title='bbox 1885 2342 2215 2413; x_wconf 72' lang='lat' dir='ltr'><strong>praerogavit</strong></span> <span class='ocrx_word' id='word_1_607' title='bbox 2241 2341 2673 2398; x_wconf 89' lang='lat' dir='ltr'><strong>misericordiam</strong></span> <span class='ocrx_word' id='word_1_608' title='bbox 2705 2362 2719 2408; x_wconf 90' lang='lat'><strong>;</strong></span> <span class='ocrx_word' id='word_1_609' title='bbox 2752 2342 2807 2397; x_wconf 93' lang='lat' dir='ltr'><strong>in</strong></span> <span class='ocrx_word' id='word_1_610' title='bbox 2837 2343 3079 2398; x_wconf 88' lang='lat' dir='ltr'><strong>secundo</strong></span> <span class='ocrx_word' id='word_1_611' title='bbox 3121 2357 3255 2398; x_wconf 91' lang='lat' dir='ltr'><strong>vero</strong></span> <span class='ocrx_word' id='word_1_612' title='bbox 3272 2356 3477 2411; x_wconf 66' lang='lat' dir='ltr'><strong>praero-</strong></span> 
     </span>
    </p>
   </div>
   <div class='ocr_carea' id='block_1_81' title="bbox 1885 2431 3478 2503">
    <p class='ocr_par' dir='ltr' id='par_1_81' title="bbox 1885 2431 3478 2503">
     <span class='ocr_line' id='line_1_81' title="bbox 1885 2431 3478 2503; baseline 0.001 -18"><span class='ocrx_word' id='word_1_613' title='bbox 1885 2439 2110 2503; x_wconf 79' lang='lat' dir='ltr'><strong>gaturus</strong></span> <span class='ocrx_word' id='word_1_614' title='bbox 2140 2437 2223 2485; x_wconf 90' lang='lat' dir='ltr'><strong>est</strong></span> <span class='ocrx_word' id='word_1_615' title='bbox 2246 2431 2550 2500; x_wconf 87' lang='lat' dir='ltr'><strong>justitiam.</strong></span> <span class='ocrx_word' id='word_1_616' title='bbox 2592 2433 2660 2486; x_wconf 91' lang='lat' dir='ltr'><strong>Et</strong></span> <span class='ocrx_word' id='word_1_617' title='bbox 2713 2446 2779 2487; x_wconf 88' lang='lat' dir='ltr'><strong>ne</strong></span> <span class='ocrx_word' id='word_1_618' title='bbox 2809 2437 2937 2487; x_wconf 88' lang='lat' dir='ltr'><strong>tunc</strong></span> <span class='ocrx_word' id='word_1_619' title='bbox 2981 2431 3188 2500; x_wconf 88' lang='lat' dir='ltr'><strong>justitia</strong></span> <span class='ocrx_word' id='word_1_620' title='bbox 3235 2431 3478 2486; x_wconf 88' lang='lat' dir='ltr'><strong>dictante</strong></span> 
     </span>
    </p>
   </div>
   <div class='ocr_carea' id='block_1_82' title="bbox 1884 2518 3478 2592">
    <p class='ocr_par' dir='ltr' id='par_1_82' title="bbox 1884 2518 3478 2592">
     <span class='ocr_line' id='line_1_82' title="bbox 1884 2518 3478 2592; baseline -0.001 -17"><span class='ocrx_word' id='word_1_621' title='bbox 1884 2534 2195 2591; x_wconf 88' lang='lat' dir='ltr'><strong>pereamus,</strong></span> <span class='ocrx_word' id='word_1_622' title='bbox 2226 2535 2372 2576; x_wconf 91' lang='lat' dir='ltr'><strong>nunc</strong></span> <span class='ocrx_word' id='word_1_623' title='bbox 2400 2519 2786 2592; x_wconf 79' lang='lat' dir='ltr'><strong>confugiamus</strong></span> <span class='ocrx_word' id='word_1_624' title='bbox 2828 2521 2899 2576; x_wconf 89' lang='lat' dir='ltr'><strong>ad</strong></span> <span class='ocrx_word' id='word_1_625' title='bbox 2926 2520 3127 2592; x_wconf 89' lang='lat' dir='ltr'><strong>ipsum,</strong></span> <span class='ocrx_word' id='word_1_626' title='bbox 3151 2520 3242 2592; x_wconf 91' lang='lat' dir='ltr'><strong>qui</strong></span> <span class='ocrx_word' id='word_1_627' title='bbox 3296 2518 3478 2592; x_wconf 80' lang='lat' dir='ltr'><strong>magis</strong></span> 
     </span>
    </p>
   </div>
   <div class='ocr_carea' id='block_1_83' title="bbox 1884 2615 3478 2690">
    <p class='ocr_par' dir='ltr' id='par_1_83' title="bbox 1884 2615 3478 2690">
     <span class='ocr_line' id='line_1_83' title="bbox 1884 2615 3478 2690; baseline -0.003 -17"><span class='ocrx_word' id='word_1_628' title='bbox 1884 2625 2083 2687; x_wconf 68' lang='lat' dir='ltr'><strong>prazsto</strong></span> <span class='ocrx_word' id='word_1_629' title='bbox 2113 2624 2195 2671; x_wconf 88' lang='lat' dir='ltr'><strong>est</strong></span> <span class='ocrx_word' id='word_1_630' title='bbox 2222 2616 2352 2672; x_wconf 88' lang='lat' dir='ltr'><strong>dare</strong></span> <span class='ocrx_word' id='word_1_631' title='bbox 2382 2617 2601 2672; x_wconf 88' lang='lat' dir='ltr'><strong>veniam</strong></span> <span class='ocrx_word' id='word_1_632' title='bbox 2631 2632 2792 2690; x_wconf 89' lang='lat' dir='ltr'><strong>quam</strong></span> <span class='ocrx_word' id='word_1_633' title='bbox 2821 2625 3078 2688; x_wconf 87' lang='lat' dir='ltr'><strong>peccator</strong></span> <span class='ocrx_word' id='word_1_634' title='bbox 3134 2615 3382 2673; x_wconf 87' lang='lat' dir='ltr'><strong>converti</strong></span> <span class='ocrx_word' id='word_1_635' title='bbox 3406 2615 3478 2669; x_wconf 90' lang='lat' dir='ltr'><strong>ad</strong></span> 
     </span>
    </p>
   </div>
   <div class='ocr_carea' id='block_1_84' title="bbox 1883 2705 3475 2780">
    <p class='ocr_par' dir='ltr' id='par_1_84' title="bbox 1883 2705 3475 2780">
     <span class='ocr_line' id='line_1_84' title="bbox 1883 2705 3475 2780; baseline -0.002 -19"><span class='ocrx_word' id='word_1_636' title='bbox 1883 2705 2256 2776; x_wconf 70' lang='lat' dir='ltr'><strong>pmnitentiam</strong></span> <span class='ocrx_word' id='word_1_637' title='bbox 2280 2725 2295 2773; x_wconf 89' lang='lat'><strong>;</strong></span> <span class='ocrx_word' id='word_1_638' title='bbox 2316 2706 2447 2761; x_wconf 90' lang='lat' dir='ltr'><strong>satis</strong></span> <span class='ocrx_word' id='word_1_639' title='bbox 2468 2707 2771 2778; x_wconf 90' lang='lat' dir='ltr'><strong>promptior</strong></span> <span class='ocrx_word' id='word_1_640' title='bbox 2798 2707 2869 2761; x_wconf 91' lang='lat' dir='ltr'><strong>ad</strong></span> <span class='ocrx_word' id='word_1_641' title='bbox 2898 2706 3295 2780; x_wconf 76' lang='lat' dir='ltr'><strong>ignoscendum</strong></span> <span class='ocrx_word' id='word_1_642' title='bbox 3317 2719 3475 2776; x_wconf 88' lang='lat' dir='ltr'><strong>quam</strong></span> 
     </span>
    </p>
   </div>
   <div class='ocr_carea' id='block_1_85' title="bbox 1884 2791 3477 2866">
    <p class='ocr_par' dir='ltr' id='par_1_85' title="bbox 1884 2791 3477 2866">
     <span class='ocr_line' id='line_1_85' title="bbox 1884 2791 3477 2866; baseline 0 -19"><span class='ocrx_word' id='word_1_643' title='bbox 1884 2794 2109 2865; x_wconf 90' lang='lat' dir='ltr'><strong>quilibet</strong></span> <span class='ocrx_word' id='word_1_644' title='bbox 2138 2794 2301 2850; x_wconf 89' lang='lat' dir='ltr'><strong>homo</strong></span> <span class='ocrx_word' id='word_1_645' title='bbox 2332 2795 2399 2849; x_wconf 87' lang='lat' dir='ltr'><strong>ad</strong></span> <span class='ocrx_word' id='word_1_646' title='bbox 2431 2796 2790 2866; x_wconf 89' lang='lat' dir='ltr'><strong>peccandum.</strong></span> <span class='ocrx_word' id='word_1_647' title='bbox 2826 2796 2953 2851; x_wconf 89' lang='lat' dir='ltr'><strong>Haec</strong></span> <span class='ocrx_word' id='word_1_648' title='bbox 2983 2795 3107 2852; x_wconf 90' lang='lat' dir='ltr'><strong>ideo</strong></span> <span class='ocrx_word' id='word_1_649' title='bbox 3135 2795 3276 2849; x_wconf 83' lang='lat' dir='ltr'><strong>dixit</strong></span> <span class='ocrx_word' id='word_1_650' title='bbox 3296 2803 3353 2848; x_wconf 89' lang='lat' dir='ltr'><strong>ut</strong></span> <span class='ocrx_word' id='word_1_651' title='bbox 3383 2791 3477 2865; x_wconf 90' lang='lat' dir='ltr'><strong>qui</strong></span> 
     </span>
    </p>
   </div>
   <div class='ocr_carea' id='block_1_86' title="bbox 1883 2882 3475 2955">
    <p class='ocr_par' dir='ltr' id='par_1_86' title="bbox 1883 2882 3475 2955">
     <span class='ocr_line' id='line_1_86' title="bbox 1883 2882 3475 2955; baseline -0.002 -16"><span class='ocrx_word' id='word_1_652' title='bbox 1883 2882 2129 2939; x_wconf 85' lang='lat' dir='ltr'><strong>converti</strong></span> <span class='ocrx_word' id='word_1_653' title='bbox 2156 2882 2441 2948; x_wconf 90' lang='lat' dir='ltr'><strong>voluerint,</strong></span> <span class='ocrx_word' id='word_1_654' title='bbox 2475 2900 2630 2955; x_wconf 89' lang='lat' dir='ltr'><strong>spem</strong></span> <span class='ocrx_word' id='word_1_655' title='bbox 2654 2885 2911 2951; x_wconf 89' lang='lat' dir='ltr'><strong>habeant,</strong></span> <span class='ocrx_word' id='word_1_656' title='bbox 2946 2892 3001 2940; x_wconf 90' lang='lat' dir='ltr'><strong>et</strong></span> <span class='ocrx_word' id='word_1_657' title='bbox 3029 2900 3183 2955; x_wconf 89' lang='lat' dir='ltr'><strong>spem</strong></span> <span class='ocrx_word' id='word_1_658' title='bbox 3212 2883 3475 2939; x_wconf 90' lang='lat' dir='ltr'><strong>habentes</strong></span> 
     </span>
    </p>
   </div>
   <div class='ocr_carea' id='block_1_87' title="bbox 1882 2970 3476 3044">
    <p class='ocr_par' dir='ltr' id='par_1_87' title="bbox 1882 2970 3476 3044">
     <span class='ocr_line' id='line_1_87' title="bbox 1882 2970 3476 3044; baseline 0 -18"><span class='ocrx_word' id='word_1_659' title='bbox 1882 2970 2095 3043; x_wconf 90' lang='lat' dir='ltr'><strong>penitus</strong></span> <span class='ocrx_word' id='word_1_660' title='bbox 2124 2971 2472 3042; x_wconf 91' lang='lat' dir='ltr'><strong>resipiscant.</strong></span> <span class='ocrx_word' id='word_1_661' title='bbox 2512 2971 2672 3041; x_wconf 90' lang='lat' dir='ltr'><strong>Quod</strong></span> <span class='ocrx_word' id='word_1_662' title='bbox 2722 2975 2842 3043; x_wconf 89' lang='lat' dir='ltr'><strong>ejus</strong></span> <span class='ocrx_word' id='word_1_663' title='bbox 2870 2972 3045 3044; x_wconf 88' lang='lat' dir='ltr'><strong>pietas</strong></span> <span class='ocrx_word' id='word_1_664' title='bbox 3074 2980 3334 3042; x_wconf 64' lang='lat' dir='ltr'><strong>praestare</strong></span> <span class='ocrx_word' id='word_1_665' title='bbox 3385 2970 3476 3027; x_wconf 86' lang='lat' dir='ltr'><strong>di-</strong></span> 
     </span>
    </p>
   </div>
   <div class='ocr_carea' id='block_1_88' title="bbox 1882 3059 3474 3133">
    <p class='ocr_par' dir='ltr' id='par_1_88' title="bbox 1882 3059 3474 3133">
     <span class='ocr_line' id='line_1_88' title="bbox 1882 3059 3474 3133; baseline -0.001 -18"><span class='ocrx_word' id='word_1_666' title='bbox 1882 3068 2100 3133; x_wconf 75' lang='lat' dir='ltr'><strong>gnetur,</strong></span> <span class='ocrx_word' id='word_1_667' title='bbox 2127 3060 2217 3132; x_wconf 90' lang='lat' dir='ltr'><strong>qui</strong></span> <span class='ocrx_word' id='word_1_668' title='bbox 2258 3060 2329 3114; x_wconf 88' lang='lat' dir='ltr'><strong>ita</strong></span> <span class='ocrx_word' id='word_1_669' title='bbox 2359 3060 2702 3131; x_wconf 89' lang='lat' dir='ltr'><strong>dispensavit</strong></span> <span class='ocrx_word' id='word_1_670' title='bbox 2747 3069 3030 3133; x_wconf 88' lang='lat' dir='ltr'><strong>utramque</strong></span> <span class='ocrx_word' id='word_1_671' title='bbox 3082 3061 3249 3117; x_wconf 87' lang='lat' dir='ltr'><strong>vitam</strong></span> <span class='ocrx_word' id='word_1_672' title='bbox 3304 3068 3364 3115; x_wconf 88' lang='lat' dir='ltr'><strong>ut</strong></span> <span class='ocrx_word' id='word_1_673' title='bbox 3416 3059 3474 3114; x_wconf 89' lang='lat' dir='ltr'><strong>in</strong></span> 
     </span>
    </p>
   </div>
   <div class='ocr_carea' id='block_1_89' title="bbox 1886 3147 3475 3220">
    <p class='ocr_par' dir='ltr' id='par_1_89' title="bbox 1886 3147 3475 3220">
     <span class='ocr_line' id='line_1_89' title="bbox 1886 3147 3475 3220; baseline 0.001 -19"><span class='ocrx_word' id='word_1_674' title='bbox 1886 3147 2149 3220; x_wconf 63' lang='lat' dir='ltr'><strong>praesenti</strong></span> <span class='ocrx_word' id='word_1_675' title='bbox 2178 3148 2380 3205; x_wconf 72' lang='lat' dir='ltr'><strong>saeculo</strong></span> <span class='ocrx_word' id='word_1_676' title='bbox 2405 3147 2621 3206; x_wconf 85' lang='lat' dir='ltr'><strong>labores</strong></span> <span class='ocrx_word' id='word_1_677' title='bbox 2652 3165 2717 3205; x_wconf 89' lang='lat' dir='ltr'><strong>ac</strong></span> <span class='ocrx_word' id='word_1_678' title='bbox 2746 3150 2970 3206; x_wconf 90' lang='lat' dir='ltr'><strong>dolores</strong></span> <span class='ocrx_word' id='word_1_679' title='bbox 2998 3149 3106 3205; x_wconf 90' lang='lat' dir='ltr'><strong>cito</strong></span> <span class='ocrx_word' id='word_1_680' title='bbox 3136 3147 3299 3204; x_wconf 87' lang='lat' dir='ltr'><strong>ﬁnem</strong></span> <span class='ocrx_word' id='word_1_681' title='bbox 3321 3148 3475 3203; x_wconf 86' lang='lat' dir='ltr'><strong>habe-</strong></span> 
     </span>
    </p>
   </div>
   <div class='ocr_carea' id='block_1_90' title="bbox 1884 3236 3472 3312">
    <p class='ocr_par' dir='ltr' id='par_1_90' title="bbox 1884 3236 3472 3312">
     <span class='ocr_line' id='line_1_90' title="bbox 1884 3236 3472 3312; baseline 0 -21"><span class='ocrx_word' id='word_1_682' title='bbox 1884 3244 2000 3291; x_wconf 87' lang='lat' dir='ltr'><strong>rent</strong></span> <span class='ocrx_word' id='word_1_683' title='bbox 2032 3254 2046 3301; x_wconf 92' lang='lat'><strong>;</strong></span> <span class='ocrx_word' id='word_1_684' title='bbox 2076 3237 2129 3292; x_wconf 92' lang='lat' dir='ltr'><strong>in</strong></span> <span class='ocrx_word' id='word_1_685' title='bbox 2151 3237 2332 3293; x_wconf 89' lang='lat' dir='ltr'><strong>futuro</strong></span> <span class='ocrx_word' id='word_1_686' title='bbox 2361 3254 2494 3295; x_wconf 88' lang='lat' dir='ltr'><strong>vero</strong></span> <span class='ocrx_word' id='word_1_687' title='bbox 2528 3239 2861 3296; x_wconf 90' lang='lat' dir='ltr'><strong>bonorumet</strong></span> <span class='ocrx_word' id='word_1_688' title='bbox 2880 3238 3223 3312; x_wconf 60' lang='lat' dir='ltr'><strong>praemiorum</strong></span> <span class='ocrx_word' id='word_1_689' title='bbox 3273 3236 3472 3309; x_wconf 84' lang='lat' dir='ltr'><strong>gaudia</strong></span> 
     </span>
    </p>
   </div>
   <div class='ocr_carea' id='block_1_91' title="bbox 1877 3326 2461 3383">
    <p class='ocr_par' dir='ltr' id='par_1_91' title="bbox 1877 3326 2461 3383">
     <span class='ocr_line' id='line_1_91' title="bbox 1877 3326 2461 3383; baseline 0.002 -1"><span class='ocrx_word' id='word_1_690' title='bbox 1877 3326 1997 3383; x_wconf 82' lang='lat' dir='ltr'><strong>sine</strong></span> <span class='ocrx_word' id='word_1_691' title='bbox 2027 3326 2137 3383; x_wconf 82' lang='lat' dir='ltr'><strong>ﬁne</strong></span> <span class='ocrx_word' id='word_1_692' title='bbox 2157 3335 2461 3383; x_wconf 86' lang='lat' dir='ltr'><strong>manerent.</strong></span> 
     </span>
    </p>
   </div>
   <div class='ocr_carea' id='block_1_92' title="bbox 2280 3472 3069 3544">
    <p class='ocr_par' dir='ltr' id='par_1_92' title="bbox 2280 3472 3069 3544">
     <span class='ocr_line' id='line_1_92' title="bbox 2280 3472 3069 3544; baseline -0.001 -15"><span class='ocrx_word' id='word_1_693' title='bbox 2280 3474 2445 3544; x_wconf 84' lang='lat'><strong>226</strong></span> <span class='ocrx_word' id='word_1_694' title='bbox 2486 3472 2830 3530; x_wconf 83' lang='lat' dir='ltr'><strong>EPISTOLA</strong></span> <span class='ocrx_word' id='word_1_695' title='bbox 2867 3473 3069 3528; x_wconf 85' lang='lat' dir='ltr'><strong>XLIX.</strong></span> 
     </span>
    </p>
   </div>
   <div class='ocr_carea' id='block_1_93' title="bbox 1879 3631 3466 3703">
    <p class='ocr_par' dir='ltr' id='par_1_93' title="bbox 1879 3631 3466 3703">
     <span class='ocr_line' id='line_1_93' title="bbox 1879 3631 3466 3703; baseline 0 -16"><span class='ocrx_word' id='word_1_696' title='bbox 1879 3631 2166 3703; x_wconf 77' lang='lat' dir='ltr'><strong>Go/fridus</strong></span> <span class='ocrx_word' id='word_1_697' title='bbox 2194 3631 2614 3689; x_wconf 74' lang='lat' dir='ltr'><strong>Vindoeinemis</strong></span> <span class='ocrx_word' id='word_1_698' title='bbox 2657 3633 2999 3689; x_wconf 68' lang='lat' dir='ltr'><strong>monasterii</strong></span> <span class='ocrx_word' id='word_1_699' title='bbox 3034 3631 3310 3702; x_wconf 79' lang='lat' dir='ltr'><strong>indignus</strong></span> <span class='ocrx_word' id='word_1_700' title='bbox 3340 3646 3466 3688; x_wconf 67' lang='lat' dir='ltr'><strong>sero</strong></span> 
     </span>
    </p>
   </div>
   <div class='ocr_carea' id='block_1_94' title="bbox 1944 3722 3468 3794">
    <p class='ocr_par' dir='ltr' id='par_1_94' title="bbox 1944 3722 3468 3794">
     <span class='ocr_line' id='line_1_94' title="bbox 1944 3722 3468 3794; baseline -0.001 -17"><span class='ocrx_word' id='word_1_701' title='bbox 1944 3738 2064 3786; x_wconf 71' lang='lat' dir='ltr'><strong>vus,</strong></span> <span class='ocrx_word' id='word_1_702' title='bbox 2098 3723 2302 3778; x_wconf 72' lang='lat' dir='ltr'><strong>Heraea</strong></span> <span class='ocrx_word' id='word_1_703' title='bbox 2317 3722 2539 3780; x_wconf 75' lang='lat' dir='ltr'><strong>incluso</strong></span> <span class='ocrx_word' id='word_1_704' title='bbox 2587 3724 2771 3779; x_wconf 86' lang='lat' dir='ltr'><strong>amico</strong></span> <span class='ocrx_word' id='word_1_705' title='bbox 2793 3737 2913 3788; x_wconf 74' lang='lat' dir='ltr'><strong>suo,</strong></span> <span class='ocrx_word' id='word_1_706' title='bbox 2956 3722 3149 3778; x_wconf 77' lang='lat' dir='ltr'><strong>sancti</strong></span> <span class='ocrx_word' id='word_1_707' title='bbox 3191 3722 3468 3794; x_wconf 78' lang='lat' dir='ltr'><strong>prepositi</strong></span> 
     </span>
    </p>
   </div>
   <div class='ocr_carea' id='block_1_95' title="bbox 1941 3812 2447 3883">
    <p class='ocr_par' dir='ltr' id='par_1_95' title="bbox 1941 3812 2447 3883">
     <span class='ocr_line' id='line_1_95' title="bbox 1941 3812 2447 3883; baseline -0.004 -16"><span class='ocrx_word' id='word_1_708' title='bbox 1941 3812 2447 3883; x_wconf 77' lang='lat' dir='ltr'><strong>perseverantiam.</strong></span> 
     </span>
    </p>
   </div>
   <div class='ocr_carea' id='block_1_96' title="bbox 1944 3902 3467 3979">
    <p class='ocr_par' dir='ltr' id='par_1_96' title="bbox 1944 3902 3467 3979">
     <span class='ocr_line' id='line_1_96' title="bbox 1944 3902 3467 3979; baseline -0.003 -18"><span class='ocrx_word' id='word_1_709' title='bbox 1944 3907 2015 3961; x_wconf 90' lang='lat' dir='ltr'><strong>H.</strong></span> <span class='ocrx_word' id='word_1_710' title='bbox 2046 3907 2364 3963; x_wconf 87' lang='lat' dir='ltr'><strong>secretarius</strong></span> <span class='ocrx_word' id='word_1_711' title='bbox 2411 3909 2472 3962; x_wconf 90' lang='lat' dir='ltr'><strong>B.</strong></span> <span class='ocrx_word' id='word_1_712' title='bbox 2504 3907 2688 3963; x_wconf 69' lang='lat' dir='ltr'><strong>Mariae</strong></span> <span class='ocrx_word' id='word_1_713' title='bbox 2718 3907 2885 3979; x_wconf 81' lang='grc'><strong>(334),</strong></span> <span class='ocrx_word' id='word_1_714' title='bbox 2949 3906 2995 3962; x_wconf 89' lang='lat' dir='ltr'><strong>si</strong></span> <span class='ocrx_word' id='word_1_715' title='bbox 3016 3906 3315 3964; x_wconf 89' lang='lat' dir='ltr'><strong>monachus</strong></span> <span class='ocrx_word' id='word_1_716' title='bbox 3354 3902 3467 3959; x_wconf 88' lang='lat' dir='ltr'><strong>vult</strong></span> 
     </span>
    </p>
   </div>
   <div class='ocr_carea' id='block_1_97' title="bbox 1872 3992 3463 4066">
    <p class='ocr_par' dir='ltr' id='par_1_97' title="bbox 1872 3992 3463 4066">
     <span class='ocr_line' id='line_1_97' title="bbox 1872 3992 3463 4066; baseline 0 -18"><span class='ocrx_word' id='word_1_717' title='bbox 1872 3992 2012 4064; x_wconf 84' lang='lat' dir='ltr'><strong>ﬁeri,</strong></span> <span class='ocrx_word' id='word_1_718' title='bbox 2044 3995 2182 4052; x_wconf 88' lang='lat' dir='ltr'><strong>sicut</strong></span> <span class='ocrx_word' id='word_1_719' title='bbox 2213 3996 2371 4051; x_wconf 87' lang='lat' dir='ltr'><strong>nobis</strong></span> <span class='ocrx_word' id='word_1_720' title='bbox 2416 3996 2739 4064; x_wconf 88' lang='lat' dir='ltr'><strong>mandastis,</strong></span> <span class='ocrx_word' id='word_1_721' title='bbox 2795 4012 2903 4053; x_wconf 90' lang='lat' dir='ltr'><strong>non</strong></span> <span class='ocrx_word' id='word_1_722' title='bbox 2957 4004 3042 4052; x_wconf 91' lang='lat' dir='ltr'><strong>est</strong></span> <span class='ocrx_word' id='word_1_723' title='bbox 3097 3993 3463 4066; x_wconf 86' lang='lat' dir='ltr'><strong>respuendus.</strong></span> 
     </span>
    </p>
   </div>
   <div class='ocr_carea' id='block_1_98' title="bbox 1872 4081 3464 4155">
    <p class='ocr_par' dir='ltr' id='par_1_98' title="bbox 1872 4081 3464 4155">
     <span class='ocr_line' id='line_1_98' title="bbox 1872 4081 3464 4155; baseline 0.001 -19"><span class='ocrx_word' id='word_1_724' title='bbox 1872 4083 2111 4155; x_wconf 85' lang='lat' dir='ltr'><strong>Vigilate</strong></span> <span class='ocrx_word' id='word_1_725' title='bbox 2142 4084 2322 4155; x_wconf 87' lang='lat' dir='ltr'><strong>itaque</strong></span> <span class='ocrx_word' id='word_1_726' title='bbox 2350 4093 2407 4140; x_wconf 89' lang='lat' dir='ltr'><strong>ut</strong></span> <span class='ocrx_word' id='word_1_727' title='bbox 2454 4086 2614 4141; x_wconf 89' lang='lat' dir='ltr'><strong>citius</strong></span> <span class='ocrx_word' id='word_1_728' title='bbox 2668 4093 3035 4154; x_wconf 87' lang='lat' dir='ltr'><strong>convertatur,</strong></span> <span class='ocrx_word' id='word_1_729' title='bbox 3096 4092 3149 4140; x_wconf 91' lang='lat' dir='ltr'><strong>et</strong></span> <span class='ocrx_word' id='word_1_730' title='bbox 3201 4081 3464 4138; x_wconf 90' lang='lat' dir='ltr'><strong>mundum</strong></span> 
     </span>
    </p>
   </div>
   <div class='ocr_carea' id='block_1_99' title="bbox 1872 4172 3460 4239">
    <p class='ocr_par' dir='ltr' id='par_1_99' title="bbox 1872 4172 3460 4239">
     <span class='ocr_line' id='line_1_99' title="bbox 1872 4172 3460 4239; baseline 0.001 -13"><span class='ocrx_word' id='word_1_731' title='bbox 1872 4172 2105 4238; x_wconf 87' lang='lat' dir='ltr'><strong>deserat,</strong></span> <span class='ocrx_word' id='word_1_732' title='bbox 2131 4173 2218 4229; x_wconf 93' lang='lat' dir='ltr'><strong>cui</strong></span> <span class='ocrx_word' id='word_1_733' title='bbox 2246 4172 2491 4228; x_wconf 86' lang='lat' dir='ltr'><strong>forsilam</strong></span> <span class='ocrx_word' id='word_1_734' title='bbox 2518 4173 2704 4230; x_wconf 90' lang='lat' dir='ltr'><strong>illicite</strong></span> <span class='ocrx_word' id='word_1_735' title='bbox 2723 4173 3030 4230; x_wconf 80' lang='lat' dir='ltr'><strong>famulatur.</strong></span> <span class='ocrx_word' id='word_1_736' title='bbox 3050 4173 3291 4230; x_wconf 79' lang='lat' dir='ltr'><strong>Alterum</strong></span> <span class='ocrx_word' id='word_1_737' title='bbox 3308 4188 3460 4239; x_wconf 89' lang='lat' dir='ltr'><strong>vero,</strong></span> 
     </span>
    </p>
   </div>
   <div class='ocr_carea' id='block_1_100' title="bbox 1873 4260 3460 4335">
    <p class='ocr_par' dir='ltr' id='par_1_100' title="bbox 1873 4260 3460 4335">
     <span class='ocr_line' id='line_1_100' title="bbox 1873 4260 3460 4335; baseline 0.001 -21"><span class='ocrx_word' id='word_1_738' title='bbox 1873 4260 1965 4332; x_wconf 92' lang='lat' dir='ltr'><strong>qui</strong></span> <span class='ocrx_word' id='word_1_739' title='bbox 1986 4262 2200 4316; x_wconf 91' lang='lat' dir='ltr'><strong>noverit</strong></span> <span class='ocrx_word' id='word_1_740' title='bbox 2228 4262 2518 4334; x_wconf 90' lang='lat' dir='ltr'><strong>presbyter</strong></span> <span class='ocrx_word' id='word_1_741' title='bbox 2546 4261 2722 4317; x_wconf 89' lang='lat' dir='ltr'><strong>factus</strong></span> <span class='ocrx_word' id='word_1_742' title='bbox 2754 4270 2856 4328; x_wconf 89' lang='lat' dir='ltr'><strong>est,</strong></span> <span class='ocrx_word' id='word_1_743' title='bbox 2888 4262 2957 4318; x_wconf 92' lang='lat' dir='ltr'><strong>de</strong></span> <span class='ocrx_word' id='word_1_744' title='bbox 2986 4279 3100 4335; x_wconf 92' lang='lat' dir='ltr'><strong>quo</strong></span> <span class='ocrx_word' id='word_1_745' title='bbox 3159 4262 3351 4319; x_wconf 86' lang='lat' dir='ltr'><strong>iterum</strong></span> <span class='ocrx_word' id='word_1_746' title='bbox 3381 4260 3460 4316; x_wconf 91' lang='lat' dir='ltr'><strong>si-</strong></span> 
     </span>
    </p>
   </div>
   <div class='ocr_carea' id='block_1_101' title="bbox 1871 4349 3463 4420">
    <p class='ocr_par' dir='ltr' id='par_1_101' title="bbox 1871 4349 3463 4420">
     <span class='ocr_line' id='line_1_101' title="bbox 1871 4349 3463 4420; baseline 0.001 -17"><span class='ocrx_word' id='word_1_747' title='bbox 1871 4349 2192 4420; x_wconf 77' lang='lat' dir='ltr'><strong>guiﬁcastis,</strong></span> <span class='ocrx_word' id='word_1_748' title='bbox 2227 4351 2278 4405; x_wconf 91' lang='lat' dir='ltr'><strong>si</strong></span> <span class='ocrx_word' id='word_1_749' title='bbox 2305 4352 2460 4408; x_wconf 91' lang='lat' dir='ltr'><strong>vobis</strong></span> <span class='ocrx_word' id='word_1_750' title='bbox 2487 4351 2647 4407; x_wconf 76' lang='lat' dir='ltr'><strong>bonae</strong></span> <span class='ocrx_word' id='word_1_751' title='bbox 2699 4351 2822 4407; x_wconf 65' lang='lat' dir='ltr'><strong>vitae</strong></span> <span class='ocrx_word' id='word_1_752' title='bbox 2844 4368 2968 4408; x_wconf 92' lang='lat' dir='ltr'><strong>esse</strong></span> <span class='ocrx_word' id='word_1_753' title='bbox 3014 4352 3246 4417; x_wconf 90' lang='lat' dir='ltr'><strong>videtur,</strong></span> <span class='ocrx_word' id='word_1_754' title='bbox 3304 4350 3463 4406; x_wconf 90' lang='lat' dir='ltr'><strong>nobis</strong></span> 
     </span>
    </p>
   </div>
   <div class='ocr_carea' id='block_1_102' title="bbox 1868 4439 3465 4512">
    <p class='ocr_par' dir='ltr' id='par_1_102' title="bbox 1868 4439 3465 4512">
     <span class='ocr_line' id='line_1_102' title="bbox 1868 4439 3465 4512; baseline 0.003 -20"><span class='ocrx_word' id='word_1_755' title='bbox 1868 4439 2080 4493; x_wconf 84' lang='lat' dir='ltr'><strong>mittere</strong></span> <span class='ocrx_word' id='word_1_756' title='bbox 2101 4439 2303 4494; x_wconf 88' lang='lat' dir='ltr'><strong>curetis</strong></span> <span class='ocrx_word' id='word_1_757' title='bbox 2326 4458 2341 4506; x_wconf 85' lang='lat'><strong>;</strong></span> <span class='ocrx_word' id='word_1_758' title='bbox 2372 4448 2425 4496; x_wconf 91' lang='lat' dir='ltr'><strong>et</strong></span> <span class='ocrx_word' id='word_1_759' title='bbox 2445 4456 2804 4512; x_wconf 90' lang='lat' dir='ltr'><strong>quoscunque</strong></span> <span class='ocrx_word' id='word_1_760' title='bbox 2827 4442 3071 4498; x_wconf 73' lang='lat' dir='ltr'><strong>honestae</strong></span> <span class='ocrx_word' id='word_1_761' title='bbox 3094 4441 3217 4496; x_wconf 70' lang='lat' dir='ltr'><strong>vita:</strong></span> <span class='ocrx_word' id='word_1_762' title='bbox 3230 4440 3465 4497; x_wconf 88' lang='lat' dir='ltr'><strong>clericos</strong></span> 
     </span>
    </p>
   </div>
   <div class='ocr_carea' id='block_1_103' title="bbox 1788 4527 3461 4609">
    <p class='ocr_par' dir='ltr' id='par_1_103' title="bbox 1788 4527 3461 4609">
     <span class='ocr_line' id='line_1_103' title="bbox 1788 4527 3461 4609; baseline 0.002 -28"><span class='ocrx_word' id='word_1_763' title='bbox 1788 4545 1844 4609; x_wconf 83' lang='lat' dir='ltr'><strong>D</strong></span> <span class='ocrx_word' id='word_1_764' title='bbox 1870 4527 2207 4596; x_wconf 88' lang='lat' dir='ltr'><strong>inveneritis,</strong></span> <span class='ocrx_word' id='word_1_765' title='bbox 2230 4528 2387 4583; x_wconf 84' lang='lat' dir='ltr'><strong>nobis</strong></span> <span class='ocrx_word' id='word_1_766' title='bbox 2417 4529 2783 4585; x_wconf 89' lang='lat' dir='ltr'><strong>transmittere</strong></span> <span class='ocrx_word' id='word_1_767' title='bbox 2811 4546 2919 4585; x_wconf 89' lang='lat' dir='ltr'><strong>non</strong></span> <span class='ocrx_word' id='word_1_768' title='bbox 2967 4528 3258 4585; x_wconf 78' lang='lat' dir='ltr'><strong>diﬂ&#39;eratis.</strong></span> <span class='ocrx_word' id='word_1_769' title='bbox 3333 4530 3461 4584; x_wconf 86' lang='lat' dir='ltr'><strong>Plus</strong></span> 
     </span>
    </p>
   </div>
   <div class='ocr_carea' id='block_1_104' title="bbox 1868 4616 3459 4689">
    <p class='ocr_par' dir='ltr' id='par_1_104' title="bbox 1868 4616 3459 4689">
     <span class='ocr_line' id='line_1_104' title="bbox 1868 4616 3459 4689; baseline 0.001 -18"><span class='ocrx_word' id='word_1_770' title='bbox 1868 4617 2052 4689; x_wconf 90' lang='lat' dir='ltr'><strong>itaque</strong></span> <span class='ocrx_word' id='word_1_771' title='bbox 2082 4616 2137 4670; x_wconf 91' lang='lat' dir='ltr'><strong>in</strong></span> <span class='ocrx_word' id='word_1_772' title='bbox 2166 4617 2477 4673; x_wconf 90' lang='lat' dir='ltr'><strong>hominibus</strong></span> <span class='ocrx_word' id='word_1_773' title='bbox 2515 4616 2798 4688; x_wconf 84' lang='lat' dir='ltr'><strong>diligimus</strong></span> <span class='ocrx_word' id='word_1_774' title='bbox 2830 4621 3111 4674; x_wconf 90' lang='lat' dir='ltr'><strong>honestam</strong></span> <span class='ocrx_word' id='word_1_775' title='bbox 3170 4627 3459 4689; x_wconf 87' lang='lat' dir='ltr'><strong>pauperta-</strong></span> 
     </span>
    </p>
   </div>
   <div class='ocr_carea' id='block_1_105' title="bbox 1867 4706 3459 4778">
    <p class='ocr_par' dir='ltr' id='par_1_105' title="bbox 1867 4706 3459 4778">
     <span class='ocr_line' id='line_1_105' title="bbox 1867 4706 3459 4778; baseline 0.001 -20"><span class='ocrx_word' id='word_1_776' title='bbox 1867 4712 1998 4772; x_wconf 90' lang='lat' dir='ltr'><strong>tem,</strong></span> <span class='ocrx_word' id='word_1_777' title='bbox 2031 4721 2195 4778; x_wconf 90' lang='lat' dir='ltr'><strong>quam</strong></span> <span class='ocrx_word' id='word_1_778' title='bbox 2253 4706 2519 4776; x_wconf 88' lang='lat' dir='ltr'><strong>superbas</strong></span> <span class='ocrx_word' id='word_1_779' title='bbox 2568 4722 2766 4762; x_wconf 88' lang='lat' dir='ltr'><strong>eorum</strong></span> <span class='ocrx_word' id='word_1_780' title='bbox 2798 4706 3035 4772; x_wconf 89' lang='lat' dir='ltr'><strong>divitias,</strong></span> <span class='ocrx_word' id='word_1_781' title='bbox 3094 4723 3232 4778; x_wconf 84' lang='lat' dir='ltr'><strong>quas</strong></span> <span class='ocrx_word' id='word_1_782' title='bbox 3290 4706 3337 4760; x_wconf 91' lang='lat' dir='ltr'><strong>si</strong></span> <span class='ocrx_word' id='word_1_783' title='bbox 3359 4708 3459 4761; x_wconf 81' lang='lat' dir='ltr'><strong>ha-</strong></span> 
     </span>
    </p>
   </div>
   <div class='ocr_carea' id='block_1_106' title="bbox 1869 4794 3459 4866">
    <p class='ocr_par' dir='ltr' id='par_1_106' title="bbox 1869 4794 3459 4866">
     <span class='ocr_line' id='line_1_106' title="bbox 1869 4794 3459 4866; baseline 0.002 -17"><span class='ocrx_word' id='word_1_784' title='bbox 1869 4794 2100 4861; x_wconf 89' lang='lat' dir='ltr'><strong>buerint,</strong></span> <span class='ocrx_word' id='word_1_785' title='bbox 2125 4796 2447 4866; x_wconf 65' lang='lat' dir='ltr'><strong>respuendae</strong></span> <span class='ocrx_word' id='word_1_786' title='bbox 2475 4812 2586 4850; x_wconf 89' lang='lat' dir='ltr'><strong>non</strong></span> <span class='ocrx_word' id='word_1_787' title='bbox 2617 4804 2742 4850; x_wconf 90' lang='lat' dir='ltr'><strong>sunt</strong></span> <span class='ocrx_word' id='word_1_788' title='bbox 2777 4814 2790 4859; x_wconf 92' lang='lat'><strong>;</strong></span> <span class='ocrx_word' id='word_1_789' title='bbox 2825 4796 3023 4851; x_wconf 89' lang='lat' dir='ltr'><strong>habent</strong></span> <span class='ocrx_word' id='word_1_790' title='bbox 3069 4796 3213 4852; x_wconf 90' lang='lat' dir='ltr'><strong>enim</strong></span> <span class='ocrx_word' id='word_1_791' title='bbox 3274 4802 3330 4850; x_wconf 91' lang='lat' dir='ltr'><strong>et</strong></span> <span class='ocrx_word' id='word_1_792' title='bbox 3351 4795 3459 4852; x_wconf 70' lang='lat' dir='ltr'><strong>illae</strong></span> 
     </span>
    </p>
   </div>
   <div class='ocr_carea' id='block_1_107' title="bbox 1870 4882 3460 4956">
    <p class='ocr_par' dir='ltr' id='par_1_107' title="bbox 1870 4882 3460 4956">
     <span class='ocr_line' id='line_1_107' title="bbox 1870 4882 3460 4956; baseline 0.002 -19"><span class='ocrx_word' id='word_1_793' title='bbox 1870 4882 2048 4939; x_wconf 91' lang='lat' dir='ltr'><strong>locum</strong></span> <span class='ocrx_word' id='word_1_794' title='bbox 2069 4900 2246 4951; x_wconf 90' lang='lat' dir='ltr'><strong>suum,</strong></span> <span class='ocrx_word' id='word_1_795' title='bbox 2306 4885 2440 4938; x_wconf 89' lang='lat' dir='ltr'><strong>nihil</strong></span> <span class='ocrx_word' id='word_1_796' title='bbox 2478 4893 2658 4939; x_wconf 89' lang='lat' dir='ltr'><strong>tamen</strong></span> <span class='ocrx_word' id='word_1_797' title='bbox 2702 4899 2798 4956; x_wconf 90' lang='lat' dir='ltr'><strong>pro</strong></span> <span class='ocrx_word' id='word_1_798' title='bbox 2858 4884 3122 4940; x_wconf 85' lang='lat' dir='ltr'><strong>faciendis</strong></span> <span class='ocrx_word' id='word_1_799' title='bbox 3178 4884 3460 4940; x_wconf 88' lang='lat' dir='ltr'><strong>monachis</strong></span> 
     </span>
    </p>
   </div>
   <div class='ocr_carea' id='block_1_108' title="bbox 1868 4972 3457 5046">
    <p class='ocr_par' dir='ltr' id='par_1_108' title="bbox 1868 4972 3457 5046">
     <span class='ocr_line' id='line_1_108' title="bbox 1868 4972 3457 5046; baseline 0 -19"><span class='ocrx_word' id='word_1_800' title='bbox 1868 4972 2177 5045; x_wconf 73' lang='lat' dir='ltr'><strong>quaerimus,</strong></span> <span class='ocrx_word' id='word_1_801' title='bbox 2210 4972 2311 5027; x_wconf 91' lang='lat' dir='ltr'><strong>sed</strong></span> <span class='ocrx_word' id='word_1_802' title='bbox 2332 4972 2375 5027; x_wconf 90' lang='lat' dir='ltr'><strong>si</strong></span> <span class='ocrx_word' id='word_1_803' title='bbox 2409 4972 2538 5046; x_wconf 84' lang='lat' dir='ltr'><strong>quid</strong></span> <span class='ocrx_word' id='word_1_804' title='bbox 2566 4974 2807 5029; x_wconf 90' lang='lat' dir='ltr'><strong>oblatum</strong></span> <span class='ocrx_word' id='word_1_805' title='bbox 2825 4973 3001 5037; x_wconf 85' lang='lat' dir='ltr'><strong>fuerit,</strong></span> <span class='ocrx_word' id='word_1_806' title='bbox 3024 4973 3150 5045; x_wconf 89' lang='lat' dir='ltr'><strong>quia</strong></span> <span class='ocrx_word' id='word_1_807' title='bbox 3185 4972 3314 5028; x_wconf 93' lang='lat' dir='ltr'><strong>illud</strong></span> <span class='ocrx_word' id='word_1_808' title='bbox 3348 4973 3457 5029; x_wconf 89' lang='lat' dir='ltr'><strong>Re—</strong></span> 
     </span>
    </p>
   </div>
   <div class='ocr_carea' id='block_1_109' title="bbox 1863 5060 3461 5136">
    <p class='ocr_par' dir='ltr' id='par_1_109' title="bbox 1863 5060 3461 5136">
     <span class='ocr_line' id='line_1_109' title="bbox 1863 5060 3461 5136; baseline 0.003 -22"><span class='ocrx_word' id='word_1_809' title='bbox 1863 5060 1991 5132; x_wconf 76' lang='lat' dir='ltr'><strong>gula</strong></span> <span class='ocrx_word' id='word_1_810' title='bbox 2014 5061 2215 5133; x_wconf 91' lang='lat' dir='ltr'><strong>suscipi</strong></span> <span class='ocrx_word' id='word_1_811' title='bbox 2238 5062 2410 5131; x_wconf 81' lang='lat' dir='ltr'><strong>jubet,</strong></span> <span class='ocrx_word' id='word_1_812' title='bbox 2436 5061 2787 5133; x_wconf 81' lang='lat' dir='ltr'><strong>suscipimus.</strong></span> <span class='ocrx_word' id='word_1_813' title='bbox 2816 5062 2961 5119; x_wconf 87' lang='lat' dir='ltr'><strong>Ordo</strong></span> <span class='ocrx_word' id='word_1_814' title='bbox 2980 5061 3249 5136; x_wconf 87' lang='lat' dir='ltr'><strong>siquidem</strong></span> <span class='ocrx_word' id='word_1_815' title='bbox 3275 5070 3461 5118; x_wconf 84' lang='lat' dir='ltr'><strong>noster</strong></span> 
     </span>
    </p>
   </div>
   <div class='ocr_carea' id='block_1_110' title="bbox 1865 5149 3460 5223">
    <p class='ocr_par' dir='ltr' id='par_1_110' title="bbox 1865 5149 3460 5223">
     <span class='ocr_line' id='line_1_110' title="bbox 1865 5149 3460 5223; baseline 0.003 -21"><span class='ocrx_word' id='word_1_816' title='bbox 1865 5149 2033 5222; x_wconf 83' lang='lat' dir='ltr'><strong>exigit</strong></span> <span class='ocrx_word' id='word_1_817' title='bbox 2060 5158 2116 5204; x_wconf 89' lang='lat' dir='ltr'><strong>ut</strong></span> <span class='ocrx_word' id='word_1_818' title='bbox 2141 5150 2279 5204; x_wconf 87' lang='lat' dir='ltr'><strong>tales</strong></span> <span class='ocrx_word' id='word_1_819' title='bbox 2333 5151 2524 5217; x_wconf 86' lang='lat' dir='ltr'><strong>simus,</strong></span> <span class='ocrx_word' id='word_1_820' title='bbox 2559 5151 2649 5222; x_wconf 91' lang='lat' dir='ltr'><strong>qui</strong></span> <span class='ocrx_word' id='word_1_821' title='bbox 2698 5168 2807 5207; x_wconf 89' lang='lat' dir='ltr'><strong>non</strong></span> <span class='ocrx_word' id='word_1_822' title='bbox 2844 5151 3009 5207; x_wconf 89' lang='lat' dir='ltr'><strong>lucris</strong></span> <span class='ocrx_word' id='word_1_823' title='bbox 3068 5150 3460 5223; x_wconf 85' lang='lat' dir='ltr'><strong>temporalibus</strong></span> 
     </span>
    </p>
   </div>
   <div class='ocr_carea' id='block_1_111' title="bbox 1864 5237 3051 5311">
    <p class='ocr_par' dir='ltr' id='par_1_111' title="bbox 1864 5237 3051 5311">
     <span class='ocr_line' id='line_1_111' title="bbox 1864 5237 3051 5311; baseline 0.002 -19"><span class='ocrx_word' id='word_1_824' title='bbox 1864 5237 1962 5293; x_wconf 91' lang='lat' dir='ltr'><strong>sed</strong></span> <span class='ocrx_word' id='word_1_825' title='bbox 1990 5238 2269 5295; x_wconf 88' lang='lat' dir='ltr'><strong>lucrandis</strong></span> <span class='ocrx_word' id='word_1_826' title='bbox 2285 5239 2576 5296; x_wconf 89' lang='lat' dir='ltr'><strong>animabus</strong></span> <span class='ocrx_word' id='word_1_827' title='bbox 2593 5256 2815 5311; x_wconf 83' lang='lat' dir='ltr'><strong>Operam</strong></span> <span class='ocrx_word' id='word_1_828' title='bbox 2838 5241 3051 5296; x_wconf 86' lang='lat' dir='ltr'><strong>demus.</strong></span> 
     </span>
    </p>
   </div>
   <div class='ocr_carea' id='block_1_112' title="bbox 2335 5400 2972 5470">
    <p class='ocr_par' dir='ltr' id='par_1_112' title="bbox 2335 5400 2972 5470">
     <span class='ocr_line' id='line_1_112' title="bbox 2335 5400 2972 5470; baseline -0.002 -13"><span class='ocrx_word' id='word_1_829' title='bbox 2335 5400 2485 5470; x_wconf 85' lang='lat'><strong>227</strong></span> <span class='ocrx_word' id='word_1_830' title='bbox 2527 5400 2865 5459; x_wconf 85' lang='lat' dir='ltr'><strong>EPISTOLA</strong></span> <span class='ocrx_word' id='word_1_831' title='bbox 2911 5402 2972 5457; x_wconf 91' lang='lat' dir='ltr'><strong>L.</strong></span> 
     </span>
    </p>
   </div>
   <div class='ocr_carea' id='block_1_113' title="bbox 1862 5545 3448 5619">
    <p class='ocr_par' dir='ltr' id='par_1_113' title="bbox 1862 5545 3448 5619">
     <span class='ocr_line' id='line_1_113' title="bbox 1862 5545 3448 5619; baseline 0.005 -19"><span class='ocrx_word' id='word_1_832' title='bbox 1862 5545 2149 5615; x_wconf 82' lang='lat' dir='ltr'><strong>Go/‘fridus</strong></span> <span class='ocrx_word' id='word_1_833' title='bbox 2174 5546 2595 5605; x_wconf 77' lang='lat' dir='ltr'><strong>Vindocincnsis</strong></span> <span class='ocrx_word' id='word_1_834' title='bbox 2625 5551 2968 5606; x_wconf 76' lang='lat' dir='ltr'><strong>monasterii</strong></span> <span class='ocrx_word' id='word_1_835' title='bbox 2988 5550 3219 5607; x_wconf 86' lang='lat' dir='ltr'><strong>inutilis</strong></span> <span class='ocrx_word' id='word_1_836' title='bbox 3237 5566 3448 5619; x_wconf 74' lang='lat' dir='ltr'><strong>servus,</strong></span> 
     </span>
    </p>
   </div>
   <div class='ocr_carea' id='block_1_114' title="bbox 1857 5635 3447 5712">
    <p class='ocr_par' dir='ltr' id='par_1_114' title="bbox 1857 5635 3447 5712">
     <span class='ocr_line' id='line_1_114' title="bbox 1857 5635 3447 5712; baseline 0.004 -23"><span class='ocrx_word' id='word_1_837' title='bbox 1857 5635 2061 5690; x_wconf 85' lang='lat' dir='ltr'><strong>dilecto</strong></span> <span class='ocrx_word' id='word_1_838' title='bbox 2084 5651 2185 5691; x_wconf 78' lang='lat' dir='ltr'><strong>suo</strong></span> <span class='ocrx_word' id='word_1_839' title='bbox 2216 5637 2422 5693; x_wconf 83' lang='lat' dir='ltr'><strong>llerveo</strong></span> <span class='ocrx_word' id='word_1_840' title='bbox 2455 5637 2697 5703; x_wconf 76' lang='lat' dir='ltr'><strong>incluso,</strong></span> <span class='ocrx_word' id='word_1_841' title='bbox 2740 5640 2895 5695; x_wconf 83' lang='lat' dir='ltr'><strong>inter</strong></span> <span class='ocrx_word' id='word_1_842' title='bbox 2911 5641 3160 5712; x_wconf 74' lang='lat' dir='ltr'><strong>pariete:</strong></span> <span class='ocrx_word' id='word_1_843' title='bbox 3191 5641 3447 5711; x_wconf 58' lang='lat' dir='ltr'><strong>lapidum</strong></span> 
     </span>
    </p>
   </div>
   <div class='ocr_carea' id='block_1_115' title="bbox 233 5748 1770 5839">
    <p class='ocr_par' dir='ltr' id='par_1_115' title="bbox 233 5748 1770 5839">
     <span class='ocr_line' id='line_1_115' title="bbox 233 5748 1770 5839; baseline 0.007 -36"><span class='ocrx_word' id='word_1_844' title='bbox 404 5749 756 5839; x_wconf 73' lang='lat' dir='ltr'><strong>§ecretarius</strong></span> <span class='ocrx_word' id='word_1_845' title='bbox 789 5751 849 5808; x_wconf 84' lang='grc' dir='ltr'><strong>Β.</strong></span> <span class='ocrx_word' id='word_1_846' title='bbox 891 5750 1386 5814; x_wconf 69' lang='lat' dir='ltr'><strong>Mariw.Ecclesiae</strong></span> <span class='ocrx_word' id='word_1_847' title='bbox 1445 5755 1770 5816; x_wconf 86' lang='lat' dir='ltr'><strong>Carnotensi</strong></span> 
     </span>
    </p>
   </div>
   <div class='ocr_carea' id='block_1_116' title="bbox 1882 5748 3453 5839">
    <p class='ocr_par' dir='ltr' id='par_1_116' title="bbox 1882 5757 3453 5839">
     <span class='ocr_line' id='line_1_116' title="bbox 1882 5757 3453 5839; baseline 0.003 -23"><span class='ocrx_word' id='word_1_848' title='bbox 1882 5757 2024 5818; x_wconf 75' lang='lat' dir='ltr'><strong>.ibro</strong></span> <span class='ocrx_word' id='word_1_849' title='bbox 2054 5777 2115 5831; x_wconf 81' lang='grc' dir='ltr'><strong>ιι,</strong></span> <span class='ocrx_word' id='word_1_850' title='bbox 2149 5758 2383 5834; x_wconf 87' lang='lat' dir='ltr'><strong>epistola</strong></span> <span class='ocrx_word' id='word_1_851' title='bbox 2422 5763 2507 5820; x_wconf 71' lang='lat' dir='ltr'><strong>ﬂ.</strong></span> <span class='ocrx_word' id='word_1_852' title='bbox 2542 5761 2769 5821; x_wconf 67' lang='lat' dir='ltr'><strong>Sanctae</strong></span> <span class='ocrx_word' id='word_1_853' title='bbox 2809 5764 3000 5823; x_wconf 69' lang='lat' dir='ltr'><strong>Mariae</strong></span> <span class='ocrx_word' id='word_1_854' title='bbox 3031 5765 3361 5839; x_wconf 81' lang='lat' dir='ltr'><strong>Capitutum</strong></span> <span class='ocrx_word' id='word_1_855' title='bbox 3397 5772 3453 5821; x_wconf 84' lang='lat' dir='ltr'><strong>et</strong></span> 
     </span>
    </p>
   </div>
   <div class='ocr_carea' id='block_1_117' title="bbox 162 5818 455 5892">
    <p class='ocr_par' dir='ltr' id='par_1_117' title="bbox 162 5818 455 5892">
     <span class='ocr_line' id='line_1_117' title="bbox 162 5818 455 5892; baseline 0 -17"><span class='ocrx_word' id='word_1_856' title='bbox 162 5818 322 5892; x_wconf 84' lang='lat' dir='ltr'><strong>epist.</strong></span> <span class='ocrx_word' id='word_1_857' title='bbox 367 5822 455 5875; x_wconf 77' lang='lat' dir='ltr'><strong>t5.</strong></span> 
     </span>
    </p>
   </div>
  </div>
