3910 6390
161 362 266 416 189

1435 361 1826 420 ΕΡΙΒΤΟΙΑΕ.
1861 393 1931 404 -
1959 363 2092 418 LIB.
2133 363 2202 419 V.

3362 368 3464 421 190

157 484 444 542 inﬁrmitas
465 486 817 543 vehementer
839 489 996 558 231
1022 486 1270 544 formidat
1294 487 1484 543 urbem
1503 489 1751 557 Romam,
1782 488 1840 550 A
1868 487 2022 559 prius
2051 487 2380 556 dilexerant,
2409 488 2631 544 obedire
2660 495 2952 546 recusant.
2992 489 3062 543 Et
3088 487 3212 544 ideo
3243 489 3382 545 sicut
3411 490 3467 544 in

155 573 530 630 referentibus
559 576 870 648 peregrinis
900 577 1026 632 inde
1057 577 1272 632 noviter
1302 577 1662 643 venientibus,
1689 577 1763 632 ita

155 663 339 719 audivi
369 665 732 734 perturbatam
765 667 908 736 quod
930 665 1182 720 dominus
1215 681 1356 736 papa
1388 668 1511 736 (339
1551 667 1623 720 ibi
1653 682 1762 720 non

153 761 256 817 est,
288 761 340 806 et
399 753 639 808 Sutrium
701 756 868 808 Petro
925 755 1119 810 Leonis
1150 755 1388 810 ablatum
1420 763 1516 810 est.
1567 755 1762 810 Domi-

151 856 254 894 nus
282 840 550 912 siquidem
582 858 723 914 papa
753 843 894 912 apud
919 845 1354 898 Beneventanum
1371 844 1559 899 urbem
1583 859 1762 898 mora-

151 934 279 992 tur;
314 929 410 984 sed
444 931 753 986 revertendi
784 933 1011 987 Romam
1030 948 1140 987 non
1170 933 1334 987 habet
1357 932 1685 988 facultatem.
1706 932 1762 986 Si

149 1033 285 1072 vero
314 1034 554 1088 persona
583 1019 842 1091 quarlibet
871 1020 936 1074 ad
979 1037 1102 1075 eum
1151 1021 1427 1075 transiens
1461 1020 1759 1087 invenitur,

147 1121 258 1160 non
287 1106 336 1161 ei
365 1107 608 1162 aufertur
656 1109 806 1179 (340)
835 1125 1023 1179 cappa,
1087 1110 1184 1164 sed
1241 1110 1310 1165 de
1368 1110 1470 1164 vita
1503 1111 1680 1164 statim
1711 1117 1764 1164 et

145 1195 414 1250 membris
447 1196 652 1268 agitur.
684 1197 838 1253 Unde
868 1205 1184 1268 oportetme
1208 1197 1498 1253 consilium
1520 1205 1759 1253 vestrum

145 1286 325 1340 achuc
354 1285 567 1354 audire,
590 1294 638 1340 et
667 1286 714 1340 si
744 1302 842 1356 pro
869 1295 1018 1341 certo
1041 1287 1164 1342 vitae
1186 1287 1434 1358 periculo
1464 1303 1562 1342 vos
1594 1303 1758 1358 expo-

143 1388 278 1427 nere
301 1372 464 1428 vultis
523 1381 817 1446 antequam
841 1374 1191 1447 legativestri
1216 1380 1577 1438 revertantur,
1617 1375 1762 1448 quod

141 1459 375 1515 laudare
400 1476 510 1516 non
541 1477 764 1533 possum
795 1478 896 1518 nec
924 1463 1120 1528 debeo,
1156 1465 1288 1518 mihi
1320 1462 1619 1519 notificate.
1646 1465 1762 1535 Ego

140 1558 320 1603 autem
373 1550 490 1605 sine
547 1551 705 1606 vobis
759 1567 986 1607 movere
1044 1569 1153 1607 non
1212 1553 1416 1620 audeo,
1475 1552 1762 1608 vobiscum

137 1645 344 1705 tamen,
402 1639 499 1694 sed
555 1655 656 1710 pro
713 1648 894 1695 vestra
950 1640 1200 1708 utilitate,
1261 1641 1308 1696 si
1365 1658 1529 1696 sanus
1581 1641 1758 1710 fuero,

140 1734 367 1798 paratus
396 1744 514 1782 sum
553 1734 610 1783 et
638 1728 692 1782 in
724 1744 1005 1784 carcerem
1035 1737 1089 1784 et
1113 1730 1166 1784 in
1197 1739 1432 1786 mortem
1470 1730 1576 1786 ire.
1600 1729 1754 1798 Vale,

141 1823 199 1872 et
230 1817 375 1888 quod
404 1816 457 1871 in
481 1831 613 1872 aure
644 1818 798 1873 vobis
827 1819 971 1888 dico,
1005 1819 1138 1873 nulli
1168 1819 1487 1891 praedicate.

690 1933 1041 1990 EPISTOLA
1080 1936 1176 1991 IV.

143 2049 422 2121 (Io/frictus
463 2051 883 2106 Vindocinensis
912 2052 1246 2107 monasterii
1267 2050 1501 2106 humilis
1529 2065 1741 2116 servus,

214 2141 333 2194 suis
357 2140 418 2194 in
450 2139 670 2196 Christo
702 2140 948 2207 dilectis,
1001 2139 1296 2212 Stephano
1345 2140 1553 2195 decano
1593 2139 1744 2209 (341)

215 2227 466 2286 Huberto
496 2230 737 2296 cantari,
781 2229 1095 2285 Guarnerio
1139 2228 1554 2294 archidiacono,
1580 2243 1746 2300 pura:

219 2317 540 2373 dilectionis
571 2318 892 2390 obsequium
905 2358 918 2372 .

215 2413 350 2484 Quia
399 2431 487 2470 me
545 2415 826 2488 indignum
874 2423 927 2470 et
983 2422 1326 2486 peccatorem
1382 2413 1617 2471 vocastis
1675 2412 1746 2468 ad

139 2503 388 2575 episcopi
464 2503 632 2559 vestri
682 2503 1026 2569 electionem,
1085 2504 1282 2558 multas
1338 2503 1492 2558 vobis
1567 2502 1745 2558 refero

139 2592 378 2666 gratias.
419 2595 538 2664 Ego
569 2593 786 2664 quidem
821 2602 1016 2648 vestrae
1047 2592 1314 2648 vocationi
1341 2592 1472 2646 satis
1489 2591 1741 2660 libenter,

138 2676 566 2748 acquievissem,
600 2677 701 2731 nisi
736 2678 837 2733 sub
887 2677 984 2732 bac
1030 2677 1338 2742 occasione,
1372 2677 1513 2748 quod
1559 2676 1747 2732 dicere

140 2765 292 2830 nolo,
323 2766 509 2821 subire
538 2765 866 2821 timuissem.
909 2767 972 2820 Et
1003 2767 1280 2837 quoniam,
1317 2773 1373 2819 ut
1410 2763 1744 2835 postulastis,

142 2871 232 2909 me
262 2863 584 2924 praesentem
612 2871 756 2911 nunc
786 2854 991 2909 habere
1022 2854 1243 2908 minime
1264 2853 1510 2924 potestis,
1545 2853 1747 2907 absens

147 2945 312 3010 232
347 2943 506 2998 laudo
529 2944 670 3015 quod
689 2943 988 3000 secundum
1021 2944 1192 2998 Deum
1225 2941 1485 2998 feceritis.

705 3049 1049 3106 EPISTOLA
1104 3049 1149 3102 V
1163 3090 1176 3103 .

143 3137 429 3210 Goﬂridus
482 3140 909 3196 Vindocinensis
954 3138 1292 3194 monasterii
1321 3137 1587 3193 minister
1617 3137 1746 3193 indi

212 3244 374 3300 gnus,
406 3230 686 3300 Stephano
702 3228 1193 3294 decano,Huberto
1233 3228 1457 3283 cantori
1495 3227 1751 3282 Guarne-

217 3318 300 3372 rio
319 3317 736 3386 archidiacono,
752 3319 997 3372 salutem
1011 3358 1024 3370 .

217 3406 515 3461 Subdolum
541 3405 713 3472 illum,
772 3421 932 3477 quem
963 3404 1128 3460 multa
1189 3403 1394 3459 falsitas
1425 3403 1555 3459 facit
1585 3402 1751 3458 etiam

140 3495 196 3550 in
229 3494 452 3550 veritate
481 3502 816 3566 suspectum,
837 3511 978 3549 nunc
1000 3493 1266 3550 veraeiter
1293 3509 1326 3548 a
1352 3493 1624 3548 desiderio
1654 3508 1753 3549 suo

140 3583 459 3638 frustratum
505 3583 908 3655 cegnoscimus.
969 3583 1124 3639 Unde
1192 3581 1550 3653 omnipotenti
1608 3584 1747 3649 Deo,

140 3671 305 3744 cujus
335 3671 725 3727 misericordiae
745 3673 888 3727 dono
906 3671 1010 3728 hoc
1025 3679 1203 3727 actum
1235 3687 1358 3727 esse
1389 3671 1749 3742 dignoscitur.

140 3761 352 3834 gratias
382 3760 588 3815 referre
610 3760 939 3816 unanimiter
961 3760 1242 3816 debemus.
1266 3761 1331 3814 Et
1354 3759 1480 3831 quia
1502 3759 1750 3828 ejusdem

141 3848 244 3904 Dei
275 3857 328 3904 et
355 3848 573 3904 Domini
605 3849 773 3904 nostri
793 3850 922 3904 Jesu
944 3849 1140 3904 Christi
1162 3857 1423 3918 Operante
1459 3847 1754 3904 clementia

142 3953 366 3994 causam
397 3945 642 3993 nostram
673 3938 895 3994 omnino
921 3937 972 3992 in
998 3953 1267 4009 prospero
1291 3945 1429 3992 statu
1449 3936 1752 3993 consistere

141 4026 442 4092 cernimus,
473 4042 822 4097 summopere
860 4026 1163 4082 cavendum
1191 4035 1274 4082 est
1305 4043 1371 4081 ne
1400 4026 1751 4097 prosperita-

143 4123 274 4180 tem,
334 4130 495 4186 quam
545 4114 663 4185 ipse
723 4114 881 4169 nobis
938 4114 1370 4170 misericorditer
1423 4114 1635 4180 tribuit,
1696 4114 1751 4168 in

144 4219 389 4258 errorem
414 4207 706 4259 vertamus.
741 4203 898 4274 Saepe
928 4203 1071 4259 enim
1109 4203 1325 4274 quidam
1342 4203 1395 4256 in
1427 4202 1752 4258 adversitate

142 4291 306 4362 positi
335 4293 450 4348 Deo
481 4293 682 4347 servire
744 4300 795 4346 et
823 4309 946 4347 eum
998 4308 1243 4364 quaerere
1286 4292 1620 4358 desiderant,
1654 4291 1751 4346 sed

143 4396 267 4437 cum
293 4380 403 4450 jam
431 4381 849 4452 prosperitatem
881 4381 1062 4452 adepti
1089 4379 1306 4450 fuerint,
1324 4381 1373 4436 ei
1405 4397 1566 4452 quem
1599 4377 1752 4452 quasi

1863 576 2210 644 adversitate,
2274 577 2513 633 bonitate
2553 578 2672 650 ejus
2732 576 3087 649 suffragante,
3151 577 3309 633 fracti
3357 595 3467 634 non

1865 665 2083 733 fuimus,
2145 666 2199 720 in
2256 666 2618 736 prosperitate
2681 667 2990 722 nullatenus
3021 667 3362 732 extollamur,
3397 684 3466 722 ne

1864 771 1964 810 nos
1995 771 2133 826 quos
2187 756 2487 810 adversitas
2535 771 2734 812 nocere
2792 772 2898 811 non
2955 756 3127 826 potuit
3185 757 3464 823 terrendo,

1863 846 2090 916 gravius
2146 853 2333 900 noceat
2392 846 2732 916 prosperitas
2763 845 3066 900 seductoris
3101 845 3458 900 blandiendo.

1863 934 1920 987 In
1971 933 2204 988 Domino
2259 951 2476 1004 semper
2505 933 2744 1000 valeatis,
2779 942 2832 989 et
2880 935 2948 989 de
2979 934 3250 1003 adjutorio
3281 943 3468 990 nostro

1861 1021 2088 1078 minime
2118 1022 2399 1078 diﬂidatis.

2317 1110 2480 1176 233
2515 1106 2868 1162 EPISTOLA
2903 1109 3000 1162 v1.

1865 1196 2150 1268 Goffridus
2183 1197 2607 1253 Vindocinensis
2635 1199 2970 1252 monasterii
3009 1196 3272 1252 minister
3311 1197 3467 1252 indi-

1930 1302 2094 1356 gnus,
2112 1287 2419 1341 venerabili
2439 1286 2780 1359 praecentori
2801 1285 3042 1340 Huberto
3059 1285 3206 1355 (342)
3229 1285 3464 1356 diligere

1932 1375 2074 1446 quod
2100 1377 2247 1430 Deus
2268 1375 2473 1446 diligit,
2499 1379 2555 1430 et
2582 1375 2704 1430 odio
2729 1374 2929 1431 habere
2949 1374 3092 1446 quod
3112 1375 3249 1430 odit.

1934 1462 2166 1518 Amicus
2199 1471 2380 1519 vester
2393 1480 2510 1518 sum
2531 1479 2659 1536 ego,
2682 1479 2788 1518 non
2809 1463 3221 1535 qualiscunque,
3257 1461 3353 1518 sed
3373 1463 3466 1534 qui

1859 1551 2096 1606 animum
2129 1568 2285 1606 suum
2308 1567 2340 1606 a
2396 1552 2713 1619 dilectione,
2749 1568 2855 1624 qua
2888 1568 2985 1607 vos
3015 1551 3248 1624 diligere
3277 1553 3464 1622 coepit,

1859 1640 2011 1696 nullo
2051 1649 2296 1711 tempore
2330 1641 2526 1712 poterit
2554 1656 2841 1696 revocare.
2881 1642 2993 1696 Vos
3024 1648 3226 1706 tamen,
3257 1648 3313 1694 ut
3334 1639 3466 1695 mihi

1859 1729 2096 1796 videtur,
2128 1746 2212 1785 me
2233 1729 2412 1784 minus
2436 1729 2598 1785 solito
2618 1729 2872 1801 diligitis,
2900 1736 2951 1783 et
2976 1728 3122 1800 quod
3151 1744 3251 1783 vos
3271 1727 3460 1800 diligo,

1779 1849 1833 1908 Β
1859 1833 2050 1890 parum
2086 1819 2171 1874 vel
2226 1819 2360 1873 nihil
2414 1819 2628 1890 penitus
2681 1819 2902 1875 curatis.
2962 1817 3020 1872 Si
3052 1825 3343 1888 utrumque
3373 1825 3466 1872 aut

1859 1926 2028 1964 unum
2085 1909 2279 1963 horum
2337 1925 2525 1964 verum
2555 1915 2658 1973 est,
2693 1907 2891 1962 vellem
2936 1907 3153 1976 quidem
3184 1914 3458 1972 neutrum,

1852 2014 1959 2054 non
1993 1998 2116 2053 ideo
2167 2013 2264 2053 vos
2312 1997 2520 2069 pigrius
2580 1995 2827 2068 diligam,
2885 1995 2980 2068 qui
3014 2012 3112 2066 per
3141 2011 3460 2068 germanam

1854 2087 2172 2143 charitatem
2204 2102 2387 2142 amare
2414 2085 2712 2157 compellor
2759 2085 2916 2140 etiam
2942 2101 3048 2140 non
3079 2092 3370 2140 amantem.
3405 2084 3460 2140 Si

1854 2191 2074 2232 causam
2124 2175 2477 2241 habuissetis,
2531 2191 2638 2246 qua
2685 2191 2772 2229 me
2827 2173 3008 2228 minus
3065 2173 3296 2246 diligere
3316 2174 3461 2242 juste

1853 2260 2108 2331 possetis,
2135 2260 2351 2330 culpam
2372 2267 2524 2316 certe
2554 2259 2775 2315 minime
2809 2274 3159 2315 excusassem
3185 2277 3200 2325 ;
3233 2258 3329 2312 sed
3360 2255 3460 2312 Dei

1853 2349 2024 2420 gratia
2055 2349 2200 2421 quod
2231 2365 2302 2403 ex
2333 2365 2419 2404 me
2440 2352 2622 2404 actum
2644 2348 2785 2404 foret
2826 2363 3138 2419 perperam,
3171 2362 3277 2402 non
3303 2347 3456 2402 inve-

1855 2438 2034 2492 nistis.
2075 2439 2190 2494 Hoc
2221 2446 2427 2492 tantum
2468 2437 2722 2506 objicitis,
2757 2437 2902 2509 quod
2934 2436 3076 2491 inter
3099 2452 3186 2491 me
3217 2443 3267 2490 et
3296 2435 3458 2490 dom-

1855 2543 1984 2581 num
2013 2528 2394 2582 Redonensem
2425 2526 2741 2597 episcopum
2774 2526 2926 2597 (343)
2952 2540 3143 2596 pacem
3176 2522 3454 2578 reforma-

1855 2625 1960 2671 tam
1992 2615 2212 2671 videtis.
2271 2617 2350 2670 Ex
2380 2617 2484 2672 hoc
2514 2615 2666 2684 nulli,
2702 2614 2798 2686 qui
2855 2615 3030 2669 Deum
3071 2612 3268 2683 diligit,
3301 2628 3460 2668 scan-

1853 2705 2040 2760 dalum
2071 2705 2328 2772 nascitur,
2373 2713 2426 2759 et
2473 2703 2629 2760 vobis
2682 2703 3030 2775 gaudendum
3084 2709 3250 2768 esset,
3283 2701 3329 2755 si
3359 2717 3462 2757 cor

1857 2803 2097 2850 vestrum
2173 2795 2558 2866 quoquomodo
2639 2800 2938 2864 pateretur.
3005 2793 3143 2847 Nam
3185 2790 3230 2845 si
3274 2790 3457 2845 odium

1855 2884 2131 2939 declinare
2179 2883 2341 2954 culpa
2395 2883 2588 2938 merito
2645 2889 3010 2952 nuncupatur,
3062 2879 3326 2944 diabolus,
3359 2879 3456 2951 qui

1854 2980 2091 3029 sectatur
2114 2971 2253 3026 illud
2283 2971 2520 3035 assidue,
2544 2970 2817 3026 immerito
2839 2973 3127 3040 deputatus
3147 2969 3214 3022 ad
3237 2983 3456 3038 poenam

1853 3061 2203 3132 praedicatur.
2243 3061 2349 3115 Sed
2381 3075 2489 3115 non
2518 3059 2594 3114 ita
2623 3067 2728 3124 est,
2759 3059 2962 3129 optime
3010 3066 3214 3124 cautor,
3249 3056 3457 3111 nullum

1853 3149 2216 3206 Christianum
2246 3149 2420 3217 decet,
2479 3148 2647 3204 multo
2677 3148 2854 3202 minus
2883 3147 3047 3220 igitur
3088 3145 3452 3212 sacerdotem,

1855 3238 2222 3294 Christianum
2275 3238 2455 3302 decet,
2479 3238 2642 3292 multo
2672 3237 2850 3291 minus
2887 3236 3058 3307 igitur
3087 3233 3449 3301 sacerdotem,

1855 3328 2140 3383 fraternum
2185 3327 2371 3382 odium
2431 3342 2707 3392 exercere,
2740 3341 2843 3382 nec
2873 3324 3124 3396 preprias
3175 3322 3452 3379 vindicare

1851 3417 2086 3487 injurias,
2123 3420 2221 3472 sed
2268 3423 2378 3472 toto
2421 3416 2604 3471 animo
2652 3416 2996 3471 condonare.
3058 3412 3453 3468 Condonandaa

1851 3506 2050 3579 quippe
2105 3505 2322 3574 injuriae
2377 3521 2487 3560 non
2545 3514 2758 3573 essent,
2811 3504 2856 3559 si
2913 3502 3237 3558 remittenda
3291 3500 3452 3556 nobis

1852 3603 2075 3666 peccata
2105 3595 2391 3661 deessent;
2418 3595 2516 3649 sed
2541 3595 2664 3666 quia
2683 3594 2816 3649 tales
2842 3609 3048 3659 sumus,
3074 3593 3234 3660 234
3257 3590 3452 3662 quibus

1851 3685 2095 3750 debetur,
2130 3692 2184 3739 et
2215 3684 2307 3756 qui
2338 3685 2606 3739 debemus
2637 3699 2866 3740 necesse
2894 3681 3052 3737 valde
3081 3688 3164 3738 est
3195 3689 3251 3735 ut
3272 3681 3450 3735 dimit-

1853 3781 2029 3828 tamus
2051 3773 2364 3828 hominibus
2415 3789 2536 3845 qua:
2567 3773 2770 3828 debent
2824 3771 3004 3838 nobis,
3039 3770 3084 3826 si
3134 3786 3220 3837 ea,
3271 3785 3390 3842 quae
3419 3784 3453 3824 a

1851 3863 2010 3917 nobis
2040 3863 2325 3927 debentur,
2357 3861 2553 3916 dimitti
2578 3861 2974 3917 desideramus.
3019 3860 3183 3916 Nunc
3225 3858 3452 3914 forsitan

1851 3951 2030 4006 dicitis
2087 3952 2242 4006 vobis
2287 3951 2596 4022 displicere,
2657 3951 2803 4022 quod
2860 3965 2966 4004 nos
3027 3949 3182 4020 prius
3233 3947 3451 4004 discor-

1851 4041 2064 4106 dantes,
2125 4040 2511 4096 reconciliatos
2569 4041 2786 4095 tandem
2843 4037 3195 4110 conspicitis;
3245 4044 3295 4090 at
3325 4035 3453 4108 quia

1853 4129 1970 4183 sine
2026 4137 2210 4185 vestro
2283 4129 2510 4186 consilio
2548 4129 2651 4184 hoc
2694 4128 2922 4200 egerim,
2982 4126 3116 4182 mihi
3170 4125 3326 4198 quasi
3355 4139 3451 4196 pro

1853 4217 2080 4273 crimine
2107 4218 2404 4290 imputatis.
2458 4217 2823 4287 Quaerendum
2854 4216 3124 4288 siquidem
3155 4222 3237 4270 est
3266 4213 3450 4271 consi-

1853 4305 2004 4370 lium,
2029 4315 2082 4362 et
2111 4307 2344 4362 maxime
2390 4307 2446 4361 in
2488 4306 2666 4361 dubiis
2717 4307 2918 4371 rebus;
2953 4306 3008 4360 in
3039 4322 3099 4361 re
3129 4313 3310 4361 autem
3342 4308 3450 4358 tam

1853 4395 2140 4452 manifesta
2169 4411 2309 4467 epus
2355 4395 2524 4451 fuisse
2551 4395 2776 4452 consilio
2805 4411 2914 4450 non
2948 4395 3217 4450 videmus.
3251 4393 3297 4450 Ο
3329 4393 3452 4450 νίιω

216 4558 365 4640 (Ξέθ)
394 4560 848 4640 Dominuspapa.
901 4558 1162 4640 Gal‘linxAtus
1176 4559 1242 4640 _II
1274 4575 1382 4640 quo
1413 4559 1644 4640 Romam
1677 4575 1742 4617 ex
1774 4556 1825 4618 D
1857 4571 1924 4626 de
1952 4567 2208 4625 Rainaldi
2237 4567 2480 4640 episcOpi
2510 4567 2776 4624 electione
2826 4575 3098 4640 ageretur,
3132 4567 3200 4623 de
3230 4583 3334 4640 qua
3361 4567 3452 4623 hic

142 4629 335 4703 Galliis
382 4629 720 4703 adventante
755 4629 918 4682 anno
954 4631 1114 4703 1120.
1176 4629 1445 4703 Burdinus
1493 4630 1749 4703 antipapa

139 4701 287 4756 urbe
318 4700 504 4772 relicta
543 4699 781 4753 Sutrium
813 4701 1175 4770 propinquum
1203 4701 1436 4772 Etruriae
1465 4699 1744 4772 oppidum,

140 4772 325 4844 pulso,
356 4779 414 4824 ut
443 4771 570 4844 hinc
598 4779 840 4844 apparet,
864 4773 1020 4825 Petro
1050 4771 1359 4844 Leonisgibi
1391 4789 1450 4826 se
1480 4771 1750 4830 tutaturus

141 4840 358 4916 invasit.
393 4845 456 4896 At
513 4840 806 4906 Callixtus,
837 4851 926 4916 Aut
973 4843 1160 4916 copias
1220 4843 1288 4916 ad
1321 4847 1748 4916 expugnandum

141 4913 378 4968 Sutrium
428 4921 794 4984 compararet,
825 4912 887 4984 in
937 4914 1070 4966 urbe
1129 4913 1272 4984 haud
1330 4912 1421 4967 diu
1467 4912 1743 4984 moratus,

141 4987 507 5039 Beneventum
532 4984 606 5056 ad
637 4983 987 5056 Guillelmum
1005 4983 1218 5053 Apuliae
1249 4985 1440 5039 ducem
1465 4983 1746 5056 profectus

141 5055 542 5130 est._Sequenti
574 5070 717 5109 anno
777 5055 1034 5130 Sutrium_
1080 5056 1300 5130 recepit,
1342 5055 1745 5130 Burdinumque

139 5126 211 5181 ad
240 5124 486 5198 Cave—use
512 5126 900 5198 monasterium
958 5124 1244 5195 relegavit,
1305 5143 1427 5196 quae
1471 5124 1688 5198 singula
1715 5147 1744 5184 a

142 5196 479 5267 Pandulpho,
512 5197 741 5267 aliisque
793 5196 1009 5251 illorum
1043 5205 1346 5268 temporum
1389 5196 1745 5270 scriptoribus

141 5276 670 5324 commemorantur.

215 5339 364 5407 (340)
418 5340 538 5394 Non
565 5340 615 5394 ei
647 5341 918 5409 aufertur
933 5354 1134 5410 cappa.
1173 5338 1296 5410 Non
1324 5339 1608 5409 spoliatur,
1645 5343 1742 5396 sed

140 5418 394 5465 necatur.
426 5410 838 5481 Negotiatorum
869 5409 1068 5480 cappa’s
1105 5409 1339 5480 legimus
1370 5412 1512 5479 apud
1535 5413 1741 5477 Lupum

142 5482 362 5543 Ferrar,
394 5481 644 5552 abbatem
677 5485 852 5552 epist.
923 5481 1044 5543 125,
1105 5482 1198 5552 sed
1235 5481 1488 5552 analogia
1509 5483 1739 5538 Goliridi

141 5552 434 5607 lectionem
472 5550 774 5624 confirmat.
830 5551 918 5607 Sic
944 5552 1095 5624 enim,
1121 5551 1155 5604 d
1183 5562 1269 5606 cla
1302 5550 1511 5607 videtur
1540 5570 1737 5624 cappa,

140 5632 195 5677 ut
227 5624 415 5694 cappis
452 5622 628 5691 poculi
663 5639 856 5694 genus,
878 5623 1216 5694 etcapulum,
1245 5639 1342 5677 seu
1366 5622 1734 5694 manubrium,

141 5710 238 5750 seu
271 5693 610 5764 feretrum,a
638 5693 920 5764 capiendo,
945 5693 1087 5747 unde
1118 5702 1168 5747 et
1199 5694 1434 5762 capella.

212 5765 358 5845 ($41)
417 5763 1309 5845 Stepltano’decano.Ecclesiae
1365 5767 1426 5845 ξ.
1495 5766 1738 5845 Mauricii

139 5834 580 5910 Andegavensis,
612 5839 670 5890 ut
722 5834 922 5892 dictum
946 5842 1029 5894 est
1055 5835 1151 5893 lib.
1185 5851 1262 5909 ιιι,
1296 5837 1455 5910 epist.
1490 5841 1578 5908 11,
1611 5855 1735 5896 cum

1848 4643 2012 4698 etiam
2044 4655 2246 4704 sermo,
2281 4648 2333 4693 et
2363 4639 2691 4710 in’epistolis
2721 4639 3100 4709 sequentibus.

1919 4714 2068 4782 (342)
2102 4711 2444 4767 Ρνίεοεηίυνὶ
2464 4711 2740 4766 Huberto.
2779 4711 2935 4782 Nunc
2959 4719 3237 4782 cautorem
3268 4716 3447 4782 vocat,

1848 4780 1992 4839 nunc
2023 4788 2441 4853 pi-zecentorem,
2465 4790 2521 4836 ut
2577 4782 2632 4834 in
2656 4781 2996 4836 dedicatione
3029 4780 3438 4836 Vindocinensi.

1848 4859 1886 4910 Α
1934 4857 2172 4911 Corneto
2213 4855 2491 4924 Arnulfus
2539 4854 2970 4908 archidiaconus
3010 4856 3065 4908 et
3102 4855 3438 4924 prrecentor.

1850 4927 2135 4980 Proximus
2155 4923 2402 4979 Huberto’
2420 4925 2614 4996 gradu,
2648 4939 2711 4980 ac
2739 4933 2983 4993 tempore
3017 4924 3112 4976 luit
3134 4923 3448 4996 Stephanus

1847 5007 2041 5052 cantor
2071 4997 2195 5050 item
2230 5005 2278 5050 et
2310 4994 2726 5050 archidiaconus
2758 4994 3196 5065 Anuegavensis,
3231 4995 3299 5048 de
3331 5010 3446 5064 quo

1844 5067 1897 5121 in
1933 5071 2044 5122 haec
2078 5067 2241 5122 verba
2277 5067 2661 5121 Kalendarium
2695 5066 2755 5119 S.
2796 5065 3038 5120 Mauricii
3067 5083 3079 5119 :
3113 5083 3182 5119 xv
3213 5065 3445 5121 Kalend.

1846 5139 2162 5195 Novembris
2183 5139 2319 5192 obiit
2359 5139 2692 5209 Stephanus
2712 5141 2912 5193 cantor
2932 5141 2986 5192 et
3012 5137 3448 5192 archidiaconus

1841 5214 2079 5281 propter
2098 5209 2395 5263 servitium
2432 5211 2601 5281 huius
2627 5211 2889 5264 Ecclesia:
2904 5209 2970 5263 ab
2991 5209 3240 5264 hostibus
3260 5209 3448 5263 inter-

1842 5279 2082 5351 emptus,
2107 5297 2258 5335 anno
2281 5279 2507 5335 Domini
2536 5282 2699 5334 1116.

1914 5349 2478 5430 (34.3)__Redonensem
2491 5353 2832 5430 episcopum.
2867 5349 3183 5405 Marbodum
3196 5392 3215 5430 ,7
3239 5350 3330 5421 qui
3349 5367 3448 5420 pro

1842 5422 2086 5477 Rainaldi
2117 5422 2380 5494 electione
2439 5422 2684 5492 primum
2705 5423 2873 5487 stetit,
2909 5437 3005 5492 pro
3035 5437 3139 5494 qua
3171 5429 3240 5494 et;
3255 5431 3448 5491 captus

1841 5503 1942 5559 est,
1977 5501 2033 5548 ut
2062 5494 2268 5548 dictum
2300 5492 2400 5546 lib.
2445 5508 2526 5559 ιιι,
2587 5494 2744 5563 epist.
2809 5495 2900 5548 l4.
2940 5492 3128 5562 postea
3159 5492 3357 5554 eidem,
3393 5502 3450 5546 ut

1842 5565 2056 5636 ingrato
2082 5563 2596 5636 adversaricmpit,
2631 5573 2685 5618 ut
2718 5565 2963 5636 declarat
3000 5565 3171 5636 ipsius
3199 5565 3447 5636 litat-bodi

1840 5633 2063 5706 epistola
2095 5633 2626 5706 interlldebertinas
2657 5639 2748 5690 80.
2788 5634 2969 5703 Quare
3000 5633 3174 5691 facilis
3228 5635 3305 5688 illi
3338 5646 3446 5688 tum

1838 5704 2071 5762 fuitcum
2090 5704 2356 5770 Goﬁ‘rido,
2383 5705 2742 5779 qui_Bainaldi
2761 5707 3081 5763 electionem
3101 5723 3215 5779 prae
3232 5706 3447 5762 caeteris

1836 5779 2199 5852 improbabat,
2229 5777 2602 5834 reconciliata.
