3910 6412
484 423 583 480 191

1565 404 1898 464 GOFFRIDI
1926 397 2214 459 ABBATIS
2249 390 2794 452 VINDOCINENSIS

3730 378 3838 431 192

485 544 821 605 venerabilis
845 542 1070 600 cantor!
1133 539 1179 596 si
1231 543 1489 611 quantum
1546 542 1599 589 te
1629 533 1800 606 diligo
1824 527 2090 586 veraciter
2201 520 2402 576 absens
2431 533 2656 591 corpore
2682 517 2900 590 loquor,
2931 517 3076 572 hunc
3104 518 3286 570 tamen
3315 511 3674 582 praesentem
3696 502 3837 559 reti-

489 636 685 704 scires,
719 633 979 692 crederes
1005 631 1188 702 utique
1217 635 1405 682 nostro
1437 622 1688 688 consilio,
1720 629 1774 676 et
1799 617 2091 692 quemdam

488 725 584 780 tibi
615 724 770 779 valde
799 720 1127 780 contrarium
1157 719 1442 772 humorem
1470 720 1695 782 accepta
1717 710 1938 782 potione
1968 721 2094 778 pur-

491 831 674 887 gares,
707 813 896 884 scique
927 809 1158 865 futuram
1184 805 1386 859 vitares
1407 802 1736 874 passionem.
1759 797 1814 854 Si
1851 796 2092 852 nondum

493 886 636 959 nosti
664 902 832 957 istum
854 901 1158 961 humorem,
1184 912 1285 950 nec
1304 893 1455 948 istius
1489 889 1728 945 humoris
1746 886 2088 959 passionem;

493 991 652 1058 vade,
683 987 911 1046 consule
941 985 1204 1050 medicos,
1241 991 1292 1037 et
1315 981 1435 1053 quis
1455 979 1522 1033 sit
1543 981 1644 1032 iste
1666 979 2094 1045 humoragnove-

495 1081 586 1149 ris,
622 1094 723 1134 nec
752 1079 820 1132 de
859 1076 984 1148 ejus
1021 1074 1278 1146 passione
1311 1070 1545 1142 amplius
1575 1066 1777 1140 poteris
1806 1063 2082 1119 dubitare.

494 1168 740 1226 Medicos
762 1167 1040 1232 dico,non
1074 1163 1164 1236 qui
1195 1167 1456 1232 reparant
1488 1157 1720 1212 salutem
1751 1152 2008 1225 corporis
2023 1149 2093 1206 ad

494 1259 706 1323 horam,
733 1255 830 1310 sed
853 1255 966 1326 qui,
983 1253 1027 1308 si
1049 1253 1188 1306 bene
1209 1248 1603 1320 intelligantur,
1626 1245 1790 1299 vitam
1813 1240 2099 1298 conferunt

497 1345 900 1417 sempiternam.
957 1339 1158 1398 Medici
1186 1339 1271 1394 isti
1301 1345 1428 1393 sunt
1469 1333 1596 1391 libri
1623 1332 1812 1398 divini,
1834 1329 2028 1402 quibus
2053 1327 2098 1383 si

497 1434 728 1490 ﬁrmiter
782 1432 1047 1498 creditur,
1103 1427 1414 1486 contrarius
1483 1425 1676 1479 humor
1721 1421 1902 1477 statim
1927 1433 2100 1489 agno-

499 1523 701 1589 scitur;
745 1521 868 1594 jam
933 1519 1117 1592 passio
1167 1517 1289 1588 ipsa
1345 1515 1586 1580 timetur,
1641 1509 2098 1566 medicamentum

497 1621 677 1686 etiam,
711 1635 818 1692 quo
872 1619 1068 1673 humor
1122 1613 1322 1680 sanati,
1376 1628 1440 1668 ac
1496 1609 1685 1684 passio
1713 1607 1871 1666 vitari
1903 1605 2098 1673 valeat,

497 1709 796 1765 invenitur.
829 1706 976 1762 Licet
1005 1705 1062 1760 in
1114 1703 1336 1759 homine
1369 1701 1526 1774 quasi
1569 1697 1873 1756 contrarius
1901 1697 2102 1750 humor

496 1796 782 1872 peccando
836 1798 1117 1862 nascatur,
1176 1799 1382 1848 certum
1435 1795 1540 1857 est,
1566 1787 1699 1842 nihil
1747 1787 1848 1840 hoc
1877 1783 2098 1839 certius.

2195 625 2302 666 neo
2330 616 2530 676 mente,
2565 615 2619 664 et
2648 605 2812 663 ﬁxum
2837 606 3012 662 habeo
3040 604 3096 658 in
3117 601 3312 658 corde.

2746 704 3087 763 EPISTOLA
3113 704 3260 760 VIII.

2203 808 2489 880 Cof/ridus
2522 804 2941 862 Vindocinensis
2971 800 3306 858 monasterii
3331 796 3671 854 amicorum
3701 807 3833 847 ser-

2271 896 2776 964 vus,dilectissimo
2801 911 2902 950 suo
2927 892 3184 955 Huberlo,
3203 886 3458 945 nondum
3480 881 3758 941 dissolvi.
3775 884 3832 934 et

2271 1001 2490 1058 semper
2519 999 2638 1040 esse
2663 1000 2793 1040 cum
2819 981 3058 1038 Christo.

2275 1074 2494 1128 Fratres
2525 1070 2718 1138 nostri,
2779 1067 3044 1125 beneﬁcia
3096 1081 3215 1138 qua
3236 1065 3314 1121 eis
3335 1062 3550 1120 fecistis
3579 1069 3644 1116 et
3674 1073 3831 1130 quo-

2202 1161 2333 1217 tidie
2362 1161 2537 1218 facitis
2565 1167 2980 1234 cognoscentes,
3018 1155 3176 1212 nobis
3208 1153 3486 1209 humiliter
3527 1147 3830 1219 supplica-

2205 1258 2350 1316 runt,
2384 1258 2440 1304 ut
2471 1249 2622 1322 quod
2651 1247 2756 1320 ipsi
2788 1246 2970 1302 verbis
2991 1251 3282 1315 nequeunt,
3303 1241 3494 1297 saltem
3523 1236 3735 1294 litteris
3758 1251 3828 1288 ex

2205 1355 2395 1396 eorum
2424 1345 2579 1410 parte
2608 1345 2804 1394 vestras
2858 1333 3104 1392 charitati
3158 1341 3342 1404 grates
3371 1344 3480 1385 non
3514 1327 3829 1400 pigritare-

2207 1444 2326 1484 mur
2346 1427 2549 1483 referre
2563 1469 2575 1482 .
2615 1427 2722 1482 Sed
2744 1425 2790 1480 si
2806 1424 3005 1480 millies
3019 1421 3169 1478 mille
3192 1419 3437 1476 membra
3452 1417 3824 1476 haberemus,

2207 1525 2261 1574 et
2290 1516 2528 1574 omnium
2545 1517 2812 1586 junctum
2840 1511 3213 1569 membrorum
3263 1508 3318 1563 in
3343 1505 3597 1579 singulas
3633 1511 3827 1560 verte-

2209 1616 2396 1662 rentur
2424 1606 2658 1676 linguas,
2695 1601 2955 1660 beneﬁcia
3011 1616 3134 1673 quae
3162 1597 3317 1655 nobis
3363 1592 3693 1667 impenditis
3710 1608 3826 1646 non

2209 1711 2495 1767 possemus
2523 1693 2692 1766 loqui,
2725 1709 2824 1748 nec
2849 1691 3028 1763 aliquo
3057 1689 3224 1744 modo
3266 1685 3591 1756 condignam
3614 1681 3828 1754 gratia-

2209 1801 2330 1838 rum
2371 1784 2638 1840 actionem
2696 1780 2995 1852 rependere
3045 1786 3236 1834 vestrae
3283 1773 3585 1831 dilectioni.
3653 1769 3823 1840 Quod

500 1887 644 1960 quod
682 1886 848 1940 nimis
867 1883 1206 1938 abundanter
1225 1880 1300 1936 illi
1321 1878 1663 1938 dominatur;
1697 1873 1788 1948 qui
1819 1874 2099 1929 Simonem
2127 1883 2180 1944 Β
2209 1881 2388 1928 tamen
2418 1889 2515 1943 per
2543 1887 2644 1927 nos
2672 1870 2900 1925 minime
2947 1867 3210 1937 valemus,
3269 1865 3462 1928 Deum,
3504 1860 3598 1934 qui
3630 1858 3824 1916 omnia

499 1979 722 2050 Magum
751 1991 782 2028 a
812 1975 868 2030 B.
906 1975 1065 2028 Petro
1094 1970 1225 2026 olim
1255 1969 1582 2025 exstinctum
1617 1975 1806 2022 contra
1857 1969 2101 2018 sanctam

497 2065 804 2122 Ecclesiam
835 2063 1028 2119 iterum
1059 2060 1283 2116 suscitat
1311 2059 1461 2129 (344)
1517 2056 1603 2111 vel
1635 2054 1951 2110 suscitatum
2001 2066 2100 2106 ex-

501 2155 784 2228 stinguere
821 2151 1064 2225 qualibet
1091 2149 1379 2205 occasione
1408 2143 1732 2201 dissimulat.
1759 2143 1856 2198 Hic
1885 2156 1950 2196 ex
1973 2155 2102 2196 con-

503 2226 668 2298 trario
700 2241 930 2296 humore
958 2239 1139 2294 subito
1188 2235 1388 2293 sentiet
1422 2237 1583 2302 235
1619 2231 1949 2304 passionem,
1974 2226 2104 2296 quia

502 2331 609 2387 nisi
665 2337 792 2386 ante
845 2328 1011 2384 ﬁnem
1062 2327 1186 2383 vitae
1226 2323 1544 2396 paenitendo
1613 2318 1919 2391 resipuerit,
1981 2333 2101 2388 pro-

503 2427 813 2491 perpetrata
867 2416 1150 2489 iniquitate
1205 2415 1326 2470 sine
1366 2411 1471 2467 ﬁne
1526 2409 1762 2481 patietur
1837 2407 2098 2464 dolorem.

507 2507 664 2573 Vale,
695 2515 744 2564 et
771 2506 899 2580 quid
929 2505 1160 2562 dixerim
1189 2503 1463 2576 sapienter
1489 2500 1737 2555 adverte.
1771 2547 1776 2551 .

1041 2643 1385 2702 EPISTOLA
1430 2645 1545 2700 νυ.

513 2791 801 2864 Goffridus
839 2790 1258 2849 Vin-docinensis
1280 2788 1617 2845 monasterii
1638 2784 1872 2842 humilis
1891 2799 2102 2848 servus,

582 2880 914 2937 charissima
928 2896 1029 2936 suo
1063 2879 1302 2936 Huberto
1336 2879 1466 2935 vitae
1498 2875 1796 2933 laudabilis
1819 2871 2106 2930 archidia-

580 2987 720 3028 cono
749 2971 920 3040 (345‘),
951 2986 986 3024 a
1006 2970 1358 3025 Deouzterme
1377 2965 1787 3023 benedictionis
1804 2964 2105 3034 effectum,

581 3063 638 3116 et
668 3078 702 3116 a
721 3075 780 3116 se
803 3075 1091 3132 germana:
1107 3061 1388 3130 affectum
1425 3056 1776 3113 dilectionis.

581 3165 728 3222 Felix
758 3165 994 3222 amicitia
1021 3173 1198 3221 vestra
1213 3165 1357 3220 circa
1386 3179 1474 3220 me
1499 3163 1594 3218 diu
1614 3161 1817 3216 utiliter
1843 3157 1980 3230 egit,
2007 3171 2110 3212 nec

511 3255 784 3312 defectum
841 3255 1048 3321 habuit,
1088 3271 1192 3310 nec
1237 3263 1325 3311 est
1355 3268 1518 3324 passa
1560 3251 1858 3306 fastidium.
1894 3248 1994 3302 [lla
2021 3261 2108 3301 me
2137 3245 2189 3310 C

515 3344 783 3416 quaesivit,
813 3342 923 3400 imo
951 3343 1254 3416 acquisivit,
1286 3341 1569 3414 quaesitum
1610 3337 1837 3405 invenit,
1867 3337 2108 3402 invento,

513 3433 642 3490 licet
667 3433 958 3498 immerito,
992 3449 1054 3488 se
1107 3431 1354 3488 contulit.
1382 3429 1564 3487 Semel
1591 3427 1778 3499 coepit,
1833 3439 2110 3496 nunquam

516 3522 717 3589 desiit;
749 3521 1014 3594 quidquid
1035 3521 1276 3577 utilitatis
1306 3519 1392 3576 vel
1436 3518 1664 3576 honoris
1692 3516 1863 3574 valuit
1891 3523 1944 3570 et
1974 3518 2114 3570 va'et

518 3611 651 3667 mihi
671 3610 940 3675 conferre,
1001 3626 1106 3668 nec
1160 3609 1343 3666 diﬁ‘ert
1371 3625 1472 3664 nec
1501 3606 1730 3663 distulit.
1763 3605 1820 3660 Si
1845 3605 1967 3677 quis
1999 3605 2116 3658 haec

519 3715 639 3756 mea
669 3700 836 3756 verba
859 3699 1182 3768 adulatorie,
1242 3697 1358 3754 sive.
1406 3697 1614 3752 ironice
1660 3695 1809 3752 dicta
1838 3691 2110 3764 intelligit,

519 3805 631 3846 non
681 3788 735 3847 ei
782 3789 1077 3861 sophistica
1133 3787 1451 3862 garrulitate
1497 3785 1791 3850 resistitur,
1825 3782 1926 3838 sed
1980 3795 2119 3852 pura

523 3879 758 3936 veritate
809 3893 1040 3950 pravum
1091 3877 1422 3934 intellectum
1483 3876 1687 3930 habere
1738 3871 2107 3929 convincitur.

522 3969 664 4039 Quid
693 3967 839 4024 enim
894 3967 1130 4040 amplius
1172 3965 1382 4024 amicus
1431 3965 1610 4020 facere
1667 3961 1858 4034 potuit,
1920 3959 2010 4032 qui
2055 3973 2119 4014 se

524 4074 731 4131 suaque
763 4057 948 4113 omnia
977 4065 1029 4113 et
1060 4055 1190 4112 mihi
1206 4054 1402 4110 obtulit
1423 4069 1590 4124 saepe,
1623 4061 1676 4108 et
1701 4049 1903 4122 saepius
1933 4046 2120 4104 dedit?

523 4149 723 4205 Coram
755 4148 889 4213 Deo,
915 4145 1000 4202 cui
1029 4145 1250 4202 mentiri
1300 4144 1434 4200 nihil
1473 4152 1556 4199 est
1585 4141 1729 4197 aliud
1758 4154 1920 4211 quam
1959 4137 2120 4192 dam-

522 4237 665 4304 nari,
700 4236 928 4292 ﬁrmiter
955 4251 1164 4299 assero,
1195 4235 1242 4290 si
1299 4235 1467 4290 talem
1498 4249 1557 4288 se
1579 4229 1830 4287 omnibus
1877 4227 2118 4288 exhibet,

525 4325 665 4382 cmlo
695 4325 895 4396 dignus
925 4332 1010 4380 est
1063 4324 1244 4396 potius
1297 4339 1461 4392 quam
1518 4321 1764 4387 mundo;
1826 4318 1881 4372 in
1919 4314 2124 4370 mundo

525 4421 706 4469 tamen
759 4415 988 4468 multum
1043 4412 1390 4468 necessarius
1457 4412 1702 4475 habetur,
1765 4407 1890 4480 quia
1941 4403 2125 4460 multis

525 4501 743 4558 vivendi
789 4501 962 4558 forma
1011 4501 1351 4572 proponitur.
1414 4501 1512 4556 Hic
1566 4499 1796 4570 loquens
1849 4493 2124 4550 silentium

2211 1969 2406 2034 potest,
2437 1970 2494 2016 ut
2522 1977 2618 2016 sua
2649 1957 2910 2015 ineliabili
2947 1959 3108 2026 237
3141 1957 3344 2027 pietate
3390 1951 3548 2008 vobis
3579 1964 3816 2006 recom-

2210 2066 2446 2122 pensare
2475 2049 2749 2120 dignetur,
2781 2045 2963 2104 cordis
2991 2044 3278 2102 affectibus
3305 2040 3690 2113 imploramus.

2781 2163 3028 2220 EPISTO
3037 2162 3118 2216 LA
3149 2161 3246 2216 IX.

2217 2283 2504 2354 Gof/‘ridus
2530 2281 2952 2338 Vindocinensis
2971 2275 3302 2333 monasterii
3334 2272 3572 2329 humilis
3586 2284 3811 2330 servus,

2284 2374 2522 2428 "uber-to
2568 2371 2817 2427 honesta:
2849 2370 2978 2426 vitm
3025 2365 3441 2430 archidiacono,
3495 2360 3684 2416 amico
3713 2375 3814 2413 suo

2279 2461 2834 2536 prtecordialissimo,
2875 2457 3138 2513 inimicos
3193 2456 3419 2526 propter
3465 2451 3638 2505 Deum
3683 2448 3814 2502 dili-

2283 2567 2432 2625 gere,
2458 2555 2514 2606 et
2539 2551 2735 2606 nullas
2764 2564 2960 2605 corum
2979 2544 3222 2601 insidias
3239 2539 3570 2615 formidare.

2285 2649 2420 2704 Abel
2442 2647 2728 2716 justitiam,
2758 2643 3132 2708 dilectissime,
3159 2640 3204 2695 si
3227 2637 3386 2694 vultis
3407 2635 3680 2700 obtinere,
3707 2648 3812 2688 non

2215 2739 2287 2794 sit
2316 2737 2474 2793 vobis
2503 2735 2836 2792 contrarium
2868 2732 3000 2789 Cain
3031 2729 3293 2786 malitiam
3326 2725 3621 2781 sustinere.
3662 2722 3813 2778 Alter

2213 2827 2416 2898 Joseph
2446 2825 2562 2881 ﬁeri
2593 2841 2700 2880 non
2729 2822 2975 2895 potestis,
3010 2819 3115 2876 nisi
3161 2815 3567 2890 persecutiones
3596 2828 3628 2867 a
3661 2811 3811 2866 falsis

2214 2915 2475 2972 fratribus
2521 2913 2677 2970 vobis
2733 2912 2915 2968 illatas
2962 2917 3220 2981 expertus
3276 2903 3504 2961 fueritis.
3550 2900 3712 2971 Quod
3758 2899 3811 2953 in

2215 3003 2502 3077 praesentia
2533 3001 2717 3057 domui
2748 2999 2991 3072 episcopi
3040 2997 3188 3067 (346)
3219 3009 3457 3060 causam,
3485 3005 3651 3064 quam
3671 2988 3806 3044 mihi

2215 3093 2585 3167 signiﬁcastis,
2617 3091 2732 3146 sine
2763 3089 2992 3146 consilio
3048 3093 3236 3142 nostro
3290 3081 3530 3154 coepistis
3565 3086 3804 3144 tractare,

2217 3165 2438 3238 laudare
2459 3197 2568 3236 non
2598 3180 2788 3245 valeo;
2847 3180 2903 3234 et
2946 3175 3072 3250 quia
3101 3174 3258 3230 vobis
3289 3185 3476 3243 parco,
3503 3168 3631 3224 nolo
3661 3165 3810 3222 vitu-

2221 3287 2438 3344 perare.
2473 3270 2662 3327 Solent
2688 3277 2870 3324 tamen
2895 3265 3124 3321 inﬁrmae
3149 3271 3202 3318 et
3231 3261 3426 3318 vitiatae
3456 3273 3654 3322 causa,
3674 3255 3807 3310 ami-

2222 3377 2405 3418 corum
2458 3360 2743 3432 juvamine
2799 3365 2851 3412 et
2901 3353 3132 3412 consilio
3188 3348 3436 3415 relevari,
3470 3355 3522 3404 et
3559 3347 3659 3411 eis,
3691 3359 3807 3418 qum

2222 3466 2370 3506 sana
2401 3457 2454 3506 et
2501 3447 2675 3503 ﬁrmae
2733 3445 3002 3512 videntur,
3060 3458 3130 3498 ne
3175 3439 3489 3497 aemulorum
3528 3434 3810 3491 dolositate

2222 3538 2506 3603 inﬁrmari,
2542 3536 2629 3593 vel
2661 3535 2905 3608 qualibet
2931 3551 2996 3590 ex
3030 3539 3185 3604 parte
3215 3527 3393 3584 vitiari
3420 3532 3659 3598 possent,
3692 3537 3807 3596 pro-

2223 3629 2415 3685 videri.
2475 3628 2586 3684 Vos
2614 3633 2795 3680 autem
2841 3623 2910 3678 de
2957 3619 3242 3678 altitudine
3275 3632 3466 3674 sensus
3516 3612 3697 3679 vestri,
3756 3620 3810 3668 et

2222 3717 2500 3790 suffragiis
2529 3730 2737 3780 eorum,
2774 3712 2866 3786 qui
2922 3728 3011 3768 me
3039 3718 3198 3766 aetate
3243 3717 3294 3763 et
3323 3703 3556 3762 scientia
3582 3700 3808 3774 praecel-

2225 3807 2358 3876 lunt,
2404 3806 2544 3862 adeo
2599 3801 3025 3876 praesumpsistis
3076 3795 3224 3872 quod
3267 3795 3322 3851 in
3378 3803 3520 3850 tanto
3574 3791 3806 3865 negotio,

2227 3895 2460 3954 consilio
2511 3901 2716 3950 nostra}
2771 3889 3075 3963 parvitatis,
3111 3903 3234 3960 quae
3282 3882 3589 3956 specialiter
3639 3888 3810 3936 vestra

2228 3994 2330 4052 est,
2363 4000 2503 4055 Opus
2533 3999 2642 4038 non
2668 3980 2956 4038 habuistis.
2983 3979 3140 4049 Saepe
3163 3983 3344 4030 tamen
3368 3970 3627 4042 conﬁngit
3643 3969 3808 4024 mino-

2229 4092 2319 4130 res
2349 4072 2648 4142 majoribus
2677 4084 2999 4127 succurrere
3023 4087 3037 4134 ;
3071 4074 3128 4122 et
3155 4064 3299 4136 quod
3347 4077 3378 4116 a
3407 4058 3728 4130 sapientibus
3756 4067 3806 4113 et

2227 4162 2590 4236 prudentibus
2612 4161 2878 4216 Dominus
2925 4153 3232 4219 abscondit,
3275 4148 3553 4208 consuevit
3578 4145 3805 4218 parvulis

2230 4251 2477 4308 revelare
2507 4251 2662 4322 (Luc.
2692 4266 2744 4315 x,
2778 4247 2894 4316 21).
2958 4245 3234 4300 Advocate
3283 4255 3371 4294 me
3407 4236 3685 4310 parvulum
3711 4250 3801 4288 ve-

2232 4331 2404 4398 strum
2433 4339 2488 4395 in
2515 4337 2662 4396 omni
2715 4345 2890 4394 vestra
2939 4331 3292 4397 necessitate,
3325 4328 3478 4397 cujus
3497 4323 3800 4381 sinceritatis

2232 4429 2374 4487 oculi
2420 4427 2800 4500 providebant,
2853 4441 2922 4480 ne
2970 4422 3092 4496 quis
3141 4427 3336 4477 vestras
3369 4417 3530 4484 238
3561 4412 3801 4482 simplici-

2235 4520 2328 4574 tati
2357 4527 2556 4574 statera
2587 4515 2926 4571 fraudulenta
2955 4511 3263 4583 appendere
3297 4507 3508 4569 valeat;
3565 4511 3614 4558 et
3643 4501 3804 4572 quise

526 4601 693 4660 tenet,
719 4593 948 4648 honesto
976 4591 1192 4647 silentio
1231 4592 1397 4647 etiam
1456 4588 1716 4661 loquitur.
1951 4584 2128 4680 verba
2156 4605 2210 4668 D
2240 4610 2524 4680 Neptunus
2555 4614 2609 4661 ει
2655 4604 2918 4674 Ethiops'
2967 4602 3034 4657 de
3093 4613 3200 4670 quo
3241 4595 3370 4650 mihi
3401 4590 3705 4663 scripsistis,
3726 4589 3804 4644 vel

526 4681 640 4740 oris
673 4682 790 4752 ejus
823 4681 1081 4754 aequitate
1110 4680 1268 4752 plena
1303 4687 1450 4744 sunt,
1483 4685 1536 4733 et
1566 4675 1976 4748 tranquillitate.
2017 4673 2130 4727 Ho-

442 4793 450 4799 ί
527 4780 683 4828 nesto
705 4772 922 4828 silentio
951 4771 1207 4844 loquitur,
1259 4769 1384 4842 quia
1431 4765 1689 4824 videlicet
1717 4766 1844 4820 dum
1875 4763 2127 4818 rationa-

527 4862 708 4918 biliter
736 4862 877 4932 silet,
905 4861 1140 4934 qualiter
1161 4859 1346 4916 caeteri
1371 4874 1431 4914 se
1459 4857 1663 4912 habere
1685 4854 1916 4910 debeant
1937 4865 2130 4908 serena

527 4951 727 5008 silentii
759 4968 890 5008 voce
917 4959 1103 5022 aperte
1159 4955 1512 5004 monstratur.
1577 4943 1880 5000 Prudenter
1909 4957 1975 4997 ea
2010 4955 2132 5012 quas

527 5050 653 5098 sunt
682 5040 871 5097 mundi
893 5040 1180 5111 possidere
1227 5037 1394 5100 novit,
1426 5043 1480 5092 et
1531 5033 1852 5102 simpliciter
1881 5045 2002 5104 quae
2033 5028 2132 5084 Dei

530 5139 654 5186 sunt
685 5145 932 5204 quaerere
965 5145 1074 5186 non
1110 5127 1346 5184 desistit.
1377 5125 1602 5196 Quoties
1637 5123 1917 5178 hominum
1948 5134 2134 5174 mores

529 5221 644 5276 vult
666 5236 920 5277 sermone
949 5233 1302 5289 componere,
1357 5215 1428 5271 de
1485 5231 1545 5269 se
1593 5213 1843 5286 protinus
1886 5208 2133 5265 invenire

531 5311 713 5374 potest
743 5305 870 5377 quid
902 5304 1067 5368 dicat,
1093 5311 1146 5358 et
1201 5301 1348 5358 unde
1377 5299 1572 5355 melius
1629 5297 1902 5353 instruere
1929 5293 2129 5352 valeat.

533 5393 705 5460 Hujus
725 5409 962 5464 namque
989 5391 1154 5447 vitam
1185 5389 1488 5446 doctrinam
1519 5386 1712 5442 merito
1731 5386 2132 5456 dicerepossu-

535 5493 657 5534 mus
697 5487 750 5535 et
789 5479 1164 5553 disciplinam.
1207 5479 1360 5534 Vivat
1423 5477 1653 5533 dilectus
1699 5491 1876 5544 meus,
1911 5472 2000 5530 cui
2027 5469 2132 5528 etsi

609 5672 759 5739 (3H)
789 5676 1002 5730 Iterum
1024 5673 1294 5730 suscitat.
1331 5673 1394 5727 In
1412 5670 1702 5728 Rainaldo.

609 5738 771 5827 §3_45)_
783 5745 1025 5827 Huherto
1050 5743 1470 5827 arc‘hidiacgno.
1493 5740 1894 5827 Andegavensi,
1921 5738 2018 5792 lib.
2049 5753 2132 5804 in.

540 5814 798 5943 ipliis‘téf,
829 5816 900 5920 ad
933 5815 1258 5872 Rainaldnm
1272 5814 1630 5885 episcopum;
1663 5814 1893 5902 lfirvita:
1915 5825 2138 5892 venera-

751 5888 1119 5946 chidiaconus
1137 5885 1608 5942 vesterHubertus
1619 5921 1629 5936 .
1641 5883 1912 5940 Elenchus
1928 5881 2139 5938 OOdlCtS

2237 4697 2290 4753 in
2313 4677 2470 4754 suam
2497 4695 2709 4752 foveam
2729 4709 2960 4757 mersus,
2982 4705 3090 4746 non
3113 4684 3315 4760 poterit
3331 4682 3617 4743 occultare.
3633 4677 3802 4734 Valete

2239 4803 2462 4858 semper
2488 4784 2544 4838 in
2577 4783 2828 4848 Domino,
2852 4789 2904 4836 et
2923 4777 3090 4834 vestri
3111 4773 3314 4848 negotii
3331 4773 3473 4828 diem
3495 4785 3598 4825 non
3615 4768 3800 4839 impero

2239 4875 2461 4948 quidem
2493 4871 2756 4929 notiﬁcari
2787 4869 2935 4938 mihi,
2970 4867 3068 4923 sed
3097 4873 3248 4936 Opto.

2809 4982 3152 5041 EPISTOLA
3182 4981 3235 5034 X
3249 5019 3261 5032 .

2245 5107 2534 5181 Goffridus
2557 5103 2981 5162 Vindocinensis
2993 5095 3335 5154 monasterii
3370 5091 3598 5148 humilis
3609 5103 3796 5148 servus,

2313 5198 2494 5254 amico
2525 5212 2623 5252 suo
2637 5190 2998 5268 praecordiaii
3038 5187 3278 5244 Huberto
3309 5180 3612 5239 honorabili
3631 5176 3799 5233 archi-

2313 5288 2568 5354 diacono,
2585 5282 2867 5340 mundum
2881 5279 3233 5351 praecipitem
3249 5289 3366 5328 non
3384 5269 3556 5342 sequi,
3582 5283 3676 5323 nec
3694 5269 3798 5338 ejus

2314 5393 2516 5434 amara
2533 5373 2836 5430 dulcedine
2858 5369 3004 5424 velle
3019 5363 3231 5439 repleri
3243 5403 3256 5417 .

2314 5463 2655 5536 Praecipitem
2688 5462 2854 5526 hunc,
2902 5452 3282 5520 dilectissime,
3307 5449 3397 5522 qui
3439 5445 3798 5520 sequitur,non

2246 5659 2676 5722 Cenomanensis
2705 5653 2957 5713 eumdem
3003 5650 3128 5706 facit
3157 5663 3284 5705 cum
3330 5643 3571 5700 liuberto
3591 5648 3797 5722 cantore,

2246 5713 2694 5791 Et'iaéiﬁ'rue’m
2743 5725 3162 5783 archidiaconus
3200 5727 3255 5776 et
3279 5724 3484 5783 cantor,
3518 5713 3652 5786 quod
3681 5713 3800 5770 reri-

2247 5806 2423 5864 simile
2451 5801 2694 5858 videtur.
3018 5819 3027 5825 -

2267 5857 2470 5948 iii—(516)
2495 5857 2704 5932 Domni
2717 5869 2993 5944 episcopi.
3033 5859 3288 5923 Rainaldi
3314 5857 3734 5930 Andegavensis.
