3910 6412
142 446 265 499 193

1429 425 1808 486 EPISTOL/E.
1850 457 1918 468 ——
1949 425 2075 482 LIB.
2118 425 2185 481 Υ.

3363 432 3466 486 194

140 577 344 640 potest
374 583 481 624 non
510 563 858 638 przecipitari,
891 570 944 619 et
983 561 1074 632 qui
1101 560 1216 629 ejus
1275 558 1516 630 repletur
1573 558 1760 612 dulce-
1793 555 1844 615 Α
1874 553 2077 608 inventi
2105 562 2227 608 sunt
2252 573 2264 618 ;
2301 562 2356 609 at
2387 571 2547 610 nemo
2569 571 2806 628 unquam
2831 572 2890 612 se
2909 571 3011 627 pro
3038 554 3154 611 Deo
3169 572 3462 627 pauperem

143 660 309 722 dine,
345 673 452 712 non
484 664 660 727 potest
693 671 798 709 non
843 650 1159 706 amaricari.
1225 650 1358 702 Vere
1414 647 1656 720 graviter
1709 653 1760 700 et

143 754 397 807 multum
469 752 710 823 graviter
754 747 1138 820 prmcipitatur,
1200 745 1288 816 qui
1347 745 1608 798 mundum
1664 759 1761 813 per

143 843 323 897 devia
354 857 608 912 sequens,
638 841 780 894 illius
809 853 998 892 amore
1028 836 1306 904 deceptus,
1335 833 1454 899 vias,
1476 848 1638 903 quam
1662 847 1762 902 per

148 929 522 1000 semetipsam
554 929 754 983 veritas
781 927 983 989 docuit,
1012 931 1276 978 caemento
1323 921 1600 977 charitatis
1652 935 1761 974 non

137 1028 430 1098 jungitur.
472 1027 566 1080 Ille
583 1026 747 1080 etiam
769 1025 1122 1078 vehementer
1141 1020 1494 1082 amaricatur,
1527 1017 1613 1073 cui
1633 1019 1761 1070 dum

148 1132 416 1186 praesens
447 1115 703 1170 saeculum
733 1111 1114 1183 prosperitatis
1145 1107 1433 1164 dulcedine
1467 1107 1760 1171 blanditur,

149 1205 214 1260 in
243 1204 666 1259 amaritudinem
699 1201 926 1258 vertitur
957 1200 1080 1254 vitis
1111 1199 1323 1262 aliena,
1357 1205 1407 1252 et
1441 1196 1569 1267 quia
1619 1211 1764 1250 verae

150 1294 257 1350 viti
290 1293 506 1348 Christo
537 1292 705 1347 inseri
736 1291 930 1356 noluit,
961 1299 1018 1344 ut
1047 1288 1253 1360 palmes
1285 1285 1457 1351 fieret,
1493 1285 1564 1339 ab
1620 1285 1759 1354 ipso,

151 1401 219 1446 ut
252 1399 593 1448 sarmentum
625 1389 734 1456 fiat,
766 1387 1102 1460 prazciditur.
1146 1387 1318 1451 Viam,
1355 1399 1516 1455 quam
1548 1381 1763 1453 specia-

152 1481 292 1536 liter
321 1497 385 1535 ac
418 1479 770 1550 singulariter
799 1477 1089 1532 tenendam
1137 1475 1248 1530 vita
1306 1472 1489 1529 docuit
1543 1479 1763 1539 aeterna,

157 1569 378 1624 utinam
412 1567 550 1624 sicut
580 1567 835 1638 ignorare
865 1581 974 1621 non
1003 1579 1313 1634 possumus,
1346 1562 1414 1616 ita
1457 1576 1565 1616 non
1613 1560 1763 1616 acci-

155 1674 302 1729 pere
331 1673 440 1712 non
469 1671 778 1728 possemus,
811 1662 864 1709 et
892 1661 1074 1709 tenere
1108 1651 1370 1707 vellemus
1396 1649 1407 1705 l
1436 1651 1532 1706 Via
1581 1649 1764 1720 utique

155 1755 261 1810 illa
294 1756 410 1810 hzec
437 1762 539 1822 est,
572 1769 678 1809 non
713 1751 889 1808 solum
921 1768 1042 1823 quae
1071 1766 1170 1805 sua
1218 1756 1342 1806 sunt
1387 1747 1586 1803 Christi
1634 1763 1764 1817 pau-

157 1844 394 1916 peribus
423 1859 674 1915 erogare,
719 1841 814 1896 sed
863 1855 964 1911 pro
1023 1839 1240 1894 Christo
1299 1837 1466 1892 etiam
1527 1836 1765 1906 seipsum

157 1934 468 2004 abnegare.
500 1931 838 2001 Pauperibus
866 1931 1032 1998 239
1066 1928 1209 2000 quod
1255 1943 1412 1982 suum
1465 1933 1547 1981 est
1602 1926 1762 1992 dare,

159 2022 344 2077 virtus
372 2029 455 2076 est
497 2018 872 2090 perfectionis.
941 2019 1090 2073 Licet
1145 2016 1287 2071 enim
1344 2015 1531 2070 omnia
1583 2023 1769 2068 nostra

163 2110 510 2183 pauperibus
540 2109 905 2172 conferamus,
932 2107 1090 2162 nobis
1120 2106 1386 2176 prodesse
1418 2120 1523 2158 non
1546 2103 1765 2173 poterit,

162 2200 216 2254 si
246 2217 350 2254 nos
383 2200 496 2254 Deo
526 2198 846 2264 auferimus,
874 2197 1026 2264 cujus
1044 2211 1251 2249 sumus.
1278 2194 1510 2262 Quando
1534 2194 1680 2246 Deus
1703 2209 1768 2246 ex

159 2300 302 2354 limo
320 2307 481 2353 terra:
513 2297 786 2353 hominem
805 2295 956 2361 fecit,
986 2294 1053 2348 ad
1086 2295 1187 2348 hoc
1205 2294 1380 2348 factus
1411 2299 1514 2357 est,
1549 2299 1602 2345 ut
1631 2289 1770 2345 divi-

161 2389 275 2442 tias
306 2387 422 2442 sine
452 2386 557 2441 fine
589 2401 880 2440 mansuras
912 2400 1035 2440 cum
1067 2383 1157 2437 illo
1190 2383 1497 2453 possideret
1527 2381 1578 2432 in
1603 2379 1765 2445 coelo,

162 2506 281 2544 non
312 2498 368 2544 ut
395 2489 613 2544 divitias
645 2488 820 2542 subito
855 2487 1122 2557 perituras
1153 2485 1491 2554 pauperibus
1541 2482 1770 2537 donaret

164 2581 225 2633 in
259 2578 490 2633 saeculo.
531 2579 725 2631 Postea
755 2591 886 2631 vero
944 2591 1066 2630 cum
1125 2573 1324 2627 falsam
1376 2571 1767 2626 beatitudinem

166 2685 457 2748 appetens,
491 2683 542 2730 et
562 2690 746 2729 veram
767 2673 1046 2728 miseriam
1074 2672 1376 2739 inveniens,
1396 2671 1463 2724 de
1484 2669 1770 2724 altitudine

168 2782 320 2822 verae
349 2764 700 2819 beatitudinis
731 2763 894 2818 homo
925 2761 1239 2816 confractus
1266 2759 1482 2824 cecidit,
1509 2760 1656 2812 Deus
1681 2758 1772 2828 qui

169 2871 300 2910 eum
331 2853 753 2919 creaverat,ejus
770 2851 1004 2906 miseriae
1026 2847 1600 2920 compassus,collegit
1624 2845 1770 2901 frac-

167 2958 407 3017 turas,et
428 2950 554 3022 igne
576 2949 850 3005 charitatis
870 2946 1144 3011 conflavit,
1169 2955 1220 3000 et
1241 2946 1385 3016 quod
1406 2944 1629 3000 omnino
1641 2959 1771 2998 con-

172 3041 405 3097 fractum
429 3039 618 3104 fuerat,
643 3039 916 3110 integrum
940 3036 1086 3091 fecit.
1110 3037 1170 3088 In
1191 3050 1298 3106 qua
1323 3050 1436 3088 suae
1475 3032 1772 3087 inaestima—

175 3130 301 3184 bilis
331 3127 637 3183 dilectionis
675 3127 993 3196 operatione
1025 3125 1146 3195 pius
1176 3124 1460 3187 Dominus,
1497 3138 1604 3176 non
1627 3121 1773 3192 quod

174 3231 341 3285 homo
371 3228 624 3292 habebat,
659 3227 755 3280 sed
777 3226 921 3296 quod
944 3226 1106 3278 homo
1129 3231 1264 3288 erat,
1289 3238 1400 3276 non
1427 3221 1646 3292 quidem
1673 3234 1774 3274 sua

176 3318 530 3381 necessitate,
565 3317 663 3371 sed
697 3314 932 3369 hominis
960 3313 1206 3377 utilitate,
1228 3310 1493 3382 quaesivit.
1521 3310 1771 3379 Seipsum

172 3432 275 3488 pro
305 3415 527 3470 homine
557 3412 704 3468 dedit
737 3413 902 3477 Deus,
937 3427 1034 3481 pro
1068 3409 1283 3464 homine
1318 3407 1490 3463 factus
1514 3407 1698 3472 homo,
1724 3414 1776 3461 et

176 3521 304 3561 cum
334 3505 401 3558 de
432 3502 588 3574 plaga
609 3501 816 3565 lateris,
851 3501 960 3554 imo
989 3499 1172 3570 potius
1188 3499 1256 3552 de
1279 3512 1419 3552 vena
1449 3512 1560 3550 sure
1583 3495 1776 3550 dulcis-

178 3602 332 3658 simae
360 3599 639 3656 charitatis
670 3614 770 3670 pro
794 3597 1012 3652 homine
1035 3596 1088 3650 in
1107 3611 1266 3652 cruce
1290 3594 1540 3649 funderet
1564 3593 1778 3665 sangui-

176 3716 304 3756 nem
327 3697 630 3770 proprium,
651 3695 742 3750 tali
765 3693 1098 3750 commercio
1115 3692 1389 3748 hominem
1412 3691 1773 3762 comparavit,

182 3807 292 3846 non
321 3786 558 3843 hominis
591 3801 835 3841 censum.
859 3783 1076 3837 Reddat
1106 3781 1272 3853 igitur
1296 3783 1480 3850 homo,
1511 3797 1611 3836 nec
1645 3781 1777 3836 red—

182 3886 313 3942 dere
343 3880 560 3937 differat
590 3881 705 3935 Deo
729 3878 987 3949 seipsum,
1023 3877 1213 3933 credat
1244 3893 1301 3931 se
1361 3876 1478 3944 ejus
1535 3877 1778 3946 pretioso

182 3972 448 4044 sanguine
479 3979 719 4042 emptum
751 3967 1184 4023 misericorditer
1213 3971 1266 4022 et
1296 3967 1781 4038 redemptum,nec

185 4090 244 4128 se
274 4071 347 4125 illi
379 4069 635 4141 praaferat
666 4066 758 4140 qui
792 4083 914 4122 eum
929 4064 1282 4134 redemit,sed
1303 4064 1358 4120 id
1379 4065 1556 4136 potius
1579 4064 1782 4120 tribuat

186 4159 331 4234 quod
358 4159 449 4214 ille
505 4157 742 4213 maxime
793 4156 1008 4228 quaerit.
1077 4154 1338 4223 Injustum
1398 4163 1479 4208 est
1521 4153 1664 4209 enim
1721 4161 1780 4209 ut

186 4252 345 4305 homo
374 4265 432 4303 se
464 4249 581 4302 Deo
611 4245 839 4311 auferat,
875 4261 1037 4317 quem
1064 4247 1214 4298 tanto
1243 4242 1420 4314 pretio
1450 4241 1774 4314 acquisivit;

191 4348 351 4416 240
382 4345 478 4400 sed
505 4343 780 4399 Creatoris
807 4342 889 4397 sui
945 4350 997 4397 et
1054 4340 1435 4412 Redemptoris
1484 4339 1780 4413 diligenter

191 4445 374 4491 tenens
403 4432 710 4494 consilium.
739 4446 838 4485 sua
867 4429 1052 4485 omnia
1082 4445 1178 4500 pro
1211 4430 1325 4497 ejus
1357 4445 1548 4485 amore
1604 4430 1777 4485 relin-

192 4540 336 4605 quat,
367 4539 418 4586 et
450 4530 716 4598 seipsum,
771 4527 896 4599 quia
951 4527 1078 4583 licet
1131 4527 1313 4582 omnia
1361 4527 1660 4599 reliquerit,
1710 4529 1779 4582 ad

187 4618 608 4692 conquirendam
639 4616 869 4671 salutem
899 4625 1161 4671 aeternam
1191 4615 1298 4670 sibi
1344 4632 1454 4671 non
1507 4616 1774 4687 proderit,
1807 4629 1859 4688 D

189 4711 288 4766 nisi
339 4707 542 4762 mundo
596 4705 913 4762 renuntians
969 4705 1243 4760 Christum
1293 4713 1575 4777 sequatur,
1640 4705 1782 4762 sicut

191 4806 521 4879 sequendum
551 4820 609 4860 se
640 4803 842 4859 docuit.
867 4802 1144 4858 Christum
1177 4803 1332 4874 sequi
1360 4803 1519 4858 simul
1544 4811 1596 4858 et
1625 4820 1780 4858 mun-

193 4907 314 4961 dum
344 4911 424 4958 est
453 4900 810 4973 impossibile.
845 4899 998 4956 Unde
1030 4899 1077 4954 si
1129 4899 1288 4954 nobis
1348 4916 1456 4955 non
1513 4900 1780 4970 creditur,

196 4994 268 5048 illi
297 4992 480 5048 saltem
515 4989 786 5055 credatur,
816 4989 908 5060 qui
938 5005 1048 5043 non
1077 4988 1356 5054 mentitur,
1392 4989 1485 5059 qui
1515 4989 1568 5042 in
1598 4991 1783 5044 Evan-

197 5091 331 5164 gelio
349 5090 506 5154 dicit;
529 5089 667 5156 Quia
683 5103 846 5142 nemo
859 5091 1040 5158 potest
1065 5087 1274 5142 duobus
1288 5087 1534 5143 dominis
1575 5089 1784 5143 servire

199 5179 407 5251 (Matth.
428 5194 504 5244 IV,
556 5179 665 5245 24),
695 5179 808 5231 Deo
828 5176 1083 5231 videlicet
1103 5175 1390 5231 etmundo.
1417 5176 1783 5231 Liberalitates

200 5269 656 5339 eleemosynarum
679 5264 1015 5336 pauperibus
1045 5264 1212 5320 factas
1245 5264 1386 5319 absit
1412 5273 1466 5318 ut
1497 5265 1778 5336 vitupere-

202 5383 311 5421 mus
343 5365 355 5421 l
388 5365 486 5420 sed
515 5363 769 5420 divitibus
799 5363 960 5432 hujus
981 5362 1165 5420 sazculi
1193 5363 1301 5418 hoc
1329 5360 1587 5417 daremus
1645 5378 1781 5419 con-

205 5456 390 5521 silium,
423 5454 468 5508 si
489 5453 647 5510 nobis
677 5452 1026 5525 acquiescere
1055 5451 1278 5520 vellent,
1315 5460 1372 5507 ut
1401 5460 1620 5508 ventres
1649 5469 1782 5524 pau-

202 5561 378 5617 perum
407 5545 606 5598 horrea
634 5542 894 5610 facerent,
927 5558 996 5597 ne
1024 5557 1295 5613 pauperes
1325 5540 1490 5609 fame,
1523 5557 1626 5599 nec
1673 5541 1781 5613 ipsi

207 5641 474 5696 tenacitate
503 5640 773 5710 perirent.
812 5639 968 5694 Certe
996 5653 1270 5709 pauperes
1299 5654 1526 5709 pascere
1571 5639 1778 5710 proba-

210 5729 304 5784 bile
333 5735 410 5784 est
433 5747 446 5794 ;
470 5729 569 5782 sed
598 5728 756 5782 valde
777 5726 1118 5799 probabilius
1144 5743 1201 5782 se
1219 5744 1321 5798 pro
1344 5728 1460 5784 Deo
1484 5744 1779 5800 pauperem

212 5825 397 5882 facere.
438 5822 587 5880 Multi
616 5825 758 5879 enim
789 5832 844 5879 et
886 5840 1152 5896 pauperes
1199 5831 1485 5896 paverunt,
1534 5826 1779 5897 relique-

215 5923 326 5972 runt
351 5913 546 5986 omnia,
579 5913 676 5970 sed
705 5913 830 5987 quia
857 5929 917 5971 se
965 5921 1348 5986 servaverunt,
1393 5913 1496 5970 sibi
1539 5914 1780 5973 damnati

1870 643 2015 705 fecit,
2051 652 2102 696 et
2136 644 2309 697 Deum
2337 645 2538 699 habere
2569 647 2832 718 nequivit.
2901 646 3051 701 Unde
3114 645 3371 701 Salvator
3409 647 3466 701 in

1870 731 2189 803 Evangelio,
2223 747 2342 786 cum
2379 735 2577 787 Petrus
2604 751 2662 789 se
2705 743 2757 789 et
2788 735 2925 789 alios
2955 726 3253 804 discipulos
3284 735 3468 790 omnia

1871 820 2174 890 reliquisse,
2203 829 2255 874 et
2285 821 2435 874 illum
2481 831 2696 877 secutos
2742 839 2864 878 esse
2918 822 3169 888 dixisset,
3230 840 3337 878 non
3396 825 3466 878 ad

1871 908 1975 962 hoc
2007 909 2128 978 quia
2159 909 2336 963 omnia
2367 910 2718 981 reliquerant,
2753 912 2850 966 sed
2886 911 2957 964 ad
3003 913 3106 966 hoc
3162 912 3284 983 quia
3342 928 3467 967 eum

1872 998 2044 1050 secuti
2091 997 2318 1065 fuerant,
2371 1000 2673 1068 respondit,
2735 1010 2786 1054 et
2843 1000 2967 1054 inde
3016 999 3122 1054 illis
3181 1002 3464 1070 praemium

1871 1093 2089 1140 interna:
2121 1087 2493 1142 retributionis
2517 1089 2780 1158 promisit.
2806 1087 2962 1156 Quod
2987 1088 3171 1160 utique
3203 1089 3467 1144 Dominus

1873 1190 1978 1228 non
2014 1174 2250 1238 fecisset,
2283 1176 2328 1230 si
2359 1177 2522 1232 homo
2577 1195 2673 1248 pro
2728 1178 2847 1233 sola
2902 1194 3087 1232 rerum
3149 1178 3466 1234 dimissione

1874 1264 2048 1317 Deum
2081 1265 2281 1318 habere
2312 1265 2594 1335 potuisset.
2623 1267 2716 1320 llle
2747 1275 2935 1321 tamen
2958 1282 3052 1336 pro
3075 1283 3133 1320 se
3151 1267 3466 1339 relinquere

1872 1352 2055 1406 omnia
2087 1369 2193 1408 non
2222 1355 2571 1424 reprohavit;
2606 1355 2701 1409 sed
2733 1355 2887 1420 illud,
2925 1354 3016 1409 ubi
3044 1364 3256 1410 certam
3282 1357 3462 1410 homi-

1873 1441 1957 1494 nis
1988 1442 2216 1496 salutem
2248 1442 2468 1507 sciebat,
2503 1444 2853 1513 approbavit.
2893 1445 2959 1498 Et
2989 1460 3088 1498 nos
3124 1444 3304 1516 itaque
3361 1461 3466 1515 pro

1875 1530 1989 1584 Deo
2019 1529 2328 1602 relinquere
2359 1531 2560 1596 omnia,
2588 1540 2640 1586 et
2670 1548 2944 1603 pauperes
2968 1549 3236 1598 recreare,
3299 1535 3458 1603 241

1874 1619 1995 1690 quia
2026 1620 2227 1674 bonum
2254 1627 2354 1684 est,
2392 1637 2502 1675 non
2539 1621 2895 1691 reprobamus
2929 1640 2942 1687 ;
2977 1621 3074 1676 sed
3105 1622 3252 1692 quod
3272 1622 3468 1677 melius

1873 1715 1977 1773 est,
2015 1709 2251 1764 Veritate
2281 1709 2533 1777 docente,
2559 1709 2921 1780 approbamus
2943 1719 2995 1764 et
3013 1726 3204 1765 omnes
3226 1719 3277 1765 et
3297 1710 3468 1765 maxi-

1873 1813 1960 1852 me
2019 1797 2224 1854 amicos
2281 1807 2525 1864 nostros,
2582 1807 2637 1852 ut
2685 1799 2824 1853 viam
2885 1799 3207 1855 indubitata}
3281 1800 3467 1855 salutis

1794 1894 2113 1970 Bteneant,
2139 1903 2403 1959 germana
2457 1887 2726 1942 charitate
2785 1904 3062 1958 rogamus,
3119 1896 3169 1944 et
3224 1890 3469 1960 rogando

1877 1991 2178 2032 monemus.
2210 1977 2337 2032 Haec
2365 1984 2542 2032 autem
2566 1976 2880 2048 deprecatio
2927 1987 3114 2033 nostra
3144 1978 3229 2033 vel
3263 1980 3468 2034 exhor-

1877 2066 2007 2120 tatio
2037 2067 2082 2118 si
2113 2066 2492 2123 contemnitur.
2528 2067 2720 2120 merito
2750 2067 2958 2136 culpari
2992 2081 3098 2121 non
3147 2083 3466 2138 possumus,

1877 2154 1972 2208 sed
2003 2170 2098 2208 eos
2128 2154 2409 2226 plangere,
2443 2163 2496 2208 et
2526 2155 2595 2209 de
2617 2155 2750 2224 ipsis
2781 2171 2889 2210 non
2907 2155 3257 2210 mediocriter
3277 2157 3467 2214 dolere

1876 2243 2160 2309 debemus,
2193 2243 2284 2314 qui
2317 2244 2383 2297 de
2415 2252 2560 2297 tanto
2594 2252 2906 2314 contemptu
2937 2246 3171 2299 existunt
3218 2245 3467 2316 culpabi-

1875 2332 1974 2395 les,
2011 2340 2062 2386 et
2093 2333 2270 2386 minus
2299 2348 2527 2402 capaces
2558 2333 2783 2389 rationis
2813 2349 2936 2388 esse
2981 2334 3248 2400 videntur,
3307 2350 3471 2406 quam

1875 2421 2143 2492 pecudes.
2183 2422 2427 2476 Pecudes
2485 2421 2632 2474 enim
2690 2437 2895 2492 pascua
2951 2423 3178 2478 meliora
3233 2424 3471 2479 libenter

1877 2517 2218 2580 appetunt,et
2239 2511 2308 2564 ad
2328 2509 2418 2564 illa
2443 2509 2621 2564 minus
2643 2511 2784 2565 bona
2807 2511 2944 2566 forte
2966 2512 3250 2579 ducantur,
3276 2513 3472 2584 quibus

1877 2599 2055 2653 valent
2115 2599 2360 2654 motibus
2411 2600 2804 2654 contradicunt.
2866 2600 2999 2654 Cum
3057 2601 3224 2672 igitur
3281 2603 3470 2670 homo,

1878 2704 2039 2759 quem
2072 2688 2311 2742 formans
2333 2688 2604 2742 Dominus
2627 2704 2735 2743 non
2760 2688 2934 2743 solum
2959 2689 3280 2744 rationalem
3323 2690 3474 2758 fecit,

1878 2793 2063 2831 verum
2093 2777 2256 2831 etiam
2289 2777 2334 2830 si
2356 2776 2592 2848 sigillum
2613 2777 2998 2849 sumimaginis
3014 2785 3067 2832 et
3102 2779 3474 2835 similitudinis

1879 2866 2178 2936 impressit,
2214 2866 2393 2920 videat
2451 2866 2722 2932 animalia,
2785 2883 2906 2938 quae
2961 2876 3174 2929 creator
3230 2867 3474 2924 omnium

1880 2963 2255 3010 creaturarum
2289 2955 2681 3009 irrationabilia
2728 2955 2956 3023 creavit,
3017 2957 3259 3028 propria:
3313 2958 3477 3013 saluti

1884 3044 2196 3115 providere,
2229 3053 2278 3098 et
2312 3043 2557 3099 melioris
2590 3044 2838 3099 utilitatis
2863 3061 3048 3110 causa,
3107 3047 3314 3116 pastori
3371 3063 3475 3104 suo

1883 3133 2048 3188 corde
2077 3140 2131 3188 et
2163 3148 2399 3202 corpore
2427 3131 2673 3197 obedire,
2733 3132 2911 3187 vitare
2969 3133 3149 3188 minus
3204 3135 3370 3202 bona,
3417 3144 3476 3191 ut

1882 3222 2110 3276 meliora
2138 3221 2360 3275 valeant
2386 3220 2629 3275 invenire
2659 3235 2671 3275 :
2709 3221 2755 3275 si
2783 3221 2882 3276 Dei
2916 3229 2968 3276 et
2998 3222 3214 3277 Domini
3243 3225 3325 3277 sui
3343 3239 3476 3280 con-

1883 3309 2024 3375 silio,
2057 3309 2140 3363 vel
2170 3317 2443 3378 prazcepto
2473 3309 2597 3364 duci
2625 3323 2734 3364 non
2763 3310 2977 3379 patitur,
3012 3310 3201 3365 saltem
3251 3311 3475 3382 pecudis

1884 3399 2134 3469 exemplo
2165 3398 2230 3451 ad
2266 3399 2495 3452 meliora
2538 3406 2861 3468 provocetur
2898 3413 2910 3452 :
2961 3398 3233 3470 relinquat
3273 3401 3466 3456 transi-

1885 3487 2042 3554 toria,
2076 3503 2195 3542 cum
2231 3486 2426 3558 quibus
2453 3501 2549 3558 pro
2579 3495 2729 3542 certo
2750 3496 2803 3542 et
2834 3487 2950 3558 ipse
2979 3487 3278 3554 transierit,
3337 3505 3480 3560 qua-

1885 3583 2044 3631 tenus
2073 3585 2277 3630 aeterna
2306 3575 2550 3631 invenire
2600 3583 2892 3630 mereatur.
2963 3577 3106 3631 Satis
3165 3585 3345 3632 tamen
3396 3585 3480 3633 est

1885 3665 2081 3720 melius
2104 3664 2377 3720 hominem
2411 3665 2735 3720 rationalem
2767 3665 3040 3722 rationalis
3068 3666 3349 3737 sapientiae
3379 3667 3481 3724 Dei

1887 3754 2010 3810 duci
2040 3754 2287 3820 consilio,
2329 3771 2488 3826 quam
2540 3755 2801 3809 insensati
2858 3762 2910 3810 et
2968 3755 3302 3810 irrationalis
3357 3758 3478 3812 ani-

1887 3843 2047 3898 malis
2072 3845 2365 3915 provocari
2394 3843 2669 3915 exemplo.
2709 3845 2952 3900 Ducatur
3013 3845 3194 3916 itaque
3251 3847 3480 3903 consilio

1889 3933 2008 3996 Dei,
2041 3933 2279 4002 seipsum
2312 3949 2411 4004 pro
2440 3934 2558 4001 ejus
2587 3949 2770 3988 amore
2800 3949 3092 4005 pauperem
3122 3932 3362 4000 faciens;
3388 3935 3481 4007 qui

1886 4039 1995 4078 non
2008 4021 2212 4078 idcirco
2235 4022 2689 4078 reconciliationis
2717 4022 2913 4093 opibus
2943 4039 3043 4078 nos
3077 4025 3238 4091 242
3265 4024 3476 4091 ditavit,

1889 4111 2022 4183 quia
2042 4127 2310 4182 pauperes
2363 4110 2530 4180 pavit,
2593 4110 2844 4182 quamvis
2903 4111 3106 4166 bonum
3159 4121 3324 4182 esset,
3383 4113 3480 4168 sed

1889 4200 2011 4271 quia
2038 4217 2097 4255 se
2127 4216 2226 4270 pro
2256 4199 2413 4255 nobis
2436 4215 2736 4270 pauperem
2764 4199 2907 4255 fecit.
2958 4200 3015 4256 Si
3041 4201 3182 4256 enim
3216 4202 3480 4258 Dominus

1887 4290 1943 4343 in
1973 4289 2178 4344 mundo
2199 4288 2352 4343 dives
2385 4288 2499 4344 ﬁeri
2529 4289 2809 4355 voluisset,
2848 4289 3036 4344 militia
3068 4291 3253 4362 utique
3284 4307 3382 4347 sua
3413 4308 3482 4348 ne

1886 4379 2088 4433 Iudaeis
2119 4379 2438 4446 traderetur,
2472 4379 2611 4433 sicut
2639 4378 2757 4449 ipse
2787 4378 2839 4432 in
2872 4378 3177 4450 Evangelio
3197 4380 3346 4448 dicit,
3379 4397 3482 4452 pro

1889 4468 1981 4523 illo
2011 4468 2362 4537 decertasset,
2397 4483 2498 4523 nec
2528 4483 2625 4538 pro
2681 4468 2844 4522 nobis
2891 4467 3135 4541 crucifigi
3193 4469 3481 4540 potuisset,

1889 4573 1991 4613 nec
2020 4557 2177 4612 mori.
2212 4558 2280 4612 Et
2333 4557 2462 4629 quia
2522 4559 2752 4612 humana
2810 4557 3034 4612 miseria
3091 4558 3310 4614 aliunde
3371 4575 3482 4615 non

1889 4646 2190 4701 invenisset
2245 4645 2585 4719 suffragium,
2644 4647 2976 4702 miserorum
3040 4647 3309 4703 caruisset
3377 4648 3484 4702 fine

1890 4736 2232 4806 supplicium.
2267 4735 2322 4791 Si
2354 4736 2426 4789 ita
2461 4745 2561 4800 est,
2596 4735 2704 4790 imo
2737 4736 2860 4806 quia
2896 4737 3171 4791 veraciter
3227 4737 3302 4790 ita
3358 4753 3484 4793 esse

1890 4825 2150 4889 creditur,
2181 4831 2305 4896 post
2336 4825 2750 4894 suspensionem
2782 4824 3100 4890 Salvatoris,
3135 4833 3258 4896 post
3304 4841 3482 4897 pocu-

1888 4913 1997 4967 lum
2030 4913 2191 4978 fellis,
2228 4922 2349 4984 post
2379 4913 2597 4986 plagam
2630 4913 2840 4970 lateris.
2871 4922 2993 4984 post
3023 4923 3335 4984 perceptam
3356 4929 3484 4986 gra-

1891 5003 2020 5058 tiam
2048 5002 2409 5073 baptismatis,
2446 5003 2535 5074 qui
2593 5020 2622 5056 a
2674 5005 2928 5059 Creatore
2986 5020 3086 5059 suo
3133 5003 3484 5060 discordasse

1890 5093 2170 5162 peccando
2192 5109 2250 5148 se
2283 5092 2544 5162 meminit,
2578 5093 2706 5147 utile
2728 5101 2811 5148 est
2867 5097 3033 5164 atque
3083 5093 3482 5162 necessarium,

1892 5189 1952 5236 ut
1980 5190 2239 5252 peccator
2294 5183 2458 5237 homo
2515 5181 2822 5237 voluntaria
2878 5191 3193 5253 paupertate
3251 5182 3485 5238 Domino

1892 5271 2290 5340 reconcilietur,
2326 5270 2453 5344 quia
2475 5273 2655 5341 justus
2687 5272 2950 5327 Dominus
2972 5279 3321 5343 peccatorem
3376 5272 3482 5328 ho-

1892 5361 2092 5416 minem
2116 5361 2216 5414 sibi
2247 5361 2636 5417 rec0uciliasse
2658 5362 2995 5434 agnoscitur,
3013 5361 3156 5416 unde
3177 5367 3227 5416 et
3253 5360 3484 5432 pauperi

1893 5448 2133 5520 paradisi
2148 5450 2315 5518 janua
2343 5457 2510 5521 patet,
2543 5458 2596 5506 et
2625 5451 2693 5505 ab
2726 5451 2818 5507 illa
2847 5451 3002 5508 dives
3034 5448 3369 5508 excluditur.

2449 5701 2788 5760 EPISTOLA
2832 5701 2902 5757 X.

1893 5911 2168 5987 Go/fridus
2188 5908 2456 5982 indignus
2489 5904 2914 5963 Vindocinemi:
2941 5907 3275 5964 monasterii
3295 5919 3490 5965 rerum
