3910 6402
438 462 539 518 195

1470 434 1803 505 GOFFRIDI
1839 439 2128 500 ABBATIS
2167 433 2715 497 VINDOCINENSIS

3641 430 3754 487 196

509 582 827 641 Guarnerio
847 579 1244 638 archidiacono
1265 574 1434 648 (347),
1467 572 1611 648 quod
1633 586 1796 629 verus
1812 570 2032 625 amicus
2060 564 2117 625 A
2145 581 2240 620 sus
2262 562 2490 648 pbedire
2520 558 2846 627 desidero,si
2864 564 3080 615 constat
3099 551 3751 629 apostolicadiscretione

508 689 714 731 αηηεο.

508 768 565 826 Si
614 783 714 840 pro
770 765 939 821 rebus
995 761 1196 819 nostris
1251 759 1521 817 adversus
1585 756 1919 814 Adelardum
1961 755 2031 810 de

437 859 630 915 Castro
660 854 907 912 Gunterii
931 854 1079 920 (348)
1111 866 1338 908 censura
1363 848 1586 919 justitite
1616 863 1714 903 vos
1741 845 2029 909 erexistis,

434 955 621 1020 grates
641 944 797 1002 vobis
828 941 1033 999 referre
1064 948 1117 995 et
1148 955 1368 1011 possum
1414 945 1466 993 et
1509 937 1704 993 debeo.
1752 935 1860 990 Sed
1908 932 2035 1006 quia

436 1054 532 1094 vos
553 1036 712 1091 aliter
738 1032 955 1099 fecisse,
991 1029 1138 1085 fama
1167 1028 1435 1084 referente
1457 1026 1757 1090 audieram,
1792 1023 2035 1078 mirabar

435 1125 690 1191 dolendo,
725 1130 779 1179 et
808 1120 1055 1176 mirando
1113 1118 1386 1175 dolebam.
1436 1117 1595 1173 Nune
1638 1123 1840 1180 autem,
1898 1113 2037 1169 sicut

436 1214 757 1282 mandastis,
802 1211 856 1266 in
899 1218 1196 1281 tyrannum
1234 1207 1389 1263 illum
1444 1221 1545 1278 pro
1600 1205 1767 1259 rebus
1814 1202 2033 1267 nostris,

440 1320 577 1379 quas
607 1303 814 1375 injuste
850 1301 1012 1368 243
1048 1298 1184 1365 tulit,
1219 1304 1271 1352 et
1301 1296 1480 1352 adhuc
1511 1293 1783 1350 violenter
1811 1291 2035 1359 detinet,

438 1393 661 1465 plenam
690 1389 954 1461 justitiam
996 1386 1282 1455 exercetis,
1328 1400 1434 1440 nec
1485 1398 1722 1455 unquam
1780 1396 2039 1437 exercere

441 1480 750 1539 distulistis.
782 1479 941 1536 Unde
970 1476 1016 1532 si
1040 1478 1115 1530 ita
1146 1482 1249 1542 est,
1280 1481 1333 1530 et
1364 1489 1461 1530 vos
1505 1472 1638 1527 mihi
1679 1470 1857 1544 magis
1900 1470 2038 1527 cha-

440 1587 582 1637 rum,
616 1577 669 1625 et
699 1584 785 1624 me
814 1566 973 1623 vobis
1005 1564 1182 1637 magis
1211 1562 1508 1618 obnoxium
1540 1557 2041 1628 reddidistis.Quod

442 1662 488 1718 si
514 1660 939 1733 perseveranter
958 1655 1065 1711 hoc
1079 1652 1323 1725 egeritis,
1344 1651 1535 1708 scitote
1552 1649 1682 1723 quia
1701 1665 1811 1705 non
1824 1648 2042 1723 ingrato

449 1750 626 1807 amico
658 1745 940 1805 servitium
971 1747 1217 1802 vestrum
1239 1740 1556 1799 exhibuisse
1584 1737 1856 1796 sentietis.

987 1867 1331 1925 EPISTULA
1357 1867 1491 1922 XII.

464 1964 746 2037 Goﬂridus
799 1959 1223 2019 l’indocinensis
1249 1956 1585 2013 monasterii
1623 1954 2046 2028 qualiscumque

519 2070 732 2119 servus,
757 2049 1068 2109 Guamerio
1082 2064 1181 2104 suo
1193 2046 1529 2103 charissima
1543 2045 1826 2100 nutritori
1842 2049 1896 2099 et
1905 2060 2050 2117 prce—

524 2141 765 2201 cordiali
790 2140 993 2207 amico,
1016 2138 1266 2195 salutem
1296 2140 1351 2190 et
1376 2133 1764 2190 dilectionem.
2020 2138 2024 2143 ’

528 2244 792 2302 Pervenit
819 2242 888 2297 ad
923 2256 1082 2296 aures
1130 2245 1347 2294 nostras
1389 2236 1535 2308 quod
1578 2236 1736 2307 Hugo
1777 2233 2045 2290 Chaorei-

453 2352 555 2393 nus
583 2336 756 2406 (349),
788 2330 933 2402 apud
962 2327 1278 2385 Credonem
1309 2325 1559 2381 monachi
1586 2324 1830 2380 habitum
1859 2338 2052 2380 susce-

450 2423 592 2497 perit
620 2439 634 2478 :
665 2421 813 2477 unde
840 2418 1106 2491 gratulari
1134 2423 1352 2487 oportet
1382 2416 1513 2486 quia
1540 2414 1633 2486 qui
1647 2413 1965 2483 jamdudum
1996 2412 2055 2467 in

453 2512 637 2569 anima
665 2513 918 2566 mortuus
949 2506 1139 2575 fuerat,
1186 2506 1301 2560 Deo
1344 2503 1640 2559 suscitante
1679 2502 1890 2559 revixit.
1940 2501 2055 2557 Sed

456 2601 582 2675 quia
615 2599 763 2672 quod
792 2598 846 2652 in
860 2612 927 2652 eo
943 2603 1121 2652 actum
1145 2602 1228 2649 est
1244 2591 2052 2664 blasphematis,rogamusvos,

457 2698 729 2763 quatenus
760 2687 831 2742 ab
858 2683 1172 2753 hujusmodi
1199 2681 1542 2752 blasphemia
1573 2680 1792 2735 bonitas
1845 2689 2054 2746 vestra,

458 2794 581 2855 quas
611 2793 701 2833 me
729 2776 1025 2847 diligenter
1051 2771 1296 2837 nutrivit,
1328 2785 1426 2841 pro
1455 2784 1642 2825 amore
1673 2778 1859 2826 nostro
1900 2770 2060 2841 peni-

462 2877 551 2925 tus
579 2865 828 2931 desistat,
860 2879 931 2919 ne
962 2861 1052 2933 qui
1070 2860 1235 2932 longo
1256 2867 1500 2930 tempore
1522 2874 1817 2930 perversus
1836 2860 2057 2929 exstitit,

460 2958 563 3015 sub
596 2956 703 3012 hac
729 2951 1025 3010 occasione
1053 2949 1208 3020 pejor
1235 2947 1345 3003 fiat.
1375 2947 1473 3004 Sic
1493 2948 1636 3003 enim
1676 2963 1905 3004 necesse
1953 2958 2056 3017 est,

464 3046 767 3105 vulneratis
814 3040 1013 3097 animai
1064 3038 1526 3094 medicamentum
1581 3044 1932 3109 temperetur,
1992 3056 2061 3095 ne

457 3134 628 3192 nimia
656 3126 1045 3188 medicamenti
1071 3127 1389 3184 austeritate
1430 3125 1667 3197 amplius
1715 3126 2051 3184 vulneretur.

910 3240 1076 3310 244
1097 3237 1441 3293 EPISTOLA
1469 3237 1625 3294 XIII.

2144 634 2429 710 sancitum.
2459 652 2751 707 Decretum
2783 648 2987 705 etenim
3020 647 3138 703 sive
3185 644 3471 702 concilium
3525 640 3747 697 nullum

2143 751 2322 798 ratum
2369 740 2518 813 (350)
2574 739 2791 810 legitur,
2856 736 3004 810 quod
3056 752 3166 791 non
3224 734 3383 790 fuerit
3436 730 3749 804 apostolica

2142 831 2461 889 auctoritate
2489 828 2787 888 limatum;
2820 827 2990 881 multo
3013 825 3189 880 minus
3215 820 3563 894 igitur,quod
3582 820 3745 888 ejus-

2143 922 2266 977 dem
2296 918 2628 977 aucteritatis
2655 914 2960 988 privilegiis
2988 914 3204 972 videtur
3232 928 3353 969 esse
3382 908 3742 967 contrarium.

2143 1009 2532 1065 Monasterium
2610 1006 2885 1079 siquidem
2997 1011 3265 1068 nostrum,
3353 998 3743 1072 patrimonium

2144 1101 2202 1154 B.
2241 1098 2381 1154 Petri
2412 1105 2465 1153 et
2494 1097 2616 1166 ejus
2641 1095 2919 1162 allodium,
2946 1093 3046 1148 sub
3073 1090 3410 1164 protectione
3430 1088 3577 1144 sedis
3596 1101 3749 1159 apo-

2146 1186 2353 1244 stolicae
2382 1185 2700 1258 specialiter
2738 1198 3079 1255 permanere,
3121 1191 3176 1236 et
3218 1179 3400 1236 omnia
3443 1191 3562 1250 qum
3607 1175 3747 1231 olim

2147 1277 2409 1333 habuisse
2432 1274 2794 1347 dignoscitur,
2818 1279 3086 1345 quatenus
3117 1269 3327 1341 absque
3371 1266 3747 1331 distractione,

2147 1366 2237 1422 vel
2264 1364 2503 1437 qualibet
2533 1362 2897 1419 diminutione
2926 1359 3225 1432 possideat,
3267 1355 3581 1428 apostolicae
3625 1353 3753 1408 sin-

2148 1454 2393 1514 ceritatis
2425 1451 2711 1526 privilegia
2746 1452 2909 1520 245
2961 1462 3229 1504 mansuro
3316 1445 3372 1501 in
3427 1450 3755 1516 perpetuum

2149 1545 2377 1600 decreto
2405 1541 2790 1610 corroborant,
2827 1546 2886 1595 et
2928 1553 3058 1593 unm
3118 1535 3212 1609 qui
3267 1534 3396 1590 inde
3448 1532 3756 1607 quidquam

2150 1630 2497 1699 subtraxerit,
2529 1635 2796 1702 perpetuo
2825 1627 3166 1683 anathemate
3196 1624 3479 1680 damnant.

2667 1772 3010 1831 EPISTOLA
3047 1772 3193 1829 XIV.

2075 1925 2128 1985 B
2166 1903 2445 1977 Goﬂridus
2469 1898 2897 1959 Vindocinensis
2912 1894 3247 1954 monasterii
3278 1892 3508 1951 humilis
3534 1906 3749 1957 scim,

2226 1994 2562 2052 charissima
2582 1989 2865 2046 nutritori
2880 2004 2981 2044 suo
3006 1984 3317 2042 Guarnerio
3332 1981 3752 2048 archidiacono,

2225 2081 2437 2139 mundo
2468 2080 2753 2152 deceptori
2773 2092 2892 2134 non
2914 2075 3161 2142 credere,
3184 2088 3288 2129 nec
3304 2073 3356 2129 ei
3385 2070 3596 2127 labenti
3618 2068 3755 2124 diu.

2231 2175 2350 2229 tius
2369 2172 2673 2227 inhaerere.

2229 2297 2509 2371 Religiose
2536 2294 2721 2352 vivere
2749 2291 3120 2348 honoriﬁcum
3151 2295 3233 2344 est
3265 2305 3279 2353 ;
3312 2292 3529 2358 peccata
3559 2286 3612 2340 et
3640 2281 3753 2339 cri-

2159 2388 2326 2455 mina,
2351 2402 2471 2459 quae
2501 2382 2707 2439 diaboli
2739 2393 2866 2437 sunt
2895 2394 3083 2451 Opera,
3116 2377 3306 2449 fugere
3333 2384 3387 2431 et
3442 2371 3747 2439 exsecrari,

2161 2478 2314 2543 utile,
2344 2476 2456 2531 imo
2486 2472 2856 2529 necessarium
2887 2477 2971 2525 est
2997 2489 3016 2536 ;
3047 2469 3220 2523 Deum
3248 2469 3362 2521 toto
3415 2463 3577 2520 corde
3630 2461 3758 2516 dili-

2162 2583 2319 2643 gere,
2348 2564 2677 2638 gloriosum.
2711 2560 2993 2633 Religiose
3016 2557 3198 2629 itaque
3228 2554 3358 2611 vivit
3387 2553 3479 2625 qui
3531 2557 3757 2623 peccata

2164 2666 2218 2714 et
2246 2654 2479 2713 crimina
2507 2668 2603 2707 sua
2627 2650 2875 2722 perfecto
2903 2647 3030 2704 odio
3058 2646 3248 2712 habet,
3301 2650 3353 2700 et
3410 2643 3586 2698 Deum
3640 2646 3759 2695 toto

2166 2746 2331 2804 corde
2361 2744 2591 2814 diligere
2630 2739 2798 2806 valet,
2831 2737 2924 2809 qui
2955 2736 3219 2791 mundum
3248 2740 3302 2789 et
3348 2747 3416 2789 ea
3466 2746 3587 2803 quae
3631 2735 3759 2783 sunt

2166 2834 2353 2891 mundi
2383 2830 2725 2904 despiciens,
2758 2826 2991 2884 extremi
3016 2823 3208 2894 judicii
3258 2822 3406 2878 diem
3461 2827 3587 2875 ante
3643 2832 3759 2873 suae

2166 2922 2368 2980 mentis
2395 2920 2588 2977 oculos
2618 2923 2867 2981 revocat,
2898 2913 3120 2970 assidue
3146 2926 3315 2968 orans
3351 2916 3406 2966 et
3420 2907 3608 2965 dicens
3635 2921 3758 2961 cum

2169 3013 2436 3084 Propheta
2466 3028 2479 3065 :
2504 3011 2581 3066 Ne
2600 3007 2805 3081 perdas
2834 3021 2962 3061 cum
3009 3003 3224 3074 impiis,
3283 3002 3452 3064 Deus,
3508 2997 3763 3053 animam

2169 3104 2438 3166 meam,et
2467 3113 2598 3155 cum
2619 3094 3117 3165 viriuanguinum
3153 3091 3328 3146 vitam
3360 3102 3544 3143 meam
3571 3085 3753 3155 (Psal.

2170 3191 2396 3262 xxv,9).
2427 3189 2497 3243 Et
2519 3186 2651 3242 illud
2677 3200 2689 3240 :
2712 3184 2997 3241 Estomihi
3011 3182 3075 3237 in
3095 3182 3268 3237 Deum
3280 3180 3675 3251 protectorem,
3706 3177 3766 3229 et

2091 3287 2141 3352 C
2167 3284 2233 3339 in
2245 3281 2472 3337 domum
2489 3276 2789 3348 refugii,ut
2808 3274 3031 3328 salvum
3049 3285 3140 3325 me
3157 3266 3665 3339 [acias(Psal.xxx,
3682 3263 3761 3332 3).

465 3362 742 3437 Goﬂ‘ridus
801 3357 1225 3418 l’indocinensis
1267 3355 1604 3413 monasterii
1640 3372 1835 3414 servus
1877 3376 2057 3419 servo-

2178 3371 2334 3427 Prius
2364 3366 2587 3441 quidem
2618 3362 2953 3419 deserendus
2978 3368 3061 3415 est
3087 3356 3342 3423 mundus,
3373 3362 3427 3410 et
3469 3353 3550 3409 sic
3594 3366 3765 3407 oran-

629 3469 779 3518 rum,
818 3448 1129 3507 Guarnerio
1158 3445 1579 3514 archidiacono,
1602 3447 1870 3504 salutem.

533 3554 670 3611 Cum
698 3551 754 3606 in
783 3547 994 3613 litteris,
1030 3560 1167 3618 quas
1195 3543 1675 3615 archipresbytero
1718 3552 1809 3601 tuo
1847 3548 2064 3616 misisti,

462 3651 745 3716 raptorem
774 3654 863 3694 me
920 3633 1287 3709 significares,
1342 3633 1390 3688 si
1445 3640 1497 3689 te
1553 3633 1733 3704 potius
1783 3645 2068 3708 raptorem

465 3734 788 3795 animarum,
823 3734 876 3783 et
896 3725 1090 3781 alienae
1107 3721 1351 3795 pecuniae
1368 3721 1730 3793 importunum
1756 3734 2067 3783 exactorem

470 3834 777 3884 “screws,
811 3824 865 3872 et
896 3816 975 3871 sic
997 3821 1075 3880 te,
1109 3827 1271 3884 quem
1304 3819 1583 3882 pastorem
1620 3811 1829 3881 fateris,
1877 3814 2067 3888 lupum

465 3911 747 3975 crederes,
779 3906 982 3979 optime
1011 3903 1259 3959 fecisses.
1286 3901 1555 3956 Decuerat
1587 3901 1732 3957 enim
1763 3910 1835 3971 te,
1898 3902 2069 3962 frater

464 4017 574 4058 non
605 3997 833 4071 optime,
876 3994 1030 4066 prius
1088 3991 1286 4061 ejicere
1345 3991 1562 4045 trabem
1616 3990 1687 4047 de
1746 3992 1904 4049 oculo
1950 4001 2063 4064 tuo,

462 4099 519 4148 ut
546 4104 744 4163 posses
772 4085 1039 4141 festucam
1070 4080 1127 4134 in
1152 4094 1279 4135 meo
1309 4094 1640 4151 agnoscere,
1699 4088 1753 4135 et
1809 4090 2066 4139 excutere

467 4179 750 4253 pulverem
782 4189 893 4245 quo
920 4178 1182 4245 gravatur
1211 4167 1282 4224 ab
1313 4183 1400 4234 eo,
1433 4174 1493 4223 ut
1519 4185 1656 4239 pure
1685 4169 2073 4228 considerares

463 4267 731 4324 maculam
765 4265 818 4319 in
848 4261 1099 4317 membro
1121 4257 1324 4313 alieno.
1358 4257 1494 4312 Cum
1523 4256 1697 4313 luteas
1726 4274 1919 4315 manus
1962 4261 2069 4317 ha—

466 4358 623 4423 beas,
655 4371 753 4411 cur
781 4351 975 4407 niteris
996 4348 1190 4404 sordes
1222 4354 1439 4419 tergere
1469 4345 1677 4402 alienas
1702 4348 1731 4402 ‘2
1778 4347 2071 4420 Raptorem

465 4462 557 4503 me
588 4442 819 4511 vocasti,
848 4439 998 4513 quod
1029 4436 1215 4508 utique
1242 4435 1383 4490 bene
1411 4434 1667 4503 fuissem,
1700 4435 1748 4491 si
1775 4444 1828 4494 te
1844 4438 2074 4495 avaritia

466 4542 778 4600 oneratum,
812 4539 865 4587 et
890 4526 1185 4600 cupiditate
1218 4523 1575 4591 fuedatum,de
1592 4525 1716 4581 lacu
1732 4531 1892 4583 tantm
1912 4528 2074 4585 mise-

466 4626 645 4692 rim,et
665 4623 735 4680 de
757 4622 869 4677 luto
882 4618 1032 4676 faecis
1051 4630 1247 4688 rapere
1268 4613 1567 4685 potuissem
1589 4615 1764 4686 (Psal.
1783 4618 2070 4688 xxxnx,3).
2102 4653 2156 4714 D

467 4714 664 4773 Dixisti
690 4728 777 4769 me
802 4724 974 4785 agere
1002 4713 1192 4763 contra
1209 4702 1473 4776 synodale
1494 4705 1894 4773 decretum,cui
1913 4723 2075 4778 pror-

540 4894 689 4970 (3t7)
720 4882 1503 4971 Guarnerioaochidiacono.
1548 4881 1956 4955 Andegavensi,
2001 4882 2073 4939 ad

470 4956 635 5046 quam
669 4956 790 5022 cum
823 4960 944 5016 aliis
975 4957 1142 5027 epist.
1181 4956 1242 5009 4.

540 5044 591 5113 (3
602 5040 691 5108 48)
721 5031 1065 5113 Adelardum
1076 5028 1143 5083 de
1161 5027 1356 5113 Castra
1382 5026 1662 5113 Gunterii.
1686 5024 1767 5113 De
1795 5025 2070 5113 idet-3rd,)

470 5098 718 5170 dicemus
742 5107 903 5177 epist.
933 5104 1005 5157 25
1033 5100 1254 5177 quaead
1285 5114 1425 5177 eum.
1445 5098 1648 5177 scripta
1675 5105 1779 5151 est.
1812 5098 2069 5177 Castrum

471 5168 721 5243 aunterii
747 5168 1031 5233 Meduana;
1051 5168 1213 5226 fluvio
1232 5168 1544 5243 impositum
1565 5168 1621 5222 in
1642 5183 1788 5243 pago
1816 5169 2072 5243 Andegg-

470 5240 634 5315 vensi
665 5252 736 5308 ad
775 5255 1015 5305 veterem
1045 5243 1223 5315 vicum
1247 5240 1613 5315 basilicarum,
1638 5240 1878 5315 nobilem
1899 5240 2067 5296 sorti-

471 5310 700 5383 tum—est
739 5319 1075 5378 conditorem
1132 5311 1429 5383 Fulconem
1482 5312 1577 5383 III,
1611 5310 1911 5383 comitem,
1944 5311 2069 5383 sed

472 5381 673 5455 nomen
706 5388 950 5465 ignobile
979 5403 1026 5465 ar
1054 5384 1234 5465 villico
1281 5381 1887 5465 FulconiséG’unle‘rip:
1935 5382 2072 5465 item

476 5452 701 5524 narrant
728 5452 967 5533 antiquas
1014 5454 1233 5533 tabulae
1262 5452 1581 5533 monasterii
1636 5452 1699 5508 s.
1731 5453 1949 5533 “Albini
1985 5454 2072 5533 _de

478 5522 672 5597 Dastro
704 5522 918 5589 ﬁrmaio
941 5530 995 5583 in
1024 5526 1188 5581 Curte
1219 5525 1589 5589 basilicarum,
1650 5522 1853 5597 quibus
1874 5594 1883 5597 Α
1904 5523 2070 5597 Fulco

476 5594 595 5684 ipse
625 5600 946 5684 subscripsit
970 5613 1115 5684 anno
1172 5599 1346 5684 1937..
1392 5596 1601 5684 parum
1656 5594 1778 5684 hoc.
1811 5594 2023 5681 initium
2054 5610 2067 5651 :

478 5666 639 5741 iuno
663 5678 730 5734 ab
762 5666 1164 5731 Incarnatione
1186 5668 1414 5724 Domini
1448 5669 1605 5741 l_0_07,
1649 5666 1966 5741 indictione
1995 5682 2067 5741 ‘v,

481 5737 761 5825 Domitius
790 5742 1279 5825 Martellus‘natu:
1308 5742 1416 5793 est.
1448 5737 1725 5825 Etppater
1741 5739 2072 5825 Aelus‘f'ulco

481 5755 761 5825 Goffridus
790 5755 1083 5802 Martettus
1104 5755 1279 5795 natu:
1308 5755 1416 5793 est.
1451 5755 1519 5792 at
1554 5755 1721 5808 pater
1751 5755 1780 5793 e
1807 5755 1875 5793 us
1906 5755 2072 5794 r‘utco

480 5822 865 5882 nobilissimus
881 5827 1063 5871 comes
1074 5811 1498 5883 Andegavorum
1509 5808 1666 5883 ﬁlius
1684 5755 1936 5883 βρένέάξ,
1951 5811 2073 5883 [φο-

486 5877 1035 5963 tissimicomitisgui
1045 5877 1474 5963 cognominatus
1488 5882 1573 5934 est
1817 5879 2069 5962 anella,

485 5947 735 6035 firmarit
744 5947 1049 6017 castellum
1060 5947 1231 6021 super
1244 5949 1587 6007 Meduanam
1595 5947 1924 6019 ﬂuvium,in
1937 5947 2072 6007 cur;

2177 3461 2280 3518 dus
2308 3439 2478 3523 Deus,
2511 3471 2581 3510 ne
2606 3451 2897 3508 mundialis
2944 3446 3258 3504 inhabitatio
3313 3458 3504 3501 vocem
3553 3439 3759 3498 orantis

2177 3547 2466 3620 impediat.
2500 3544 2642 3601 Nam
2673 3541 2764 3614 qui
2794 3541 2968 3595 Deum
2999 3553 3097 3593 ore
3126 3542 3391 3608 precatur,
3417 3540 3467 3588 et
3508 3545 3602 3587 cor
3638 3527 3761 3600 ejus

2176 3654 2296 3711 quae
2325 3633 2514 3690 mundi
2546 3639 2671 3688 sunt
2697 3629 2920 3702 cogitat,
2954 3627 3121 3698 hujus
3157 3622 3460 3680 orationem
3504 3634 3612 3674 non
3659 3632 3765 3688 ap-

2174 3706 2373 3801 probat
2400 3725 2566 3789 Deus,
2591 3721 2688 3776 sed
2710 3718 2999 3790 improbat,
3022 3715 3169 3771 sicut
3186 3713 3303 3784 ipse
3323 3712 3392 3766 de
3420 3706 3759 3782 quibusdam,

2175 3795 2267 3888 qui
2298 3812 2455 3887 quasi
2489 3814 2629 3866 bene
2654 3808 3035 3880 loquebantur,
3071 3811 3124 3859 et
3154 3801 3319 3858 corde
3348 3808 3546 3856 terram
3577 3795 3765 3866 sapie-

2176 3906 2329 3970 bant,
2355 3901 2568 3968 asserit,
2584 3900 2775 3955 dicens
2792 3914 2804 3951 :
2823 3896 3069 3969 Papulas
3086 3895 3190 3949 iste
3212 3891 3375 3947 labiis
3392 3904 3480 3943 me
3496 3888 3764 3951 honorat;

2174 4010 2270 4051 cor
2297 3996 2492 4049 autem
2523 4005 2719 4046 eorum
2750 3987 2908 4058 longe
2939 3987 3024 4041 est
3062 4000 3097 4038 a
3134 3997 3224 4037 me
3260 3980 3421 4051 (Isai.
3447 3991 3610 4042 xm,
3642 3973 3754 4043 t3).

2175 4084 2337 4139 Certe
2365 4081 2421 4137 hi
2455 4080 2619 4148 246
2669 4091 2906 4147 quorum
2944 4072 3113 4129 corda
3142 4068 3492 4141 implicantur
3521 4061 3766 4121 saeculari

2176 4171 2421 4246 negotio,
2451 4169 2616 4241 longe
2646 4164 2782 4221 ﬁunt
2810 4179 2843 4219 a
2873 4164 2988 4219 Deo
3017 4169 3070 4216 et
3100 4165 3360 4232 pereunt;
3384 4155 3527 4211 unde
3547 4151 3764 4208 Psalmi-

2177 4245 2296 4317 sta:
2319 4260 2424 4328 Qui
2440 4258 2713 4327 elongant
2728 4270 2787 4311 se
2803 4271 2839 4309 a
2861 4249 3207 4324 te,peribunt
3218 4245 3531 4320 ,perdidisti
3546 4257 3760 4299 omnem

2178 4352 2273 4425 qui
2284 4349 2613 4423 fornicatur
2626 4345 2723 4401 abs
2744 4348 2796 4400 te
2812 4342 2990 4414 (Psal.
3021 4352 3199 4404 Lxxn,
3229 4338 3348 4407 27).
3371 4336 3424 4389 Α
3449 4334 3563 4389 Deo
3578 4329 3762 4403 procul

2178 4419 2352 4496 dubio
2382 4435 2702 4500 fornicatur,
2749 4430 2841 4504 qui
2895 4429 2966 4485 ab
3018 4427 3113 4483 illo
3164 4425 3450 4490 recedens,
3507 4419 3761 4476 mundum

2180 4526 2484 4600 fugientem
2513 4522 2774 4596 sequitur,
2808 4534 2972 4593 quem
3000 4524 3183 4572 tamen
3238 4525 3513 4584 nunquam
3568 4523 3762 4566 conse-

2187 4597 2391 4690 quitur.
2432 4613 2543 4671 Sed
2600 4611 2713 4684 qui,
2770 4616 2832 4666 ut
2883 4607 3140 4672 diximus,
3197 4611 3500 4660 extremum
3548 4597 3675 4653 illud
3709 4603 3764 4651 et

2186 4686 2591 4764 formidandum
2611 4700 2771 4759 valde
2782 4696 3052 4770 judicium
3071 4698 3204 4750 ante
3215 4692 3412 4749 anima:
3426 4704 3538 4746 sum
3571 4686 3761 4742 faciem

2186 4889 2240 4942 te
2282 4900 2404 4958 quae
2424 4885 2659 4958 vocatur
2675 4878 2970 4958 Basilicas,
2999 4889 3169 4945 quam
3189 4872 3307 4944 ipse
3341 4873 3476 4958 ante
3489 4866 3756 4958 plurimos

2183 4939 2365 5012 durius
2376 4970 2478 5027 pro
2496 4952 2741 5027 quadam
2762 4939 3464 5027 curte,_quw_nuricupatur
3485 4939 3756 5027 (ladani:—

2180 5010 2319 5084 iiilla
2332 5010 2394 5081 iri
2408 5010 2901 5098 pag'ogBeloacensi
2914 5010 3044 5083 sita,
3079 5010 3350 5098 Bainaldo
3362 5012 3493 5067 abba
3501 5010 3574 5098 ,τ
3587 5012 3641 5065 et
3653 5024 3759 5098 mo:

2180 5081 2382 5155 nachis
2408 5081 3170 5152 SvAlbinicommutaverat,
3211 5086 3398 5156 eisque
3432 5081 3671 5156 solidam
3706 5082 3761 5133 et

2182 5152 2434 5241 quietam
2445 5184 2575 5224 cum
2590 5164 2852 5241 omnibus
2951 5163 3132 5241 ipsam
3145 5152 3557 5241 pertinentibus
3573 5152 3630 5241 in
3643 5165 3759 5223 per-

2180 5223 2419 5314 petuum
2453 5223 2857 5314 possidendam
2898 5223 3235 5314 tradiderat.
3296 5227 3544 5314 Firmato
3581 5223 3756 5314 itaque

2184 5294 2445 5375 castello,
2456 5294 2640 5381 'eoque
2660 5311 2725 5381 ut
2738 5307 2968 5381 poterat
2986 5302 3233 5381 munito,
3258 5314 3332 5381 ea:
3346 5296 3573 5381 nomine
3588 5294 3757 5381 cujus-

2181 5364 2513 5440 aiataiat
2543 5364 2636 5435 sui
2661 5364 2808 5434 mild
2841 5374 3102 5430 Castrum
3144 5364 3403 5427 Gunterii
3445 5364 3754 5440 appellavit.

2253 5432 2408 5525 (5‘95
2418 5432 2969 5525 Vtiugo—vflhaorcinuf.
2986 5450 3048 5525 _A_
3083 5440 3312 5525 ‘Bao‘rtiis
3323 5432 3758 5525 “Cenomanensis

2180 5505 2572 5651 castelli:
2596 5505 3049 5649 {gzcgjusdeltlgegri
3066 5514 3137 5640 {te
3157 5510 3389 5569 Caortiis
3405 5506 3604 5565 mentio
3630 5505 3761 5562 facta

2202 5613 2218 5650 ι
2264 5610 2395 5651 .m.
2427 5611 2543 5651 ems
2579 5634 2592 5647 .
2704 5607 2777 5651 .a
2929 5604 2959 5644 e
3003 5601 3205 5642 erum.

2202 5601 2278 5651 ib.
2310 5610 2395 5661 III,
2427 5601 2592 5661 epist.
2625 5601 2717 5658 28,
2748 5601 2816 5645 ad
2844 5601 3205 5661 uaeuertum.

2253 5651 2419 5737 (350'),
2436 5651 2753 5737 Concilium
2779 5660 3259 5737 nullumratum.
3274 5651 3397 5708 Julii
3415 5665 3566 5737 papae
3583 5654 3762 5737 contra

2182 5721 2512 5798 Orientales,
2536 5751 2634 5806 pro
2655 5730 2969 5806 Athanasio.
2993 5730 3099 5806 Nec
3129 5726 3535 5806 ullumratum
3553 5724 3634 5806 est
3668 5721 3761 5806 aut

2179 5791 2433 5881 unquam
2448 5791 2558 5864 erit
2572 5804 2903 5881 concilium,
2928 5801 3206 5881 quodnnon
3224 5798 3439 5879 fultum

2181 5861 2552 5945 sesama;
2574 5861 2747 5947 idest
2774 5861 3034 5933 Romanae
3062 5861 3344 5937 Ecclesiae,
3373 5861 3516 5939 apud
3565 5861 3708 5920 Grati

2182 5965 2337 6009 num.
2369 5950 2497 6019 317,
2530 5950 2617 6005 10.
2652 5947 2706 6003 2.
