3910 6470
178 523 278 576 197

1530 513 1898 572 EPISTOLE.
1929 543 1998 552 --
2033 514 2154 566 LIB.
2191 509 2252 566 V.

3367 516 3469 571 198

176 645 347 716 ponit,
382 644 622 718 quidque
652 645 726 700 ibi
758 645 828 701 sit
867 645 1102 701 futurum
1135 644 1293 700 oculo
1332 661 1481 715 pura
1505 641 1768 698 intentio-
1797 639 1851 700 Α
1880 643 2159 692 vertamur
2186 636 2254 689 ad
2301 635 2473 702 illum,
2525 635 2618 708 qui
2647 651 2748 692 nos
2794 638 2861 691 ad
2892 637 3188 711 imaginem
3209 648 3262 695 et
3290 641 3358 695 ad
3387 643 3467 696 si-

176 733 262 788 nis
290 735 622 802 considerat,
656 736 730 789 nil
762 736 864 789 sibi
903 735 1046 789 aliud
1088 743 1253 790 restat
1285 733 1610 798 faciendum,
1663 730 1771 785 nisi

176 830 234 877 ut
263 823 510 892 deposita
540 825 684 878 omni
715 825 820 879 alia
876 823 1257 889 sollicitudine,
1316 831 1368 877 at
1400 823 1613 893 pondus
1645 819 1772 874 tanti

179 906 445 960 examinis
466 907 739 975 incitatus,
775 908 902 963 totis
931 908 1236 964 visceribus
1283 907 1688 970 contremiscat,
1718 910 1774 958 et

179 1004 233 1049 ut
258 996 483 1062 justum,
517 1011 580 1051 ac
613 998 967 1052 vehementer
998 997 1297 1050 districtum
1324 996 1561 1065 judicem
1597 993 1652 1047 in
1683 993 1773 1046 illa

180 1083 312 1136 hora
365 1084 655 1154 propitium
714 1086 815 1140 sibi
847 1085 1020 1141 valeat
1073 1086 1339 1150 invenire,
1387 1082 1648 1157 quidquid
1685 1081 1773 1136 hic

179 1172 551 1242 temporaliter
577 1173 848 1229 delectare
903 1181 1101 1245 potest,
1135 1191 1236 1244 pro
1267 1174 1390 1245 ejus
1432 1188 1612 1227 amore
1644 1186 1775 1226 cou-

178 1262 406 1314 temnat.
441 1261 594 1331 Quis,
627 1262 869 1334 inquam,
925 1263 992 1318 de
1019 1263 1105 1318 die
1136 1263 1227 1317 illo
1258 1261 1501 1334 perfecte
1530 1261 1773 1332 cogitare

177 1348 398 1418 poterit,
431 1358 484 1403 et
513 1360 840 1420 prasentem
872 1352 1131 1406 mundum
1189 1351 1442 1424 diligere,
1468 1351 1621 1420 cujus
1649 1358 1775 1405 tunc

178 1444 456 1492 amatores
482 1438 538 1492 in
564 1440 895 1495 horrendum
927 1441 1193 1513 gehenua
1214 1449 1430 1511 puteum
1449 1435 1775 1494 intolerabili

176 1523 346 1580 fetore
377 1534 426 1581 et
455 1526 582 1593 igne
640 1529 1096 1600 inexstinguibili,
1156 1545 1448 1602 vermeque
1479 1526 1773 1583 immortali

176 1614 351 1684 (Marc
379 1630 436 1684 ιι,
472 1617 559 1682 42,
589 1615 702 1686 43),
728 1625 781 1672 et
813 1618 1026 1673 cateris
1073 1618 1442 1674 indicibilibus
1486 1617 1773 1673 tormentis

173 1702 399 1773 plenum
427 1704 760 1776 praecipitati,
821 1707 938 1762 sine
995 1707 1261 1774 remedio,
1317 1723 1380 1763 ac
1410 1723 1506 1778 spe
1536 1705 1773 1762 remedii

172 1792 610 1848 cruciabuntur?
641 1795 765 1850 Hac
793 1795 885 1867 qui
918 1804 1044 1851 ante
1097 1812 1206 1851 non
1237 1796 1429 1862 credit,
1480 1811 1646 1869 quam
1681 1794 1770 1848 vi-

173 1879 302 1935 deat
329 1882 582 1950 cumjam
613 1883 798 1939 videre
847 1885 1094 1956 caperit,
1146 1903 1266 1957 qua
1297 1886 1498 1940 utiliter
1540 1885 1772 1940 credere

1882 724 2237 779 militudinem
2269 741 2419 778 suam
2451 725 2745 798 diligenter
2775 727 3018 793 creavit;
3061 743 3092 782 a
3124 745 3231 800 quo
3271 730 3470 801 sapius

1881 814 2162 883 peccando
2192 814 2554 880 decessimus,
2587 823 2640 869 et
2687 823 2863 870 tamen
2894 816 3073 872 adhuc
3103 818 3472 874 misericordi—

1883 909 1967 956 ter
1995 911 2173 968 vocat,
2206 911 2264 956 ut
2293 918 2392 957 uos
2424 902 2592 958 multo
2618 903 2838 973 pulvere
2874 913 3242 975 peccatorum,
3277 915 3331 962 et
3361 909 3473 964 cri-

1881 990 2083 1044 minum
2109 990 2334 1046 foedatos
2357 992 2578 1046 muudet
2600 1000 2651 1046 et
2667 992 2926 1063 pulchros
2949 994 3120 1050 faciat.
3140 995 3471 1063 Redeamus,

1882 1079 2259 1145 dilectissime,
2294 1082 2362 1135 ad
2395 1079 2964 1136 misericordissimam
2992 1085 3310 1139 Creatorem
3369 1102 3472 1141 no-

1884 1176 2075 1234 strum,
2110 1169 2244 1223 dum
2276 1173 2490 1240 tempus
2519 1171 2870 1236 habemus,et
2890 1171 3037 1226 illum
3053 1172 3247 1228 anima
3273 1182 3475 1232 nostra

1883 1256 2119 1312 brachiis
2177 1275 2396 1329 semper
2452 1261 2866 1330 amplectentes,
2923 1260 3069 1315 illius
3124 1262 3474 1320 dilectionem

1884 1346 2106 1414 mundo,
2139 1356 2190 1401 et
2222 1346 2502 1402 fallacibus
2532 1349 2646 1416 ejus
2662 1349 2862 1403 divitiis
2883 1357 3300 1421 anteponamus,
3326 1354 3474 1409 nulla

1881 1435 2171 1491 occasione
2201 1451 2422 1492 corvum
2452 1437 2604 1491 illum
2635 1437 3032 1493 inobedientem
3055 1439 3342 1510 imitantes,
3377 1443 3475 1514 qui

1882 1523 2140 1579 aviditate
2170 1523 2387 1580 fetentis
2443 1525 2743 1595 cadaveris,
2776 1527 2895 1581 Noe
2942 1527 3116 1583 sancti
3145 1528 3474 1599 patriarcha

1881 1613 2205 1683 contempsit
2235 1614 2549 1685 imperium.
2615 1615 3012 1687 Aquiescamus
3043 1616 3226 1689 itaque
3258 1619 3473 1675 Domini

1880 1716 1944 1756 ac
1975 1701 2275 1758 Salvatoris
2306 1703 2479 1758 nostri
2508 1703 2762 1770 consilio,
2788 1712 2844 1758 et
2874 1713 2931 1759 ut
2951 1705 3068 1776 ipse
3090 1707 3354 1778 pracipit,
3380 1709 3474 1780 qui

1881 1790 2153 1845 neminem
2183 1791 2400 1862 decipit,
2427 1793 2629 1848 mundo
2660 1793 3052 1862 renuntiamus,
3085 1797 3241 1864 cujus
3272 1795 3468 1853 falsam

1883 1877 2279 1934 bentitudinem
2309 1881 2558 1952 sequitur
2584 1898 2712 1937 vera
2741 1882 2980 1948 miseria,
3023 1883 3185 1955 cujus
3214 1885 3467 1956 voluptas

173 1977 229 2024 et
259 1969 424 2026 vitare
462 1971 745 2041 potuisset,
803 1975 1132 2030 aternaliter
1151 1975 1405 2045 patietur.
1438 1973 1768 2030 Reminisca-
1797 1995 1851 2054 B
1881 1966 2068 2022 brevis
2096 1977 2196 2035 est,
2233 1977 2285 2024 et
2319 1969 2608 2040 voluptatis
2637 1986 2799 2041 poena
2844 1980 3133 2042 perpetua.
3188 1973 3470 2046 Eligamus

175 2073 318 2123 mur,
351 2057 723 2127 dilectissime,
756 2061 885 2116 dum
916 2061 1060 2129 licet,
1108 2073 1361 2118 extrema
1391 2071 1443 2118 et
1472 2061 1770 2117 tremenda

173 2144 323 2199 hora
351 2145 518 2213 illius,
555 2155 608 2201 et
635 2147 691 2202 in
747 2150 1025 2205 memoria
1053 2160 1251 2205 nostra
1281 2151 1459 2205 oculis
1502 2165 1769 2220 ponamus

172 2232 323 2287 illum
353 2235 516 2299 diem,
551 2236 607 2290 in
637 2253 744 2308 quo
767 2239 986 2308 quidem
1009 2241 1323 2310 poenitentia
1347 2241 1525 2294 futura
1543 2248 1644 2305 est,
1670 2238 1770 2293 sed

173 2337 318 2392 sera,
379 2326 624 2395 perpetui
654 2328 895 2397 gemitus
955 2338 1130 2397 erunt,
1165 2330 1262 2384 sed
1293 2329 1646 2398 infructuosi;
1681 2328 1769 2381 iu-

169 2408 489 2469 deﬁcientes
517 2414 788 2486 lacryma,
849 2418 944 2472 sed
977 2418 1220 2485 steriles;
1253 2420 1507 2490 planctus
1529 2425 1580 2473 et
1611 2419 1770 2472 fletus

172 2499 449 2569 assiduus,
483 2503 580 2558 sed
611 2503 816 2570 inanis;
848 2523 951 2562 nec
977 2509 1090 2577 jam
1119 2517 1245 2565 tunc
1278 2526 1311 2565 a
1347 2512 1493 2579 247
1527 2516 1772 2580 peccato-

172 2589 328 2643 ribus
345 2591 501 2646 datur
518 2593 690 2648 hostia
709 2595 962 2666 qualibet
977 2613 1078 2668 pro
1092 2601 1350 2668 peccatis.
1384 2600 1771 2672 Recogitemus

173 2677 343 2734 etiam
373 2690 576 2752 quanta
606 2683 706 2738 erit
736 2692 861 2740 tunc
926 2687 1208 2742 retributio
1260 2688 1490 2755 illorum,
1527 2688 1617 2760 qui
1648 2703 1775 2758 pro-

175 2766 502 2840 pinquorum
534 2770 723 2827 dulces
771 2772 1028 2842 affectus,
1057 2785 1110 2831 et
1141 2778 1342 2832 charas
1371 2785 1658 2848 parentum
1689 2777 1774 2833 fa-

175 2855 312 2924 cies,
334 2858 488 2930 quasi
508 2860 769 2928 odissent,
787 2862 1340 2936 fugientes,praseus
1371 2867 1627 2923 saculum
1651 2882 1773 2923 cum

174 2944 292 2999 suis
321 2946 1139 3024 delectationibusreliquerunt,
1172 2964 1224 3011 et
1252 2964 1311 3010 ut
1340 2958 1512 3011 Deum
1544 2973 1680 3027 pure
1719 2959 1774 3012 et

180 3032 301 3090 sine
352 3035 744 3108 impedimento
798 3041 1114 3114 diligerent,
1147 3045 1368 3100 divitias
1399 3052 1494 3101 aut
1547 3045 1775 3101 omnino

177 3125 472 3180 uoluerunt
492 3128 716 3199 habere,
776 3138 868 3185 aut
897 3132 1108 3188 habitas
1140 3143 1611 3206 contempserunt.
1653 3135 1773 3202 Illo,

176 3213 424 3285 inquam,
457 3216 543 3272 die
575 3219 810 3289 receptis
839 3223 1182 3292 corporibus,
1215 3223 1283 3279 de
1306 3225 1461 3279 beata
1491 3225 1778 3279 immorta-

177 3301 330 3357 litate
360 3311 416 3358 et
437 3305 785 3362 inenarrabili
807 3309 981 3382 gloria
995 3313 1110 3379 jam
1140 3314 1340 3380 securi,
1375 3321 1499 3368 ante
1528 3313 1775 3369 Iudicem

183 3392 532 3461 saeculorum,
564 3411 597 3450 ο
641 3413 806 3468 quam
855 3398 1087 3455 feliciter
1119 3403 1477 3472 apparebunt,
1512 3404 1778 3474 sedesque

183 3480 480 3538 duodecim
509 3485 840 3553 obtinentes,
901 3489 1038 3544 sicut
1093 3499 1281 3546 sancto
1310 3492 1615 3562 Evangelio
1645 3499 1782 3546 teste

184 3569 503 3639 didicimus,
523 3589 645 3629 cum
661 3575 752 3630 illo
767 3576 1086 3645 judicabant
1108 3580 1118 3632 l
1155 3581 1491 3649 (Matth.x1x,
1512 3580 1626 3651 28.)
1641 3580 1785 3648 Quid

187 3659 586 3727 admirationis,
625 3664 825 3735 quidve
857 3665 1201 3722 exaltationis
1250 3677 1378 3725 tunc
1407 3686 1533 3725 esse
1565 3670 1782 3740 poterit,

187 3763 312 3804 cum
330 3751 706 3824 unusquisque
727 3769 910 3808 eorum
933 3756 1136 3811 donum
1157 3757 1360 3814 divina
1381 3759 1573 3830 gratia
1596 3760 1786 3815 subse-

189 3839 482 3910 quentibus
510 3842 740 3906 meritis,
768 3843 823 3898 in
855 3846 1178 3918 angelorum
1208 3856 1408 3904 statum
1438 3849 1788 3920 promovebi-

191 3935 302 3994 tur,
338 3936 389 3983 et
419 3944 544 3985 cum
571 3938 792 3989 terreno
821 3936 1097 4007 quondam
1118 3953 1348 4010 corpore
1378 3956 1545 4009 super
1573 3939 1787 3996 excelsa

192 4018 354 4088 regni
398 4019 634 4075 calestis
691 4022 954 4090 elevatus,
1017 4033 1276 4098 tanquam
1331 4029 1563 4085 dilectus
1620 4029 1785 4096 filius,

195 4107 461 4178 praclara
492 4109 590 4164 Dei
620 4110 936 4168 haereditate
965 4114 1269 4172 ditabitur‘?
1293 4119 1421 4173 [nde
1451 4118 1599 4191 loqui
1622 4119 1790 4174 multa

195 4195 328 4250 mihi
346 4197 555 4253 inesset
577 4199 846 4272 voluntas,
866 4203 965 4258 sed
986 4211 1148 4260 tanta
1163 4205 1370 4278 gloria,
1396 4216 1553 4264 tanta
1569 4208 1787 4281 latitia,

195 4295 483 4360 tantaqua
511 4289 861 4347 beatitudinis
891 4303 1057 4364 negat
1085 4295 1442 4367 immensitas,
1477 4315 1603 4370 qua
1625 4300 1790 4354 etiam

196 4385 513 4457 sanctorum
529 4379 814 4435 doctorum
842 4381 1059 4454 linguas
1085 4395 1306 4457 superat
1326 4395 1378 4443 et
1401 4404 1641 4444 sensum.
1665 4391 1791 4444 Non

194 4473 284 4523 est
310 4466 558 4523 humanae
581 4467 854 4525 facultatis
884 4472 952 4527 ad
984 4473 1205 4543 plenum
1223 4475 1499 4534 disserere
1530 4488 1791 4550 quantum

195 4557 270 4613 sit
298 4557 578 4628 praemium
609 4560 754 4630 quod
781 4562 1294 4632 praparavit.Deus
1323 4566 1407 4622 his
1438 4568 1530 4640 qui
1562 4569 1795 4641 diligunt

199 4662 330 4703 eum
359 4646 413 4701 in
441 4647 694 4703 veritate.
732 4649 1038 4721 Diligamus
1093 4669 1236 4724 eum,
1289 4656 1635 4725 charissima,
1683 4675 1793 4715 non

200 4734 375 4792 verbo
403 4742 628 4804 tantum,
658 4752 760 4793 nec
787 4737 998 4811 lingua,
1016 4742 1116 4797 sed
1133 4760 1300 4815 opere
1326 4754 1376 4801 et
1401 4747 1631 4804 veritate
1656 4767 1671 4817 ;
1705 4765 1796 4804 se-

207 4840 572 4898 quamurque,
605 4825 742 4882 sicut
771 4845 830 4884 se
846 4829 1004 4885 docet
1025 4834 1390 4904 sequendum,
1422 4837 1515 4910 qui
1534 4854 1633 4893 nec
1663 4838 1799 4893 fallit

197 4929 305 4969 nec
335 4912 550 4980 fallitur,
585 4931 685 4984 pro
727 4916 844 4985 ejus
881 4934 1068 4975 amore
1103 4924 1364 4978 mundum
1396 4926 1796 4998 relinquentes,

203 5004 296 5075 qui
333 5003 508 5075 magis
538 5004 736 5075 decipit
763 5007 892 5061 dum
925 5009 1222 5066 blanditur.
1257 5016 1422 5084 248
1444 5016 1802 5073 Consuetudi-

202 5109 331 5148 nem
384 5093 536 5148 illam
591 5110 908 5166 perversam
976 5107 1140 5172 atque
1192 5103 1574 5172 damnabilem,
1638 5123 1798 5177 quam

201 5179 565 5252 impugnante
595 5181 813 5238 diabolo
859 5182 912 5237 in
953 5186 1139 5242 saculi
1181 5190 1597 5246 conversatione
1647 5192 1802 5263 quasi

201 5277 607 5324 monstruosum
620 5279 837 5342 partum
855 5275 1225 5347 concepimus,
1259 5279 1346 5334 vel
1369 5279 1612 5351 quadam
1643 5281 1802 5337 nobis

201 5357 358 5413 illata
389 5357 663 5428 violentia,
697 5367 755 5416 ut
782 5371 1014 5420 mortem
1043 5366 1242 5422 anima
1299 5367 1592 5440 fugiamus,
1625 5377 1679 5426 et
1706 5388 1801 5427 re-

277 5680 427 5758 (5351)
453 5681 520 5758 ρ.
577 5681 810 5758 decano.
879 5686 1149 5758 Goffrido,
1210 5701 1268 5748 ut
1322 5694 1480 5752 docet
1529 5694 1803 5755 Elenchus

206 5753 415 5835 codicis
443 5753 815 5835 Cenomanici.
871 5758 979 5835 Sed
1037 5753 1200 5835 cujus
1255 5766 1521 5823 Ecclesia
1562 5753 1802 5825 decanus

208 5826 369 5909 fuerit
397 5841 507 5909 non
538 5826 769 5892 indicat;
805 5833 1059 5909 suspicor
1105 5826 1598 5909 Ceuomanensem,
1649 5841 1802 5897 illum

207 5897 418 5974 ipsum,
441 5896 513 5974 ad
541 5913 705 5974 quem
735 5896 918 5974 exstat
942 5905 1174 5974 epistola
1201 5909 1268 5964 52
1297 5909 1497 5969 Ivonis.

279 5969 428 6042 (352)
460 5967 793 6027 Μαιινίιίαιη
818 5972 885 6030 de
910 5967 1180 6034 Cretione.
1218 5979 1412 6038 Filium
1444 5967 1497 6040 et
1525 5999 1804 6044 successo-

1878 2057 2058 2127 potius
2105 2074 2397 2128 pauperem
2451 2059 2614 2114 vitam
2673 2075 2797 2115 cum
2829 2062 3028 2116 Lazaro
3071 2062 3259 2116 humili
3289 2073 3340 2118 et
3369 2065 3472 2121 de-

1880 2155 2066 2215 specto
2093 2163 2256 2218 quam
2279 2147 2492 2203 divitias
2509 2165 2636 2203 cum
2651 2149 2899 2221 glorioso
2928 2150 3093 2205 divite
3125 2159 3178 2206 et
3209 2154 3468 2222 superbo.

1878 2235 2181 2305 Pauperem
2216 2237 2479 2291 Lazarum
2531 2238 2682 2292 sinus
2728 2239 2970 2294 Abraha
2998 2241 3238 2310 suscepit
3267 2241 3472 2314 gloriﬁ-

1875 2324 2110 2378 candum
2140 2341 2260 2380 cum
2294 2326 2542 2393 sanctis;
2604 2328 2898 2396 superbum
2955 2329 3178 2383 divitem
3236 2338 3462 2387 tartarus

1878 2412 2114 2467 horrens
2133 2414 2416 2469 absorbuit
2443 2416 2796 2471 cruciandum
2823 2433 2944 2472 cum
2975 2417 3173 2487 impiis.
3203 2419 3301 2474 Hic
3329 2437 3470 2490 pau-

1879 2510 2087 2572 pertate
2117 2502 2333 2558 beatam
2362 2513 2566 2560 sortem
2622 2506 2852 2573 meruit;
2909 2505 3000 2560 ille
3029 2506 3230 2561 divitiis
3277 2525 3479 2580 perpe-

1881 2599 2026 2645 tuam
2057 2601 2315 2647 mortem.
2357 2594 2512 2649 Hunc
2543 2610 2648 2648 sua
2679 2603 2975 2664 paupertas
3004 2595 3132 2651 fecit
3153 2597 3472 2665 excelsum;

1881 2679 2030 2734 illum
2062 2697 2174 2735 sua
2187 2682 2386 2738 divitia
2404 2683 2580 2738 fecere
2606 2684 2900 2752 dejectum.
2921 2686 2966 2751 2
2983 2687 3090 2754 49
3118 2686 3282 2741 Dives
3304 2686 3481 2743 factus

1884 2770 2112 2825 omnino
2135 2770 2645 2843 indigeussepultua
2663 2781 2744 2827 est
2759 2774 2810 2827 in
2826 2773 3038 2828 inferno
3055 2774 3211 2844 (Luc.
3229 2791 3346 2842 xvr,
3363 2777 3481 2847 22),

1883 2867 1939 2913 et
1953 2858 2070 2913 sine
2093 2857 2198 2915 fine
2214 2860 2763 2932 damnatus;Lazarus
2779 2863 2832 2915 in
2847 2862 2967 2917 sinu
2989 2863 3233 2920 Abraha
3252 2864 3487 2922 colloca-

1886 2954 1970 3001 tus
2003 2949 2179 3020 (ibid),
2213 2955 2268 3004 et
2287 2949 2752 3019 paradisidivitias
2771 2951 3024 3007 obtinens
3049 2967 3178 3007 cum
3199 2953 3314 3009 Deo
3330 2940 3494 3009 lata--

1886 3043 1998 3090 tur.
2038 3037 2130 3092 Va
2160 3037 2382 3102 divitiis,
2414 3055 2536 3108 qua
2565 3054 2673 3094 non
2705 3039 2881 3094 solum
2911 3051 3168 3110 pereunt,
3202 3043 3296 3097 sed
3328 3058 3485 3098 suum

1887 3125 2049 3180 etiam
2095 3126 2272 3196 perire
2333 3127 2536 3182 faciunt
2577 3127 2912 3183 amatorem!
2977 3129 3131 3184 Felix
3179 3138 3230 3185 et
3281 3146 3480 3186 secura

1887 3224 2199 3284 paupertas,
2235 3232 2356 3286 qua
2385 3216 2520 3270 ditat
2549 3225 2598 3272 et
2632 3217 2876 3272 sublevat
2897 3233 2956 3272 se
2979 3219 3248 3288 patienter
3263 3227 3480 3290 portan-

1886 3311 2022 3358 tem.
2061 3304 2179 3358 Non
2206 3305 2318 3374 jam
2331 3304 2489 3359 nobis
2511 3321 2637 3376 spes
2657 3305 2963 3360 divitiarum
3003 3305 3210 3362 incerta
3239 3308 3485 3379 qualibet

1889 3392 2178 3447 occasione
2196 3392 2505 3448 blandiatur
2526 3413 2539 3460 ;
2575 3394 2672 3449 sed
2689 3395 3048 3450 valuutariam
3064 3403 3335 3452 sectemur
3353 3413 3488 3467 pau-

1888 3477 2118 3549 periem,
2152 3486 2414 3549 quatenus
2447 3479 2752 3534 divitiarum
2783 3495 3005 3534 suarum
3038 3495 3139 3535 nos
3169 3480 3332 3536 faciat
3361 3497 3488 3539 esse

1892 3566 2206 3638 participes,
2258 3567 2351 3638 qui
2403 3567 2528 3624 ideo
2593 3584 2802 3639 pauper
2829 3568 2948 3624 fieri
2979 3569 3146 3625 voluit
3174 3569 3228 3624 in
3259 3578 3406 3626 terra
3431 3578 3491 3627 ut

1893 3671 1994 3710 nos
2015 3671 2114 3710 sua
2141 3664 2461 3727 paupertate
2516 3657 2710 3712 ditaret
2765 3657 2817 3712 in
2850 3658 2988 3714 calo
3039 3659 3198 3714 Jesus
3243 3659 3490 3715 Christus

1894 3745 2162 3800 Dominus
2193 3755 2400 3811 noster,
2427 3747 2512 3802 cui
2544 3755 2627 3802 est
2647 3762 2770 3802 cum
2799 3748 2953 3802 Patre
2984 3756 3037 3802 et
3058 3748 3264 3818 Spiritu
3298 3757 3489 3806 sancto

1897 3833 2075 3890 honor
2102 3843 2156 3890 et
2184 3835 2364 3907 gloria
2391 3835 2445 3890 in
2475 3837 2670 3892 sacula
2702 3836 3056 3892 saeculorum.
3097 3839 3296 3894 Amen.

2428 3935 2772 3992 EPISTOLA
2813 3937 2914 3992 XV
2927 3978 2940 3992 .

1901 4032 2179 4104 Go/fridus
2201 4032 2623 4089 Vindocinensis
2636 4033 2972 4089 monasterii
3003 4033 3361 4106 dispensator
3390 4034 3496 4092 im-

1969 4123 2226 4187 meritus,
2276 4122 2335 4178 G.
2384 4122 2696 4178 venerabili
2742 4122 2954 4179 decano
2996 4124 3163 4194 (351),
3209 4140 3309 4182 suo
3359 4125 3495 4181 utili

1969 4213 2151 4267 amico
2180 4215 2235 4267 et
2251 4213 2458 4278 veraci,
2491 4213 2740 4282 feliciter
2755 4211 2936 4268 vivere
2963 4215 3021 4268 et
3039 4228 3158 4269 esse
3171 4213 3420 4269 beatum.

1969 4301 2140 4369 Quam
2172 4317 2327 4371 pure,
2385 4316 2548 4372 quam
2603 4298 2829 4355 firmiter
2882 4315 2985 4355 nos
3043 4301 3344 4358 dilexeritis
3377 4302 3496 4374 ipse

1899 4389 2058 4446 toties
2088 4388 2312 4445 effectus
2343 4388 2594 4460 probavit
2625 4389 2838 4462 quoties
2868 4389 3138 4458 voluntas,
3173 4398 3267 4446 aut
3294 4406 3496 4448 neces-

1901 4479 2035 4534 sitas
2064 4487 2258 4535 uostra
2283 4494 2383 4535 vos
2439 4479 2494 4532 in
2525 4494 2624 4534 sua
2654 4494 2822 4535 causa
2853 4478 3156 4536 advocavit.
3189 4481 3344 4537 Mens
3373 4497 3498 4539 mea

1902 4568 2198 4625 conﬁtetur
2225 4568 2372 4640 quod
2423 4567 2607 4640 lingua
2656 4568 2917 4640 loquitur,
2970 4572 3026 4624 et
3058 4577 3252 4626 neutra
3280 4570 3500 4644 ingrata

1903 4657 2158 4715 efficitur.
2195 4658 2348 4713 Mens
2410 4655 2578 4729 igitur
2631 4672 2753 4712 mea
2808 4664 2968 4730 grata
3007 4666 3088 4714 est
3127 4659 3493 4728 confessione,

1905 4749 2088 4820 lingua
2119 4746 2424 4813 locutione;
2475 4746 2624 4802 Deus
2654 4746 2856 4802 abnuat
2905 4755 2960 4802 ut
3003 4747 3249 4819 ingratus
3295 4747 3501 4804 efﬁciar

1907 4838 2166 4894 actione?
2199 4838 2267 4892 Et
2322 4836 2472 4908 quia,
2511 4836 2650 4891 sicut
2712 4835 2999 4907 pralocuti
3055 4853 3245 4892 sumus
3280 4837 3500 4894 dilectio

1905 4938 2088 4985 vestra
2121 4927 2278 4982 nobis
2307 4925 2520 4982 servire
2576 4934 2761 4997 parata
2786 4940 2931 4981 nunc
2960 4941 3134 4997 usque
3184 4925 3414 4992 eXstitit,
3445 4927 3502 4982 in

1907 5026 2097 5073 nostra
2115 5016 2281 5071 multa
2332 5014 2598 5070 anxietate
2640 5030 2794 5069 suam
2846 5013 3106 5084 Optimam
3156 5015 3502 5071 consuetudi-

1909 5125 2033 5163 nem
2065 5123 2173 5162 non
2199 5106 2447 5172 amittat;
2507 5119 2672 5176 quam
2699 5111 2884 5158 vester
2913 5111 3124 5159 amtcus
3181 5103 3359 5160 ﬁdelis
3388 5121 3500 5161 non

1909 5201 2105 5253 merito
2134 5195 2374 5268 quidem,
2408 5194 2504 5248 sed
2536 5194 2703 5262 250
2739 5191 2914 5266 gratia
2961 5193 3203 5264 optando
3232 5196 3496 5266 reposcit.

1910 5287 2188 5342 Habemus
2209 5283 2354 5338 enim
2383 5283 2661 5356 negotium
2689 5290 2881 5338 contra
2911 5282 3380 5355 consanguineum
3401 5301 3506 5340 uo-

1913 5385 2083 5432 strum
2112 5373 2414 5431 Mauritium
2444 5373 2512 5428 de
2542 5372 2793 5428 Credoue
2824 5373 2974 5445 (352)
3005 5372 3060 5427 in
3115 5373 3360 5430 crastino
3391 5374 3505 5432 Ra-

1911 5707 2026 5747 rem
2052 5683 2307 5744 Rainaldi
2335 5682 2579 5755 dynasta
2626 5678 3009 5755 Credoneusis,
3061 5696 3507 5755 Aquamgconsan-

1910 5763 2171 5836 guineum
2192 5757 2352 5836 etiam
2373 5751 2542 5836 suum
2570 5759 2729 5834 vocat
2759 5751 3109 5836 epistolam}
3141 5753 3248 5809 Sed
3271 5755 3510 5836 Mauritii

1913 5823 2287 5892 Credoneusis
2344 5825 2637 5906 peculiaris
2700 5823 2916 5906 mentio.
2937 5823 3080 5878 inter
3109 5841 3390 5906 precantes,
3415 5825 3508 5897 qui

1913 5903 2170 5962 Fulconis
2199 5902 2260 5967 V,
2291 5893 2525 5963 comitis,
2558 5903 2734 5952 castra
2767 5893 3193 5967 Northmanuico
3224 5896 3388 5963 bello,
3419 5893 3508 5950 se-

1916 5978 2027 6036 cuti
2065 5981 2190 6033 sunt
2220 5966 2482 6028 adversus
2511 5967 2804 6026 Henricum
2833 5982 3044 6039 regem.
3065 5966 3232 6026 Gesta
3249 5967 3508 6024 comitum
