3910 6412
536 393 638 447 9.03

1533 390 1863 446 GOFFRIDI
1901 389 2186 444 ABBATIS
2229 386 2771 445 VINDOCINENSIS

3728 394 3821 451 20$

535 529 673 588 quas
704 513 869 570 terris
911 514 1117 570 nostris
1162 514 1438 587 praepositi
1488 514 1655 570 vestri
1686 514 1835 586 (361)
1863 514 2136 571 violenter
2161 512 2216 571 A
2245 512 2532 570 vobiscum
2560 512 2769 568 locutus
2797 512 3038 586 fuissem,
3065 514 3111 570 si
3141 515 3374 588 gratiam
3403 524 3458 574 et
3488 517 3818 575 dilectionem

538 603 961 674 impresserunt,
993 619 1127 675 quas
1159 610 1344 659 tamen
1374 610 1553 659 terras
1583 602 1827 675 religiosi
1860 603 2136 675 principes

537 691 979 763 praedecessores
1031 691 1218 759 vestri,
1273 693 1426 761 256
1484 698 1538 747 et
1582 691 1904 746 monasterii
1960 691 2136 747 nostri

541 778 877 850 laudatores,
908 781 1115 854 absque
1162 779 1559 836 consuetudine
1607 780 1704 836 vel
1747 779 1986 853 qualibet
2029 796 2134 835 ex-

541 869 778 937 actione,
809 869 1169 936 donaverunt,
1200 869 1316 924 Deo
1348 877 1400 925 et
1428 869 1553 925 loco
1581 876 1772 925 nostro
1794 868 2130 941 relinquatis,

541 966 614 1025 et,
641 974 712 1015 ne
739 957 1001 1029 deinceps
1029 965 1367 1031 repetantur,
1402 973 1492 1013 me
1521 958 1662 1014 bene
1676 972 1929 1014 securum
1959 956 2134 1013 facia-

539 1047 630 1104 tis.
659 1046 717 1103 Si
745 1046 902 1105 vobis
928 1047 1033 1104 hoc
1063 1048 1265 1118 placet,
1299 1046 1446 1120 quod
1473 1047 1695 1103 omnino
1711 1046 1932 1119 placere
1950 1046 2129 1114 debet,

540 1137 595 1193 in
622 1135 882 1208 prmdicto
912 1136 1133 1208 negotio
1175 1151 1286 1192 non
1313 1150 1511 1192 recuso
1553 1134 1806 1204 obedire,
1835 1134 1961 1192 licet
2016 1133 2133 1191 ﬁeri

539 1240 649 1282 non
668 1225 842 1297 possit
871 1224 989 1281 sine
1019 1240 1206 1281 rerum
1239 1232 1551 1282 nostrarum
1602 1224 1825 1297 magnis
1856 1223 2128 1295 expensis,

540 1322 612 1383 et,
646 1313 798 1386 quod
830 1319 913 1370 est
932 1313 1191 1386 amplius,
1224 1314 1433 1386 absque
1461 1313 1715 1385 corporis
1742 1313 1914 1369 nostri
1943 1311 2131 1369 labore

533 1402 776 1459 maximo
806 1409 857 1458 et
879 1402 1177 1459 anxietate.
1216 1402 1427 1469 Valete,
1464 1409 1517 1458 et
1546 1400 1816 1474 quidquid
1846 1417 2013 1473 super
2027 1402 2132 1457 hoc

534 1491 695 1550 vobis
726 1490 991 1563 placuerit
1026 1507 1125 1563 per
1150 1490 1362 1548 litteras
1391 1498 1606 1548 vestras
1634 1490 1862 1546 multum
1891 1489 2130 1547 familia-

534 1580 665 1637 riter
689 1578 824 1636 mihi
844 1579 1146 1637 notiﬁcate.

1060 1693 1402 1751 EPISTOLA
1449 1694 1604 1749 XXI.

535 1783 1281 1857 ClarissimoAquitanorum
1297 1784 1428 1840 duci
1438 1787 1493 1839 et
1507 1782 1943 1856 incomparabili
1952 1782 2131 1839 militi

565 1874 867 1932 Guillelmo
884 1873 1214 1930 charissima
1224 1871 1452 1928 domino
1469 1876 1526 1928 et
1536 1870 1905 1944 praecordiali
1921 1873 2127 1938 amico,
2159 1872 2213 1933 B

566 1962 843 2035 Goﬂ‘ridua
864 1961 1285 2019 Vindocinensis
1299 1962 1636 2017 monasterii
1654 1961 1891 2017 humilis
1915 1977 2127 2027 servus,

565 2053 801 2124 diligere
820 2050 965 2124 quod
985 2050 1130 2107 Deus
1151 2050 1360 2123 diligit,
1377 2054 1436 2107 et
1456 2050 1579 2107 odio
1602 2049 1801 2106 habere
1818 2049 1962 2124 quod
1990 2048 2126 2107 odit.

598 2149 723 2204 Dux
782 2146 908 2203 vitae
961 2144 1276 2213 laudabilis,
1336 2152 1395 2201 ut
1445 2145 1513 2201 ad
1552 2161 1649 2203 vos
1700 2145 1945 2203 venirem
2000 2143 2135 2200 mihi

527 2234 837 2293 mandastis
872 2254 886 2301 ;
917 2234 1016 2291 sed
1044 2233 1190 2290 diem
1236 2238 1292 2290 et
1334 2233 1538 2305 locum,
1595 2250 1704 2306 quo
1734 2250 1832 2291 vos
1885 2233 2130 2290 invenire

526 2324 855 2398 potuissem,
885 2337 996 2379 non
1023 2320 1403 2394 signiﬁcastis.
1438 2321 1782 2394 Quapropter
1796 2323 1920 2378 misi
1948 2323 2130 2379 statim

536 2413 608 2470 ad
637 2420 821 2484 partes
843 2417 1066 2468 vestras
1117 2410 1409 2483 quemdam
1437 2412 1769 2467 monachum
1818 2412 1911 2483 qui
1940 2428 2026 2467 me
2057 2414 2127 2468 ad

526 2518 647 2569 vos,
680 2500 827 2573 quod
864 2499 981 2570 ipse
1006 2491 1227 2568 iubetis,
1278 2498 1487 2556 diceret
1514 2507 1831 2555 venturum.
1896 2499 2000 2569 Qui
2028 2516 2128 2572 per

528 2588 823 2646 duodecim
847 2586 964 2643 dies
993 2586 1070 2642 ibi
1100 2601 1201 2643 vos
1230 2594 1577 2658 exspectans,
1599 2604 1723 2644 cum
1747 2588 1988 2644 invenire
2016 2607 2126 2646 non

527 2680 737 2751 posset,
767 2675 897 2732 inde
924 2674 994 2730 ad
1024 2691 1113 2731 me
1150 2690 1427 2740 reversus,
1461 2675 1593 2731 mihi
1648 2676 1907 2733 nuntiavit
1930 2694 2028 2735 vos
2057 2680 2127 2735 ad

530 2766 1000 2823 Clarummontem
1034 2763 1336 2835 profectum
1365 2764 1532 2835 (362).
1566 2764 1718 2821 Mitto
1741 2765 1940 2821 iterum
1973 2768 2125 2824 vobis

533 2853 698 2909 istum
718 2852 961 2920 fratrem,
992 2868 1093 2924 per
1146 2864 1305 2923 quem
1336 2852 1469 2907 mihi
1495 2853 1766 2909 mandetis
1818 2855 1866 2910 si
1904 2857 2125 2930 magni-

532 2941 711 2998 tudini
735 2948 933 2998 vestrze
972 2955 1110 2997 meae
1140 2940 1387 3011 parvitati
1439 2942 1508 2997 ad
1536 2958 1780 3012 praesens
1805 2943 1953 3016 loqui
2008 2946 2117 3017 pla-

529 3030 721 3099 cuerit,
747 3038 801 3086 et
831 3028 944 3096 ubi,
980 3036 1033 3086 et
1059 3029 1282 3101 quando
1296 3029 1551 3101 placebit.
1573 3031 1658 3087 Ad
1680 3033 2123 3097 vos,cbarissime

527 3118 767 3188 domine,
799 3118 999 3190 saepius
1028 3116 1304 3175 venissem
1338 3119 1502 3189 257
1537 3120 1675 3177 etde
1698 3120 1923 3178 utilitate
1942 3131 2123 3180 vestra

531 3317 602 3374 ad
629 3315 879 3381 militem,
899 3312 1129 3388 polleas,
1158 3311 1216 3368 in
1243 3312 1347 3388 hoc
1375 3328 1407 3369 a
1433 3312 1603 3388 patris
1618 3314 1694 3371 tui
1722 3316 1995 3388 probitate
2025 3319 2122 3376 de-

570 3402 803 3445 enerare
829 3384 1139 3460 perbiberis
1169 3384 1326 3460 quod
1371 3384 1741 3460 ecclesiarum
1767 3388 1889 3457 jura
1916 3399 2124 3460 pertur-

570 3405 803 3445 enerare
829 3405 1139 3457 permnerrs
1179 3405 1326 3455 quoa
1371 3405 1727 3441 ecclesiarum
1767 3405 1889 3457 Jura
1916 3405 2123 3460 pertur-

530 3405 655 3525 ἷξε,
686 3465 741 3514 et
768 3472 904 3528 quas
933 3454 1025 3528 ille
1055 3453 1298 3528 (undavit
1329 3456 1626 3528 exspolies.
1656 3458 1919 3528 Pervenit
1939 3461 2008 3515 ad
2022 3477 2123 3516 nos

535 3524 682 3602 quod
694 3524 1041 3602 monasterio
1064 3524 1449 3602 Vindocinensi
1467 3526 1769 3602 ecclesiam;
1777 3530 1925 3586 Beati
1943 3531 2123 3587 Geor-

535 3595 634 3673 gii,
658 3596 1000 3673 in_01eron_is
1027 3595 1207 3673 insula
1247 3597 1427 3673 sitam,
1478 3613 1600 3673 cum
1629 3600 1864 3673 quadam
1921 3603 2123 3673 Optima

534 3665 676 3727 terra
702 3667 1009 3741 abstuleris.
1040 3667 1116 3721 Te
1142 3665 1343 3738 itaque,
1375 3665 1692 3741 cbarissim‘e
1722 3669 1814 3737 fili,
1842 3665 2126 3741 prasenti-

534 3742 638 3796 bus
666 3739 862 3795 litteris
891 3738 1270 3803 admonemus,
1295 3745 1371 3798 ut,
1406 3738 1544 3793 sicut
1572 3738 1888 3796 sanctorum
1915 3752 2124 3803 aposto-

537 3813 715 3868 lorum
732 3819 788 3867 et
804 3817 1046 3865 nostram
1062 3807 1322 3881 gratiam
1334 3807 1545 3881 diligis,
1580 3811 1884 3867 Ecclesiam
1900 3807 2049 3869 illam
2071 3823 2125 3870 et

535 3891 754 3949 caetera,
790 3896 913 3952 quae
942 3878 1741 3955 Vindocinensibusimonacbis
1760 3884 2047 3955 abstulisti,
2067 3886 2123 3940 in

534 3970 724 4012 eorum
746 3949 1082 4025 potestatem
1100 3949 1321 4025 omnino
1341 3950 1613 4017 restituas,
1646 3954 1754 4009 Res
1764 3955 1912 4009 enim
1929 3949 2122 4012 eorum

534 4020 825 4098 parentum
840 4030 1076 4098 tuorum
1115 4020 1673 4098 eleemosynaausunt
1708 4031 1761 4098 et
1810 4028 2121 4096 apostolicae

535 4090 998 4167 sedisallodium.
1038 4090 1193 4167 Quod
1226 4092 1271 4146 si
1302 4090 1443 4167 intra
1473 4092 1590 4167 dies
1610 4090 1858 4167 triginta,
1882 4098 2013 4153 visis
2037 4099 2121 4153 bis

531 4165 751 4238 litteris,
775 4165 919 4238 quod
945 4163 1266 4217 mandamus
1286 4162 1591 4238 adimplere
1619 4162 2036 4238 contempseris,
2069 4177 2123 4224 et

531 4233 962 4308 indignationem
1006 4241 1252 4288 nostram
1282 4233 1591 4308 incurristi,
1612 4244 1665 4308 et
1693 4233 2007 4307 apostolicae
2026 4233 2119 4296 ae-

533 4308 622 4382 dis
649 4305 1085 4382 anathematete
1102 4320 1420 4382 percussum
1449 4305 1815 4382 indubitanter
1827 4325 2117 4382 agnoscas.

532 4376 921 4456 Monasterium
950 4375 1350 4456 Vindocinense
1387 4382 1452 4456 et
1471 4392 1559 4456 res
1616 4378 1687 4433 ad
1717 4375 1894 4456 ipsum
1950 4382 2118 4452 perii-

534 4456 731 4506 nentes
758 4447 830 4501 ita
875 4446 1173 4517 apostolica
1225 4446 1547 4503 auctoritate
1591 4446 1967 4508 corroboratai
2010 4469 2117 4509 no-

533 4524 762 4577 scuntur
789 4525 866 4588 ut,
898 4516 945 4572 si
973 4516 1104 4588 quid
1131 4516 1257 4571 inde
1303 4516 1546 4572 ablatum
1575 4519 1662 4575 vel
1716 4520 2044 4578 distractum
2080 4539 2113 4579 a

530 4605 805 4672 quoquam
827 4581 1007 4654 fuerit;
1034 4602 1073 4672 ει
1096 4588 1596 4672 praedecessoribus
1636 4592 1852 4672 nostris
1895 4609 2111 4672 eircom-
2140 4581 2192 4642 D

527 4658 858 4719 muniestum
886 4673 997 4715 non
1016 4658 1253 4713 dubites.
1285 4659 1355 4713 Et
1385 4675 1548 4728 quem
1577 4661 1721 4716 beati
1777 4662 1853 4716 illi
1886 4665 1984 4719 viri
2010 4681 2112 4721 ex-

527 4731 1087 4797 communicaverunt,
1117 4744 1226 4784 non
1256 4744 1550 4799 possumus
1576 4732 1814 4798 solvere,
1832 4749 1935 4791 nec
1948 4736 2113 4792 debe-

527 4822 649 4862 mus
681 4823 696 4871 ;
722 4818 782 4859 se
852 4801 998 4873 quod
1028 4804 1295 4863 lecerunt,
1326 4816 1428 4856 nos
1458 4801 1648 4856 eadem
1686 4805 2006 4862 auctoritate
2031 4806 2115 4862 ﬁr-

527 4891 763 4928 mamus.
785 4819 1001 4928 (Latum
1031 4872 1219 4927 Romae
1249 4886 1309 4926 tu
1337 4871 1614 4927 Kalendas
1634 4874 1866 4928 Aprilis.
1904 4897 1929 4927 ι

526 4891 763 4933 mamus.
802 4871 1219 4944 DatumVRomaa
1249 4886 1309 4926 ιιι
1337 4871 1614 4944 Kalendas
1634 4874 1866 4944 Aprilis.
1904 4897 1929 4927 ι

593 4946 747 5019 (361)
776 4943 1074 5019 [impositi
1092 4944 1283 5019 vestri.
1332 4942 1655 5019 Guillelrnus
1688 4942 1944 5019 Oleronis
1972 4964 2110 5018 ριιεθ.

521 5013 754 5090 positus,
786 5013 1335 5090 Ilaimericus._Asto,_
1380 5020 1434 5069 et
1460 5013 1552 5090 alii
1581 5014 1651 5090 de
1680 5016 1894 5090 quibus
1926 5013 2026 5073 lib.
2066 5036 2103 5087 ι,

522 5084 748 5161 ἐνίει.γὲ
779 5101 793 5157 ;
826 5086 926 5141 lib.
960 5099 1043 5154 ut,
1075 5084 1234 5156 epist.
1277 5088 1365 5152 38,
1399 5092 1455 5139 et
1481 5086 1584 5141 hoc
1608 5084 1753 5157 ipso,
1810 5088 1974 5159 epist.
2013 5084 2107 5147 se;

520 5160 733 5233 quanti.
775 5229 811 5233 __
881 5228 886 5233 θ

588 5234 736 5302 (362)
775 5229 867 5310 Vp:
881 5227 957 5283 ad
994 5228 1483 5309 Qarumeontem
1511 5231 1852 5310 profectum,
1898 5233 2104 5310 ᾼι-νειο-

519 5298 929 5370 ηοὲαιῐιῇισδεω
951 5298 1288 5370 primariam,
1323 5313 1447 5370 qua!
1474 5298 1698 5355 nbmina
1727 5301 1959 5358 subinde
1980 5320 2102 5358 mu-

518 5372 667 5441 tavit.
702 5368 1160 5440 Antiquissimum
1219 5368 1355 5437 fuit,
1392 5370 1538 5441 quod
1583 5372 1727 5441 apud
1780 5372 2101 5430 Strabonem

515 5440 716 5519 legitur
738 5462 1009 5519 υεμωσσος
1058 5441 1380 5505 Nemossus,
1411 5440 1516 5496 etsi
1568 5440 1708 5497 male
1736 5444 1807 5498 ad
1863 5443 2100 5515 Ligerim

514 5517 676 5577 locat.
703 5522 785 5576 Ex
804 5517 1004 5576 inﬂexa
1028 5528 1082 5575 et
1102 5519 1334 5575 conﬂata
1354 5534 1508 5587 voce,
1531 5522 2094 5592 Augustonemetum,

513 5599 637 5665 post
666 5600 914 5665 tempora
946 5592 1340 5665 Augu_sti,__tum
1384 5606 1609 5661 propria
1636 5601 1719 5665 _et
1771 5602 1995 5665 recepta
2040 5596 2095 5650 in

509 5662 743 5735 lingulis
770 5661 961 5735 Gallias
1014 5661 1321 5735 civitatibus
1351 5662 1765 5735 consuetudine,
1815 5661 2096 5722 communi

507 5731 670 5805 totius
699 5734 890 5805 gentis.
930 5731 1217 5797 vocabulo,
1236 5732 1499 5805 ΔΑνυιξνηί
1528 5740 1582 5787 et
1611 5733 1763 5805 urbis
1816 5738 2088 5793 Arverna.

506 5799 754 5876 Deniqtie
772 5804 1188 5876 Clarusmoru,
1218 5801 1289 5856 de
1307 5802 1507 5876 prisca)
1532 5803 1673 5876 arcis
1702 5805 2087 5876 appellatione,

507 5883 631 5931 cum
654 5871 786 5933 inibi
813 5879 943 5949 post
974 5871 1348 5946 Pippinianum
1403 5871 2085 5934 incendium-inaediﬁcari

2148 3223 2198 3286 C

2244 600 2388 673 apud
2418 616 2515 656 vos
2531 601 2824 673 potuissem
2856 603 3096 660 invenire
3127 620 3285 678 quam
3316 607 3465 678 apud
3520 608 3819 679 prmdeces-

2245 704 2401 746 sores
2430 697 2645 745 vestros
2701 691 2876 747 nostri
2930 693 3195 749 veraciter
3225 694 3478 751 dicuntur
3523 696 3811 752 invenisse.

2244 777 2353 832 Sed
2385 776 2637 833 fortassis
2659 779 2763 835 hoc
2792 780 2935 851 apud
2966 779 3146 836 Deum
3174 783 3455 853 peccando
3502 784 3706 841 mereri
3730 800 3819 856 p0-

2243 865 2319 921 tui
2350 885 2363 933 ;
2398 866 2517 931 sed,
2542 867 2689 921 Deus
2719 867 2839 937 scit,
2896 886 3176 941 nunquam
3233 872 3379 943 apud
3427 887 3525 928 vos
3549 873 3656 927 nisi
3711 890 3810 928 ser-

2242 954 2440 1011 viendo
2498 962 2549 1010 et
2597 955 2876 1027 diligendo
2952 959 3253 1028 promerui.
3321 960 3609 1016 Desiderio
3652 971 3817 1017 tamen

2240 1042 2521 1099 vobiscum
2559 1043 2706 1116 loqui
2761 1045 3034 1115 desidero,
3093 1047 3237 1118 apud
3284 1064 3382 1105 vos
3432 1050 3817 1121 querimoniam

2240 1130 2483 1188 tacturus
2513 1132 2582 1188 de
2611 1134 2923 1204 praepositis
2980 1139 3200 1206 vestris,
3231 1136 3525 1195 Guillelmo
3580 1139 3816 1195 videlicet

2241 1227 2295 1275 et
2323 1219 2633 1277 Haimerico
2681 1219 2853 1277 fratre
2904 1223 3038 1293 ejus,
3097 1224 3187 1297 qui
3234 1241 3342 1293 res,
3401 1242 3539 1298 quas
3595 1228 3818 1298 pretium

2240 1308 2633 1381 redemptionis
2664 1310 2970 1368 animarum
3020 1328 3239 1369 suarum
3281 1315 3622 1372 venerabiles
3678 1326 3819 1373 ante-

2240 1411 2488 1454 cessores
2519 1399 2707 1465 vestri,
2740 1400 2845 1456 loci
2894 1401 3068 1456 nostri
3097 1401 3441 1469 laudatores,
3473 1403 3652 1461 eidem
3704 1405 3816 1462 loco

2239 1485 2602 1555 contulerunt,
2654 1504 2795 1559 pene
2833 1488 3051 1561 penitus
3084 1489 3481 1548 destruxerunt.
3542 1493 3651 1549 Res
3677 1494 3817 1566 ipsas

2238 1574 2523 1646 opulentas
2552 1583 2606 1632 et
2634 1576 2831 1633 divites
2859 1577 2927 1633 de
2982 1577 3143 1652 larga
3163 1595 3324 1635 manu
3346 1581 3814 1652 praedecessorum

2238 1671 2568 1735 vestrorum,
2595 1664 2687 1736 qui
2716 1681 2835 1732 vos,
2868 1674 2925 1721 ut
2956 1667 3245 1736 credimus,
3278 1668 3347 1723 ad
3373 1672 3639 1726 aztbereas
3666 1687 3819 1727 man-

2237 1752 2422 1808 siones
2452 1753 2951 1824 praedecesserunt,
2984 1763 3230 1812 rectores
3260 1758 3577 1814 monasterii
3632 1760 3816 1825 nostri,

2241 1840 2335 1913 qui
2364 1841 2583 1896 luerunt
2609 1848 2734 1897 ante
2763 1857 2872 1911 me,
2924 1852 3305 1916 susceperunt,
3338 1853 3389 1901 et
3420 1853 3529 1902 tota
3556 1846 3673 1903 vita
3726 1865 3819 1904 sua

2241 1929 2359 1985 sine
2380 1929 2570 1986 labore
2602 1937 2911 1987 tenuerunt.
2944 1932 3065 2005 Ego
3103 1941 3284 1989 autem
3313 1935 3407 2006 qui
3434 1935 3664 1992 multum
3721 1954 3819 2010 pro

2241 2018 2404 2074 rebus
2432 2018 2549 2074 istis
2579 2027 2633 2075 et
2659 2019 2906 2077 laboravi
2960 2028 3014 2076 et
3042 2022 3295 2093 expendi,
3327 2038 3422 2079 eas
3475 2024 3659 2081 inveni
3686 2042 3817 2097 pau-

2238 2123 2417 2179 peres,
2475 2114 2528 2163 et
2582 2108 2962 2178 praedictorum
2993 2109 3136 2166 mala
3177 2111 3361 2183 gratia
3404 2113 3816 2184 praepositorum

2239 2195 2307 2251 de
2324 2196 2411 2251 die
2437 2194 2492 2249 in
2545 2195 2690 2251 diem
2714 2195 2933 2253 invenio
2979 2198 3352 2269 pauperiores.
3385 2200 3559 2267 Unde,
3617 2202 3817 2273 optime

2237 2283 2514 2354 princeps,
2547 2283 2594 2339 si
2622 2284 2753 2339 mihi
2784 2300 2890 2340 non
2910 2285 3172 2353 creditur,
3211 2287 3402 2344 saltem
3433 2304 3612 2345 rerum
3630 2290 3817 2346 distra-

2238 2372 2402 2428 ctioni
2421 2380 2476 2427 et
2504 2372 2750 2429 locorum
2780 2374 3113 2445 paupertati,
3171 2391 3290 2447 quae
3332 2392 3432 2433 nec
3482 2379 3703 2434 mentiri
3721 2396 3814 2435 nec

2235 2460 2495 2517 occultari
2520 2469 2719 2532 potest,
2740 2463 3018 2518 credatur.
3044 2463 3229 2532 Valde,
3246 2465 3354 2520 dux
3375 2465 3599 2523 multum
3620 2469 3815 2539 dignus

2238 2550 2395 2606 laude
2425 2550 2681 2618 humana,
2715 2559 2768 2607 et
2786 2550 2989 2606 utinam
3019 2551 3251 2624 amplius
3276 2554 3453 2611 divina
3486 2553 3499 2611 l

2639 2676 2805 2745 258
2848 2677 3185 2734 EPISTOLA
3223 2679 3405 2735 XXII.

2241 2763 2516 2833 Go/fridus
2547 2764 2966 2822 Vindocinensis
2980 2771 3321 2825 monasterii
3368 2770 3600 2826 humili:
3631 2772 3811 2837 abbas,

2273 2851 2631 2908 Charissimce
2644 2853 2886 2908 dominre
2900 2870 3017 2910 suae
3028 2856 3284 2912 Mathildi
3296 2859 3647 2915 Pictaviensi
3660 2863 3814 2918 comi-

2276 2942 2429 2996 tissaz
2456 2942 2627 3013 (363),
2680 2942 2860 2998 Deum
2905 2944 3121 3012 timere,
3153 2948 3211 3001 et
3254 2963 3382 3003 cum
3441 2948 3643 3005 timore
3684 2950 3815 3005 dili-

2270 3044 2424 3100 gere.

2309 3135 2476 3204 Quod
2504 3144 2789 3209 postquam
2819 3136 3069 3196 dominus
3107 3155 3311 3210 comes,
3343 3142 3571 3199 maritus
3616 3153 3811 3212 vester,

2231 3314 2512 3386 ccepisset.
2549 3318 2917 3386 Arvernorum
2948 3331 3133 3373 comes
3162 3317 3264 3374 hoc
3284 3325 3522 3386 tempore
3568 3319 3813 3377 feudata-

2230 3385 2343 3459 rius
2374 3385 2473 3441 fuit
2501 3385 2656 3442 ducis
2688 3387 2998 3457 Aquitaniae
3030 3405 3043 3443 :
3076 3388 3261 3444 multae
3277 3385 3504 3459 proinde
3523 3390 3814 3448 Guillelmo

2232 3456 2498 3513 suberant
2578 3456 2777 3525 causae,
2826 3472 2925 3514 cur
2963 3459 3034 3514 ad
3082 3456 3356 3515 Arvernos
3428 3460 3807 3532 proﬁciscere-

2232 3533 2343 3583 tur.

2304 3597 2454 3669 (363)
2484 3598 2745 3654 Mathildi
2782 3600 3126 3656 Pictaviensi
3161 3602 3475 3658 comitium.
3538 3602 3811 3659 Guillelmi

2232 3668 2463 3746 comitis,
2483 3669 2552 3746 ad
2582 3685 2744 3746 quem
2767 3670 3372 3746 epistolaasuperiores,
3431 3674 3676 3746 conjugi.
3710 3677 3812 3731 Diu

2231 3740 2390 3815 nobis
2420 3740 2475 3793 in
2497 3740 2777 3815 ‘Mathildis
2821 3742 2981 3811 hujus
3027 3740 3445 3815 investigatione
3490 3740 3808 3801 haerendum

2230 3809 2427 3886 fuerat,
2457 3810 2561 3886 nisi
2594 3809 2929 3886 opportune:
2958 3809 3314 3886 succurrisset
3354 3822 3519 3886 vetus
3568 3815 3815 3886 diploma

2231 3880 2508 3955 Quil‘lelmi
2539 3880 2737 3955 mariti,
2770 3882 2857 3938 cui
2916 3881 3032 3955 ipsa
3063 3884 3406 3955 subscripsit,
3466 3884 3535 3940 de
3563 3880 3722 3943 altari
3746 3891 3807 3946 S.

2229 3952 2416 4027 Mariae
2445 3952 2520 4027 de
2544 3953 2757 4027 Solaco,
2788 3952 3247 4027 quodpaternum
3279 3952 3611 4027 'exempluvn
3645 3974 3813 4015 secu-

2229 3970 2416 4007 mariae
2445 3970 2513 4006 ue
2544 3970 2757 4015 nouaco,
2826 3970 2934 4008 uou
2965 3970 3247 4023 paternum
3303 3970 3611 4027 exemptum
3645 3974 3811 4015 secu-

2229 4031 2314 4077 tus
2359 4022 2741 4093 Burdigalensi
2907 4024 3096 4079 Crucis
3151 4026 3499 4091 monasterio,
3562 4030 3709 4085 unde
3763 4032 3811 4085 id

2230 4093 2555 4163 exscriptum
2585 4101 2689 4160 est,
2720 4095 2989 4150 concessit
3017 4109 3161 4152 anno
3195 4097 3355 4152 1096.
3395 4097 3454 4151 Id
3486 4097 3555 4152 ad
3582 4100 3813 4156 verbum

2229 4180 2309 4237 sic
2336 4181 2501 4236 habet
2535 4198 2546 4237 :

2232 4251 3030 4329 Guillelmzducisthyitanice
3038 4255 3395 4329 privilegium
3412 4274 3513 4329 pro
3535 4266 3813 4319 monaste.

2652 4326 2736 4397 rio
2766 4326 2823 4382 S.
2859 4326 3055 4397 Gracia
3101 4326 3387 4397 Burdigal.

2303 4414 2325 4445 ι
2352 4396 2489 4471 _Ego
2517 4394 3065 4471 Willelmus,‘div_ina
3112 4394 3397 4453 ordinante
3442 4401 3805 4471 providentia,

2226 4465 2529 4536 Aquitaniae
2558 4474 2611 4520 et
2638 4466 2921 4522 Vasconia:
2948 4467 3054 4521 dux
3085 4475 3139 4522 et
3165 4482 3368 4523 comes.
3397 4465 3602 4526 Notum
3629 4465 3809 4529 omni;

2224 4535 2599 4610 bustidelibus
2628 4553 2723 4608 per
2752 4538 2854 4610 hoc
2873 4537 2967 4610 pri
2980 4537 3456 4610 vilegiumnostrae
3473 4545 3805 4600 auctoritatis

2223 4605 2340 4678 ﬁeri
2363 4605 2806 4678 volumus—quod
2834 4605 2918 4663 vir
2972 4605 3303 4664 venerabilis
3360 4612 3540 4668 Fulco.
3573 4614 3634 4668 S.
3665 4616 3803 4671 Cru-

2221 4677 2299 4732 cis
2328 4677 2524 4749 abbas,
2557 4677 2853 4749 postulavit
2899 4693 2931 4733 a
2970 4679 3129 4734 nobis
3183 4687 3242 4733 ut
3287 4681 3423 4737 sicut
3464 4683 3803 4741 clarissimus

2219 4748 2438 4822 genitor
2466 4755 2673 4822 poster
2756 4749 3087 4805 venerandae
3142 4752 3422 4808 memoria:
3465 4753 3800 4822 Willelmus,

2260 4819 2313 4873 ui
2354 4826 2408 4874 et
2454 4818 2736 4875 GoFfridus
2765 4828 2990 4876 vocatus
3019 4829 3120 4885 est,
3177 4822 3345 4878 altare
3391 4823 3447 4879 S.
3497 4827 3681 4882 Mariae
3737 4818 3802 4883 de

2260 4836 2313 4873 ur
2354 4836 2408 4874 et
2454 4836 2736 4875 uonrtuus
2765 4836 2990 4876 vocatus
3019 4836 3120 4885 εει,
3177 4836 3345 4878 altare
3391 4836 3447 4879 δ.
3497 4836 3681 4882 mante
3737 4836 3801 4883 de

2220 4836 2435 4967 golaco,
2494 4905 2618 4946 cum
2680 4891 2932 4967 omnibus
3012 4892 3138 4967 suis
3184 4893 3535 4967 appendiciis,
3591 4898 3801 4967 judicio

2217 4959 2524 5033 legatorum
2555 4969 2761 5017 sanctas
2810 4962 3066 5018 Romana;
3095 4959 3373 5030 Ecclesiae,
3405 4959 3612 5021 Amato'
3645 4969 3801 5024 vide-

2215 5030 2725 5107 lic'et‘jr‘lore‘nsium
2763 5033 3061 5107 episcopo,
3120 5042 3179 5107 et_
3228 5035 3451 5107 Hugone
3508 5036 3796 5107 Diensinm

2217 5100 2490 5177 pontifice,
2542 5104 2598 5177 ir_1
2622 5100 2853 5177 concilio
2910 5100 3795 5177 Burdegalensi'praesidentibus,

2215 5172 2507 5257 Goscelino
2531 5174 2966 5257 .Burdegalensi
3042 5172 3424 5257 archiprmstile
3465 5179 3793 5257 assistente,

2212 5257 2335 5320 cum
2377 5245 2576 5320 multis
2633 5245 2776 5320 aliis"
2813 5245 3261 5320 archiepiscopis,
3292 5255 3346 5320 et
3393 5248 3679 5320 episc0pis,
3746 5261 3793 5306 et

2210 5314 2514 5393 abbatibus,
2548 5316 2813 5393 Arnaudo
2860 5314 3037 5370 abbati
3071 5314 3374 5393 S,_'Crucis
3397 5314 3519 5388 jure
3562 5314 3795 5393 perenni

2209 5393 2262 5440 et
2295 5388 2417 5453 ejus
2446 5386 2856 5443 successoribus
2903 5386 3191 5453 concessit,
3250 5388 3320 5441 ita
3349 5386 3410 5443 et
3435 5404 3534 5445 nos
3567 5386 3794 5449 'concc~

2207 5456 2463 5512 deremus
2497 5477 2509 5523 ;
2542 5465 2594 5512 et
2625 5458 2806 5513 locum
2838 5458 2892 5522 S,
2923 5457 3111 5513 Crucis
3147 5473 3271 5514 cum
3292 5458 3413 5515 loco
3442 5460 3503 5516 S.
3572 5462 3794 5518 Macarii

2207 5528 2309 5600 sub
2336 5528 2506 5600 tutela
2535 5536 2588 5583 et
2632 5527 2949 5600 defensione
3006 5537 3193 5584 nostra
3231 5530 3655 5600 susciperemus.
3697 5535 3793 5590 Cui

2204 5599 2449 5668 petitioni
2474 5598 2829 5655 libentissime
2845 5608 3089 5654 nostrum
3110 5598 3434 5670 praebuimus
3475 5617 3787 5665 assensum,

2203 5677 2257 5749 _et
2289 5670 2445 5749 Petro
2464 5670 2684 5749 decano
2706 5678 2763 5749 _et
2785 5670 3172 5749 archidiacono
3202 5672 3461 5749 Ecclesiae
3508 5673 3790 5749 Burdiga-

2201 5738 2388 5818 lensis,
2420 5747 2479 5818 ut
2507 5749 2673 5818 totum
2706 5742 2812 5818 lioc
2840 5742 3104 5818 scriberet
3124 5749 3218 5796 aut
3247 5742 3413 5798 scribi
3435 5738 3789 5818 praeciperet,

2199 5810 2650 5887 subtestimonio,
2683 5815 2823 5887 etc._,
2878 5811 3347 5887 praecipimushet
3402 5810 3571 5887 sigilli
3614 5810 3789 5873 nostri

2197 5879 2560 5952 impressione
2606 5879 2835 5955 signari.
2878 5879 3017 5955 Ἐεο
3048 5879 3340 5941 ’Μδιὶιίιάὶε
3381 5879 3519 5944 υχῦτ
3571 5887 3789 5947 domini
