  <div class='ocr_page' id='page_1' title='image "/cluster/home/n/w/nwhite01/storage/ocr_20150623/156-157/uc1.31175010662024/744.png"; bbox 0 0 3910 6424; ppageno 0'>
   <div class='ocr_carea' id='block_1_1' title="bbox 109 423 215 476">
    <p class='ocr_par' dir='ltr' id='par_1_1' title="bbox 109 423 215 476">
     <span class='ocr_line' id='line_1_1' title="bbox 109 423 215 476; baseline 0 0"><span class='ocrx_word' id='word_1_1' title='bbox 109 423 215 476; x_wconf 71' lang='lat'>205</span> 
     </span>
    </p>
   </div>
   <div class='ocr_carea' id='block_1_2' title="bbox 1379 412 2093 472">
    <p class='ocr_par' dir='ltr' id='par_1_2' title="bbox 1379 412 2093 472">
     <span class='ocr_line' id='line_1_2' title="bbox 1379 412 2093 472; baseline -0.004 -1"><span class='ocrx_word' id='word_1_2' title='bbox 1379 416 1746 472; x_wconf 68' lang='lat' dir='ltr'>EPIS&#39;I‘OLJS.</span> <span class='ocrx_word' id='word_1_3' title='bbox 1778 447 1848 456; x_wconf 90' lang='lat'>——</span> <span class='ocrx_word' id='word_1_4' title='bbox 1870 414 1994 470; x_wconf 83' lang='lat' dir='ltr'>LIB.</span> <span class='ocrx_word' id='word_1_5' title='bbox 2030 412 2093 470; x_wconf 84' lang='lat' dir='ltr'>V.</span> 
     </span>
    </p>
   </div>
   <div class='ocr_carea' id='block_1_3' title="bbox 3311 418 3415 472">
    <p class='ocr_par' dir='ltr' id='par_1_3' title="bbox 3311 418 3415 472">
     <span class='ocr_line' id='line_1_3' title="bbox 3311 418 3415 472; baseline 0.01 -1"><span class='ocrx_word' id='word_1_6' title='bbox 3311 418 3415 472; x_wconf 73' lang='lat'>206</span> 
     </span>
    </p>
   </div>
   <div class='ocr_carea' id='block_1_4' title="bbox 118 535 3426 615">
    <p class='ocr_par' dir='ltr' id='par_1_4' title="bbox 118 535 3426 615">
     <span class='ocr_line' id='line_1_4' title="bbox 118 535 3426 615; baseline -0.002 -16"><span class='ocrx_word' id='word_1_7' title='bbox 118 545 468 601; x_wconf 83' lang='lat' dir='ltr'>Hierusalem</span> <span class='ocrx_word' id='word_1_8' title='bbox 508 543 750 615; x_wconf 83' lang='lat' dir='ltr'>perrexit</span> <span class='ocrx_word' id='word_1_9' title='bbox 804 544 974 613; x_wconf 75' lang='grc'>(364),</span> <span class='ocrx_word' id='word_1_10' title='bbox 1032 556 1136 597; x_wconf 91' lang='lat' dir='ltr'>vos</span> <span class='ocrx_word' id='word_1_11' title='bbox 1185 557 1295 596; x_wconf 91' lang='lat' dir='ltr'>non</span> <span class='ocrx_word' id='word_1_12' title='bbox 1331 539 1583 607; x_wconf 87' lang='lat' dir='ltr'>vidimus,</span> <span class='ocrx_word' id='word_1_13' title='bbox 1641 555 1710 594; x_wconf 93' lang='lat' dir='ltr'>ne</span> <span class='ocrx_word' id='word_1_14' title='bbox 1739 539 1797 600; x_wconf 84' lang='lat' dir='ltr'><strong>A</strong></span> <span class='ocrx_word' id='word_1_15' title='bbox 1827 552 2029 608; x_wconf 88' lang='lat' dir='ltr'>corpus</span> <span class='ocrx_word' id='word_1_16' title='bbox 2059 544 2113 591; x_wconf 93' lang='lat' dir='ltr'>et</span> <span class='ocrx_word' id='word_1_17' title='bbox 2145 535 2382 591; x_wconf 88' lang='lat' dir='ltr'>animam</span> <span class='ocrx_word' id='word_1_18' title='bbox 2411 535 2653 607; x_wconf 89' lang='lat' dir='ltr'>suscepit</span> <span class='ocrx_word' id='word_1_19' title='bbox 2686 552 2698 599; x_wconf 91' lang='lat'><strong>;</strong></span> <span class='ocrx_word' id='word_1_20' title='bbox 2730 542 2785 591; x_wconf 91' lang='lat' dir='ltr'>et</span> <span class='ocrx_word' id='word_1_21' title='bbox 2812 551 2882 592; x_wconf 90' lang='lat' dir='ltr'>ne</span> <span class='ocrx_word' id='word_1_22' title='bbox 2939 543 3205 608; x_wconf 87' lang='lat' dir='ltr'>perpetua</span> <span class='ocrx_word' id='word_1_23' title='bbox 3246 545 3426 593; x_wconf 88' lang='lat' dir='ltr'>morte</span> 
     </span>
    </p>
   </div>
   <div class='ocr_carea' id='block_1_5' title="bbox 115 626 1718 703">
    <p class='ocr_par' dir='ltr' id='par_1_5' title="bbox 115 626 1718 703">
     <span class='ocr_line' id='line_1_5' title="bbox 115 626 1718 703; baseline -0.003 -16"><span class='ocrx_word' id='word_1_24' title='bbox 115 633 394 689; x_wconf 82' lang='lat' dir='ltr'>miremini</span> <span class='ocrx_word' id='word_1_25' title='bbox 423 632 705 688; x_wconf 80' lang='lat' dir='ltr'>humiliter</span> <span class='ocrx_word' id='word_1_26' title='bbox 734 647 1017 703; x_wconf 78' lang='lat' dir='ltr'>rogamus,</span> <span class='ocrx_word' id='word_1_27' title='bbox 1069 630 1326 701; x_wconf 89' lang='lat' dir='ltr'>quoniam</span> <span class='ocrx_word' id='word_1_28' title='bbox 1380 630 1485 684; x_wconf 91' lang='lat' dir='ltr'>hoc</span> <span class='ocrx_word' id='word_1_29' title='bbox 1539 626 1718 699; x_wconf 91' lang='lat' dir='ltr'>potius</span> 
     </span>
    </p>
   </div>
   <div class='ocr_carea' id='block_1_6' title="bbox 114 718 1719 793">
    <p class='ocr_par' dir='ltr' id='par_1_6' title="bbox 114 718 1719 793">
     <span class='ocr_line' id='line_1_6' title="bbox 114 718 1719 793; baseline -0.004 -16"><span class='ocrx_word' id='word_1_30' title='bbox 114 723 442 778; x_wconf 80' lang='lat' dir='ltr'>necessitate</span> <span class='ocrx_word' id='word_1_31' title='bbox 473 736 635 793; x_wconf 89' lang='lat' dir='ltr'>quam</span> <span class='ocrx_word' id='word_1_32' title='bbox 666 720 941 777; x_wconf 74' lang='lat' dir='ltr'>voluntate</span> <span class='ocrx_word' id='word_1_33' title='bbox 994 718 1320 774; x_wconf 89' lang='lat' dir='ltr'>dimisimus.</span> <span class='ocrx_word' id='word_1_34' title='bbox 1355 718 1443 772; x_wconf 90' lang='lat' dir='ltr'>Ad</span> <span class='ocrx_word' id='word_1_35' title='bbox 1476 731 1719 789; x_wconf 83' lang='lat' dir='ltr'>prasens</span> 
     </span>
    </p>
   </div>
   <div class='ocr_carea' id='block_1_7' title="bbox 120 804 1719 884">
    <p class='ocr_par' dir='ltr' id='par_1_7' title="bbox 120 804 1719 884">
     <span class='ocr_line' id='line_1_7' title="bbox 120 804 1719 884; baseline -0.003 -20"><span class='ocrx_word' id='word_1_36' title='bbox 120 813 312 884; x_wconf 82' lang='lat' dir='ltr'>igitur,</span> <span class='ocrx_word' id='word_1_37' title='bbox 342 813 461 867; x_wconf 92' lang='lat' dir='ltr'>Deo</span> <span class='ocrx_word' id='word_1_38' title='bbox 486 810 723 875; x_wconf 87' lang='lat' dir='ltr'>volente,</span> <span class='ocrx_word' id='word_1_39' title='bbox 757 808 825 863; x_wconf 89' lang='lat' dir='ltr'>ad</span> <span class='ocrx_word' id='word_1_40' title='bbox 855 823 955 865; x_wconf 90' lang='lat' dir='ltr'>vos</span> <span class='ocrx_word' id='word_1_41' title='bbox 983 807 1290 874; x_wconf 83' lang='lat' dir='ltr'>veniemus,</span> <span class='ocrx_word' id='word_1_42' title='bbox 1338 814 1391 862; x_wconf 89' lang='lat' dir='ltr'>et</span> <span class='ocrx_word' id='word_1_43' title='bbox 1436 806 1507 861; x_wconf 89' lang='lat' dir='ltr'>de</span> <span class='ocrx_word' id='word_1_44' title='bbox 1562 804 1719 861; x_wconf 90' lang='lat' dir='ltr'>bonis</span> 
     </span>
    </p>
   </div>
   <div class='ocr_carea' id='block_1_8' title="bbox 127 894 1716 956">
    <p class='ocr_par' dir='ltr' id='par_1_8' title="bbox 127 894 1716 956">
     <span class='ocr_line' id='line_1_8' title="bbox 127 894 1716 956; baseline -0.004 -2"><span class='ocrx_word' id='word_1_45' title='bbox 127 899 396 956; x_wconf 89' lang='lat' dir='ltr'>Ecclesia</span> <span class='ocrx_word' id='word_1_46' title='bbox 414 906 616 955; x_wconf 86' lang='lat' dir='ltr'>nostra</span> <span class='ocrx_word' id='word_1_47' title='bbox 637 904 835 953; x_wconf 84' lang='lat' dir='ltr'>vestra</span> <span class='ocrx_word' id='word_1_48' title='bbox 855 895 1125 952; x_wconf 84' lang='lat' dir='ltr'>nobilitati</span> <span class='ocrx_word' id='word_1_49' title='bbox 1142 896 1374 951; x_wconf 88' lang='lat' dir='ltr'>libenter</span> <span class='ocrx_word' id='word_1_50' title='bbox 1394 894 1716 950; x_wconf 83' lang='lat' dir='ltr'>serviemus.</span> 
     </span>
    </p>
   </div>
   <div class='ocr_carea' id='block_1_9' title="bbox 124 979 1720 1051">
    <p class='ocr_par' dir='ltr' id='par_1_9' title="bbox 124 979 1720 1051">
     <span class='ocr_line' id='line_1_9' title="bbox 124 979 1720 1051; baseline -0.004 -12"><span class='ocrx_word' id='word_1_51' title='bbox 124 986 307 1040; x_wconf 91' lang='lat' dir='ltr'>Unum</span> <span class='ocrx_word' id='word_1_52' title='bbox 336 991 517 1038; x_wconf 89' lang='lat' dir='ltr'>tamen</span> <span class='ocrx_word' id='word_1_53' title='bbox 546 982 703 1038; x_wconf 86' lang='lat' dir='ltr'>vobis</span> <span class='ocrx_word' id='word_1_54' title='bbox 739 982 921 1037; x_wconf 89' lang='lat' dir='ltr'>celare</span> <span class='ocrx_word' id='word_1_55' title='bbox 948 996 1052 1036; x_wconf 91' lang='lat' dir='ltr'>nec</span> <span class='ocrx_word' id='word_1_56' title='bbox 1080 996 1371 1051; x_wconf 88' lang='lat' dir='ltr'>possumus</span> <span class='ocrx_word' id='word_1_57' title='bbox 1399 994 1502 1035; x_wconf 92' lang='lat' dir='ltr'>nec</span> <span class='ocrx_word' id='word_1_58' title='bbox 1548 979 1720 1034; x_wconf 90' lang='lat' dir='ltr'>debe-</span> 
     </span>
    </p>
   </div>
   <div class='ocr_carea' id='block_1_10' title="bbox 123 1067 1722 1143">
    <p class='ocr_par' dir='ltr' id='par_1_10' title="bbox 123 1067 1722 1143">
     <span class='ocr_line' id='line_1_10' title="bbox 123 1067 1722 1143; baseline -0.004 -16"><span class='ocrx_word' id='word_1_59' title='bbox 123 1090 270 1138; x_wconf 87' lang='lat' dir='ltr'>mus,</span> <span class='ocrx_word' id='word_1_60' title='bbox 303 1072 451 1143; x_wconf 91' lang='lat' dir='ltr'>quod</span> <span class='ocrx_word' id='word_1_61' title='bbox 481 1079 534 1127; x_wconf 90' lang='lat' dir='ltr'>et</span> <span class='ocrx_word' id='word_1_62' title='bbox 562 1071 759 1126; x_wconf 86' lang='lat' dir='ltr'>anima</span> <span class='ocrx_word' id='word_1_63' title='bbox 802 1077 1001 1124; x_wconf 85' lang='lat' dir='ltr'>vestra</span> <span class='ocrx_word' id='word_1_64' title='bbox 1054 1067 1419 1139; x_wconf 88' lang='lat' dir='ltr'>periculosum</span> <span class='ocrx_word' id='word_1_65' title='bbox 1471 1082 1610 1135; x_wconf 87' lang='lat' dir='ltr'>esse,</span> <span class='ocrx_word' id='word_1_66' title='bbox 1669 1073 1722 1121; x_wconf 90' lang='lat' dir='ltr'>et</span> 
     </span>
    </p>
   </div>
   <div class='ocr_carea' id='block_1_11' title="bbox 123 1157 1717 1224">
    <p class='ocr_par' dir='ltr' id='par_1_11' title="bbox 123 1157 1717 1224">
     <span class='ocr_line' id='line_1_11' title="bbox 123 1157 1717 1224; baseline -0.003 -8"><span class='ocrx_word' id='word_1_67' title='bbox 123 1160 452 1217; x_wconf 89' lang='lat' dir='ltr'>charissimo</span> <span class='ocrx_word' id='word_1_68' title='bbox 485 1160 707 1215; x_wconf 87' lang='lat' dir='ltr'>domino</span> <span class='ocrx_word' id='word_1_69' title='bbox 738 1166 794 1214; x_wconf 93' lang='lat' dir='ltr'>et</span> <span class='ocrx_word' id='word_1_70' title='bbox 822 1158 1003 1214; x_wconf 87' lang='lat' dir='ltr'>amico</span> <span class='ocrx_word' id='word_1_71' title='bbox 1026 1165 1236 1223; x_wconf 91' lang='lat' dir='ltr'>nostro,</span> <span class='ocrx_word' id='word_1_72' title='bbox 1272 1157 1467 1211; x_wconf 90' lang='lat' dir='ltr'>marito</span> <span class='ocrx_word' id='word_1_73' title='bbox 1515 1162 1717 1224; x_wconf 87' lang='lat' dir='ltr'>vestro,</span> 
     </span>
    </p>
   </div>
   <div class='ocr_carea' id='block_1_12' title="bbox 125 1243 1721 1318">
    <p class='ocr_par' dir='ltr' id='par_1_12' title="bbox 125 1243 1721 1318">
     <span class='ocr_line' id='line_1_12' title="bbox 125 1243 1721 1318; baseline -0.006 -13"><span class='ocrx_word' id='word_1_74' title='bbox 125 1248 496 1314; x_wconf 90' lang='lat' dir='ltr'>contrarium,</span> <span class='ocrx_word' id='word_1_75' title='bbox 531 1247 578 1302; x_wconf 90' lang='lat' dir='ltr'>si</span> <span class='ocrx_word' id='word_1_76' title='bbox 608 1263 711 1318; x_wconf 92' lang='lat' dir='ltr'>per</span> <span class='ocrx_word' id='word_1_77' title='bbox 757 1262 877 1313; x_wconf 91' lang='lat' dir='ltr'>vos,</span> <span class='ocrx_word' id='word_1_78' title='bbox 924 1245 1071 1318; x_wconf 86' lang='lat' dir='ltr'>quod</span> <span class='ocrx_word' id='word_1_79' title='bbox 1112 1244 1253 1300; x_wconf 88' lang='lat' dir='ltr'>absit</span> <span class='ocrx_word' id='word_1_80' title='bbox 1288 1243 1299 1299; x_wconf 91' lang='lat'>!</span> <span class='ocrx_word' id='word_1_81' title='bbox 1358 1243 1563 1300; x_wconf 91' lang='lat' dir='ltr'>factum</span> <span class='ocrx_word' id='word_1_82' title='bbox 1619 1249 1721 1309; x_wconf 90' lang='lat' dir='ltr'>est,</span> 
     </span>
    </p>
   </div>
   <div class='ocr_carea' id='block_1_13' title="bbox 120 1330 1721 1407">
    <p class='ocr_par' dir='ltr' id='par_1_13' title="bbox 120 1330 1721 1407">
     <span class='ocr_line' id='line_1_13' title="bbox 120 1330 1721 1407; baseline -0.005 -15"><span class='ocrx_word' id='word_1_83' title='bbox 120 1353 235 1392; x_wconf 91' lang='lat' dir='ltr'>non</span> <span class='ocrx_word' id='word_1_84' title='bbox 268 1335 623 1392; x_wconf 88' lang='lat' dir='ltr'>mediocriter</span> <span class='ocrx_word' id='word_1_85' title='bbox 655 1334 1037 1390; x_wconf 83' lang='lat' dir='ltr'>formidamus.</span> <span class='ocrx_word' id='word_1_86' title='bbox 1068 1332 1179 1388; x_wconf 85' lang='lat' dir='ltr'>Est</span> <span class='ocrx_word' id='word_1_87' title='bbox 1207 1333 1389 1407; x_wconf 86' lang='lat' dir='ltr'>itaque</span> <span class='ocrx_word' id='word_1_88' title='bbox 1436 1332 1490 1387; x_wconf 92' lang='lat' dir='ltr'>in</span> <span class='ocrx_word' id='word_1_89' title='bbox 1547 1330 1721 1401; x_wconf 86' lang='lat' dir='ltr'>parti-</span> 
     </span>
    </p>
   </div>
   <div class='ocr_carea' id='block_1_14' title="bbox 124 1418 1724 1495">
    <p class='ocr_par' dir='ltr' id='par_1_14' title="bbox 124 1418 1724 1495">
     <span class='ocr_line' id='line_1_14' title="bbox 124 1418 1724 1495; baseline -0.004 -16"><span class='ocrx_word' id='word_1_90' title='bbox 124 1427 231 1480; x_wconf 85' lang='lat' dir='ltr'>bus</span> <span class='ocrx_word' id='word_1_91' title='bbox 255 1423 464 1481; x_wconf 85' lang='lat' dir='ltr'>vestris</span> <span class='ocrx_word' id='word_1_92' title='bbox 495 1424 738 1495; x_wconf 83' lang='lat' dir='ltr'>quidam,</span> <span class='ocrx_word' id='word_1_93' title='bbox 772 1422 1070 1479; x_wconf 83' lang='lat' dir='ltr'>Rainaldus</span> <span class='ocrx_word' id='word_1_94' title='bbox 1098 1422 1350 1478; x_wconf 89' lang='lat' dir='ltr'>videlicet</span> <span class='ocrx_word' id='word_1_95' title='bbox 1395 1418 1724 1488; x_wconf 90' lang='lat' dir='ltr'>Quartaldus</span> 
     </span>
    </p>
   </div>
   <div class='ocr_carea' id='block_1_15' title="bbox 121 1509 1720 1585">
    <p class='ocr_par' dir='ltr' id='par_1_15' title="bbox 121 1509 1720 1585">
     <span class='ocr_line' id='line_1_15' title="bbox 121 1509 1720 1585; baseline -0.004 -16"><span class='ocrx_word' id='word_1_96' title='bbox 121 1514 295 1585; x_wconf 79' lang='grc'>(365),</span> <span class='ocrx_word' id='word_1_97' title='bbox 331 1512 424 1584; x_wconf 88' lang='lat' dir='ltr'>qui</span> <span class='ocrx_word' id='word_1_98' title='bbox 461 1519 684 1568; x_wconf 84' lang='lat' dir='ltr'>tonsura</span> <span class='ocrx_word' id='word_1_99' title='bbox 712 1519 763 1567; x_wconf 88' lang='lat' dir='ltr'>et</span> <span class='ocrx_word' id='word_1_100' title='bbox 791 1510 982 1566; x_wconf 91' lang='lat' dir='ltr'>habitu</span> <span class='ocrx_word' id='word_1_101' title='bbox 1010 1526 1134 1566; x_wconf 82' lang='lat' dir='ltr'>esse</span> <span class='ocrx_word' id='word_1_102' title='bbox 1162 1509 1378 1566; x_wconf 90' lang='lat' dir='ltr'>videtur</span> <span class='ocrx_word' id='word_1_103' title='bbox 1396 1509 1720 1574; x_wconf 87' lang='lat' dir='ltr'>monachus,</span> 
     </span>
    </p>
   </div>
   <div class='ocr_carea' id='block_1_16' title="bbox 129 1596 1713 1671">
    <p class='ocr_par' dir='ltr' id='par_1_16' title="bbox 129 1596 1713 1671">
     <span class='ocr_line' id='line_1_16' title="bbox 129 1596 1713 1671; baseline -0.004 -14"><span class='ocrx_word' id='word_1_104' title='bbox 129 1602 231 1657; x_wconf 91' lang='lat' dir='ltr'>sed</span> <span class='ocrx_word' id='word_1_105' title='bbox 260 1601 329 1656; x_wconf 91' lang='lat' dir='ltr'>ab</span> <span class='ocrx_word' id='word_1_106' title='bbox 358 1600 617 1671; x_wconf 87' lang='lat' dir='ltr'>operibus</span> <span class='ocrx_word' id='word_1_107' title='bbox 645 1608 701 1655; x_wconf 92' lang='lat' dir='ltr'>et</span> <span class='ocrx_word' id='word_1_108' title='bbox 729 1601 839 1654; x_wconf 89' lang='lat' dir='ltr'>vita</span> <span class='ocrx_word' id='word_1_109' title='bbox 878 1598 1130 1655; x_wconf 89' lang='lat' dir='ltr'>monachi</span> <span class='ocrx_word' id='word_1_110' title='bbox 1159 1598 1320 1653; x_wconf 86' lang='lat' dir='ltr'>valde</span> <span class='ocrx_word' id='word_1_111' title='bbox 1350 1604 1433 1654; x_wconf 82' lang='lat' dir='ltr'>est</span> <span class='ocrx_word' id='word_1_112' title='bbox 1479 1596 1713 1652; x_wconf 90' lang='lat' dir='ltr'>alienus.</span> 
     </span>
    </p>
   </div>
   <div class='ocr_carea' id='block_1_17' title="bbox 125 1684 1719 1759">
    <p class='ocr_par' dir='ltr' id='par_1_17' title="bbox 125 1684 1719 1759">
     <span class='ocr_line' id='line_1_17' title="bbox 125 1684 1719 1759; baseline -0.004 -15"><span class='ocrx_word' id='word_1_113' title='bbox 125 1692 236 1746; x_wconf 90' lang='lat' dir='ltr'>Iste</span> <span class='ocrx_word' id='word_1_114' title='bbox 269 1689 437 1755; x_wconf 88' lang='lat' dir='ltr'>enim,</span> <span class='ocrx_word' id='word_1_115' title='bbox 470 1691 690 1759; x_wconf 89' lang='lat' dir='ltr'>penitus</span> <span class='ocrx_word' id='word_1_116' title='bbox 720 1695 1036 1756; x_wconf 87' lang='lat' dir='ltr'>contempta</span> <span class='ocrx_word' id='word_1_117' title='bbox 1064 1686 1409 1758; x_wconf 86' lang='lat' dir='ltr'>professione</span> <span class='ocrx_word' id='word_1_118' title='bbox 1438 1702 1534 1741; x_wconf 90' lang='lat' dir='ltr'>sua</span> <span class='ocrx_word' id='word_1_119' title='bbox 1565 1692 1619 1741; x_wconf 92' lang='lat' dir='ltr'>et</span> <span class='ocrx_word' id='word_1_120' title='bbox 1659 1684 1719 1738; x_wconf 92' lang='lat' dir='ltr'>B.</span> 
     </span>
    </p>
   </div>
   <div class='ocr_carea' id='block_1_18' title="bbox 131 1773 1719 1848">
    <p class='ocr_par' dir='ltr' id='par_1_18' title="bbox 131 1773 1719 1848">
     <span class='ocr_line' id='line_1_18' title="bbox 131 1773 1719 1848; baseline -0.004 -15"><span class='ocrx_word' id='word_1_121' title='bbox 131 1777 414 1833; x_wconf 87' lang='lat' dir='ltr'>Benedicti</span> <span class='ocrx_word' id='word_1_122' title='bbox 448 1776 680 1848; x_wconf 80' lang='lat' dir='ltr'>Regula,</span> <span class='ocrx_word' id='word_1_123' title='bbox 708 1776 763 1830; x_wconf 89' lang='lat' dir='ltr'>in</span> <span class='ocrx_word' id='word_1_124' title='bbox 793 1775 969 1842; x_wconf 89' lang='lat' dir='ltr'>vobis,</span> <span class='ocrx_word' id='word_1_125' title='bbox 1019 1783 1079 1831; x_wconf 93' lang='lat' dir='ltr'>ut</span> <span class='ocrx_word' id='word_1_126' title='bbox 1123 1775 1268 1830; x_wconf 92' lang='lat' dir='ltr'>idem</span> <span class='ocrx_word' id='word_1_127' title='bbox 1324 1775 1446 1846; x_wconf 91' lang='lat' dir='ltr'>ipse</span> <span class='ocrx_word' id='word_1_128' title='bbox 1504 1773 1719 1839; x_wconf 88' lang='lat' dir='ltr'>asserit,</span> 
     </span>
    </p>
   </div>
   <div class='ocr_carea' id='block_1_19' title="bbox 129 1860 1720 1931">
    <p class='ocr_par' dir='ltr' id='par_1_19' title="bbox 129 1860 1720 1931">
     <span class='ocr_line' id='line_1_19' title="bbox 129 1860 1720 1931; baseline -0.005 -8"><span class='ocrx_word' id='word_1_129' title='bbox 129 1865 396 1931; x_wconf 84' lang='lat' dir='ltr'>conﬁsus,</span> <span class='ocrx_word' id='word_1_130' title='bbox 430 1873 634 1921; x_wconf 88' lang='lat' dir='ltr'>sancta</span> <span class='ocrx_word' id='word_1_131' title='bbox 665 1863 994 1920; x_wconf 86' lang='lat' dir='ltr'>obedientia</span> <span class='ocrx_word' id='word_1_132' title='bbox 1023 1870 1073 1918; x_wconf 92' lang='lat' dir='ltr'>et</span> <span class='ocrx_word' id='word_1_133' title='bbox 1101 1861 1420 1918; x_wconf 91' lang='lat' dir='ltr'>monasterii</span> <span class='ocrx_word' id='word_1_134' title='bbox 1448 1862 1532 1917; x_wconf 89' lang='lat' dir='ltr'>sui</span> <span class='ocrx_word' id='word_1_135' title='bbox 1572 1860 1720 1915; x_wconf 85' lang='lat' dir='ltr'>refu-</span> 
     </span>
    </p>
   </div>
   <div class='ocr_carea' id='block_1_20' title="bbox 130 1950 1719 2029">
    <p class='ocr_par' dir='ltr' id='par_1_20' title="bbox 130 1950 1719 2029">
     <span class='ocr_line' id='line_1_20' title="bbox 130 1950 1719 2029; baseline -0.004 -19"><span class='ocrx_word' id='word_1_136' title='bbox 130 1956 214 2029; x_wconf 88' lang='lat' dir='ltr'>git</span> <span class='ocrx_word' id='word_1_137' title='bbox 246 1962 544 2026; x_wconf 87' lang='lat' dir='ltr'>pracepta,</span> <span class='ocrx_word' id='word_1_138' title='bbox 579 1960 631 2009; x_wconf 88' lang='lat' dir='ltr'>et</span> <span class='ocrx_word' id='word_1_139' title='bbox 661 1968 761 2023; x_wconf 90' lang='lat' dir='ltr'>pro</span> <span class='ocrx_word' id='word_1_140' title='bbox 792 1953 916 2025; x_wconf 84' lang='lat' dir='ltr'>lege</span> <span class='ocrx_word' id='word_1_141' title='bbox 946 1951 1184 2022; x_wconf 79' lang='lat' dir='ltr'>regulari</span> <span class='ocrx_word' id='word_1_142' title='bbox 1223 1951 1393 2006; x_wconf 84' lang='lat' dir='ltr'>utitur</span> <span class='ocrx_word' id='word_1_143' title='bbox 1445 1950 1719 2005; x_wconf 86' lang='lat' dir='ltr'>voluntate</span> 
     </span>
    </p>
   </div>
   <div class='ocr_carea' id='block_1_21' title="bbox 134 2039 1713 2114">
    <p class='ocr_par' dir='ltr' id='par_1_21' title="bbox 134 2039 1713 2114">
     <span class='ocr_line' id='line_1_21' title="bbox 134 2039 1713 2114; baseline -0.004 -15"><span class='ocrx_word' id='word_1_144' title='bbox 134 2043 382 2114; x_wconf 88' lang='lat' dir='ltr'>propria,</span> <span class='ocrx_word' id='word_1_145' title='bbox 415 2042 614 2098; x_wconf 79' lang='lat' dir='ltr'>animae</span> <span class='ocrx_word' id='word_1_146' title='bbox 644 2057 756 2096; x_wconf 86' lang='lat' dir='ltr'>sua</span> <span class='ocrx_word' id='word_1_147' title='bbox 784 2041 1094 2096; x_wconf 88' lang='lat' dir='ltr'>nullatenus</span> <span class='ocrx_word' id='word_1_148' title='bbox 1135 2055 1333 2096; x_wconf 84' lang='lat' dir='ltr'>curans</span> <span class='ocrx_word' id='word_1_149' title='bbox 1368 2039 1713 2094; x_wconf 89' lang='lat' dir='ltr'>detrimenta.</span> 
     </span>
    </p>
   </div>
   <div class='ocr_carea' id='block_1_22' title="bbox 134 2127 1723 2187">
    <p class='ocr_par' dir='ltr' id='par_1_22' title="bbox 134 2127 1723 2187">
     <span class='ocr_line' id='line_1_22' title="bbox 134 2127 1723 2187; baseline -0.004 0"><span class='ocrx_word' id='word_1_150' title='bbox 134 2130 297 2187; x_wconf 91' lang='lat' dir='ltr'>Unde</span> <span class='ocrx_word' id='word_1_151' title='bbox 329 2145 429 2187; x_wconf 89' lang='lat' dir='ltr'>vos</span> <span class='ocrx_word' id='word_1_152' title='bbox 460 2130 603 2185; x_wconf 86' lang='lat' dir='ltr'>sicut</span> <span class='ocrx_word' id='word_1_153' title='bbox 623 2129 1000 2184; x_wconf 86' lang='lat' dir='ltr'>charissimam</span> <span class='ocrx_word' id='word_1_154' title='bbox 1028 2136 1228 2185; x_wconf 85' lang='lat' dir='ltr'>sancta</span> <span class='ocrx_word' id='word_1_155' title='bbox 1257 2127 1523 2183; x_wconf 85' lang='lat' dir='ltr'>Ecclesia</span> <span class='ocrx_word' id='word_1_156' title='bbox 1557 2127 1723 2181; x_wconf 82' lang='lat' dir='ltr'>filiam</span> 
     </span>
    </p>
   </div>
   <div class='ocr_carea' id='block_1_23' title="bbox 129 2214 1725 2288">
    <p class='ocr_par' dir='ltr' id='par_1_23' title="bbox 129 2214 1725 2288">
     <span class='ocr_line' id='line_1_23' title="bbox 129 2214 1725 2288; baseline -0.005 -12"><span class='ocrx_word' id='word_1_157' title='bbox 129 2220 555 2285; x_wconf 86' lang='lat' dir='ltr'>obtestamur,et</span> <span class='ocrx_word' id='word_1_158' title='bbox 583 2233 685 2288; x_wconf 90' lang='lat' dir='ltr'>pro</span> <span class='ocrx_word' id='word_1_159' title='bbox 705 2217 899 2273; x_wconf 88' lang='lat' dir='ltr'>timore</span> <span class='ocrx_word' id='word_1_160' title='bbox 928 2216 1026 2273; x_wconf 90' lang='lat' dir='ltr'>Dei</span> <span class='ocrx_word' id='word_1_161' title='bbox 1051 2225 1100 2272; x_wconf 93' lang='lat' dir='ltr'>et</span> <span class='ocrx_word' id='word_1_162' title='bbox 1113 2232 1297 2272; x_wconf 87' lang='lat' dir='ltr'>amore</span> <span class='ocrx_word' id='word_1_163' title='bbox 1326 2215 1506 2271; x_wconf 89' lang='lat' dir='ltr'>mariti</span> <span class='ocrx_word' id='word_1_164' title='bbox 1535 2214 1725 2283; x_wconf 89' lang='lat' dir='ltr'>vestri,</span> 
     </span>
    </p>
   </div>
   <div class='ocr_carea' id='block_1_24' title="bbox 134 2304 1729 2378">
    <p class='ocr_par' dir='ltr' id='par_1_24' title="bbox 134 2304 1729 2378">
     <span class='ocr_line' id='line_1_24' title="bbox 134 2304 1729 2378; baseline -0.003 -16"><span class='ocrx_word' id='word_1_165' title='bbox 134 2316 195 2363; x_wconf 92' lang='lat' dir='ltr'>ut</span> <span class='ocrx_word' id='word_1_166' title='bbox 224 2307 343 2378; x_wconf 91' lang='lat' dir='ltr'>ipse</span> <span class='ocrx_word' id='word_1_167' title='bbox 372 2307 524 2362; x_wconf 89' lang='lat' dir='ltr'>Deus</span> <span class='ocrx_word' id='word_1_168' title='bbox 552 2321 677 2361; x_wconf 90' lang='lat' dir='ltr'>eum</span> <span class='ocrx_word' id='word_1_169' title='bbox 707 2306 777 2361; x_wconf 86' lang='lat' dir='ltr'>ad</span> <span class='ocrx_word' id='word_1_170' title='bbox 806 2321 905 2361; x_wconf 94' lang='lat' dir='ltr'>vos</span> <span class='ocrx_word' id='word_1_171' title='bbox 934 2322 1123 2361; x_wconf 91' lang='lat' dir='ltr'>sanum</span> <span class='ocrx_word' id='word_1_172' title='bbox 1152 2313 1206 2360; x_wconf 90' lang='lat' dir='ltr'>et</span> <span class='ocrx_word' id='word_1_173' title='bbox 1233 2304 1562 2361; x_wconf 89' lang='lat' dir='ltr'>incolumem</span> <span class='ocrx_word' id='word_1_174' title='bbox 1607 2318 1729 2359; x_wconf 89' lang='lat' dir='ltr'>cum</span> 
     </span>
    </p>
   </div>
   <div class='ocr_carea' id='block_1_25' title="bbox 140 2392 1731 2464">
    <p class='ocr_par' dir='ltr' id='par_1_25' title="bbox 140 2392 1731 2464">
     <span class='ocr_line' id='line_1_25' title="bbox 140 2392 1731 2464; baseline -0.004 -13"><span class='ocrx_word' id='word_1_175' title='bbox 140 2396 293 2451; x_wconf 91' lang='lat' dir='ltr'>omni</span> <span class='ocrx_word' id='word_1_176' title='bbox 324 2393 554 2451; x_wconf 86' lang='lat' dir='ltr'>victoria</span> <span class='ocrx_word' id='word_1_177' title='bbox 583 2394 785 2450; x_wconf 85' lang='lat' dir='ltr'>reverti</span> <span class='ocrx_word' id='word_1_178' title='bbox 815 2393 993 2460; x_wconf 82' lang='lat' dir='ltr'>faciat,</span> <span class='ocrx_word' id='word_1_179' title='bbox 1030 2396 1193 2463; x_wconf 82' lang='lat'>259</span> <span class='ocrx_word' id='word_1_180' title='bbox 1223 2392 1539 2463; x_wconf 86' lang='lat' dir='ltr'>suppliciter</span> <span class='ocrx_word' id='word_1_181' title='bbox 1567 2406 1731 2464; x_wconf 83' lang='lat' dir='ltr'>roga-</span> 
     </span>
    </p>
   </div>
   <div class='ocr_carea' id='block_1_26' title="bbox 131 2479 1734 2554">
    <p class='ocr_par' dir='ltr' id='par_1_26' title="bbox 131 2479 1734 2554">
     <span class='ocr_line' id='line_1_26' title="bbox 131 2479 1734 2554; baseline -0.003 -15"><span class='ocrx_word' id='word_1_182' title='bbox 131 2500 279 2553; x_wconf 88' lang='lat' dir='ltr'>mus,</span> <span class='ocrx_word' id='word_1_183' title='bbox 301 2500 389 2553; x_wconf 86' lang='lat' dir='ltr'>ne,</span> <span class='ocrx_word' id='word_1_184' title='bbox 416 2499 518 2554; x_wconf 91' lang='lat' dir='ltr'>per</span> <span class='ocrx_word' id='word_1_185' title='bbox 544 2491 788 2540; x_wconf 88' lang='lat' dir='ltr'>vestram</span> <span class='ocrx_word' id='word_1_186' title='bbox 810 2481 1087 2549; x_wconf 85' lang='lat' dir='ltr'>fiduciam,</span> <span class='ocrx_word' id='word_1_187' title='bbox 1107 2482 1350 2538; x_wconf 89' lang='lat' dir='ltr'>animam</span> <span class='ocrx_word' id='word_1_188' title='bbox 1369 2497 1523 2537; x_wconf 89' lang='lat' dir='ltr'>suam</span> <span class='ocrx_word' id='word_1_189' title='bbox 1542 2479 1734 2553; x_wconf 89' lang='lat' dir='ltr'>perdat</span> 
     </span>
    </p>
   </div>
   <div class='ocr_carea' id='block_1_27' title="bbox 138 2571 1736 2644">
    <p class='ocr_par' dir='ltr' id='par_1_27' title="bbox 138 2571 1736 2644">
     <span class='ocr_line' id='line_1_27' title="bbox 138 2571 1736 2644; baseline -0.003 -16"><span class='ocrx_word' id='word_1_190' title='bbox 138 2573 257 2639; x_wconf 89' lang='lat' dir='ltr'>ille,</span> <span class='ocrx_word' id='word_1_191' title='bbox 293 2572 388 2644; x_wconf 88' lang='lat' dir='ltr'>qui</span> <span class='ocrx_word' id='word_1_192' title='bbox 412 2572 525 2640; x_wconf 88' lang='lat' dir='ltr'>jam</span> <span class='ocrx_word' id='word_1_193' title='bbox 558 2572 782 2642; x_wconf 86' lang='lat' dir='ltr'>prepria</span> <span class='ocrx_word' id='word_1_194' title='bbox 813 2571 1092 2644; x_wconf 88' lang='lat' dir='ltr'>iniquitate</span> <span class='ocrx_word' id='word_1_195' title='bbox 1121 2587 1154 2626; x_wconf 93' lang='lat' dir='ltr'>a</span> <span class='ocrx_word' id='word_1_196' title='bbox 1208 2572 1326 2627; x_wconf 91' lang='lat' dir='ltr'>Deo</span> <span class='ocrx_word' id='word_1_197' title='bbox 1382 2571 1736 2642; x_wconf 81' lang='lat' dir='ltr'>cognoscitur</span> 
     </span>
    </p>
   </div>
   <div class='ocr_carea' id='block_1_28' title="bbox 135 2660 1733 2731">
    <p class='ocr_par' dir='ltr' id='par_1_28' title="bbox 135 2660 1733 2731">
     <span class='ocr_line' id='line_1_28' title="bbox 135 2660 1733 2731; baseline 0.001 -16"><span class='ocrx_word' id='word_1_198' title='bbox 135 2668 454 2731; x_wconf 87' lang='lat' dir='ltr'>separatus.</span> <span class='ocrx_word' id='word_1_199' title='bbox 488 2661 645 2716; x_wconf 88' lang='lat' dir='ltr'>Hunc</span> <span class='ocrx_word' id='word_1_200' title='bbox 675 2660 943 2730; x_wconf 91' lang='lat' dir='ltr'>siquidem</span> <span class='ocrx_word' id='word_1_201' title='bbox 987 2675 1113 2716; x_wconf 90' lang='lat' dir='ltr'>cum</span> <span class='ocrx_word' id='word_1_202' title='bbox 1155 2660 1406 2715; x_wconf 88' lang='lat' dir='ltr'>omnibus</span> <span class='ocrx_word' id='word_1_203' title='bbox 1452 2660 1554 2715; x_wconf 89' lang='lat' dir='ltr'>sibi</span> <span class='ocrx_word' id='word_1_204' title='bbox 1596 2675 1733 2716; x_wconf 92' lang='lat' dir='ltr'>con-</span> 
     </span>
    </p>
   </div>
   <div class='ocr_carea' id='block_1_29' title="bbox 138 2748 1736 2821">
    <p class='ocr_par' dir='ltr' id='par_1_29' title="bbox 138 2748 1736 2821">
     <span class='ocr_line' id='line_1_29' title="bbox 138 2748 1736 2821; baseline -0.001 -17"><span class='ocrx_word' id='word_1_205' title='bbox 138 2749 500 2804; x_wconf 89' lang='lat' dir='ltr'>sentientibus</span> <span class='ocrx_word' id='word_1_206' title='bbox 528 2763 563 2803; x_wconf 90' lang='lat' dir='ltr'>a</span> <span class='ocrx_word' id='word_1_207' title='bbox 590 2748 813 2804; x_wconf 89' lang='lat' dir='ltr'>domino</span> <span class='ocrx_word' id='word_1_208' title='bbox 841 2763 987 2821; x_wconf 89' lang='lat' dir='ltr'>papa</span> <span class='ocrx_word' id='word_1_209' title='bbox 1016 2756 1068 2804; x_wconf 93' lang='lat' dir='ltr'>et</span> <span class='ocrx_word' id='word_1_210' title='bbox 1096 2764 1129 2804; x_wconf 89' lang='lat' dir='ltr'>a</span> <span class='ocrx_word' id='word_1_211' title='bbox 1154 2749 1313 2804; x_wconf 91' lang='lat' dir='ltr'>nobis</span> <span class='ocrx_word' id='word_1_212' title='bbox 1356 2749 1736 2804; x_wconf 71' lang='lat' dir='ltr'>excommuni-</span> 
     </span>
    </p>
   </div>
   <div class='ocr_carea' id='block_1_30' title="bbox 136 2836 1734 2909">
    <p class='ocr_par' dir='ltr' id='par_1_30' title="bbox 136 2836 1734 2909">
     <span class='ocr_line' id='line_1_30' title="bbox 136 2836 1734 2909; baseline -0.001 -16"><span class='ocrx_word' id='word_1_213' title='bbox 136 2842 320 2894; x_wconf 88' lang='lat' dir='ltr'>catum</span> <span class='ocrx_word' id='word_1_214' title='bbox 377 2844 559 2894; x_wconf 89' lang='lat' dir='ltr'>vestra</span> <span class='ocrx_word' id='word_1_215' title='bbox 612 2836 938 2892; x_wconf 71' lang='lat' dir='ltr'>excellentia</span> <span class='ocrx_word' id='word_1_216' title='bbox 980 2837 1356 2893; x_wconf 86' lang='lat' dir='ltr'>indubitanter</span> <span class='ocrx_word' id='word_1_217' title='bbox 1413 2837 1734 2909; x_wconf 81' lang='lat' dir='ltr'>agnoverit,</span> 
     </span>
    </p>
   </div>
   <div class='ocr_carea' id='block_1_31' title="bbox 138 2925 1737 2998">
    <p class='ocr_par' dir='ltr' id='par_1_31' title="bbox 138 2925 1737 2998">
     <span class='ocr_line' id='line_1_31' title="bbox 138 2925 1737 2998; baseline -0.001 -17"><span class='ocrx_word' id='word_1_218' title='bbox 138 2927 187 2981; x_wconf 91' lang='lat' dir='ltr'>si</span> <span class='ocrx_word' id='word_1_219' title='bbox 219 2941 459 2998; x_wconf 88' lang='lat' dir='ltr'>unquam</span> <span class='ocrx_word' id='word_1_220' title='bbox 488 2925 716 2981; x_wconf 90' lang='lat' dir='ltr'>ulterius</span> <span class='ocrx_word' id='word_1_221' title='bbox 738 2925 895 2980; x_wconf 90' lang='lat' dir='ltr'>nobis</span> <span class='ocrx_word' id='word_1_222' title='bbox 925 2933 977 2981; x_wconf 90' lang='lat' dir='ltr'>et</span> <span class='ocrx_word' id='word_1_223' title='bbox 1018 2925 1354 2981; x_wconf 87' lang='lat' dir='ltr'>monasterio</span> <span class='ocrx_word' id='word_1_224' title='bbox 1402 2940 1499 2979; x_wconf 92' lang='lat' dir='ltr'>suo</span> <span class='ocrx_word' id='word_1_225' title='bbox 1542 2925 1737 2980; x_wconf 84' lang='lat' dir='ltr'>inobe-</span> 
     </span>
    </p>
   </div>
   <div class='ocr_carea' id='block_1_32' title="bbox 138 3012 924 3086">
    <p class='ocr_par' dir='ltr' id='par_1_32' title="bbox 138 3012 924 3086">
     <span class='ocr_line' id='line_1_32' title="bbox 138 3012 924 3086; baseline -0.003 -16"><span class='ocrx_word' id='word_1_226' title='bbox 138 3012 298 3071; x_wconf 88' lang='lat' dir='ltr'>diens</span> <span class='ocrx_word' id='word_1_227' title='bbox 331 3030 455 3071; x_wconf 89' lang='lat' dir='ltr'>esse</span> <span class='ocrx_word' id='word_1_228' title='bbox 485 3012 924 3086; x_wconf 78' lang='lat' dir='ltr'>praesumpserit.</span> 
     </span>
    </p>
   </div>
   <div class='ocr_carea' id='block_1_33' title="bbox 640 3159 1235 3217">
    <p class='ocr_par' dir='ltr' id='par_1_33' title="bbox 640 3159 1235 3217">
     <span class='ocr_line' id='line_1_33' title="bbox 640 3159 1235 3217; baseline -0.002 0"><span class='ocrx_word' id='word_1_229' title='bbox 640 3159 994 3217; x_wconf 80' lang='lat' dir='ltr'>EPISTOLA</span> <span class='ocrx_word' id='word_1_230' title='bbox 1032 3160 1235 3216; x_wconf 84' lang='lat' dir='ltr'>XXIII.</span> 
     </span>
    </p>
   </div>
   <div class='ocr_carea' id='block_1_34' title="bbox 160 3257 1742 3333">
    <p class='ocr_par' dir='ltr' id='par_1_34' title="bbox 160 3257 1742 3333">
     <span class='ocr_line' id='line_1_34' title="bbox 160 3257 1742 3333; baseline -0.001 -17"><span class='ocrx_word' id='word_1_231' title='bbox 160 3258 442 3333; x_wconf 76' lang='lat' dir='ltr'>Go/fridus</span> <span class='ocrx_word' id='word_1_232' title='bbox 467 3258 889 3315; x_wconf 83' lang='lat' dir='ltr'>Vindocinensis</span> <span class='ocrx_word' id='word_1_233' title='bbox 908 3260 1247 3314; x_wconf 74' lang='lat' dir='ltr'>monasterii</span> <span class='ocrx_word' id='word_1_234' title='bbox 1276 3257 1511 3313; x_wconf 80' lang='lat' dir='ltr'>humilis</span> <span class='ocrx_word' id='word_1_235' title='bbox 1531 3273 1742 3325; x_wconf 83' lang='lat' dir='ltr'>servus,</span> 
     </span>
    </p>
   </div>
   <div class='ocr_carea' id='block_1_35' title="bbox 219 3347 1745 3418">
    <p class='ocr_par' dir='ltr' id='par_1_35' title="bbox 219 3347 1745 3418">
     <span class='ocr_line' id='line_1_35' title="bbox 219 3347 1745 3418; baseline -0.001 -15"><span class='ocrx_word' id='word_1_236' title='bbox 219 3349 444 3404; x_wconf 67' lang='lat' dir='ltr'>dilectae</span> <span class='ocrx_word' id='word_1_237' title='bbox 459 3350 522 3403; x_wconf 84' lang='lat' dir='ltr'>in</span> <span class='ocrx_word' id='word_1_238' title='bbox 547 3348 767 3403; x_wconf 78' lang='lat' dir='ltr'>Christo</span> <span class='ocrx_word' id='word_1_239' title='bbox 785 3348 922 3416; x_wconf 61' lang='lat' dir='ltr'>filice</span> <span class='ocrx_word' id='word_1_240' title='bbox 940 3347 1317 3418; x_wconf 82' lang='lat' dir='ltr'>Ermengardi</span> <span class='ocrx_word' id='word_1_241' title='bbox 1337 3347 1745 3402; x_wconf 81' lang='lat' dir='ltr'>Britannorum</span> 
     </span>
    </p>
   </div>
   <div class='ocr_carea' id='block_1_36' title="bbox 217 3435 1745 3508">
    <p class='ocr_par' dir='ltr' id='par_1_36' title="bbox 217 3435 1745 3508">
     <span class='ocr_line' id='line_1_36' title="bbox 217 3435 1745 3508; baseline -0.003 -14"><span class='ocrx_word' id='word_1_242' title='bbox 217 3437 519 3494; x_wconf 71' lang='lat' dir='ltr'>comitissae</span> <span class='ocrx_word' id='word_1_243' title='bbox 547 3436 719 3508; x_wconf 88' lang='lat'>(366),</span> <span class='ocrx_word' id='word_1_244' title='bbox 770 3452 874 3492; x_wconf 87' lang='lat' dir='ltr'>nec</span> <span class='ocrx_word' id='word_1_245' title='bbox 923 3435 1208 3491; x_wconf 86' lang='lat' dir='ltr'>mundum</span> <span class='ocrx_word' id='word_1_246' title='bbox 1256 3435 1431 3508; x_wconf 89' lang='lat' dir='ltr'>sequi,</span> <span class='ocrx_word' id='word_1_247' title='bbox 1465 3450 1568 3489; x_wconf 86' lang='lat' dir='ltr'>nec</span> <span class='ocrx_word' id='word_1_248' title='bbox 1623 3437 1745 3507; x_wconf 87' lang='lat' dir='ltr'>ejus</span> 
     </span>
    </p>
   </div>
   <div class='ocr_carea' id='block_1_37' title="bbox 217 3522 1521 3597">
    <p class='ocr_par' dir='ltr' id='par_1_37' title="bbox 217 3522 1521 3597">
     <span class='ocr_line' id='line_1_37' title="bbox 217 3522 1521 3597; baseline -0.003 -16"><span class='ocrx_word' id='word_1_249' title='bbox 217 3527 375 3595; x_wconf 85' lang='lat' dir='ltr'>ﬂore,</span> <span class='ocrx_word' id='word_1_250' title='bbox 407 3526 537 3597; x_wconf 86' lang='lat' dir='ltr'>quia</span> <span class='ocrx_word' id='word_1_251' title='bbox 559 3524 673 3582; x_wconf 90' lang='lat' dir='ltr'>cito</span> <span class='ocrx_word' id='word_1_252' title='bbox 694 3525 1018 3589; x_wconf 77' lang='lat' dir='ltr'>marcescit,</span> <span class='ocrx_word' id='word_1_253' title='bbox 1054 3523 1197 3580; x_wconf 84' lang='lat' dir='ltr'>velle</span> <span class='ocrx_word' id='word_1_254' title='bbox 1220 3522 1521 3579; x_wconf 84' lang='lat' dir='ltr'>delectari.</span> 
     </span>
    </p>
   </div>
   <div class='ocr_carea' id='block_1_38' title="bbox 222 3636 1738 3710">
    <p class='ocr_par' dir='ltr' id='par_1_38' title="bbox 222 3636 1738 3710">
     <span class='ocr_line' id='line_1_38' title="bbox 222 3636 1738 3710; baseline 0.001 -18"><span class='ocrx_word' id='word_1_255' title='bbox 222 3638 323 3693; x_wconf 86' lang='lat' dir='ltr'>Est</span> <span class='ocrx_word' id='word_1_256' title='bbox 351 3638 534 3709; x_wconf 88' lang='lat' dir='ltr'>utique</span> <span class='ocrx_word' id='word_1_257' title='bbox 561 3652 725 3710; x_wconf 88' lang='lat' dir='ltr'>quem</span> <span class='ocrx_word' id='word_1_258' title='bbox 752 3636 927 3708; x_wconf 89' lang='lat' dir='ltr'>sequi,</span> <span class='ocrx_word' id='word_1_259' title='bbox 957 3638 1114 3708; x_wconf 88' lang='lat' dir='ltr'>cujus</span> <span class='ocrx_word' id='word_1_260' title='bbox 1143 3636 1543 3708; x_wconf 88' lang='lat' dir='ltr'>pulchritudine</span> <span class='ocrx_word' id='word_1_261' title='bbox 1565 3636 1738 3694; x_wconf 85' lang='lat' dir='ltr'>debe-</span> 
     </span>
    </p>
   </div>
   <div class='ocr_carea' id='block_1_39' title="bbox 148 3724 1750 3798">
    <p class='ocr_par' dir='ltr' id='par_1_39' title="bbox 148 3724 1750 3798">
     <span class='ocr_line' id='line_1_39' title="bbox 148 3724 1750 3798; baseline -0.002 -12"><span class='ocrx_word' id='word_1_262' title='bbox 148 3745 277 3786; x_wconf 91' lang='lat' dir='ltr'>mus</span> <span class='ocrx_word' id='word_1_263' title='bbox 306 3727 487 3798; x_wconf 90' lang='lat' dir='ltr'>potius</span> <span class='ocrx_word' id='word_1_264' title='bbox 512 3724 793 3791; x_wconf 82' lang='lat' dir='ltr'>delectari,</span> <span class='ocrx_word' id='word_1_265' title='bbox 815 3726 976 3781; x_wconf 85' lang='lat' dir='ltr'>Jesus</span> <span class='ocrx_word' id='word_1_266' title='bbox 1004 3726 1250 3781; x_wconf 89' lang='lat' dir='ltr'>Christus</span> <span class='ocrx_word' id='word_1_267' title='bbox 1278 3725 1530 3782; x_wconf 90' lang='lat' dir='ltr'>videlicet</span> <span class='ocrx_word' id='word_1_268' title='bbox 1556 3727 1750 3782; x_wconf 92' lang='lat' dir='ltr'>Domi-</span> 
     </span>
    </p>
   </div>
   <div class='ocr_carea' id='block_1_40' title="bbox 155 3813 1746 3887">
    <p class='ocr_par' dir='ltr' id='par_1_40' title="bbox 155 3813 1746 3887">
     <span class='ocr_line' id='line_1_40' title="bbox 155 3813 1746 3887; baseline -0.002 -11"><span class='ocrx_word' id='word_1_269' title='bbox 155 3835 264 3875; x_wconf 89' lang='lat' dir='ltr'>nus</span> <span class='ocrx_word' id='word_1_270' title='bbox 293 3823 501 3882; x_wconf 89' lang='lat' dir='ltr'>noster,</span> <span class='ocrx_word' id='word_1_271' title='bbox 529 3814 619 3886; x_wconf 88' lang='lat' dir='ltr'>qui</span> <span class='ocrx_word' id='word_1_272' title='bbox 647 3814 790 3870; x_wconf 88' lang='lat' dir='ltr'>adeo</span> <span class='ocrx_word' id='word_1_273' title='bbox 838 3830 940 3870; x_wconf 87' lang='lat' dir='ltr'>nos</span> <span class='ocrx_word' id='word_1_274' title='bbox 995 3813 1183 3870; x_wconf 87' lang='lat' dir='ltr'>dilexit</span> <span class='ocrx_word' id='word_1_275' title='bbox 1237 3814 1381 3887; x_wconf 92' lang='lat' dir='ltr'>quod</span> <span class='ocrx_word' id='word_1_276' title='bbox 1430 3830 1530 3887; x_wconf 93' lang='lat' dir='ltr'>pro</span> <span class='ocrx_word' id='word_1_277' title='bbox 1584 3815 1746 3873; x_wconf 87' lang='lat' dir='ltr'>nobis</span> 
     </span>
    </p>
   </div>
   <div class='ocr_carea' id='block_1_41' title="bbox 152 3986 1748 4059">
    <p class='ocr_par' dir='ltr' id='par_1_41' title="bbox 152 3986 1748 4059">
     <span class='ocr_line' id='line_1_41' title="bbox 152 3986 1748 4059; baseline -0.003 -12"><span class='ocrx_word' id='word_1_278' title='bbox 152 3987 435 4047; x_wconf 90' lang='lat' dir='ltr'>Guillelmi</span> <span class='ocrx_word' id='word_1_279' title='bbox 487 3987 644 4043; x_wconf 93' lang='lat' dir='ltr'>ducis</span> <span class='ocrx_word' id='word_1_280' title='bbox 693 3987 1002 4059; x_wconf 89' lang='lat' dir='ltr'>Aquitania</span> <span class='ocrx_word' id='word_1_281' title='bbox 1043 3995 1096 4043; x_wconf 90' lang='lat' dir='ltr'>et</span> <span class='ocrx_word' id='word_1_282' title='bbox 1150 3986 1366 4043; x_wconf 90' lang='lat' dir='ltr'>comitis</span> <span class='ocrx_word' id='word_1_283' title='bbox 1425 3986 1748 4043; x_wconf 84' lang='lat' dir='ltr'>Guasconia</span> 
     </span>
    </p>
   </div>
   <div class='ocr_carea' id='block_1_42' title="bbox 151 4059 1750 4129">
    <p class='ocr_par' dir='ltr' id='par_1_42' title="bbox 151 4059 1750 4129">
     <span class='ocr_line' id='line_1_42' title="bbox 151 4059 1750 4129; baseline -0.003 -12"><span class='ocrx_word' id='word_1_284' title='bbox 151 4061 283 4117; x_wconf 81' lang='lat' dir='ltr'>aﬁ&#39;ui</span> <span class='ocrx_word' id='word_1_285' title='bbox 340 4068 397 4115; x_wconf 90' lang='lat' dir='ltr'>et</span> <span class='ocrx_word' id='word_1_286' title='bbox 451 4072 733 4114; x_wconf 80' lang='lat' dir='ltr'>assensum</span> <span class='ocrx_word' id='word_1_287' title='bbox 786 4059 1016 4129; x_wconf 87' lang='lat' dir='ltr'>prabui.</span> <span class='ocrx_word' id='word_1_288' title='bbox 1084 4059 1204 4129; x_wconf 86' lang='lat' dir='ltr'>Ego</span> <span class='ocrx_word' id='word_1_289' title='bbox 1260 4061 1451 4113; x_wconf 84' lang='lat' dir='ltr'>Petrus</span> <span class='ocrx_word' id='word_1_290' title='bbox 1507 4059 1750 4114; x_wconf 89' lang='lat' dir='ltr'>decanus</span> 
     </span>
    </p>
   </div>
   <div class='ocr_carea' id='block_1_43' title="bbox 153 4130 1749 4201">
    <p class='ocr_par' dir='ltr' id='par_1_43' title="bbox 153 4130 1749 4201">
     <span class='ocr_line' id='line_1_43' title="bbox 153 4130 1749 4201; baseline -0.003 -12"><span class='ocrx_word' id='word_1_291' title='bbox 153 4142 361 4189; x_wconf 82' lang='lat' dir='ltr'>sancta</span> <span class='ocrx_word' id='word_1_292' title='bbox 393 4131 579 4186; x_wconf 90' lang='lat' dir='ltr'>matris</span> <span class='ocrx_word' id='word_1_293' title='bbox 610 4132 871 4185; x_wconf 90' lang='lat' dir='ltr'>Ecclesia</span> <span class='ocrx_word' id='word_1_294' title='bbox 900 4130 1337 4201; x_wconf 83' lang='lat' dir='ltr'>Burdegalensis</span> <span class='ocrx_word' id='word_1_295' title='bbox 1380 4138 1431 4185; x_wconf 92' lang='lat' dir='ltr'>et</span> <span class='ocrx_word' id='word_1_296' title='bbox 1475 4130 1749 4185; x_wconf 88' lang='lat' dir='ltr'>archidia-</span> 
     </span>
    </p>
   </div>
   <div class='ocr_carea' id='block_1_44' title="bbox 152 4200 1748 4272">
    <p class='ocr_par' dir='ltr' id='par_1_44' title="bbox 152 4200 1748 4272">
     <span class='ocr_line' id='line_1_44' title="bbox 152 4200 1748 4272; baseline -0.004 -12"><span class='ocrx_word' id='word_1_297' title='bbox 152 4219 328 4261; x_wconf 89' lang='lat' dir='ltr'>conus</span> <span class='ocrx_word' id='word_1_298' title='bbox 358 4202 656 4272; x_wconf 88' lang='lat' dir='ltr'>subscripsi</span> <span class='ocrx_word' id='word_1_299' title='bbox 685 4220 699 4267; x_wconf 93' lang='lat'><strong>;</strong></span> <span class='ocrx_word' id='word_1_300' title='bbox 734 4200 992 4256; x_wconf 81' lang='lat' dir='ltr'>confirma</span> <span class='ocrx_word' id='word_1_301' title='bbox 1024 4200 1144 4268; x_wconf 78' lang='lat' dir='ltr'>hoc,</span> <span class='ocrx_word' id='word_1_302' title='bbox 1169 4202 1342 4256; x_wconf 89' lang='lat' dir='ltr'>Deus.</span> <span class='ocrx_word' id='word_1_303' title='bbox 1377 4201 1519 4256; x_wconf 74' lang='lat' dir='ltr'>Eblo</span> <span class='ocrx_word' id='word_1_304' title='bbox 1563 4201 1748 4257; x_wconf 89' lang='lat' dir='ltr'>archi-</span> 
     </span>
    </p>
   </div>
   <div class='ocr_carea' id='block_1_45' title="bbox 152 4271 1752 4338">
    <p class='ocr_par' dir='ltr' id='par_1_45' title="bbox 152 4271 1752 4338">
     <span class='ocr_line' id='line_1_45' title="bbox 152 4271 1752 4338; baseline -0.003 -8"><span class='ocrx_word' id='word_1_305' title='bbox 152 4277 442 4338; x_wconf 73' lang='lat' dir='ltr'>diaconus,</span> <span class='ocrx_word' id='word_1_306' title='bbox 497 4271 769 4327; x_wconf 85' lang='lat' dir='ltr'>Arnaldus</span> <span class='ocrx_word' id='word_1_307' title='bbox 825 4272 1063 4327; x_wconf 90' lang='lat' dir='ltr'>Simonis</span> <span class='ocrx_word' id='word_1_308' title='bbox 1134 4280 1344 4338; x_wconf 87' lang='lat' dir='ltr'>cantor,</span> <span class='ocrx_word' id='word_1_309' title='bbox 1412 4272 1622 4337; x_wconf 84' lang='lat' dir='ltr'>Andro,</span> <span class='ocrx_word' id='word_1_310' title='bbox 1699 4279 1752 4327; x_wconf 91' lang='lat' dir='ltr'>et</span> 
     </span>
    </p>
   </div>
   <div class='ocr_carea' id='block_1_46' title="bbox 155 4323 1750 4423">
    <p class='ocr_par' dir='ltr' id='par_1_46' title="bbox 155 4323 1750 4423">
     <span class='ocr_line' id='line_1_46' title="bbox 155 4323 1750 4423; baseline -0.002 -23"><span class='ocrx_word' id='word_1_311' title='bbox 155 4323 769 4423; x_wconf 55' lang='lat' dir='ltr'>ggaitisis&#39;cstssgsjs</span> <span class='ocrx_word' id='word_1_312' title='bbox 782 4383 804 4423; x_wconf 40' lang='grc'><strong>.,</strong></span> <span class='ocrx_word' id='word_1_313' title='bbox 825 4323 1098 4423; x_wconf 44' lang='lat' dir='ltr'>&quot;stays,</span> <span class='ocrx_word' id='word_1_314' title='bbox 1115 4323 1555 4423; x_wconf 49' lang='grc' dir='ltr'>,ξδῖέθῖάενξέίιῖ</span> <span class='ocrx_word' id='word_1_315' title='bbox 1577 4323 1671 4423; x_wconf 56' lang='lat'>11..</span> <span class='ocrx_word' id='word_1_316' title='bbox 1678 4323 1750 4414; x_wconf 62' lang='lat' dir='ltr'>gs</span> 
     </span>
    </p>
   </div>
   <div class='ocr_carea' id='block_1_47' title="bbox 155 4412 1746 4479">
    <p class='ocr_par' dir='ltr' id='par_1_47' title="bbox 155 4412 1746 4479">
     <span class='ocr_line' id='line_1_47' title="bbox 155 4412 1746 4479; baseline -0.003 -8"><span class='ocrx_word' id='word_1_317' title='bbox 155 4418 328 4471; x_wconf 88' lang='lat' dir='ltr'>frater</span> <span class='ocrx_word' id='word_1_318' title='bbox 356 4415 571 4471; x_wconf 91' lang='lat' dir='ltr'>comitis</span> <span class='ocrx_word' id='word_1_319' title='bbox 611 4412 905 4479; x_wconf 90' lang='lat' dir='ltr'>Guillelmi,</span> <span class='ocrx_word' id='word_1_320' title='bbox 967 4412 1238 4467; x_wconf 83' lang='lat' dir='ltr'>Arnaldus</span> <span class='ocrx_word' id='word_1_321' title='bbox 1292 4414 1362 4468; x_wconf 90' lang='lat' dir='ltr'>de</span> <span class='ocrx_word' id='word_1_322' title='bbox 1417 4412 1746 4479; x_wconf 75' lang='lat' dir='ltr'>Blancafort,</span> 
     </span>
    </p>
   </div>
   <div class='ocr_carea' id='block_1_48' title="bbox 157 4484 1749 4554">
    <p class='ocr_par' dir='ltr' id='par_1_48' title="bbox 157 4484 1749 4554">
     <span class='ocr_line' id='line_1_48' title="bbox 157 4484 1749 4554; baseline -0.002 -13"><span class='ocrx_word' id='word_1_323' title='bbox 157 4485 475 4542; x_wconf 70' lang='lat' dir='ltr'>\Villelmus</span> <span class='ocrx_word' id='word_1_324' title='bbox 530 4484 876 4554; x_wconf 77' lang='lat' dir='ltr'>prapOSitus,</span> <span class='ocrx_word' id='word_1_325' title='bbox 945 4484 1286 4539; x_wconf 87' lang='lat' dir='ltr'>Gumbaldus</span> <span class='ocrx_word' id='word_1_326' title='bbox 1362 4484 1623 4553; x_wconf 80' lang='lat' dir='ltr'>Austrini,</span> <span class='ocrx_word' id='word_1_327' title='bbox 1662 4544 1665 4545; x_wconf 23' lang='grc' dir='ltr'><em>ν</em></span> <span class='ocrx_word' id='word_1_328' title='bbox 1698 4493 1749 4538; x_wconf 93' lang='lat' dir='ltr'>et</span> 
     </span>
    </p>
   </div>
   <div class='ocr_carea' id='block_1_49' title="bbox 157 4554 1744 4613">
    <p class='ocr_par' dir='ltr' id='par_1_49' title="bbox 157 4554 1744 4613">
     <span class='ocr_line' id='line_1_49' title="bbox 157 4554 1744 4613; baseline -0.003 -1"><span class='ocrx_word' id='word_1_329' title='bbox 157 4556 317 4613; x_wconf 89' lang='lat' dir='ltr'>multi</span> <span class='ocrx_word' id='word_1_330' title='bbox 344 4556 437 4610; x_wconf 88' lang='lat' dir='ltr'>alii</span> <span class='ocrx_word' id='word_1_331' title='bbox 467 4556 665 4609; x_wconf 89' lang='lat' dir='ltr'>milites</span> <span class='ocrx_word' id='word_1_332' title='bbox 696 4554 969 4609; x_wconf 88' lang='lat' dir='ltr'>similiter.</span> <span class='ocrx_word' id='word_1_333' title='bbox 1003 4557 1197 4610; x_wconf 85' lang='lat' dir='ltr'>Actum</span> <span class='ocrx_word' id='word_1_334' title='bbox 1228 4563 1309 4610; x_wconf 90' lang='lat' dir='ltr'>est</span> <span class='ocrx_word' id='word_1_335' title='bbox 1338 4564 1390 4609; x_wconf 94' lang='lat' dir='ltr'>et</span> <span class='ocrx_word' id='word_1_336' title='bbox 1428 4571 1744 4611; x_wconf 88' lang='lat' dir='ltr'>concessum</span> 
     </span>
    </p>
   </div>
   <div class='ocr_carea' id='block_1_50' title="bbox 159 4596 1829 4693">
    <p class='ocr_par' dir='ltr' id='par_1_50' title="bbox 159 4596 1829 4693">
     <span class='ocr_line' id='line_1_50' title="bbox 159 4596 1829 4693; baseline -0.002 -10"><span class='ocrx_word' id='word_1_337' title='bbox 159 4643 308 4684; x_wconf 91' lang='lat' dir='ltr'>anno</span> <span class='ocrx_word' id='word_1_338' title='bbox 340 4628 496 4681; x_wconf 77' lang='grc'><strong>1096.</strong></span> <span class='ocrx_word' id='word_1_339' title='bbox 530 4625 923 4680; x_wconf 85' lang='lat' dir='ltr'>lncarnationis</span> <span class='ocrx_word' id='word_1_340' title='bbox 938 4626 1236 4681; x_wconf 84' lang='lat' dir='ltr'>Dominica</span> <span class='ocrx_word' id='word_1_341' title='bbox 1257 4641 1357 4680; x_wconf 87' lang='lat' dir='ltr'>vm</span> <span class='ocrx_word' id='word_1_342' title='bbox 1390 4626 1511 4681; x_wconf 84' lang='lat' dir='ltr'>Kal.</span> <span class='ocrx_word' id='word_1_343' title='bbox 1546 4626 1746 4693; x_wconf 85' lang='lat' dir='ltr'>April.,</span> <span class='ocrx_word' id='word_1_344' title='bbox 1776 4596 1829 4656; x_wconf 85' lang='lat' dir='ltr'><strong>D</strong></span> 
     </span>
    </p>
   </div>
   <div class='ocr_carea' id='block_1_51' title="bbox 162 4696 1755 4770">
    <p class='ocr_par' dir='ltr' id='par_1_51' title="bbox 162 4696 1755 4770">
     <span class='ocr_line' id='line_1_51' title="bbox 162 4696 1755 4770; baseline -0.003 -15"><span class='ocrx_word' id='word_1_345' title='bbox 162 4707 382 4770; x_wconf 89' lang='lat' dir='ltr'>epacta.</span> <span class='ocrx_word' id='word_1_346' title='bbox 417 4704 1004 4770; x_wconf 43' lang='lat' dir='ltr'>axunuconcjrrente</span> <span class='ocrx_word' id='word_1_347' title='bbox 1034 4712 1095 4762; x_wconf 81' lang='grc' dir='ltr'>ιι,</span> <span class='ocrx_word' id='word_1_348' title='bbox 1122 4696 1338 4770; x_wconf 90' lang='lat' dir='ltr'>_ind_ict.</span> <span class='ocrx_word' id='word_1_349' title='bbox 1379 4712 1477 4770; x_wconf 24' lang='grc' dir='ltr'>λιν,</span> <span class='ocrx_word' id='word_1_350' title='bbox 1506 4696 1755 4770; x_wconf 76' lang='lat' dir='ltr'>domino</span> 
     </span>
    </p>
   </div>
   <div class='ocr_carea' id='block_1_52' title="bbox 162 4766 1757 4841">
    <p class='ocr_par' dir='ltr' id='par_1_52' title="bbox 162 4766 1757 4841">
     <span class='ocr_line' id='line_1_52' title="bbox 162 4766 1757 4841; baseline -0.001 -18"><span class='ocrx_word' id='word_1_351' title='bbox 162 4766 310 4841; x_wconf 80' lang='lat' dir='ltr'>papa</span> <span class='ocrx_word' id='word_1_352' title='bbox 339 4768 559 4841; x_wconf 74' lang='lat' dir='ltr'>Urbano</span> <span class='ocrx_word' id='word_1_353' title='bbox 590 4766 661 4833; x_wconf 90' lang='lat' dir='ltr'>II,</span> <span class='ocrx_word' id='word_1_354' title='bbox 697 4774 750 4821; x_wconf 92' lang='lat' dir='ltr'>et</span> <span class='ocrx_word' id='word_1_355' title='bbox 778 4768 845 4821; x_wconf 92' lang='lat' dir='ltr'>D.</span> <span class='ocrx_word' id='word_1_356' title='bbox 876 4770 1072 4841; x_wconf 70' lang='lat' dir='ltr'>Amato</span> <span class='ocrx_word' id='word_1_357' title='bbox 1102 4766 1526 4841; x_wconf 26' lang='lat' dir='ltr'>LBurdegalensi‘</span> <span class='ocrx_word' id='word_1_358' title='bbox 1558 4769 1757 4841; x_wconf 82' lang='lat' dir='ltr'>archi-</span> 
     </span>
    </p>
   </div>
   <div class='ocr_carea' id='block_1_53' title="bbox 164 4837 1758 4910">
    <p class='ocr_par' dir='ltr' id='par_1_53' title="bbox 164 4837 1758 4910">
     <span class='ocr_line' id='line_1_53' title="bbox 164 4837 1758 4910; baseline -0.001 -14"><span class='ocrx_word' id='word_1_359' title='bbox 164 4837 444 4910; x_wconf 77' lang='lat' dir='ltr'>episcopo.</span> <span class='ocrx_word' id='word_1_360' title='bbox 479 4839 732 4910; x_wconf 83' lang='lat' dir='ltr'>Dataper</span> <span class='ocrx_word' id='word_1_361' title='bbox 751 4839 1057 4910; x_wconf 74' lang='lat' dir='ltr'>manumD.</span> <span class='ocrx_word' id='word_1_362' title='bbox 1092 4837 1369 4910; x_wconf 82' lang='lat' dir='ltr'>Guillelmi</span> <span class='ocrx_word' id='word_1_363' title='bbox 1390 4838 1601 4894; x_wconf 84' lang='lat' dir='ltr'>comitis</span> <span class='ocrx_word' id='word_1_364' title='bbox 1630 4847 1758 4894; x_wconf 70' lang='lat' dir='ltr'>ante</span> 
     </span>
    </p>
   </div>
   <div class='ocr_carea' id='block_1_54' title="bbox 164 4908 1749 4967">
    <p class='ocr_par' dir='ltr' id='par_1_54' title="bbox 164 4908 1749 4967">
     <span class='ocr_line' id='line_1_54' title="bbox 164 4908 1749 4967; baseline -0.003 0"><span class='ocrx_word' id='word_1_365' title='bbox 164 4908 429 4967; x_wconf 29' lang='lat' dir='ltr'>altare‘S.</span> <span class='ocrx_word' id='word_1_366' title='bbox 462 4909 722 4963; x_wconf 69' lang='lat' dir='ltr'>Andreae.</span> <span class='ocrx_word' id='word_1_367' title='bbox 772 4908 995 4964; x_wconf 86' lang='lat' dir='ltr'>Fulconi</span> <span class='ocrx_word' id='word_1_368' title='bbox 1052 4909 1297 4964; x_wconf 89' lang='lat' dir='ltr'>coabbati</span> <span class='ocrx_word' id='word_1_369' title='bbox 1355 4924 1456 4963; x_wconf 83' lang='lat' dir='ltr'>vni</span> <span class='ocrx_word' id='word_1_370' title='bbox 1514 4910 1749 4965; x_wconf 87' lang='lat' dir='ltr'>Kalend.</span> 
     </span>
    </p>
   </div>
   <div class='ocr_carea' id='block_1_55' title="bbox 165 4978 1753 5118">
    <p class='ocr_par' dir='ltr' id='par_1_55' title="bbox 165 4978 1753 5118">
     <span class='ocr_line' id='line_1_55' title="bbox 165 4978 1753 5110; baseline -0.001 -75"><span class='ocrx_word' id='word_1_371' title='bbox 165 4981 351 5110; x_wconf 49' lang='lat' dir='ltr'>ﬁpl‘ill:</span> <span class='ocrx_word' id='word_1_372' title='bbox 389 4980 563 5052; x_wconf 88' lang='lat' dir='ltr'>prima</span> <span class='ocrx_word' id='word_1_373' title='bbox 591 4978 875 5036; x_wconf 87' lang='lat' dir='ltr'>concessio</span> <span class='ocrx_word' id='word_1_374' title='bbox 904 4979 960 5034; x_wconf 91' lang='lat' dir='ltr'>in</span> <span class='ocrx_word' id='word_1_375' title='bbox 993 4980 1125 5035; x_wconf 87' lang='lat' dir='ltr'>turri</span> <span class='ocrx_word' id='word_1_376' title='bbox 1167 4979 1456 5035; x_wconf 80' lang='lat' dir='ltr'>Aastellari</span> <span class='ocrx_word' id='word_1_377' title='bbox 1504 4996 1565 5035; x_wconf 82' lang='lat' dir='ltr'>xi</span> <span class='ocrx_word' id='word_1_378' title='bbox 1622 4980 1753 5036; x_wconf 75' lang='lat' dir='ltr'>Kal.</span> 
     </span>
     <span class='ocr_line' id='line_1_56' title="bbox 220 5068 453 5118; baseline -0.004 -12"><span class='ocrx_word' id='word_1_379' title='bbox 220 5069 302 5118; x_wconf 85' lang='lat' dir='ltr'>pl‘l</span> <span class='ocrx_word' id='word_1_380' title='bbox 326 5068 391 5106; x_wconf 80' lang='lat' dir='ltr'>is.</span> <span class='ocrx_word' id='word_1_381' title='bbox 432 5075 453 5099; x_wconf 75' lang='grc' dir='ltr'>»ι</span> 
     </span>
    </p>
   </div>
   <div class='ocr_carea' id='block_1_56' title="bbox 204 5120 1765 5193">
    <p class='ocr_par' dir='ltr' id='par_1_56' title="bbox 204 5120 1765 5193">
     <span class='ocr_line' id='line_1_57' title="bbox 204 5120 1765 5193; baseline -0.001 -15"><span class='ocrx_word' id='word_1_382' title='bbox 204 5126 354 5193; x_wconf 74' lang='grc'>(364)</span> <span class='ocrx_word' id='word_1_383' title='bbox 375 5123 614 5177; x_wconf 80' lang='lat' dir='ltr'>Maritus</span> <span class='ocrx_word' id='word_1_384' title='bbox 632 5125 811 5179; x_wconf 82' lang='lat' dir='ltr'>vester</span> <span class='ocrx_word' id='word_1_385' title='bbox 825 5120 1173 5193; x_wconf 71' lang='lat' dir='ltr'>Hiarusalem</span> <span class='ocrx_word' id='word_1_386' title='bbox 1184 5123 1460 5193; x_wconf 70' lang='lat' dir='ltr'>perrexit.</span> <span class='ocrx_word' id='word_1_387' title='bbox 1498 5121 1765 5178; x_wconf 84' lang='lat' dir='ltr'>Secunda</span> 
     </span>
    </p>
   </div>
   <div class='ocr_carea' id='block_1_57' title="bbox 166 5191 1766 5264">
    <p class='ocr_par' dir='ltr' id='par_1_57' title="bbox 166 5191 1766 5264">
     <span class='ocr_line' id='line_1_58' title="bbox 166 5191 1766 5264; baseline -0.003 -14"><span class='ocrx_word' id='word_1_388' title='bbox 166 5191 226 5250; x_wconf 84' lang='lat' dir='ltr'>in</span> <span class='ocrx_word' id='word_1_389' title='bbox 286 5191 625 5249; x_wconf 85' lang='lat' dir='ltr'>Palastinam</span> <span class='ocrx_word' id='word_1_390' title='bbox 676 5191 1059 5262; x_wconf 81' lang='lat' dir='ltr'>expeditionis,</span> <span class='ocrx_word' id='word_1_391' title='bbox 1120 5191 1241 5264; x_wconf 83' lang='lat' dir='ltr'>qua</span> <span class='ocrx_word' id='word_1_392' title='bbox 1283 5194 1521 5264; x_wconf 89' lang='lat' dir='ltr'>priorem</span> <span class='ocrx_word' id='word_1_393' title='bbox 1579 5193 1766 5264; x_wconf 87' lang='lat' dir='ltr'>paucis</span> 
     </span>
    </p>
   </div>
   <div class='ocr_carea' id='block_1_58' title="bbox 173 5264 1770 5337">
    <p class='ocr_par' dir='ltr' id='par_1_58' title="bbox 173 5264 1770 5337">
     <span class='ocr_line' id='line_1_59' title="bbox 173 5264 1770 5337; baseline -0.001 -17"><span class='ocrx_word' id='word_1_394' title='bbox 173 5272 302 5337; x_wconf 92' lang='lat' dir='ltr'>post</span> <span class='ocrx_word' id='word_1_395' title='bbox 330 5264 487 5337; x_wconf 77' lang='lat' dir='ltr'>annis</span> <span class='ocrx_word' id='word_1_396' title='bbox 515 5269 817 5337; x_wconf 68' lang='lat' dir='ltr'>secutaest</span> <span class='ocrx_word' id='word_1_397' title='bbox 845 5279 987 5318; x_wconf 90' lang='lat' dir='ltr'>anno</span> <span class='ocrx_word' id='word_1_398' title='bbox 1017 5264 1148 5337; x_wconf 71' lang='lat' dir='ltr'>1th</span> <span class='ocrx_word' id='word_1_399' title='bbox 1196 5265 1449 5337; x_wconf 86' lang='lat' dir='ltr'>princeps</span> <span class='ocrx_word' id='word_1_400' title='bbox 1507 5272 1560 5319; x_wconf 89' lang='lat' dir='ltr'>et</span> <span class='ocrx_word' id='word_1_401' title='bbox 1613 5280 1770 5334; x_wconf 85' lang='lat' dir='ltr'>cory-</span> 
     </span>
    </p>
   </div>
   <div class='ocr_carea' id='block_1_59' title="bbox 173 5332 1769 5407">
    <p class='ocr_par' dir='ltr' id='par_1_59' title="bbox 173 5332 1769 5407">
     <span class='ocr_line' id='line_1_60' title="bbox 173 5332 1769 5407; baseline -0.002 -17"><span class='ocrx_word' id='word_1_402' title='bbox 173 5332 363 5407; x_wconf 75' lang='lat' dir='ltr'>phaus</span> <span class='ocrx_word' id='word_1_403' title='bbox 395 5334 495 5407; x_wconf 80' lang='lat' dir='ltr'>fuit</span> <span class='ocrx_word' id='word_1_404' title='bbox 526 5332 855 5407; x_wconf 70' lang='lat' dir='ltr'>Guillelmus</span> <span class='ocrx_word' id='word_1_405' title='bbox 879 5349 1065 5407; x_wconf 73' lang='lat' dir='ltr'>comes</span> <span class='ocrx_word' id='word_1_406' title='bbox 1099 5332 1532 5407; x_wconf 28' lang='lat' dir='ltr'>Pictaviens‘ium,</span> <span class='ocrx_word' id='word_1_407' title='bbox 1566 5343 1619 5390; x_wconf 92' lang='lat' dir='ltr'>et</span> <span class='ocrx_word' id='word_1_408' title='bbox 1646 5332 1769 5407; x_wconf 84' lang='lat' dir='ltr'>cum</span> 
     </span>
    </p>
   </div>
   <div class='ocr_carea' id='block_1_60' title="bbox 1828 622 3423 692">
    <p class='ocr_par' dir='ltr' id='par_1_60' title="bbox 1828 622 3423 692">
     <span class='ocr_line' id='line_1_61' title="bbox 1828 622 3423 692; baseline 0.001 -12"><span class='ocrx_word' id='word_1_409' title='bbox 1828 625 2257 692; x_wconf 88' lang='lat' dir='ltr'>dammaremur,</span> <span class='ocrx_word' id='word_1_410' title='bbox 2289 622 2655 679; x_wconf 74' lang='lat' dir='ltr'>inaestimabili</span> <span class='ocrx_word' id='word_1_411' title='bbox 2684 622 2949 679; x_wconf 88' lang='lat' dir='ltr'>charitate</span> <span class='ocrx_word' id='word_1_412' title='bbox 2977 623 3033 678; x_wconf 91' lang='lat' dir='ltr'>in</span> <span class='ocrx_word' id='word_1_413' title='bbox 3076 632 3309 681; x_wconf 89' lang='lat' dir='ltr'>mortem</span> <span class='ocrx_word' id='word_1_414' title='bbox 3362 641 3423 681; x_wconf 91' lang='lat' dir='ltr'>se</span> 
     </span>
    </p>
   </div>
   <div class='ocr_carea' id='block_1_61' title="bbox 1828 700 3423 784">
    <p class='ocr_par' dir='ltr' id='par_1_61' title="bbox 1828 700 3423 784">
     <span class='ocr_line' id='line_1_62' title="bbox 1828 700 3423 784; baseline 0.001 -17"><span class='ocrx_word' id='word_1_415' title='bbox 1828 712 2068 767; x_wconf 84' lang='lat' dir='ltr'>tradidit.</span> <span class='ocrx_word' id='word_1_416' title='bbox 2105 711 2260 781; x_wconf 88' lang='lat' dir='ltr'>Ejus,</span> <span class='ocrx_word' id='word_1_417' title='bbox 2292 700 2534 783; x_wconf 89' lang='lat' dir='ltr'>inquam,</span> <span class='ocrx_word' id='word_1_418' title='bbox 2568 709 2855 780; x_wconf 84' lang='lat' dir='ltr'>beneficia,</span> <span class='ocrx_word' id='word_1_419' title='bbox 2892 712 2937 767; x_wconf 91' lang='lat' dir='ltr'>si</span> <span class='ocrx_word' id='word_1_420' title='bbox 2969 711 3260 784; x_wconf 81' lang='lat' dir='ltr'>diligenter</span> <span class='ocrx_word' id='word_1_421' title='bbox 3290 728 3423 769; x_wconf 93' lang='lat' dir='ltr'>con-</span> 
     </span>
    </p>
   </div>
   <div class='ocr_carea' id='block_1_62' title="bbox 1828 801 3424 873">
    <p class='ocr_par' dir='ltr' id='par_1_62' title="bbox 1828 801 3424 873">
     <span class='ocr_line' id='line_1_63' title="bbox 1828 801 3424 873; baseline 0.001 -16"><span class='ocrx_word' id='word_1_422' title='bbox 1828 801 2068 857; x_wconf 89' lang='lat' dir='ltr'>siderare</span> <span class='ocrx_word' id='word_1_423' title='bbox 2092 801 2383 867; x_wconf 90' lang='lat' dir='ltr'>voluisses,</span> <span class='ocrx_word' id='word_1_424' title='bbox 2418 808 2762 866; x_wconf 88' lang='lat' dir='ltr'>o.creatura,</span> <span class='ocrx_word' id='word_1_425' title='bbox 2794 816 2894 872; x_wconf 90' lang='lat' dir='ltr'>pro</span> <span class='ocrx_word' id='word_1_426' title='bbox 2925 817 3030 873; x_wconf 90' lang='lat' dir='ltr'>qua</span> <span class='ocrx_word' id='word_1_427' title='bbox 3060 809 3254 859; x_wconf 90' lang='lat' dir='ltr'>auctor</span> <span class='ocrx_word' id='word_1_428' title='bbox 3298 801 3424 859; x_wconf 85' lang='lat' dir='ltr'>vita</span> 
     </span>
    </p>
   </div>
   <div class='ocr_carea' id='block_1_63' title="bbox 1827 888 3423 962">
    <p class='ocr_par' dir='ltr' id='par_1_63' title="bbox 1827 888 3423 962">
     <span class='ocr_line' id='line_1_64' title="bbox 1827 888 3423 962; baseline 0.001 -18"><span class='ocrx_word' id='word_1_429' title='bbox 1827 898 2070 947; x_wconf 90' lang='lat' dir='ltr'>mortuus</span> <span class='ocrx_word' id='word_1_430' title='bbox 2099 898 2200 957; x_wconf 90' lang='lat' dir='ltr'>est,</span> <span class='ocrx_word' id='word_1_431' title='bbox 2240 888 2583 945; x_wconf 87' lang='lat' dir='ltr'>adulantium</span> <span class='ocrx_word' id='word_1_432' title='bbox 2613 888 2817 962; x_wconf 86' lang='lat' dir='ltr'>lingua</span> <span class='ocrx_word' id='word_1_433' title='bbox 2846 905 2956 945; x_wconf 89' lang='lat' dir='ltr'>non</span> <span class='ocrx_word' id='word_1_434' title='bbox 2986 897 3039 945; x_wconf 85' lang='lat' dir='ltr'>te</span> <span class='ocrx_word' id='word_1_435' title='bbox 3084 906 3116 945; x_wconf 90' lang='lat' dir='ltr'>a</span> <span class='ocrx_word' id='word_1_436' title='bbox 3162 890 3423 946; x_wconf 88' lang='lat' dir='ltr'>Creatore</span> 
     </span>
    </p>
   </div>
   <div class='ocr_carea' id='block_1_64' title="bbox 1828 978 3423 1050">
    <p class='ocr_par' dir='ltr' id='par_1_64' title="bbox 1828 978 3423 1050">
     <span class='ocr_line' id='line_1_65' title="bbox 1828 978 3423 1050; baseline 0.001 -16"><span class='ocrx_word' id='word_1_437' title='bbox 1828 987 1921 1035; x_wconf 90' lang='lat' dir='ltr'>tuo</span> <span class='ocrx_word' id='word_1_438' title='bbox 1951 986 2319 1050; x_wconf 89' lang='lat' dir='ltr'>separassent,</span> <span class='ocrx_word' id='word_1_439' title='bbox 2352 993 2455 1034; x_wconf 93' lang='lat' dir='ltr'>nec</span> <span class='ocrx_word' id='word_1_440' title='bbox 2495 978 2640 1034; x_wconf 91' lang='lat' dir='ltr'>unde</span> <span class='ocrx_word' id='word_1_441' title='bbox 2701 978 2874 1034; x_wconf 90' lang='lat' dir='ltr'>semel</span> <span class='ocrx_word' id='word_1_442' title='bbox 2924 994 3259 1047; x_wconf 89' lang='lat' dir='ltr'>recesseras,</span> <span class='ocrx_word' id='word_1_443' title='bbox 3318 979 3423 1036; x_wconf 88' lang='lat' dir='ltr'>ile—</span> 
     </span>
    </p>
   </div>
   <div class='ocr_carea' id='block_1_65' title="bbox 1828 1066 3426 1140">
    <p class='ocr_par' dir='ltr' id='par_1_65' title="bbox 1828 1066 3426 1140">
     <span class='ocr_line' id='line_1_66' title="bbox 1828 1066 3426 1140; baseline 0.001 -17"><span class='ocrx_word' id='word_1_444' title='bbox 1828 1084 1947 1123; x_wconf 90' lang='lat' dir='ltr'>rum</span> <span class='ocrx_word' id='word_1_445' title='bbox 1978 1067 2281 1124; x_wconf 90' lang='lat' dir='ltr'>sociassent</span> <span class='ocrx_word' id='word_1_446' title='bbox 2308 1067 2533 1136; x_wconf 91' lang='lat' dir='ltr'>mundo,</span> <span class='ocrx_word' id='word_1_447' title='bbox 2565 1066 2620 1121; x_wconf 92' lang='lat' dir='ltr'>in</span> <span class='ocrx_word' id='word_1_448' title='bbox 2650 1082 2757 1139; x_wconf 89' lang='lat' dir='ltr'>quo</span> <span class='ocrx_word' id='word_1_449' title='bbox 2785 1066 2921 1122; x_wconf 91' lang='lat' dir='ltr'>nihil</span> <span class='ocrx_word' id='word_1_450' title='bbox 2947 1075 3148 1138; x_wconf 89' lang='lat' dir='ltr'>prater</span> <span class='ocrx_word' id='word_1_451' title='bbox 3175 1068 3231 1123; x_wconf 92' lang='lat' dir='ltr'>id</span> <span class='ocrx_word' id='word_1_452' title='bbox 3279 1069 3426 1140; x_wconf 91' lang='lat' dir='ltr'>quod</span> 
     </span>
    </p>
   </div>
   <div class='ocr_carea' id='block_1_66' title="bbox 1830 1156 3423 1228">
    <p class='ocr_par' dir='ltr' id='par_1_66' title="bbox 1830 1156 3423 1228">
     <span class='ocr_line' id='line_1_67' title="bbox 1830 1156 3423 1228; baseline -0.001 -16"><span class='ocrx_word' id='word_1_453' title='bbox 1830 1164 1912 1212; x_wconf 91' lang='lat' dir='ltr'>est</span> <span class='ocrx_word' id='word_1_454' title='bbox 1940 1156 2212 1213; x_wconf 90' lang='lat' dir='ltr'>funestum</span> <span class='ocrx_word' id='word_1_455' title='bbox 2235 1156 2497 1228; x_wconf 89' lang='lat' dir='ltr'>reperies.</span> <span class='ocrx_word' id='word_1_456' title='bbox 2532 1156 2868 1211; x_wconf 74' lang='lat' dir='ltr'>Praesentem</span> <span class='ocrx_word' id='word_1_457' title='bbox 2897 1171 3134 1228; x_wconf 88' lang='lat' dir='ltr'>namque</span> <span class='ocrx_word' id='word_1_458' title='bbox 3164 1157 3423 1212; x_wconf 90' lang='lat' dir='ltr'>mundum</span> 
     </span>
    </p>
   </div>
   <div class='ocr_carea' id='block_1_67' title="bbox 1830 1243 3424 1310">
    <p class='ocr_par' dir='ltr' id='par_1_67' title="bbox 1830 1243 3424 1310">
     <span class='ocr_line' id='line_1_68' title="bbox 1830 1243 3424 1310; baseline -0.001 -10"><span class='ocrx_word' id='word_1_459' title='bbox 1830 1246 1910 1302; x_wconf 89' lang='lat' dir='ltr'>sic</span> <span class='ocrx_word' id='word_1_460' title='bbox 1940 1260 2070 1301; x_wconf 90' lang='lat' dir='ltr'>vera</span> <span class='ocrx_word' id='word_1_461' title='bbox 2096 1245 2339 1310; x_wconf 73' lang='lat' dir='ltr'>miseria,</span> <span class='ocrx_word' id='word_1_462' title='bbox 2372 1252 2425 1300; x_wconf 89' lang='lat' dir='ltr'>et</span> <span class='ocrx_word' id='word_1_463' title='bbox 2480 1243 2624 1299; x_wconf 82' lang='lat' dir='ltr'>falsa.</span> <span class='ocrx_word' id='word_1_464' title='bbox 2682 1244 2963 1300; x_wconf 84' lang='lat' dir='ltr'>beatitudo</span> <span class='ocrx_word' id='word_1_465' title='bbox 3023 1245 3310 1301; x_wconf 83' lang='lat' dir='ltr'>comitatur</span> <span class='ocrx_word' id='word_1_466' title='bbox 3365 1252 3424 1301; x_wconf 89' lang='lat' dir='ltr'>ut</span> 
     </span>
    </p>
   </div>
   <div class='ocr_carea' id='block_1_68' title="bbox 1829 1332 3422 1407">
    <p class='ocr_par' dir='ltr' id='par_1_68' title="bbox 1829 1332 3422 1407">
     <span class='ocr_line' id='line_1_69' title="bbox 1829 1332 3422 1407; baseline 0.001 -20"><span class='ocrx_word' id='word_1_467' title='bbox 1829 1333 1929 1388; x_wconf 83' lang='lat' dir='ltr'>vix</span> <span class='ocrx_word' id='word_1_468' title='bbox 1950 1341 2040 1389; x_wconf 89' lang='lat' dir='ltr'>aut</span> <span class='ocrx_word' id='word_1_469' title='bbox 2068 1347 2345 1405; x_wconf 90' lang='lat' dir='ltr'>nunquam</span> <span class='ocrx_word' id='word_1_470' title='bbox 2375 1333 2552 1389; x_wconf 89' lang='lat' dir='ltr'>Deum</span> <span class='ocrx_word' id='word_1_471' title='bbox 2600 1332 2808 1389; x_wconf 88' lang='lat' dir='ltr'>habere</span> <span class='ocrx_word' id='word_1_472' title='bbox 2851 1332 3054 1401; x_wconf 89' lang='lat' dir='ltr'>valeat,</span> <span class='ocrx_word' id='word_1_473' title='bbox 3111 1333 3422 1407; x_wconf 90' lang='lat' dir='ltr'>quicunque</span> 
     </span>
    </p>
   </div>
   <div class='ocr_carea' id='block_1_69' title="bbox 1830 1420 3424 1495">
    <p class='ocr_par' dir='ltr' id='par_1_69' title="bbox 1830 1420 3424 1495">
     <span class='ocr_line' id='line_1_70' title="bbox 1830 1420 3424 1495; baseline -0.001 -17"><span class='ocrx_word' id='word_1_474' title='bbox 1830 1423 1980 1478; x_wconf 84' lang='lat' dir='ltr'>illum</span> <span class='ocrx_word' id='word_1_475' title='bbox 2012 1422 2380 1494; x_wconf 90' lang='lat' dir='ltr'>amplectitur.</span> <span class='ocrx_word' id='word_1_476' title='bbox 2414 1422 2564 1494; x_wconf 76' lang='lat' dir='ltr'>Vale,</span> <span class='ocrx_word' id='word_1_477' title='bbox 2599 1430 2651 1478; x_wconf 91' lang='lat' dir='ltr'>et</span> <span class='ocrx_word' id='word_1_478' title='bbox 2673 1438 2794 1495; x_wconf 87' lang='lat' dir='ltr'>qua</span> <span class='ocrx_word' id='word_1_479' title='bbox 2830 1420 2977 1478; x_wconf 91' lang='lat' dir='ltr'>dicta</span> <span class='ocrx_word' id='word_1_480' title='bbox 3024 1430 3169 1491; x_wconf 90' lang='lat' dir='ltr'>sunt,</span> <span class='ocrx_word' id='word_1_481' title='bbox 3201 1422 3424 1495; x_wconf 89' lang='lat' dir='ltr'>sapien-</span> 
     </span>
    </p>
   </div>
   <div class='ocr_carea' id='block_1_70' title="bbox 1838 1511 2264 1568">
    <p class='ocr_par' dir='ltr' id='par_1_70' title="bbox 1838 1511 2264 1568">
     <span class='ocr_line' id='line_1_71' title="bbox 1838 1511 2264 1568; baseline 0.005 -3"><span class='ocrx_word' id='word_1_482' title='bbox 1838 1516 1920 1567; x_wconf 90' lang='lat' dir='ltr'>ter</span> <span class='ocrx_word' id='word_1_483' title='bbox 1948 1511 2264 1568; x_wconf 87' lang='lat' dir='ltr'>considera.</span> 
     </span>
    </p>
   </div>
   <div class='ocr_carea' id='block_1_71' title="bbox 2226 1643 3013 1714">
    <p class='ocr_par' dir='ltr' id='par_1_71' title="bbox 2226 1643 3013 1714">
     <span class='ocr_line' id='line_1_72' title="bbox 2226 1643 3013 1714; baseline -0.005 -11"><span class='ocrx_word' id='word_1_484' title='bbox 2226 1646 2392 1714; x_wconf 85' lang='lat'>260</span> <span class='ocrx_word' id='word_1_485' title='bbox 2422 1643 2771 1701; x_wconf 80' lang='lat' dir='ltr'>EPISTOLA</span> <span class='ocrx_word' id='word_1_486' title='bbox 2808 1644 3013 1699; x_wconf 86' lang='lat' dir='ltr'>XXIV.</span> 
     </span>
    </p>
   </div>
   <div class='ocr_carea' id='block_1_72' title="bbox 1836 1758 3429 1831">
    <p class='ocr_par' dir='ltr' id='par_1_72' title="bbox 1836 1758 3429 1831">
     <span class='ocr_line' id='line_1_73' title="bbox 1836 1758 3429 1831; baseline -0.001 -16"><span class='ocrx_word' id='word_1_487' title='bbox 1836 1759 2119 1831; x_wconf 72' lang='lat' dir='ltr'>Goﬁ‘ridus</span> <span class='ocrx_word' id='word_1_488' title='bbox 2147 1759 2573 1816; x_wconf 85' lang='lat' dir='ltr'>Vindocinensis</span> <span class='ocrx_word' id='word_1_489' title='bbox 2594 1760 2932 1815; x_wconf 81' lang='lat' dir='ltr'>monasterii</span> <span class='ocrx_word' id='word_1_490' title='bbox 2961 1758 3198 1815; x_wconf 78' lang='lat' dir='ltr'>humilis</span> <span class='ocrx_word' id='word_1_491' title='bbox 3216 1774 3429 1826; x_wconf 81' lang='lat' dir='ltr'>servus,</span> 
     </span>
    </p>
   </div>
   <div class='ocr_carea' id='block_1_73' title="bbox 1903 1847 3430 1920">
    <p class='ocr_par' dir='ltr' id='par_1_73' title="bbox 1903 1847 3430 1920">
     <span class='ocr_line' id='line_1_74' title="bbox 1903 1847 3430 1920; baseline 0.001 -18"><span class='ocrx_word' id='word_1_492' title='bbox 1903 1848 2126 1904; x_wconf 75' lang='lat' dir='ltr'>dilecta:</span> <span class='ocrx_word' id='word_1_493' title='bbox 2147 1849 2210 1903; x_wconf 83' lang='lat' dir='ltr'>in</span> <span class='ocrx_word' id='word_1_494' title='bbox 2245 1847 2465 1905; x_wconf 75' lang='lat' dir='ltr'>Christo</span> <span class='ocrx_word' id='word_1_495' title='bbox 2492 1849 2630 1918; x_wconf 75' lang='lat' dir='ltr'>ﬁlice</span> <span class='ocrx_word' id='word_1_496' title='bbox 2650 1848 3020 1920; x_wconf 86' lang='lat' dir='ltr'>Ermengardi</span> <span class='ocrx_word' id='word_1_497' title='bbox 3050 1848 3179 1904; x_wconf 75' lang='lat' dir='ltr'>vitae</span> <span class='ocrx_word' id='word_1_498' title='bbox 3224 1849 3430 1904; x_wconf 79' lang='lat' dir='ltr'>lauda-</span> 
     </span>
    </p>
   </div>
   <div class='ocr_carea' id='block_1_74' title="bbox 1903 1936 3436 2005">
    <p class='ocr_par' dir='ltr' id='par_1_74' title="bbox 1903 1936 3436 2005">
     <span class='ocr_line' id='line_1_75' title="bbox 1903 1936 3436 2005; baseline 0.001 -12"><span class='ocrx_word' id='word_1_499' title='bbox 1903 1938 2032 1993; x_wconf 81' lang='lat' dir='ltr'>bilis</span> <span class='ocrx_word' id='word_1_500' title='bbox 2053 1938 2374 2005; x_wconf 75' lang='lat' dir='ltr'>comitissw,</span> <span class='ocrx_word' id='word_1_501' title='bbox 2406 1938 2486 1992; x_wconf 88' lang='lat' dir='ltr'>sic</span> <span class='ocrx_word' id='word_1_502' title='bbox 2517 1938 2581 1991; x_wconf 84' lang='lat' dir='ltr'>in</span> <span class='ocrx_word' id='word_1_503' title='bbox 2604 1938 2704 1993; x_wconf 90' lang='lat' dir='ltr'>hoc</span> <span class='ocrx_word' id='word_1_504' title='bbox 2734 1937 2941 1993; x_wconf 63' lang='lat' dir='ltr'>saeculo</span> <span class='ocrx_word' id='word_1_505' title='bbox 2986 1936 3436 1994; x_wconf 84' lang='lat' dir='ltr'>misericorditer</span> 
     </span>
    </p>
   </div>
   <div class='ocr_carea' id='block_1_75' title="bbox 1902 2025 3430 2097">
    <p class='ocr_par' dir='ltr' id='par_1_75' title="bbox 1902 2025 3430 2097">
     <span class='ocr_line' id='line_1_76' title="bbox 1902 2025 3430 2097; baseline 0 -16"><span class='ocrx_word' id='word_1_506' title='bbox 1902 2041 2069 2097; x_wconf 86' lang='lat' dir='ltr'>agere</span> <span class='ocrx_word' id='word_1_507' title='bbox 2090 2027 2239 2081; x_wconf 88' lang='lat' dir='ltr'>utin</span> <span class='ocrx_word' id='word_1_508' title='bbox 2259 2028 2462 2097; x_wconf 80' lang='lat' dir='ltr'>futuro</span> <span class='ocrx_word' id='word_1_509' title='bbox 2483 2026 2906 2082; x_wconf 84' lang='lat' dir='ltr'>misericordem</span> <span class='ocrx_word' id='word_1_510' title='bbox 2932 2025 3231 2081; x_wconf 87' lang='lat' dir='ltr'>Dominum</span> <span class='ocrx_word' id='word_1_511' title='bbox 3244 2025 3430 2082; x_wconf 85' lang='lat' dir='ltr'>videre</span> 
     </span>
    </p>
   </div>
   <div class='ocr_carea' id='block_1_76' title="bbox 1902 2113 2420 2170">
    <p class='ocr_par' dir='ltr' id='par_1_76' title="bbox 1902 2113 2420 2170">
     <span class='ocr_line' id='line_1_77' title="bbox 1902 2113 2420 2170; baseline -0.002 0"><span class='ocrx_word' id='word_1_512' title='bbox 1902 2114 2093 2170; x_wconf 70' lang='lat' dir='ltr'>valeat</span> <span class='ocrx_word' id='word_1_513' title='bbox 2120 2118 2178 2170; x_wconf 89' lang='lat' dir='ltr'>et</span> <span class='ocrx_word' id='word_1_514' title='bbox 2198 2113 2420 2169; x_wconf 84' lang='lat' dir='ltr'>habere.</span> 
     </span>
    </p>
   </div>
   <div class='ocr_carea' id='block_1_77' title="bbox 1909 2219 3441 2294">
    <p class='ocr_par' dir='ltr' id='par_1_77' title="bbox 1909 2219 3441 2294">
     <span class='ocr_line' id='line_1_78' title="bbox 1909 2219 3441 2294; baseline -0.001 -18"><span class='ocrx_word' id='word_1_515' title='bbox 1909 2220 2162 2277; x_wconf 86' lang='lat' dir='ltr'>Pervenit</span> <span class='ocrx_word' id='word_1_516' title='bbox 2187 2220 2257 2276; x_wconf 90' lang='lat' dir='ltr'>ad</span> <span class='ocrx_word' id='word_1_517' title='bbox 2283 2237 2371 2277; x_wconf 91' lang='lat' dir='ltr'>me</span> <span class='ocrx_word' id='word_1_518' title='bbox 2399 2220 2468 2277; x_wconf 90' lang='lat' dir='ltr'>de</span> <span class='ocrx_word' id='word_1_519' title='bbox 2497 2229 2569 2290; x_wconf 92' lang='lat' dir='ltr'>te,</span> <span class='ocrx_word' id='word_1_520' title='bbox 2631 2220 2789 2294; x_wconf 84' lang='lat' dir='ltr'>regia</span> <span class='ocrx_word' id='word_1_521' title='bbox 2840 2220 3050 2293; x_wconf 90' lang='lat' dir='ltr'>proles,</span> <span class='ocrx_word' id='word_1_522' title='bbox 3109 2220 3253 2293; x_wconf 91' lang='lat' dir='ltr'>quod</span> <span class='ocrx_word' id='word_1_523' title='bbox 3307 2219 3441 2275; x_wconf 89' lang='lat' dir='ltr'>mihi</span> 
     </span>
    </p>
   </div>
   <div class='ocr_carea' id='block_1_78' title="bbox 1836 2308 3441 2381">
    <p class='ocr_par' dir='ltr' id='par_1_78' title="bbox 1836 2308 3441 2381">
     <span class='ocr_line' id='line_1_79' title="bbox 1836 2308 3441 2381; baseline 0 -16"><span class='ocrx_word' id='word_1_524' title='bbox 1836 2324 1947 2365; x_wconf 91' lang='lat' dir='ltr'>non</span> <span class='ocrx_word' id='word_1_525' title='bbox 1977 2309 2250 2380; x_wconf 86' lang='lat' dir='ltr'>displicet,</span> <span class='ocrx_word' id='word_1_526' title='bbox 2282 2317 2336 2366; x_wconf 90' lang='lat' dir='ltr'>et</span> <span class='ocrx_word' id='word_1_527' title='bbox 2354 2309 2558 2366; x_wconf 89' lang='lat' dir='ltr'>nemini</span> <span class='ocrx_word' id='word_1_528' title='bbox 2587 2309 2751 2366; x_wconf 90' lang='lat' dir='ltr'>debet</span> <span class='ocrx_word' id='word_1_529' title='bbox 2780 2308 3092 2381; x_wconf 88' lang='lat' dir='ltr'>displicere,</span> <span class='ocrx_word' id='word_1_530' title='bbox 3141 2308 3268 2381; x_wconf 89' lang='lat' dir='ltr'>quia</span> <span class='ocrx_word' id='word_1_531' title='bbox 3324 2310 3441 2365; x_wconf 91' lang='lat' dir='ltr'>Deo</span> 
     </span>
    </p>
   </div>
   <div class='ocr_carea' id='block_1_79' title="bbox 1838 2396 3440 2470">
    <p class='ocr_par' dir='ltr' id='par_1_79' title="bbox 1838 2396 3440 2470">
     <span class='ocr_line' id='line_1_80' title="bbox 1838 2396 3440 2470; baseline 0.001 -18"><span class='ocrx_word' id='word_1_532' title='bbox 1838 2397 2046 2470; x_wconf 91' lang='lat' dir='ltr'>placet.</span> <span class='ocrx_word' id='word_1_533' title='bbox 2086 2399 2146 2452; x_wconf 91' lang='lat' dir='ltr'>In</span> <span class='ocrx_word' id='word_1_534' title='bbox 2190 2405 2412 2454; x_wconf 91' lang='lat' dir='ltr'>terreno</span> <span class='ocrx_word' id='word_1_535' title='bbox 2466 2397 2757 2470; x_wconf 87' lang='lat' dir='ltr'>regimine,</span> <span class='ocrx_word' id='word_1_536' title='bbox 2808 2405 2863 2453; x_wconf 91' lang='lat' dir='ltr'>ut</span> <span class='ocrx_word' id='word_1_537' title='bbox 2923 2396 3128 2466; x_wconf 89' lang='lat' dir='ltr'>audivi,</span> <span class='ocrx_word' id='word_1_538' title='bbox 3177 2411 3440 2453; x_wconf 88' lang='lat' dir='ltr'>exercens</span> 
     </span>
    </p>
   </div>
   <div class='ocr_carea' id='block_1_80' title="bbox 1836 2484 3439 2558">
    <p class='ocr_par' dir='ltr' id='par_1_80' title="bbox 1836 2484 3439 2558">
     <span class='ocr_line' id='line_1_81' title="bbox 1836 2484 3439 2558; baseline -0.001 -16"><span class='ocrx_word' id='word_1_539' title='bbox 1836 2487 1959 2556; x_wconf 90' lang='lat' dir='ltr'>jura</span> <span class='ocrx_word' id='word_1_540' title='bbox 1981 2485 2226 2556; x_wconf 86' lang='lat' dir='ltr'>justitia,</span> <span class='ocrx_word' id='word_1_541' title='bbox 2256 2493 2310 2543; x_wconf 90' lang='lat' dir='ltr'>et</span> <span class='ocrx_word' id='word_1_542' title='bbox 2338 2486 2529 2558; x_wconf 87' lang='lat' dir='ltr'>patria</span> <span class='ocrx_word' id='word_1_543' title='bbox 2559 2485 2767 2542; x_wconf 88' lang='lat' dir='ltr'>faciens</span> <span class='ocrx_word' id='word_1_544' title='bbox 2803 2500 3017 2557; x_wconf 89' lang='lat' dir='ltr'>pacem,</span> <span class='ocrx_word' id='word_1_545' title='bbox 3074 2484 3259 2540; x_wconf 90' lang='lat' dir='ltr'>multis</span> <span class='ocrx_word' id='word_1_546' title='bbox 3302 2500 3439 2556; x_wconf 92' lang='lat' dir='ltr'>pro-</span> 
     </span>
    </p>
   </div>
   <div class='ocr_carea' id='block_1_81' title="bbox 1840 2572 3439 2646">
    <p class='ocr_par' dir='ltr' id='par_1_81' title="bbox 1840 2572 3439 2646">
     <span class='ocr_line' id='line_1_82' title="bbox 1840 2572 3439 2646; baseline -0.001 -17"><span class='ocrx_word' id='word_1_547' title='bbox 1840 2573 1982 2645; x_wconf 87' lang='lat' dir='ltr'>ficis,</span> <span class='ocrx_word' id='word_1_548' title='bbox 2014 2589 2289 2646; x_wconf 89' lang='lat' dir='ltr'>pauperes</span> <span class='ocrx_word' id='word_1_549' title='bbox 2315 2574 2496 2646; x_wconf 83' lang='lat' dir='ltr'>pascis</span> <span class='ocrx_word' id='word_1_550' title='bbox 2525 2574 2854 2641; x_wconf 87' lang='lat' dir='ltr'>esurientes,</span> <span class='ocrx_word' id='word_1_551' title='bbox 2900 2572 3208 2628; x_wconf 90' lang='lat' dir='ltr'>sitientibus</span> <span class='ocrx_word' id='word_1_552' title='bbox 3252 2573 3439 2644; x_wconf 86' lang='lat' dir='ltr'>porri-</span> 
     </span>
    </p>
   </div>
   <div class='ocr_carea' id='block_1_82' title="bbox 1841 2660 3436 2737">
    <p class='ocr_par' dir='ltr' id='par_1_82' title="bbox 1841 2660 3436 2737">
     <span class='ocr_line' id='line_1_83' title="bbox 1841 2660 3436 2737; baseline -0.002 -19"><span class='ocrx_word' id='word_1_553' title='bbox 1841 2663 1929 2737; x_wconf 88' lang='lat' dir='ltr'>gis</span> <span class='ocrx_word' id='word_1_554' title='bbox 1957 2670 2169 2735; x_wconf 90' lang='lat' dir='ltr'>potum,</span> <span class='ocrx_word' id='word_1_555' title='bbox 2234 2663 2410 2719; x_wconf 88' lang='lat' dir='ltr'>nudos</span> <span class='ocrx_word' id='word_1_556' title='bbox 2456 2663 2650 2729; x_wconf 89' lang='lat' dir='ltr'>vestis,</span> <span class='ocrx_word' id='word_1_557' title='bbox 2709 2668 2764 2717; x_wconf 90' lang='lat' dir='ltr'>et</span> <span class='ocrx_word' id='word_1_558' title='bbox 2820 2660 3156 2717; x_wconf 88' lang='lat' dir='ltr'>nobilitatem</span> <span class='ocrx_word' id='word_1_559' title='bbox 3214 2660 3436 2731; x_wconf 91' lang='lat' dir='ltr'>generis</span> 
     </span>
    </p>
   </div>
   <div class='ocr_carea' id='block_1_83' title="bbox 1844 2748 3438 2822">
    <p class='ocr_par' dir='ltr' id='par_1_83' title="bbox 1844 2748 3438 2822">
     <span class='ocr_line' id='line_1_84' title="bbox 1844 2748 3438 2822; baseline -0.003 -13"><span class='ocrx_word' id='word_1_560' title='bbox 1844 2767 2061 2809; x_wconf 90' lang='lat' dir='ltr'>morum</span> <span class='ocrx_word' id='word_1_561' title='bbox 2105 2750 2388 2807; x_wconf 90' lang='lat' dir='ltr'>nobilitate</span> <span class='ocrx_word' id='word_1_562' title='bbox 2446 2766 2734 2822; x_wconf 89' lang='lat' dir='ltr'>superans,</span> <span class='ocrx_word' id='word_1_563' title='bbox 2793 2750 2910 2807; x_wconf 90' lang='lat' dir='ltr'>Deo</span> <span class='ocrx_word' id='word_1_564' title='bbox 2964 2748 3147 2821; x_wconf 89' lang='lat' dir='ltr'>potius</span> <span class='ocrx_word' id='word_1_565' title='bbox 3203 2748 3438 2805; x_wconf 87' lang='lat' dir='ltr'>militare</span> 
     </span>
    </p>
   </div>
   <div class='ocr_carea' id='block_1_84' title="bbox 1846 2836 3443 2915">
    <p class='ocr_par' dir='ltr' id='par_1_84' title="bbox 1846 2836 3443 2915">
     <span class='ocr_line' id='line_1_85' title="bbox 1846 2836 3443 2915; baseline -0.003 -18"><span class='ocrx_word' id='word_1_566' title='bbox 1846 2857 2012 2915; x_wconf 88' lang='lat' dir='ltr'>quam</span> <span class='ocrx_word' id='word_1_567' title='bbox 2043 2839 2396 2896; x_wconf 88' lang='lat' dir='ltr'>sacularibus</span> <span class='ocrx_word' id='word_1_568' title='bbox 2436 2840 2669 2911; x_wconf 87' lang='lat' dir='ltr'>negotiis</span> <span class='ocrx_word' id='word_1_569' title='bbox 2724 2838 2992 2911; x_wconf 89' lang='lat' dir='ltr'>implicari</span> <span class='ocrx_word' id='word_1_570' title='bbox 3034 2836 3257 2896; x_wconf 89' lang='lat' dir='ltr'>videris.</span> <span class='ocrx_word' id='word_1_571' title='bbox 3310 2838 3443 2911; x_wconf 56' lang='lat' dir='ltr'>Haec</span> 
     </span>
    </p>
   </div>
   <div class='ocr_carea' id='block_1_85' title="bbox 1848 2926 3442 3000">
    <p class='ocr_par' dir='ltr' id='par_1_85' title="bbox 1848 2926 3442 3000">
     <span class='ocr_line' id='line_1_86' title="bbox 1848 2926 3442 3000; baseline -0.003 -14"><span class='ocrx_word' id='word_1_572' title='bbox 1848 2936 2042 2986; x_wconf 91' lang='lat' dir='ltr'>sancta</span> <span class='ocrx_word' id='word_1_573' title='bbox 2063 2928 2287 2998; x_wconf 86' lang='lat' dir='ltr'>justitia</span> <span class='ocrx_word' id='word_1_574' title='bbox 2319 2936 2370 2984; x_wconf 93' lang='lat' dir='ltr'>et</span> <span class='ocrx_word' id='word_1_575' title='bbox 2412 2928 2627 3000; x_wconf 89' lang='lat' dir='ltr'>pietatis</span> <span class='ocrx_word' id='word_1_576' title='bbox 2655 2942 2828 2999; x_wconf 91' lang='lat' dir='ltr'>opera</span> <span class='ocrx_word' id='word_1_577' title='bbox 2863 2927 2919 2981; x_wconf 91' lang='lat' dir='ltr'>in</span> <span class='ocrx_word' id='word_1_578' title='bbox 2975 2933 3029 2982; x_wconf 92' lang='lat' dir='ltr'>te</span> <span class='ocrx_word' id='word_1_579' title='bbox 3072 2942 3200 2983; x_wconf 90' lang='lat' dir='ltr'>cum</span> <span class='ocrx_word' id='word_1_580' title='bbox 3240 2926 3442 2998; x_wconf 85' lang='lat' dir='ltr'>gaudio</span> 
     </span>
    </p>
   </div>
   <div class='ocr_carea' id='block_1_86' title="bbox 1850 3014 3443 3088">
    <p class='ocr_par' dir='ltr' id='par_1_86' title="bbox 1850 3014 3443 3088">
     <span class='ocr_line' id='line_1_87' title="bbox 1850 3014 3443 3088; baseline -0.003 -14"><span class='ocrx_word' id='word_1_581' title='bbox 1850 3018 2073 3074; x_wconf 88' lang='lat' dir='ltr'>laudare</span> <span class='ocrx_word' id='word_1_582' title='bbox 2106 3024 2161 3071; x_wconf 92' lang='lat' dir='ltr'>et</span> <span class='ocrx_word' id='word_1_583' title='bbox 2187 3031 2413 3088; x_wconf 89' lang='lat' dir='ltr'>possum</span> <span class='ocrx_word' id='word_1_584' title='bbox 2442 3023 2496 3071; x_wconf 92' lang='lat' dir='ltr'>et</span> <span class='ocrx_word' id='word_1_585' title='bbox 2524 3016 2722 3072; x_wconf 89' lang='lat' dir='ltr'>debeo.</span> <span class='ocrx_word' id='word_1_586' title='bbox 2756 3015 2866 3071; x_wconf 88' lang='lat' dir='ltr'>Sed</span> <span class='ocrx_word' id='word_1_587' title='bbox 2923 3021 3008 3071; x_wconf 89' lang='lat' dir='ltr'>est</span> <span class='ocrx_word' id='word_1_588' title='bbox 3068 3014 3234 3083; x_wconf 90' lang='lat' dir='ltr'>aliud,</span> <span class='ocrx_word' id='word_1_589' title='bbox 3293 3014 3443 3086; x_wconf 90' lang='lat' dir='ltr'>quod</span> 
     </span>
    </p>
   </div>
   <div class='ocr_carea' id='block_1_87' title="bbox 1847 3102 3440 3178">
    <p class='ocr_par' dir='ltr' id='par_1_87' title="bbox 1847 3102 3440 3178">
     <span class='ocr_line' id='line_1_88' title="bbox 1847 3102 3440 3178; baseline -0.003 -14"><span class='ocrx_word' id='word_1_590' title='bbox 1847 3108 1987 3164; x_wconf 88' lang='lat' dir='ltr'>sicut</span> <span class='ocrx_word' id='word_1_591' title='bbox 2016 3121 2119 3178; x_wconf 91' lang='lat' dir='ltr'>pro</span> <span class='ocrx_word' id='word_1_592' title='bbox 2161 3113 2250 3160; x_wconf 91' lang='lat' dir='ltr'>tua</span> <span class='ocrx_word' id='word_1_593' title='bbox 2294 3105 2604 3162; x_wconf 87' lang='lat' dir='ltr'>reverentia</span> <span class='ocrx_word' id='word_1_594' title='bbox 2646 3119 2755 3159; x_wconf 92' lang='lat' dir='ltr'>non</span> <span class='ocrx_word' id='word_1_595' title='bbox 2802 3118 3074 3175; x_wconf 85' lang='lat' dir='ltr'>prasumo</span> <span class='ocrx_word' id='word_1_596' title='bbox 3126 3102 3440 3174; x_wconf 88' lang='lat' dir='ltr'>reprobare,</span> 
     </span>
    </p>
   </div>
   <div class='ocr_carea' id='block_1_88' title="bbox 1853 3190 3443 3268">
    <p class='ocr_par' dir='ltr' id='par_1_88' title="bbox 1853 3190 3443 3268">
     <span class='ocr_line' id='line_1_89' title="bbox 1853 3190 3443 3268; baseline -0.004 -16"><span class='ocrx_word' id='word_1_597' title='bbox 1853 3194 2160 3268; x_wconf 88' lang='lat' dir='ltr'>approbare</span> <span class='ocrx_word' id='word_1_598' title='bbox 2182 3208 2293 3249; x_wconf 92' lang='lat' dir='ltr'>non</span> <span class='ocrx_word' id='word_1_599' title='bbox 2321 3193 2520 3249; x_wconf 90' lang='lat' dir='ltr'>audeo.</span> <span class='ocrx_word' id='word_1_600' title='bbox 2569 3193 2708 3247; x_wconf 91' lang='lat' dir='ltr'>Nam</span> <span class='ocrx_word' id='word_1_601' title='bbox 2736 3190 2869 3246; x_wconf 90' lang='lat' dir='ltr'>dum</span> <span class='ocrx_word' id='word_1_602' title='bbox 2916 3190 3182 3247; x_wconf 89' lang='lat' dir='ltr'>charitate</span> <span class='ocrx_word' id='word_1_603' title='bbox 3226 3197 3319 3246; x_wconf 90' lang='lat' dir='ltr'>tua</span> <span class='ocrx_word' id='word_1_604' title='bbox 3357 3190 3443 3246; x_wconf 91' lang='lat' dir='ltr'>le-</span> 
     </span>
    </p>
   </div>
   <div class='ocr_carea' id='block_1_89' title="bbox 1853 3278 3447 3355">
    <p class='ocr_par' dir='ltr' id='par_1_89' title="bbox 1853 3278 3447 3355">
     <span class='ocr_line' id='line_1_90' title="bbox 1853 3278 3447 3355; baseline -0.004 -15"><span class='ocrx_word' id='word_1_605' title='bbox 1853 3284 2037 3340; x_wconf 89' lang='lat' dir='ltr'>niente</span> <span class='ocrx_word' id='word_1_606' title='bbox 2067 3298 2207 3355; x_wconf 89' lang='lat' dir='ltr'>pene</span> <span class='ocrx_word' id='word_1_607' title='bbox 2232 3281 2410 3337; x_wconf 91' lang='lat' dir='ltr'>omnis</span> <span class='ocrx_word' id='word_1_608' title='bbox 2437 3288 2669 3337; x_wconf 74' lang='lat' dir='ltr'>moestus</span> <span class='ocrx_word' id='word_1_609' title='bbox 2687 3279 2753 3335; x_wconf 87' lang='lat' dir='ltr'>ad</span> <span class='ocrx_word' id='word_1_610' title='bbox 2785 3288 2838 3336; x_wconf 90' lang='lat' dir='ltr'>te</span> <span class='ocrx_word' id='word_1_611' title='bbox 2870 3278 3097 3337; x_wconf 90' lang='lat' dir='ltr'>veniens</span> <span class='ocrx_word' id='word_1_612' title='bbox 3149 3278 3447 3350; x_wconf 78' lang='lat' dir='ltr'>lacrymam</span> 
     </span>
    </p>
   </div>
   <div class='ocr_carea' id='block_1_90' title="bbox 1852 3367 3454 3446">
    <p class='ocr_par' dir='ltr' id='par_1_90' title="bbox 1852 3367 3454 3446">
     <span class='ocr_line' id='line_1_91' title="bbox 1852 3367 3454 3446; baseline -0.002 -18"><span class='ocrx_word' id='word_1_613' title='bbox 1852 3379 2055 3446; x_wconf 78' lang='lat' dir='ltr'>terget,</span> <span class='ocrx_word' id='word_1_614' title='bbox 2089 3378 2142 3426; x_wconf 91' lang='lat' dir='ltr'><strong>et</strong></span> <span class='ocrx_word' id='word_1_615' title='bbox 2170 3371 2262 3428; x_wconf 82' lang='lat' dir='ltr'>vix</span> <span class='ocrx_word' id='word_1_616' title='bbox 2319 3370 2554 3442; x_wconf 89' lang='lat' dir='ltr'>aliquem</span> <span class='ocrx_word' id='word_1_617' title='bbox 2612 3384 2646 3426; x_wconf 87' lang='lat' dir='ltr'>a</span> <span class='ocrx_word' id='word_1_618' title='bbox 2700 3376 2793 3425; x_wconf 91' lang='lat' dir='ltr'>tua</span> <span class='ocrx_word' id='word_1_619' title='bbox 2845 3368 3136 3439; x_wconf 82' lang='lat' dir='ltr'>prasentia.</span> <span class='ocrx_word' id='word_1_620' title='bbox 3191 3367 3454 3424; x_wconf 88' lang='lat' dir='ltr'>recedere</span> 
     </span>
    </p>
   </div>
   <div class='ocr_carea' id='block_1_91' title="bbox 1852 3455 3455 3530">
    <p class='ocr_par' dir='ltr' id='par_1_91' title="bbox 1852 3455 3455 3530">
     <span class='ocr_line' id='line_1_92' title="bbox 1852 3455 3455 3530; baseline -0.004 -12"><span class='ocrx_word' id='word_1_621' title='bbox 1852 3462 2015 3519; x_wconf 86' lang='lat' dir='ltr'>liceat</span> <span class='ocrx_word' id='word_1_622' title='bbox 2045 3459 2277 3526; x_wconf 82' lang='lat' dir='ltr'>tristem,</span> <span class='ocrx_word' id='word_1_623' title='bbox 2309 3458 2529 3530; x_wconf 87' lang='lat' dir='ltr'>insuper</span> <span class='ocrx_word' id='word_1_624' title='bbox 2557 3458 2720 3514; x_wconf 88' lang='lat' dir='ltr'>etiam</span> <span class='ocrx_word' id='word_1_625' title='bbox 2747 3456 3040 3515; x_wconf 90' lang='lat' dir='ltr'>multarum</span> <span class='ocrx_word' id='word_1_626' title='bbox 3098 3455 3455 3512; x_wconf 89' lang='lat' dir='ltr'>ecclesiarum</span> 
     </span>
    </p>
   </div>
   <div class='ocr_carea' id='block_1_92' title="bbox 1847 3544 3455 3620">
    <p class='ocr_par' dir='ltr' id='par_1_92' title="bbox 1847 3544 3455 3620">
     <span class='ocr_line' id='line_1_93' title="bbox 1847 3544 3455 3620; baseline -0.002 -15"><span class='ocrx_word' id='word_1_627' title='bbox 1847 3550 2045 3619; x_wconf 90' lang='lat' dir='ltr'>januas</span> <span class='ocrx_word' id='word_1_628' title='bbox 2092 3548 2393 3619; x_wconf 85' lang='lat' dir='ltr'>sapissime</span> <span class='ocrx_word' id='word_1_629' title='bbox 2448 3547 2657 3620; x_wconf 86' lang='lat' dir='ltr'>aperiat</span> <span class='ocrx_word' id='word_1_630' title='bbox 2712 3554 2818 3602; x_wconf 87' lang='lat' dir='ltr'>tua</span> <span class='ocrx_word' id='word_1_631' title='bbox 2871 3544 3174 3602; x_wconf 87' lang='lat' dir='ltr'>devotionis</span> <span class='ocrx_word' id='word_1_632' title='bbox 3228 3544 3455 3613; x_wconf 88' lang='lat' dir='ltr'>oblatio,</span> 
     </span>
    </p>
   </div>
   <div class='ocr_carea' id='block_1_93' title="bbox 1854 3633 3450 3707">
    <p class='ocr_par' dir='ltr' id='par_1_93' title="bbox 1854 3633 3450 3707">
     <span class='ocr_line' id='line_1_94' title="bbox 1854 3633 3450 3707; baseline -0.003 -14"><span class='ocrx_word' id='word_1_633' title='bbox 1854 3638 2054 3693; x_wconf 91' lang='lat' dir='ltr'>mirum</span> <span class='ocrx_word' id='word_1_634' title='bbox 2082 3636 2240 3694; x_wconf 91' lang='lat' dir='ltr'>valde</span> <span class='ocrx_word' id='word_1_635' title='bbox 2279 3652 2381 3692; x_wconf 91' lang='lat' dir='ltr'>nec</span> <span class='ocrx_word' id='word_1_636' title='bbox 2439 3643 2521 3692; x_wconf 91' lang='lat' dir='ltr'>est</span> <span class='ocrx_word' id='word_1_637' title='bbox 2575 3636 2667 3707; x_wconf 88' lang='lat' dir='ltr'>pia</span> <span class='ocrx_word' id='word_1_638' title='bbox 2711 3634 3067 3691; x_wconf 88' lang='lat' dir='ltr'>admiratione</span> <span class='ocrx_word' id='word_1_639' title='bbox 3122 3633 3450 3701; x_wconf 86' lang='lat' dir='ltr'>mirandum,</span> 
     </span>
    </p>
   </div>
   <div class='ocr_carea' id='block_1_94' title="bbox 1855 3721 3446 3796">
    <p class='ocr_par' dir='ltr' id='par_1_94' title="bbox 1855 3721 3446 3796">
     <span class='ocr_line' id='line_1_95' title="bbox 1855 3721 3446 3796; baseline -0.004 -13"><span class='ocrx_word' id='word_1_640' title='bbox 1855 3744 1956 3783; x_wconf 88' lang='lat' dir='ltr'>cur</span> <span class='ocrx_word' id='word_1_641' title='bbox 1985 3725 2296 3795; x_wconf 90' lang='lat' dir='ltr'>ecclesiam,</span> <span class='ocrx_word' id='word_1_642' title='bbox 2328 3724 2383 3778; x_wconf 92' lang='lat' dir='ltr'>in</span> <span class='ocrx_word' id='word_1_643' title='bbox 2413 3739 2520 3796; x_wconf 88' lang='lat' dir='ltr'>qua</span> <span class='ocrx_word' id='word_1_644' title='bbox 2548 3731 2671 3779; x_wconf 90' lang='lat' dir='ltr'>tuus</span> <span class='ocrx_word' id='word_1_645' title='bbox 2699 3721 3028 3780; x_wconf 88' lang='lat' dir='ltr'>venerabilis</span> <span class='ocrx_word' id='word_1_646' title='bbox 3074 3729 3234 3794; x_wconf 86' lang='lat' dir='ltr'>pater</span> <span class='ocrx_word' id='word_1_647' title='bbox 3268 3722 3446 3795; x_wconf 83' lang='lat'>(367).</span> 
     </span>
    </p>
   </div>
   <div class='ocr_carea' id='block_1_95' title="bbox 1857 3810 3455 3888">
    <p class='ocr_par' dir='ltr' id='par_1_95' title="bbox 1857 3810 3455 3888">
     <span class='ocr_line' id='line_1_96' title="bbox 1857 3810 3455 3888; baseline -0.003 -17"><span class='ocrx_word' id='word_1_648' title='bbox 1857 3815 1960 3871; x_wconf 89' lang='lat' dir='ltr'>sibi</span> <span class='ocrx_word' id='word_1_649' title='bbox 1991 3815 2156 3888; x_wconf 85' lang='lat' dir='ltr'>elegit</span> <span class='ocrx_word' id='word_1_650' title='bbox 2188 3814 2546 3886; x_wconf 85' lang='lat' dir='ltr'>sepulturam,</span> <span class='ocrx_word' id='word_1_651' title='bbox 2578 3820 2634 3871; x_wconf 88' lang='lat' dir='ltr'>et</span> <span class='ocrx_word' id='word_1_652' title='bbox 2661 3828 2780 3886; x_wconf 85' lang='lat' dir='ltr'>qua</span> <span class='ocrx_word' id='word_1_653' title='bbox 2810 3827 2911 3885; x_wconf 90' lang='lat' dir='ltr'>pro</span> <span class='ocrx_word' id='word_1_654' title='bbox 2941 3810 3037 3867; x_wconf 91' lang='lat' dir='ltr'>illo</span> <span class='ocrx_word' id='word_1_655' title='bbox 3067 3826 3099 3867; x_wconf 91' lang='lat' dir='ltr'>a</span> <span class='ocrx_word' id='word_1_656' title='bbox 3128 3818 3181 3867; x_wconf 91' lang='lat' dir='ltr'>te</span> <span class='ocrx_word' id='word_1_657' title='bbox 3222 3810 3455 3883; x_wconf 86' lang='lat' dir='ltr'>amplius</span> 
     </span>
    </p>
   </div>
   <div class='ocr_carea' id='block_1_96' title="bbox 1930 3988 3452 4060">
    <p class='ocr_par' dir='ltr' id='par_1_96' title="bbox 1930 3988 3452 4060">
     <span class='ocr_line' id='line_1_97' title="bbox 1930 3988 3452 4060; baseline -0.003 -11"><span class='ocrx_word' id='word_1_658' title='bbox 1930 3995 2055 4060; x_wconf 85' lang='lat'>365)</span> <span class='ocrx_word' id='word_1_659' title='bbox 2082 3992 2392 4049; x_wconf 84' lang='lat' dir='ltr'>Rainaldus</span> <span class='ocrx_word' id='word_1_660' title='bbox 2418 3992 2678 4048; x_wconf 80' lang='lat' dir='ltr'>videlicet</span> <span class='ocrx_word' id='word_1_661' title='bbox 2704 3990 3065 4058; x_wconf 83' lang='lat' dir='ltr'>Quartaldus.</span> <span class='ocrx_word' id='word_1_662' title='bbox 3115 3988 3295 4060; x_wconf 92' lang='lat' dir='ltr'>Epist.</span> <span class='ocrx_word' id='word_1_663' title='bbox 3362 3988 3452 4044; x_wconf 89' lang='grc'>18.</span> 
     </span>
    </p>
   </div>
   <div class='ocr_carea' id='block_1_97' title="bbox 1928 4060 3455 4135">
    <p class='ocr_par' dir='ltr' id='par_1_97' title="bbox 1928 4060 3455 4135">
     <span class='ocr_line' id='line_1_98' title="bbox 1928 4060 3455 4135; baseline -0.003 -16"><span class='ocrx_word' id='word_1_664' title='bbox 1928 4066 2079 4134; x_wconf 89' lang='grc'>(366)</span> <span class='ocrx_word' id='word_1_665' title='bbox 2097 4065 2474 4135; x_wconf 84' lang='lat' dir='ltr'>Ermengardi</span> <span class='ocrx_word' id='word_1_666' title='bbox 2502 4065 2911 4135; x_wconf 75' lang='lat' dir='ltr'>Britannorum</span> <span class='ocrx_word' id='word_1_667' title='bbox 2940 4062 3258 4135; x_wconf 47' lang='lat' dir='ltr'>contigisset.</span> <span class='ocrx_word' id='word_1_668' title='bbox 3283 4060 3455 4135; x_wconf 74' lang='lat' dir='ltr'>_Filia</span> 
     </span>
    </p>
   </div>
   <div class='ocr_carea' id='block_1_98' title="bbox 1858 4131 3448 4203">
    <p class='ocr_par' dir='ltr' id='par_1_98' title="bbox 1858 4131 3448 4203">
     <span class='ocr_line' id='line_1_99' title="bbox 1858 4131 3448 4203; baseline -0.005 -11"><span class='ocrx_word' id='word_1_669' title='bbox 1858 4131 2115 4192; x_wconf 86' lang='lat' dir='ltr'>Fulconis</span> <span class='ocrx_word' id='word_1_670' title='bbox 2172 4137 2263 4202; x_wconf 89' lang='lat' dir='ltr'>IV,</span> <span class='ocrx_word' id='word_1_671' title='bbox 2311 4131 2538 4190; x_wconf 47' lang='lat' dir='ltr'>&#39;comitis</span> <span class='ocrx_word' id='word_1_672' title='bbox 2586 4133 3018 4203; x_wconf 80' lang='lat' dir='ltr'>Andegavensis,</span> <span class='ocrx_word' id='word_1_673' title='bbox 3072 4131 3326 4187; x_wconf 88' lang='lat' dir='ltr'>Fulconis</span> <span class='ocrx_word' id='word_1_674' title='bbox 3383 4131 3448 4203; x_wconf 69' lang='grc' dir='ltr'>γ,</span> 
     </span>
    </p>
   </div>
   <div class='ocr_carea' id='block_1_99' title="bbox 1861 4200 3457 4288">
    <p class='ocr_par' dir='ltr' id='par_1_99' title="bbox 1861 4200 3457 4288">
     <span class='ocr_line' id='line_1_100' title="bbox 1861 4200 3457 4288; baseline -0.004 -26"><span class='ocrx_word' id='word_1_675' title='bbox 1861 4207 2012 4288; x_wconf 64' lang='lat' dir='ltr'>regis</span> <span class='ocrx_word' id='word_1_676' title='bbox 2044 4200 2255 4261; x_wconf 78' lang='lat' dir='ltr'>sorori.</span> <span class='ocrx_word' id='word_1_677' title='bbox 2287 4205 2484 4288; x_wconf 58' lang='lat' dir='ltr'>ISupsit</span> <span class='ocrx_word' id='word_1_678' title='bbox 2511 4205 2654 4261; x_wconf 90' lang='lat' dir='ltr'>enim</span> <span class='ocrx_word' id='word_1_679' title='bbox 2712 4200 2897 4288; x_wconf 49' lang='lat' dir='ltr'>{ﬂauo</span> <span class='ocrx_word' id='word_1_680' title='bbox 2951 4204 3224 4288; x_wconf 69' lang='lat' dir='ltr'>Fergento</span> <span class='ocrx_word' id='word_1_681' title='bbox 3248 4200 3457 4288; x_wconf 60' lang='grc' dir='ltr'>⁸(Ξρῐῐιίιί</span> 
     </span>
    </p>
   </div>
   <div class='ocr_carea' id='block_1_100' title="bbox 1857 4273 3456 4347">
    <p class='ocr_par' dir='ltr' id='par_1_100' title="bbox 1857 4273 3456 4347">
     <span class='ocr_line' id='line_1_101' title="bbox 1857 4273 3456 4347; baseline -0.004 -15"><span class='ocrx_word' id='word_1_682' title='bbox 1857 4273 2259 4341; x_wconf 79' lang='lat' dir='ltr'>Britannorum,</span> <span class='ocrx_word' id='word_1_683' title='bbox 2292 4273 2681 4347; x_wconf 82' lang='lat' dir='ltr'>Conanumque</span> <span class='ocrx_word' id='word_1_684' title='bbox 2711 4276 2784 4347; x_wconf 91' lang='lat' dir='ltr'>III</span> <span class='ocrx_word' id='word_1_685' title='bbox 2814 4273 3139 4347; x_wconf 79' lang='lat' dir='ltr'>procreavit,</span> <span class='ocrx_word' id='word_1_686' title='bbox 3170 4273 3263 4347; x_wconf 82' lang='lat' dir='ltr'>qui</span> <span class='ocrx_word' id='word_1_687' title='bbox 3263 4273 3456 4347; x_wconf 77' lang='lat' dir='ltr'>_Cona-</span> 
     </span>
    </p>
   </div>
   <div class='ocr_carea' id='block_1_101' title="bbox 1859 4344 3455 4418">
    <p class='ocr_par' dir='ltr' id='par_1_101' title="bbox 1859 4344 3455 4418">
     <span class='ocr_line' id='line_1_102' title="bbox 1859 4344 3455 4418; baseline -0.004 -15"><span class='ocrx_word' id='word_1_688' title='bbox 1859 4365 1961 4403; x_wconf 91' lang='lat' dir='ltr'>nus</span> <span class='ocrx_word' id='word_1_689' title='bbox 1992 4346 2389 4418; x_wconf 85' lang='lat' dir='ltr'>Ermengardis</span> <span class='ocrx_word' id='word_1_690' title='bbox 2419 4363 2447 4418; x_wconf 82' lang='lat' dir='ltr'>a</span> <span class='ocrx_word' id='word_1_691' title='bbox 2471 4344 2643 4418; x_wconf 75' lang='lat' dir='ltr'>matre</span> <span class='ocrx_word' id='word_1_692' title='bbox 2671 4344 3087 4418; x_wconf 74' lang='lat' dir='ltr'>cognominatus</span> <span class='ocrx_word' id='word_1_693' title='bbox 3117 4344 3218 4418; x_wconf 86' lang='lat' dir='ltr'>est.</span> <span class='ocrx_word' id='word_1_694' title='bbox 3239 4344 3455 4418; x_wconf 68' lang='lat' dir='ltr'>Kalen-</span> 
     </span>
    </p>
   </div>
   <div class='ocr_carea' id='block_1_102' title="bbox 1856 4415 3454 4489">
    <p class='ocr_par' dir='ltr' id='par_1_102' title="bbox 1856 4415 3454 4489">
     <span class='ocr_line' id='line_1_103' title="bbox 1856 4415 3454 4489; baseline -0.004 -15"><span class='ocrx_word' id='word_1_695' title='bbox 1856 4418 2075 4474; x_wconf 89' lang='lat' dir='ltr'>darium</span> <span class='ocrx_word' id='word_1_696' title='bbox 2106 4418 2162 4473; x_wconf 90' lang='lat' dir='ltr'>S.</span> <span class='ocrx_word' id='word_1_697' title='bbox 2191 4415 2434 4473; x_wconf 71' lang='lat' dir='ltr'>Mauricii</span> <span class='ocrx_word' id='word_1_698' title='bbox 2462 4415 2881 4489; x_wconf 74' lang='lat' dir='ltr'>Andegavensis</span> <span class='ocrx_word' id='word_1_699' title='bbox 2910 4434 2922 4472; x_wconf 90' lang='lat'><strong><em>:</em></strong></span> <span class='ocrx_word' id='word_1_700' title='bbox 2961 4417 3079 4471; x_wconf 81' lang='lat' dir='ltr'>Kal.</span> <span class='ocrx_word' id='word_1_701' title='bbox 3112 4416 3272 4489; x_wconf 77' lang='lat' dir='ltr'>Junii</span> <span class='ocrx_word' id='word_1_702' title='bbox 3318 4415 3454 4489; x_wconf 80' lang='lat' dir='ltr'>obiit</span> 
     </span>
    </p>
   </div>
   <div class='ocr_carea' id='block_1_103' title="bbox 1860 4486 3457 4560">
    <p class='ocr_par' dir='ltr' id='par_1_103' title="bbox 1860 4486 3457 4560">
     <span class='ocr_line' id='line_1_104' title="bbox 1860 4486 3457 4560; baseline -0.004 -14"><span class='ocrx_word' id='word_1_703' title='bbox 1860 4489 2259 4560; x_wconf 79' lang='lat' dir='ltr'>Ermengardis</span> <span class='ocrx_word' id='word_1_704' title='bbox 2278 4487 2572 4545; x_wconf 79' lang='lat' dir='ltr'>comitissa</span> <span class='ocrx_word' id='word_1_705' title='bbox 2586 4486 3112 4560; x_wconf 62' lang='lat' dir='ltr'>Britanniamater</span> <span class='ocrx_word' id='word_1_706' title='bbox 3133 4486 3457 4560; x_wconf 72' lang='lat' dir='ltr'>Conanidu-</span> 
     </span>
    </p>
   </div>
   <div class='ocr_carea' id='block_1_104' title="bbox 1862 4556 3456 4630">
    <p class='ocr_par' dir='ltr' id='par_1_104' title="bbox 1862 4556 3456 4630">
     <span class='ocr_line' id='line_1_105' title="bbox 1862 4556 3456 4630; baseline -0.004 -14"><span class='ocrx_word' id='word_1_707' title='bbox 1862 4563 2025 4628; x_wconf 87' lang='lat' dir='ltr'>cis,et</span> <span class='ocrx_word' id='word_1_708' title='bbox 2042 4556 2199 4615; x_wconf 81' lang='lat' dir='ltr'>soror</span> <span class='ocrx_word' id='word_1_709' title='bbox 2216 4560 2477 4615; x_wconf 80' lang='lat' dir='ltr'>Fulconis</span> <span class='ocrx_word' id='word_1_710' title='bbox 2490 4560 2635 4630; x_wconf 86' lang='lat' dir='ltr'>regis</span> <span class='ocrx_word' id='word_1_711' title='bbox 2646 4557 3250 4630; x_wconf 72' lang='lat' dir='ltr'>HierosolymitaniDe</span> <span class='ocrx_word' id='word_1_712' title='bbox 3261 4556 3456 4630; x_wconf 75' lang='lat' dir='ltr'>eadem</span> 
     </span>
    </p>
   </div>
   <div class='ocr_carea' id='block_1_105' title="bbox 1862 4628 3456 4689">
    <p class='ocr_par' dir='ltr' id='par_1_105' title="bbox 1862 4628 3456 4689">
     <span class='ocr_line' id='line_1_106' title="bbox 1862 4628 3456 4689; baseline -0.003 -3"><span class='ocrx_word' id='word_1_713' title='bbox 1862 4630 2112 4689; x_wconf 90' lang='lat' dir='ltr'>conditor</span> <span class='ocrx_word' id='word_1_714' title='bbox 2133 4629 2424 4685; x_wconf 84' lang='lat' dir='ltr'>Gestorum</span> <span class='ocrx_word' id='word_1_715' title='bbox 2440 4628 2696 4686; x_wconf 78' lang='lat' dir='ltr'>comitum</span> <span class='ocrx_word' id='word_1_716' title='bbox 2719 4628 3198 4689; x_wconf 71' lang='lat' dir='ltr'>Andegavensium</span> <span class='ocrx_word' id='word_1_717' title='bbox 3233 4644 3246 4680; x_wconf 90' lang='lat'><strong>:</strong></span> <span class='ocrx_word' id='word_1_718' title='bbox 3286 4628 3456 4682; x_wconf 83' lang='lat' dir='ltr'>Fulco</span> 
     </span>
    </p>
   </div>
   <div class='ocr_carea' id='block_1_106' title="bbox 1862 4697 3452 4776">
    <p class='ocr_par' dir='ltr' id='par_1_106' title="bbox 1862 4697 3452 4776">
     <span class='ocr_line' id='line_1_107' title="bbox 1862 4697 3452 4776; baseline -0.004 -18"><span class='ocrx_word' id='word_1_719' title='bbox 1862 4704 2056 4776; x_wconf 79' lang='lat' dir='ltr'>plures</span> <span class='ocrx_word' id='word_1_720' title='bbox 2069 4702 2238 4776; x_wconf 56' lang='lat' dir='ltr'>duait</span> <span class='ocrx_word' id='word_1_721' title='bbox 2258 4701 2675 4776; x_wconf 53' lang='lat' dir='ltr'>uxoresﬁliam</span> <span class='ocrx_word' id='word_1_722' title='bbox 2686 4701 2868 4776; x_wconf 50' lang='lat' dir='ltr'>[ianos</span> <span class='ocrx_word' id='word_1_723' title='bbox 2876 4697 2976 4776; x_wconf 74' lang='lat' dir='ltr'>loti</span> <span class='ocrx_word' id='word_1_724' title='bbox 2988 4698 3054 4754; x_wconf 91' lang='lat' dir='ltr'>de</span> <span class='ocrx_word' id='word_1_725' title='bbox 3069 4697 3452 4776; x_wconf 76' lang='lat' dir='ltr'>_Balgentiaco,</span> 
     </span>
    </p>
   </div>
   <div class='ocr_carea' id='block_1_107' title="bbox 1869 4768 3457 4843">
    <p class='ocr_par' dir='ltr' id='par_1_107' title="bbox 1869 4768 3457 4843">
     <span class='ocr_line' id='line_1_108' title="bbox 1869 4768 3457 4843; baseline -0.003 -15"><span class='ocrx_word' id='word_1_726' title='bbox 1869 4768 1943 4829; x_wconf 74' lang='lat' dir='ltr'>ea:</span> <span class='ocrx_word' id='word_1_727' title='bbox 1961 4788 2070 4843; x_wconf 87' lang='lat' dir='ltr'>qua</span> <span class='ocrx_word' id='word_1_728' title='bbox 2087 4772 2240 4827; x_wconf 80' lang='lat' dir='ltr'>edita</span> <span class='ocrx_word' id='word_1_729' title='bbox 2259 4776 2345 4826; x_wconf 86' lang='lat' dir='ltr'>est</span> <span class='ocrx_word' id='word_1_730' title='bbox 2362 4768 2657 4826; x_wconf 84' lang='lat' dir='ltr'>comitissa</span> <span class='ocrx_word' id='word_1_731' title='bbox 2696 4770 3030 4843; x_wconf 56' lang='lat' dir='ltr'>Britanniae,</span> <span class='ocrx_word' id='word_1_732' title='bbox 3062 4768 3314 4843; x_wconf 64' lang='lat' dir='ltr'>illaque:</span> <span class='ocrx_word' id='word_1_733' title='bbox 3330 4770 3457 4843; x_wconf 74' lang='lat' dir='ltr'>post</span> 
     </span>
    </p>
   </div>
   <div class='ocr_carea' id='block_1_108' title="bbox 1867 4839 3458 4900">
    <p class='ocr_par' dir='ltr' id='par_1_108' title="bbox 1867 4839 3458 4900">
     <span class='ocr_line' id='line_1_109' title="bbox 1867 4839 3458 4900; baseline -0.005 0"><span class='ocrx_word' id='word_1_734' title='bbox 1867 4839 2078 4900; x_wconf 79' lang='lat' dir='ltr'>obitum</span> <span class='ocrx_word' id='word_1_735' title='bbox 2100 4844 2211 4898; x_wconf 86' lang='lat' dir='ltr'>viri</span> <span class='ocrx_word' id='word_1_736' title='bbox 2231 4844 2324 4897; x_wconf 84' lang='lat' dir='ltr'>sui</span> <span class='ocrx_word' id='word_1_737' title='bbox 2345 4843 2694 4898; x_wconf 82' lang='lat' dir='ltr'>Hierusalem</span> <span class='ocrx_word' id='word_1_738' title='bbox 2711 4842 2774 4896; x_wconf 88' lang='lat' dir='ltr'>in</span> <span class='ocrx_word' id='word_1_739' title='bbox 2806 4840 3040 4895; x_wconf 83' lang='lat' dir='ltr'>ecclesia</span> <span class='ocrx_word' id='word_1_740' title='bbox 3072 4840 3127 4895; x_wconf 90' lang='lat' dir='ltr'>S.</span> <span class='ocrx_word' id='word_1_741' title='bbox 3166 4840 3345 4894; x_wconf 68' lang='lat' dir='ltr'>Anna:</span> <span class='ocrx_word' id='word_1_742' title='bbox 3375 4839 3458 4893; x_wconf 84' lang='lat' dir='ltr'>vi-</span> 
     </span>
    </p>
   </div>
   <div class='ocr_carea' id='block_1_109' title="bbox 1870 4906 3460 4982">
    <p class='ocr_par' dir='ltr' id='par_1_109' title="bbox 1870 4906 3460 4982">
     <span class='ocr_line' id='line_1_110' title="bbox 1870 4906 3460 4982; baseline -0.004 -13"><span class='ocrx_word' id='word_1_743' title='bbox 1870 4919 1987 4970; x_wconf 89' lang='lat' dir='ltr'>tam</span> <span class='ocrx_word' id='word_1_744' title='bbox 2032 4914 2336 4968; x_wconf 84' lang='lat' dir='ltr'>monialem</span> <span class='ocrx_word' id='word_1_745' title='bbox 2386 4913 2666 4968; x_wconf 75' lang='lat' dir='ltr'>exercuit.</span> <span class='ocrx_word' id='word_1_746' title='bbox 2701 4910 2988 4982; x_wconf 83' lang='lat' dir='ltr'>Monialem</span> <span class='ocrx_word' id='word_1_747' title='bbox 3036 4925 3174 4982; x_wconf 83' lang='lat' dir='ltr'>ergo</span> <span class='ocrx_word' id='word_1_748' title='bbox 3203 4915 3328 4980; x_wconf 89' lang='lat' dir='ltr'>post</span> <span class='ocrx_word' id='word_1_749' title='bbox 3354 4906 3460 4962; x_wconf 88' lang='lat' dir='ltr'>viri</span> 
     </span>
    </p>
   </div>
   <div class='ocr_carea' id='block_1_110' title="bbox 1868 4980 3461 5054">
    <p class='ocr_par' dir='ltr' id='par_1_110' title="bbox 1868 4980 3461 5054">
     <span class='ocr_line' id='line_1_111' title="bbox 1868 4980 3461 5054; baseline -0.004 -14"><span class='ocrx_word' id='word_1_750' title='bbox 1868 4991 2102 5041; x_wconf 87' lang='lat' dir='ltr'>mortem</span> <span class='ocrx_word' id='word_1_751' title='bbox 2144 4983 2410 5054; x_wconf 85' lang='lat' dir='ltr'>professa</span> <span class='ocrx_word' id='word_1_752' title='bbox 2431 4992 2533 5048; x_wconf 91' lang='lat' dir='ltr'>est,</span> <span class='ocrx_word' id='word_1_753' title='bbox 2567 4982 2664 5054; x_wconf 82' lang='lat' dir='ltr'>sed</span> <span class='ocrx_word' id='word_1_754' title='bbox 2722 4980 2955 5038; x_wconf 88' lang='lat' dir='ltr'>consilio</span> <span class='ocrx_word' id='word_1_755' title='bbox 3012 4980 3207 5054; x_wconf 82' lang='lat' dir='ltr'>exinde</span> <span class='ocrx_word' id='word_1_756' title='bbox 3237 4986 3461 5054; x_wconf 76' lang='lat' dir='ltr'>_mutato</span> 
     </span>
    </p>
   </div>
   <div class='ocr_carea' id='block_1_111' title="bbox 1871 5049 3464 5123">
    <p class='ocr_par' dir='ltr' id='par_1_111' title="bbox 1871 5049 3464 5123">
     <span class='ocr_line' id='line_1_112' title="bbox 1871 5049 3464 5123; baseline -0.004 -12"><span class='ocrx_word' id='word_1_757' title='bbox 1871 5056 1941 5111; x_wconf 91' lang='lat' dir='ltr'>ad</span> <span class='ocrx_word' id='word_1_758' title='bbox 1974 5049 2228 5110; x_wconf 84' lang='lat' dir='ltr'>saculum</span> <span class='ocrx_word' id='word_1_759' title='bbox 2286 5053 2498 5109; x_wconf 88' lang='lat' dir='ltr'>resiliit.</span> <span class='ocrx_word' id='word_1_760' title='bbox 2555 5052 2677 5122; x_wconf 89' lang='lat' dir='ltr'>Quo</span> <span class='ocrx_word' id='word_1_761' title='bbox 2722 5060 2977 5123; x_wconf 10' lang='lat' dir='ltr'>tempore,</span> <span class='ocrx_word' id='word_1_762' title='bbox 3024 5052 3141 5123; x_wconf 81' lang='lat' dir='ltr'>hac</span> <span class='ocrx_word' id='word_1_763' title='bbox 3187 5051 3257 5123; x_wconf 82' lang='lat' dir='ltr'>ad</span> <span class='ocrx_word' id='word_1_764' title='bbox 3312 5049 3464 5123; x_wconf 84' lang='lat' dir='ltr'>illum</span> 
     </span>
    </p>
   </div>
   <div class='ocr_carea' id='block_1_112' title="bbox 1873 5120 3466 5197">
    <p class='ocr_par' dir='ltr' id='par_1_112' title="bbox 1873 5120 3466 5197">
     <span class='ocr_line' id='line_1_113' title="bbox 1873 5120 3466 5197; baseline -0.004 -16"><span class='ocrx_word' id='word_1_765' title='bbox 1873 5125 2093 5197; x_wconf 86' lang='lat' dir='ltr'>scripsit</span> <span class='ocrx_word' id='word_1_766' title='bbox 2140 5123 2437 5197; x_wconf 75' lang='lat' dir='ltr'>Gotfridus,</span> <span class='ocrx_word' id='word_1_767' title='bbox 2493 5120 2733 5197; x_wconf 77' lang='lat' dir='ltr'>suadens</span> <span class='ocrx_word' id='word_1_768' title='bbox 2765 5120 2856 5197; x_wconf 44' lang='lat' dir='ltr'>_ut:</span> <span class='ocrx_word' id='word_1_769' title='bbox 2899 5121 3191 5197; x_wconf 76' lang='lat' dir='ltr'>pristinum</span> <span class='ocrx_word' id='word_1_770' title='bbox 3245 5120 3466 5197; x_wconf 70' lang='lat' dir='ltr'>institu-</span> 
     </span>
    </p>
   </div>
   <div class='ocr_carea' id='block_1_113' title="bbox 1873 5190 3470 5266">
    <p class='ocr_par' dir='ltr' id='par_1_113' title="bbox 1873 5190 3470 5266">
     <span class='ocr_line' id='line_1_114' title="bbox 1873 5190 3470 5266; baseline -0.005 -13"><span class='ocrx_word' id='word_1_771' title='bbox 1873 5190 2249 5266; x_wconf 66' lang='lat' dir='ltr'>tum&#39;repetat.</span> <span class='ocrx_word' id='word_1_772' title='bbox 2286 5194 2445 5264; x_wconf 86' lang='lat' dir='ltr'>Quod</span> <span class='ocrx_word' id='word_1_773' title='bbox 2482 5196 2699 5251; x_wconf 89' lang='lat' dir='ltr'>tandem</span> <span class='ocrx_word' id='word_1_774' title='bbox 2756 5190 2951 5266; x_wconf 80' lang='lat' dir='ltr'>fecisse</span> <span class='ocrx_word' id='word_1_775' title='bbox 3008 5193 3240 5266; x_wconf 67' lang='lat' dir='ltr'>videtur.</span> <span class='ocrx_word' id='word_1_776' title='bbox 3288 5190 3470 5266; x_wconf 77' lang='lat' dir='ltr'>Multis</span> 
     </span>
    </p>
   </div>
   <div class='ocr_carea' id='block_1_114' title="bbox 1878 5259 3472 5346">
    <p class='ocr_par' dir='ltr' id='par_1_114' title="bbox 1878 5259 3472 5346">
     <span class='ocr_line' id='line_1_115' title="bbox 1878 5259 3472 5346; baseline -0.004 -23"><span class='ocrx_word' id='word_1_777' title='bbox 1878 5259 2503 5346; x_wconf 43' lang='lat' dir='ltr'>siquidémposﬁaanis</span> <span class='ocrx_word' id='word_1_778' title='bbox 2521 5264 2885 5346; x_wconf 41' lang='lat' dir='ltr'>Ermeng‘ardi</span> <span class='ocrx_word' id='word_1_779' title='bbox 2908 5264 3314 5346; x_wconf 76' lang='lat' dir='ltr'>tanqu_am_Deo</span> <span class='ocrx_word' id='word_1_780' title='bbox 3363 5259 3472 5346; x_wconf 71' lang='lat' dir='ltr'>de-</span> 
     </span>
    </p>
   </div>
   <div class='ocr_carea' id='block_1_115' title="bbox 1879 5332 3471 5406">
    <p class='ocr_par' dir='ltr' id='par_1_115' title="bbox 1879 5332 3471 5406">
     <span class='ocr_line' id='line_1_116' title="bbox 1879 5332 3471 5406; baseline -0.006 -10"><span class='ocrx_word' id='word_1_781' title='bbox 1879 5332 2037 5402; x_wconf 73' lang='lat' dir='ltr'>vola,</span> <span class='ocrx_word' id='word_1_782' title='bbox 2078 5345 2133 5392; x_wconf 91' lang='lat' dir='ltr'>et</span> <span class='ocrx_word' id='word_1_783' title='bbox 2160 5332 2350 5392; x_wconf 80' lang='lat' dir='ltr'>humili</span> <span class='ocrx_word' id='word_1_784' title='bbox 2380 5336 2581 5392; x_wconf 89' lang='lat' dir='ltr'>Christi</span> <span class='ocrx_word' id='word_1_785' title='bbox 2634 5332 2843 5392; x_wconf 81' lang='lat' dir='ltr'>ancilla</span> <span class='ocrx_word' id='word_1_786' title='bbox 2888 5332 3109 5406; x_wconf 79' lang='lat' dir='ltr'>scripsit</span> <span class='ocrx_word' id='word_1_787' title='bbox 3164 5332 3471 5390; x_wconf 87' lang='lat' dir='ltr'>Bernardus</span> 
     </span>
    </p>
   </div>
   <div class='ocr_carea' id='block_1_116' title="bbox 176 5404 2336 5480">
    <p class='ocr_par' dir='ltr' id='par_1_116' title="bbox 176 5404 2336 5480">
     <span class='ocr_line' id='line_1_117' title="bbox 176 5404 2336 5480; baseline -0 -18"><span class='ocrx_word' id='word_1_788' title='bbox 176 5404 243 5462; x_wconf 81' lang='lat' dir='ltr'>eo</span> <span class='ocrx_word' id='word_1_789' title='bbox 275 5405 505 5480; x_wconf 80' lang='lat' dir='ltr'>comites</span> <span class='ocrx_word' id='word_1_790' title='bbox 535 5404 647 5480; x_wconf 57' lang='lat' dir='ltr'>alii,</span> <span class='ocrx_word' id='word_1_791' title='bbox 683 5404 993 5480; x_wconf 76' lang='lat' dir='ltr'>Stephanus</span> <span class='ocrx_word' id='word_1_792' title='bbox 1023 5405 1370 5480; x_wconf 70' lang='lat' dir='ltr'>Burgundia,</span> <span class='ocrx_word' id='word_1_793' title='bbox 1398 5406 1774 5480; x_wconf 76' lang='lat' dir='ltr'>Hugo_Viro-</span> <span class='ocrx_word' id='word_1_794' title='bbox 1878 5408 2037 5480; x_wconf 88' lang='lat' dir='ltr'>epist.</span> <span class='ocrx_word' id='word_1_795' title='bbox 2058 5408 2180 5471; x_wconf 84' lang='grc'>116,</span> <span class='ocrx_word' id='word_1_796' title='bbox 2215 5410 2336 5480; x_wconf 73' lang='lat' dir='ltr'>H7.</span> 
     </span>
    </p>
   </div>
   <div class='ocr_carea' id='block_1_117' title="bbox 182 5475 1775 5545">
    <p class='ocr_par' dir='ltr' id='par_1_117' title="bbox 182 5475 1775 5545">
     <span class='ocr_line' id='line_1_118' title="bbox 182 5475 1775 5545; baseline -0.001 -13"><span class='ocrx_word' id='word_1_797' title='bbox 182 5475 547 5545; x_wconf 77' lang='lat' dir='ltr'>mandensis,_</span> <span class='ocrx_word' id='word_1_798' title='bbox 582 5476 894 5545; x_wconf 89' lang='lat' dir='ltr'>Stephanus</span> <span class='ocrx_word' id='word_1_799' title='bbox 944 5476 1072 5530; x_wconf 90' lang='lat' dir='ltr'>item</span> <span class='ocrx_word' id='word_1_800' title='bbox 1130 5476 1404 5531; x_wconf 90' lang='lat' dir='ltr'>Blesensis</span> <span class='ocrx_word' id='word_1_801' title='bbox 1461 5475 1514 5530; x_wconf 79' lang='lat' dir='ltr'>et</span> <span class='ocrx_word' id='word_1_802' title='bbox 1567 5476 1775 5531; x_wconf 86' lang='lat' dir='ltr'>Carno-</span> 
     </span>
    </p>
   </div>
   <div class='ocr_carea' id='block_1_118' title="bbox 177 5542 1776 5619">
    <p class='ocr_par' dir='ltr' id='par_1_118' title="bbox 177 5542 1776 5619">
     <span class='ocr_line' id='line_1_119' title="bbox 177 5542 1776 5619; baseline 0 -17"><span class='ocrx_word' id='word_1_803' title='bbox 177 5548 377 5619; x_wconf 76' lang='lat' dir='ltr'>tensis,</span> <span class='ocrx_word' id='word_1_804' title='bbox 408 5542 695 5619; x_wconf 33' lang='lat' dir='ltr'>‘Goﬂ‘ridus</span> <span class='ocrx_word' id='word_1_805' title='bbox 734 5545 1191 5619; x_wconf 45' lang='lat' dir='ltr'>Vindociuensis.</span> <span class='ocrx_word' id='word_1_806' title='bbox 1219 5548 1617 5619; x_wconf 8' lang='lat' dir='ltr'>cumgHugone</span> <span class='ocrx_word' id='word_1_807' title='bbox 1666 5546 1776 5619; x_wconf 77' lang='lat' dir='ltr'>fra-</span> 
     </span>
    </p>
   </div>
   <div class='ocr_carea' id='block_1_119' title="bbox 183 5615 1779 5673">
    <p class='ocr_par' dir='ltr' id='par_1_119' title="bbox 183 5615 1779 5673">
     <span class='ocr_line' id='line_1_120' title="bbox 183 5615 1779 5673; baseline -0.001 -1"><span class='ocrx_word' id='word_1_808' title='bbox 183 5628 266 5673; x_wconf 90' lang='lat' dir='ltr'>tre</span> <span class='ocrx_word' id='word_1_809' title='bbox 323 5615 615 5671; x_wconf 82' lang='lat' dir='ltr'>Raimundi</span> <span class='ocrx_word' id='word_1_810' title='bbox 671 5615 887 5670; x_wconf 90' lang='lat' dir='ltr'>comitis</span> <span class='ocrx_word' id='word_1_811' title='bbox 941 5616 1218 5673; x_wconf 89' lang='lat' dir='ltr'>Tolosani.</span> <span class='ocrx_word' id='word_1_812' title='bbox 1295 5615 1524 5672; x_wconf 76' lang='lat' dir='ltr'>Militum</span> <span class='ocrx_word' id='word_1_813' title='bbox 1608 5617 1779 5672; x_wconf 89' lang='lat' dir='ltr'>millia</span> 
     </span>
    </p>
   </div>
   <div class='ocr_carea' id='block_1_120' title="bbox 188 5686 457 5745">
    <p class='ocr_par' dir='ltr' id='par_1_120' title="bbox 188 5686 457 5745">
     <span class='ocr_line' id='line_1_121' title="bbox 188 5686 457 5745; baseline -0.022 0"><span class='ocrx_word' id='word_1_814' title='bbox 188 5689 257 5745; x_wconf 87' lang='lat'>60</span> <span class='ocrx_word' id='word_1_815' title='bbox 287 5686 457 5742; x_wconf 90' lang='lat' dir='ltr'>multo</span> 
     </span>
    </p>
   </div>
   <div class='ocr_carea' id='block_1_121' title="bbox 190 5895 914 5964">
    <p class='ocr_par' dir='ltr' id='par_1_121' title="bbox 190 5895 914 5964">
     <span class='ocr_line' id='line_1_122' title="bbox 190 5895 914 5964; baseline -0.011 -5"><span class='ocrx_word' id='word_1_816' title='bbox 190 5899 334 5959; x_wconf 88' lang='lat' dir='ltr'>belli</span> <span class='ocrx_word' id='word_1_817' title='bbox 368 5895 529 5964; x_wconf 87' lang='lat' dir='ltr'>sacri,</span> <span class='ocrx_word' id='word_1_818' title='bbox 563 5911 613 5952; x_wconf 91' lang='lat' dir='ltr'>c.</span> <span class='ocrx_word' id='word_1_819' title='bbox 646 5896 712 5953; x_wconf 82' lang='grc'>12</span> <span class='ocrx_word' id='word_1_820' title='bbox 742 5903 795 5953; x_wconf 89' lang='lat' dir='ltr'>et</span> <span class='ocrx_word' id='word_1_821' title='bbox 822 5898 914 5952; x_wconf 86' lang='grc'><strong>19.</strong></span> 
     </span>
    </p>
   </div>
   <div class='ocr_carea' id='block_1_122' title="bbox 487 5685 1780 5755">
    <p class='ocr_par' dir='ltr' id='par_1_122' title="bbox 487 5685 1780 5755">
     <span class='ocr_line' id='line_1_123' title="bbox 487 5685 1780 5755; baseline 0.004 -17"><span class='ocrx_word' id='word_1_822' title='bbox 487 5685 641 5755; x_wconf 87' lang='lat' dir='ltr'>plura</span> <span class='ocrx_word' id='word_1_823' title='bbox 668 5686 910 5755; x_wconf 88' lang='lat' dir='ltr'>peditum</span> <span class='ocrx_word' id='word_1_824' title='bbox 940 5686 1127 5752; x_wconf 86' lang='lat' dir='ltr'>fuisse,</span> <span class='ocrx_word' id='word_1_825' title='bbox 1158 5695 1344 5744; x_wconf 90' lang='lat' dir='ltr'>auctor</span> <span class='ocrx_word' id='word_1_826' title='bbox 1364 5697 1447 5744; x_wconf 89' lang='lat' dir='ltr'>est</span> <span class='ocrx_word' id='word_1_827' title='bbox 1464 5689 1780 5744; x_wconf 74' lang='lat' dir='ltr'>W&#39;illelmus</span> 
     </span>
    </p>
   </div>
   <div class='ocr_carea' id='block_1_123' title="bbox 193 5756 1780 5835">
    <p class='ocr_par' dir='ltr' id='par_1_123' title="bbox 193 5756 1780 5835">
     <span class='ocr_line' id='line_1_124' title="bbox 193 5756 1780 5835; baseline -0.001 -22"><span class='ocrx_word' id='word_1_828' title='bbox 193 5756 850 5835; x_wconf 34' lang='lat' dir='ltr'>Malmesburiensisulib.</span> <span class='ocrx_word' id='word_1_829' title='bbox 877 5772 956 5835; x_wconf 86' lang='lat' dir='ltr'>1_v.</span> <span class='ocrx_word' id='word_1_830' title='bbox 995 5758 1517 5835; x_wconf 77' lang='lat' dir='ltr'>De_ge_stis__regum</span> <span class='ocrx_word' id='word_1_831' title='bbox 1537 5759 1780 5835; x_wconf 45' lang='lat' dir='ltr'>Angip-</span> 
     </span>
    </p>
   </div>
   <div class='ocr_carea' id='block_1_124' title="bbox 191 5824 1784 5900">
    <p class='ocr_par' dir='ltr' id='par_1_124' title="bbox 191 5824 1784 5900">
     <span class='ocr_line' id='line_1_125' title="bbox 191 5824 1784 5900; baseline 0.001 -15"><span class='ocrx_word' id='word_1_832' title='bbox 191 5845 342 5900; x_wconf 77' lang='lat' dir='ltr'>rum.</span> <span class='ocrx_word' id='word_1_833' title='bbox 379 5828 464 5882; x_wconf 93' lang='lat' dir='ltr'>De</span> <span class='ocrx_word' id='word_1_834' title='bbox 483 5825 676 5900; x_wconf 79' lang='lat' dir='ltr'>iisdem</span> <span class='ocrx_word' id='word_1_835' title='bbox 693 5824 1034 5900; x_wconf 27' lang='lat' dir='ltr'>‘Guillelmus</span> <span class='ocrx_word' id='word_1_836' title='bbox 1062 5824 1256 5900; x_wconf 58' lang='lat' dir='ltr'>Tirius</span> <span class='ocrx_word' id='word_1_837' title='bbox 1284 5824 1414 5886; x_wconf 44' lang='lat' dir='ltr'>lib:</span> <span class='ocrx_word' id='word_1_838' title='bbox 1438 5848 1476 5884; x_wconf 88' lang='lat' dir='ltr'><strong>x</strong></span> <span class='ocrx_word' id='word_1_839' title='bbox 1531 5824 1784 5887; x_wconf 71' lang='lat' dir='ltr'>Historia</span> 
     </span>
    </p>
   </div>
   <div class='ocr_carea' id='block_1_125' title="bbox 1956 5476 3474 5549">
    <p class='ocr_par' dir='ltr' id='par_1_125' title="bbox 1956 5476 3474 5549">
     <span class='ocr_line' id='line_1_126' title="bbox 1956 5476 3474 5549; baseline -0.001 -17"><span class='ocrx_word' id='word_1_840' title='bbox 1956 5480 2102 5548; x_wconf 84' lang='lat'>(367)</span> <span class='ocrx_word' id='word_1_841' title='bbox 2134 5479 2441 5534; x_wconf 85' lang='lat' dir='ltr'>Ecclesiam</span> <span class='ocrx_word' id='word_1_842' title='bbox 2484 5479 2546 5534; x_wconf 89' lang='lat' dir='ltr'>in</span> <span class='ocrx_word' id='word_1_843' title='bbox 2576 5494 2685 5549; x_wconf 81' lang='lat' dir='ltr'>qua</span> <span class='ocrx_word' id='word_1_844' title='bbox 2746 5481 2878 5549; x_wconf 72' lang='lat' dir='ltr'>tuus</span> <span class='ocrx_word' id='word_1_845' title='bbox 2933 5476 3274 5549; x_wconf 75' lang='lat' dir='ltr'>venerabilis</span> <span class='ocrx_word' id='word_1_846' title='bbox 3309 5478 3474 5547; x_wconf 83' lang='lat' dir='ltr'>pater</span> 
     </span>
    </p>
   </div>
   <div class='ocr_carea' id='block_1_126' title="bbox 1882 5547 3479 5619">
    <p class='ocr_par' dir='ltr' id='par_1_126' title="bbox 1882 5547 3479 5619">
     <span class='ocr_line' id='line_1_127' title="bbox 1882 5547 3479 5619; baseline -0.003 -14"><span class='ocrx_word' id='word_1_847' title='bbox 1882 5549 2276 5619; x_wconf 89' lang='lat' dir='ltr'>Ermengardis</span> <span class='ocrx_word' id='word_1_848' title='bbox 2305 5556 2530 5618; x_wconf 86' lang='lat' dir='ltr'>patrem,</span> <span class='ocrx_word' id='word_1_849' title='bbox 2568 5547 2799 5619; x_wconf 84' lang='lat' dir='ltr'>epistola</span> <span class='ocrx_word' id='word_1_850' title='bbox 2830 5548 3145 5619; x_wconf 67' lang='lat' dir='ltr'>superiore,</span> <span class='ocrx_word' id='word_1_851' title='bbox 3164 5547 3369 5602; x_wconf 85' lang='lat' dir='ltr'>dictum</span> <span class='ocrx_word' id='word_1_852' title='bbox 3392 5552 3479 5619; x_wconf 81' lang='lat' dir='ltr'>est</span> 
     </span>
    </p>
   </div>
   <div class='ocr_carea' id='block_1_127' title="bbox 1887 5565 3478 5690">
    <p class='ocr_par' dir='ltr' id='par_1_127' title="bbox 1887 5565 3478 5690">
     <span class='ocr_line' id='line_1_128' title="bbox 1887 5565 3478 5619; baseline -0.003 -14"><span class='ocrx_word' id='word_1_853' title='bbox 1887 5565 2080 5606; x_wconf 58' lang='lat' dir='ltr'>tarmen</span> <span class='ocrx_word' id='word_1_854' title='bbox 2126 5565 2276 5603; x_wconf 84' lang='lat' dir='ltr'>aruis</span> <span class='ocrx_word' id='word_1_855' title='bbox 2305 5565 2530 5618; x_wconf 79' lang='lat' dir='ltr'>patrem,</span> <span class='ocrx_word' id='word_1_856' title='bbox 2568 5565 2799 5619; x_wconf 78' lang='lat' dir='ltr'>epistom</span> <span class='ocrx_word' id='word_1_857' title='bbox 2830 5565 3132 5619; x_wconf 80' lang='lat' dir='ltr'>superiore,</span> <span class='ocrx_word' id='word_1_858' title='bbox 3164 5565 3369 5602; x_wconf 77' lang='lat' dir='ltr'>uictum</span> <span class='ocrx_word' id='word_1_859' title='bbox 3392 5565 3478 5601; x_wconf 77' lang='lat' dir='ltr'>est</span> 
     </span>
     <span class='ocr_line' id='line_1_129' title="bbox 1887 5565 3478 5690; baseline -0.004 -13"><span class='ocrx_word' id='word_1_860' title='bbox 1887 5620 2055 5677; x_wconf 86' lang='lat' dir='ltr'>fuisse</span> <span class='ocrx_word' id='word_1_861' title='bbox 2086 5565 2380 5675; x_wconf 52' lang='lat' dir='ltr'>gulconem</span> <span class='ocrx_word' id='word_1_862' title='bbox 2410 5620 2478 5675; x_wconf 89' lang='lat' dir='ltr'>IV</span> <span class='ocrx_word' id='word_1_863' title='bbox 2509 5619 2786 5685; x_wconf 89' lang='lat' dir='ltr'>comitem,</span> <span class='ocrx_word' id='word_1_864' title='bbox 2845 5617 2936 5690; x_wconf 89' lang='lat' dir='ltr'>qui</span> <span class='ocrx_word' id='word_1_865' title='bbox 2980 5618 3256 5674; x_wconf 81' lang='lat' dir='ltr'>Rechinus</span> <span class='ocrx_word' id='word_1_866' title='bbox 3314 5615 3478 5690; x_wconf 89' lang='lat' dir='ltr'>appel</span> 
     </span>
    </p>
   </div>
   <div class='ocr_carea' id='block_1_128' title="bbox 1886 5689 3480 5760">
    <p class='ocr_par' dir='ltr' id='par_1_128' title="bbox 1886 5689 3480 5760">
     <span class='ocr_line' id='line_1_130' title="bbox 1886 5689 3480 5760; baseline -0.004 -14"><span class='ocrx_word' id='word_1_867' title='bbox 1886 5692 2029 5746; x_wconf 89' lang='lat' dir='ltr'>latus</span> <span class='ocrx_word' id='word_1_868' title='bbox 2058 5699 2162 5746; x_wconf 92' lang='lat' dir='ltr'>est.</span> <span class='ocrx_word' id='word_1_869' title='bbox 2188 5691 2318 5760; x_wconf 86' lang='lat' dir='ltr'>Ejus</span> <span class='ocrx_word' id='word_1_870' title='bbox 2348 5690 2529 5746; x_wconf 90' lang='lat' dir='ltr'>obitus</span> <span class='ocrx_word' id='word_1_871' title='bbox 2559 5690 2707 5745; x_wconf 84' lang='lat' dir='ltr'>diem</span> <span class='ocrx_word' id='word_1_872' title='bbox 2739 5689 3052 5760; x_wconf 83' lang='lat' dir='ltr'>annumque</span> <span class='ocrx_word' id='word_1_873' title='bbox 3081 5696 3270 5760; x_wconf 86' lang='lat' dir='ltr'>notant</span> <span class='ocrx_word' id='word_1_874' title='bbox 3298 5689 3480 5760; x_wconf 54' lang='lat' dir='ltr'>Ebro:</span> 
     </span>
    </p>
   </div>
   <div class='ocr_carea' id='block_1_129' title="bbox 1888 5755 3481 5832">
    <p class='ocr_par' dir='ltr' id='par_1_129' title="bbox 1888 5755 3481 5832">
     <span class='ocr_line' id='line_1_131' title="bbox 1888 5755 3481 5832; baseline -0.004 -14"><span class='ocrx_word' id='word_1_875' title='bbox 1888 5763 2067 5818; x_wconf 90' lang='lat' dir='ltr'>nicum</span> <span class='ocrx_word' id='word_1_876' title='bbox 2096 5755 2389 5832; x_wconf 83' lang='lat' dir='ltr'>utrumque</span> <span class='ocrx_word' id='word_1_877' title='bbox 2418 5760 2731 5832; x_wconf 76' lang='lat' dir='ltr'>S.Albani,</span> <span class='ocrx_word' id='word_1_878' title='bbox 2756 5755 3156 5832; x_wconf 70' lang='lat' dir='ltr'>Kalendarium</span> <span class='ocrx_word' id='word_1_879' title='bbox 3202 5759 3262 5813; x_wconf 92' lang='lat' dir='ltr'>S.</span> <span class='ocrx_word' id='word_1_880' title='bbox 3295 5755 3481 5832; x_wconf 77' lang='lat' dir='ltr'>§ergii</span> 
     </span>
    </p>
   </div>
   <div class='ocr_carea' id='block_1_130' title="bbox 1891 5828 3489 5889">
    <p class='ocr_par' dir='ltr' id='par_1_130' title="bbox 1891 5828 3489 5889">
     <span class='ocr_line' id='line_1_132' title="bbox 1891 5828 3489 5889; baseline -0.004 -1"><span class='ocrx_word' id='word_1_881' title='bbox 1891 5840 1944 5889; x_wconf 88' lang='lat' dir='ltr'>et</span> <span class='ocrx_word' id='word_1_882' title='bbox 1973 5828 2361 5888; x_wconf 78' lang='lat' dir='ltr'>Kalendariuin</span> <span class='ocrx_word' id='word_1_883' title='bbox 2396 5832 2457 5886; x_wconf 91' lang='lat' dir='ltr'>S.</span> <span class='ocrx_word' id='word_1_884' title='bbox 2488 5831 2734 5887; x_wconf 83' lang='lat' dir='ltr'>Mauricii</span> <span class='ocrx_word' id='word_1_885' title='bbox 2755 5830 2838 5885; x_wconf 90' lang='lat' dir='ltr'>his</span> <span class='ocrx_word' id='word_1_886' title='bbox 2868 5829 3053 5887; x_wconf 88' lang='lat' dir='ltr'>verbis</span> <span class='ocrx_word' id='word_1_887' title='bbox 3076 5849 3095 5884; x_wconf 90' lang='lat'><strong><em>:</em></strong></span> <span class='ocrx_word' id='word_1_888' title='bbox 3114 5843 3256 5885; x_wconf 79' lang='lat' dir='ltr'>xvm</span> <span class='ocrx_word' id='word_1_889' title='bbox 3287 5828 3489 5884; x_wconf 85' lang='lat' dir='ltr'>Kalen-</span> 
     </span>
    </p>
   </div>
   <div class='ocr_carea' id='block_1_131' title="bbox 1893 5899 3491 5972">
    <p class='ocr_par' dir='ltr' id='par_1_131' title="bbox 1893 5899 3491 5972">
     <span class='ocr_line' id='line_1_133' title="bbox 1893 5899 3491 5972; baseline -0.006 -8"><span class='ocrx_word' id='word_1_890' title='bbox 1893 5905 1993 5964; x_wconf 85' lang='lat' dir='ltr'>das</span> <span class='ocrx_word' id='word_1_891' title='bbox 2014 5906 2142 5962; x_wconf 72' lang='lat' dir='ltr'>Maz&#39;i</span> <span class='ocrx_word' id='word_1_892' title='bbox 2163 5906 2299 5962; x_wconf 82' lang='lat' dir='ltr'>obiit</span> <span class='ocrx_word' id='word_1_893' title='bbox 2327 5903 2497 5962; x_wconf 76' lang='lat' dir='ltr'>Falco</span> <span class='ocrx_word' id='word_1_894' title='bbox 2526 5903 2889 5961; x_wconf 83' lang='lat' dir='ltr'>dulcissimus</span> <span class='ocrx_word' id='word_1_895' title='bbox 2928 5916 3111 5961; x_wconf 86' lang='lat' dir='ltr'>comes</span> <span class='ocrx_word' id='word_1_896' title='bbox 3129 5899 3491 5972; x_wconf 47' lang='lat' dir='ltr'>Andegavcn:</span> 
     </span>
    </p>
   </div>
  </div>
