3910 6456
584 441 689 496 207

1597 435 1929 494 GOFFRIDI
1959 436 2245 495 ABBATIS
2277 437 2822 496 VINDOCINENSIS

3766 447 3856 497 208

582 564 769 620 debuit
795 563 1066 631 honorari,
1097 563 1244 619 tiliali
1264 561 1548 619 dilectione
1576 563 1842 618 honorare
1897 579 2009 618 non
2065 571 2174 618 stu-
2200 564 2256 626 Α
2283 563 2408 620 licet
2435 563 2662 638 indigni,
2694 565 2834 623 servi
2860 581 3064 634 sumus,
3097 564 3165 621 ad
3196 566 3525 622 tracundiam
3546 583 3655 623 non
3673 569 3856 624 medie

579 653 728 723 deas,
761 660 815 708 et
841 661 1042 708 naturae
1065 653 1190 722 jura
1217 667 1558 719 conservans,
1593 659 1640 706 te
1665 653 1782 723 ejus
1811 651 1976 707 fuisse
2007 653 2169 722 261

577 742 766 810 ﬁliam,
796 741 930 797 sicut
956 742 1216 797 veraciter
1249 741 1412 809 fuisti,
1473 739 1670 796 debitis
1725 740 2007 796 beneﬁciis
2066 757 2177 796 non

580 831 847 886 ostendas.
881 829 1045 897 Olim,
1079 837 1132 884 et
1161 829 1217 884 in
1246 829 1412 885 veteri
1443 829 1564 901 lege
1609 835 1662 884 et
1716 829 1772 883 in
1828 845 1988 898 nova,
2043 829 2174 884 reli-

577 920 716 992 giosi
747 927 800 974 et
825 919 974 974 omni
1023 917 1182 973 laude
1229 925 1283 972 et
1339 917 1603 972 memoria
1662 916 1815 990 digni
1900 919 2177 988 principes

577 1009 888 1063 exstiterunt
917 1007 1006 1078 qui
1047 1006 1184 1076 loca,
1243 1007 1335 1061 ubi
1393 1014 1607 1077 patrum
1670 1022 1888 1062 suorum
1947 1022 2177 1077 corpora

575 1098 782 1168 sepulta
809 1095 1068 1164 sciebant,
1100 1111 1317 1166 semper
1367 1095 1584 1151 charius
1629 1094 1939 1168 diligentes,
1997 1104 2056 1150 ut
2109 1111 2174 1150 ea

574 1191 722 1243 vario
779 1192 1214 1242 ornamentorum
1266 1200 1468 1256 genere
1520 1183 1840 1240 decorarent
1887 1191 1940 1238 et
1995 1183 2174 1238 multi-

570 1273 747 1329 modis
800 1271 1230 1343 possessionibus
1302 1271 1608 1342 dilatarent,
1690 1279 1800 1326 tota
1866 1271 2163 1326 intentione

567 1362 871 1419 studebant.
912 1363 1042 1431 Nos,
1101 1375 1238 1432 quos
1294 1361 1382 1416 ille
1447 1362 1530 1417 vir
1596 1360 1700 1432 piae
1771 1359 2168 1416 recordationis

570 1469 669 1509 nec
693 1468 856 1508 carne
888 1450 1096 1524 genuit,
1126 1466 1226 1506 nec
1255 1465 1483 1522 magnas
1510 1449 1748 1518 divitias,
1776 1464 1878 1504 nec
1933 1448 2168 1518 aliquam

569 1541 728 1598 nobis
754 1540 1152 1612 possessionem
1184 1538 1419 1609 reliquit,
1453 1537 1760 1606 ecclesiam,
1805 1537 1861 1592 in
1915 1553 2021 1608 qua
2075 1553 2168 1591 se-

567 1631 748 1704 pultus
777 1637 874 1698 est,
905 1645 1008 1700 pro
1039 1628 1131 1684 illo
1162 1628 1441 1700 diligimus
1480 1627 1657 1700 magis
1711 1634 1765 1682 et
1819 1627 2166 1694 honoramus,

567 1728 623 1778 et
651 1735 937 1775 numerum
967 1719 1358 1776 monachorum
1390 1716 1480 1787 qui
1519 1716 1576 1771 in
1622 1732 1688 1771 ea
1727 1714 1990 1771 sacriﬁcia
2035 1731 2166 1786 pre-

567 1811 726 1877 tiosa,
757 1808 932 1878 pretia
961 1806 1165 1863 scilicet
1193 1806 1388 1860 animae
1417 1821 1547 1873 suae,
1579 1805 1694 1860 Deo
1741 1803 1978 1874 quotidie
2025 1801 2164 1859 olfe-

2286 653 2448 708 criter
2473 654 2798 722 provocasti.
2816 655 2929 710 Nos
2943 661 3122 709 autem
3153 655 3244 709 diu
3266 661 3318 710 te
3331 655 3459 711 satis
3484 657 3854 727 patienterpor-

2285 741 2536 810 tavimus,
2568 759 2728 812 quem
2758 743 2826 798 de
2855 742 3014 797 tantis
3049 743 3206 798 malis
3261 751 3500 799 acturum
3552 745 3852 816 quandoque

2285 831 2656 902 pmnitentiam
2686 831 3057 900 sperabamus.
3082 831 3188 887 Sed
3219 832 3344 902 quia
3382 833 3660 904 prateritis
3713 835 3850 888 malis

2283 935 2425 975 nova
2453 919 2700 989 quaedam
2721 921 2910 990 pejora
2937 919 3208 989 prioribus
3236 919 3432 976 addere
3461 936 3568 976 non
3628 922 3847 986 timuisti,

2282 1023 2539 1079 rogamus
2566 1016 2633 1074 te,
2665 1008 2801 1062 sicut
2830 1007 3202 1063 charissimum
3221 1017 3480 1079 nostrum,
3505 1017 3563 1064 ut
3581 1010 3718 1080 quod
3735 1025 3848 1064 con-

2284 1103 2362 1151 tra
2391 1111 2490 1150 nos
2511 1095 2691 1150 illicite
2720 1096 3054 1163 commisisti,
3088 1097 3376 1152 emendare
3399 1097 3634 1166 festines,
3655 1107 3845 1168 etprae-

2281 1183 2405 1239 dam
2435 1185 2669 1254 quietam
2680 1184 2916 1238 dimittas
2937 1187 2956 1251 (
2963 1186 3086 1252 369)
3109 1201 3267 1255 quam
3290 1185 3653 1256 cepisti.Quod
3675 1187 3715 1241 si
3733 1203 3848 1242 con-

2279 1273 2399 1328 silio
2429 1279 2611 1328 nostro
2641 1273 2979 1342 acquiescere
3010 1274 3263 1342 nolueris,
3313 1275 3606 1329 verendum
3644 1275 3734 1329 tibi
3777 1285 3848 1329 est

2278 1378 2345 1416 ne
2377 1369 2486 1417 tota
2517 1369 2654 1417 terra
2685 1369 2774 1416 tua
2803 1363 2896 1417 tali
2929 1361 3209 1418 interdicto
3261 1362 3481 1418 feriatur
3532 1363 3672 1433 quod
3721 1364 3846 1419 solvi

2277 1450 2533 1520 deinceps
2569 1466 2677 1505 non
2710 1450 2882 1520 possit
2910 1450 3024 1504 sine
3072 1451 3380 1522 apostolica:
3435 1450 3574 1506 sedis
3624 1451 3844 1520 licentia,

2277 1539 2430 1610 cujus
2441 1539 2698 1594 allodium
2713 1539 3112 1595 Vindocinense
3123 1539 3430 1595 omnobium
3459 1557 3576 1596 esse
3591 1540 3848 1612 dignosci-

2275 1634 2376 1682 tur.
2437 1629 2661 1698 Insuper
2705 1628 2866 1684 etiam
2928 1627 2983 1682 in
3040 1628 3231 1684 eodem
3284 1629 3623 1698 monasterio,
3680 1637 3731 1684 et
3796 1631 3845 1683 in

2275 1715 2524 1770 omnibus
2553 1715 2795 1770 ecclesiis
2823 1730 2944 1785 quae
2972 1715 3041 1770 ad
3098 1715 3413 1787 praedictum
3469 1716 3642 1772 locum
3695 1718 3848 1787 perti-

2273 1811 2420 1873 nent,
2453 1820 2552 1874 per
2569 1803 2812 1876 singulos
2857 1803 2974 1858 dies
3028 1811 3151 1858 ante
3201 1805 3610 1860 sacratissimum
3663 1820 3849 1874 corpus

563 1905 704 1968 rant,
739 1901 1170 1969 augmentantes,
1201 1894 1270 1950 de
1297 1894 1458 1949 rebus
1485 1893 1718 1948 abbatiae
1745 1899 1940 1980 nostra;
1983 1891 2165 1946 maxi-
2192 1919 2246 1980 Β
2275 1900 2328 1946 et
2373 1892 2692 1965 sanguinem
2745 1892 2960 1948 Domini
3017 1893 3183 1948 nostri
3230 1893 3352 1948 Iesu
3420 1893 3609 1948 Christi
3655 1893 3720 1949 de
3801 1902 3847 1948 te

565 1999 712 2038 mam
744 1987 974 2052 partem,
1006 1979 1150 2034 unde
1179 1979 1255 2034 ibi
1284 1979 1468 2036 vivere
1523 1978 1758 2044 valeant,
1817 1976 1896 2032 eis
1947 1976 2168 2031 contuli-

561 2088 700 2127 mus.
735 2071 844 2125 Has
873 2085 972 2141 pro
999 2076 1154 2139 patre
1193 2075 1304 2137 tuo,
1337 2067 1427 2138 qui
1481 2066 1766 2122 defunctus
1811 2073 1892 2119 est
1945 2064 2162 2132 saeculo,

563 2160 770 2216 utinam
800 2159 915 2214 Deo
945 2157 1094 2214 vivat
1125 2156 1137 2210 ι
1174 2156 1268 2211 tibi
1325 2155 1630 2226 specialiter
1683 2155 1886 2209 litteras
1940 2152 2163 2222 scripsi-

561 2265 702 2316 mus,
735 2248 862 2318 quia
890 2245 993 2300 nisi
1026 2252 1080 2300 tu
1107 2245 1223 2300 sola
1250 2245 1420 2314 patris
1449 2243 1522 2298 tui
1553 2243 1748 2300 anime
1779 2243 1952 2298 haeres
1992 2241 2161 2296 exsti-

563 2337 706 2405 teris,
739 2335 829 2406 qui
859 2335 977 2404 ejus
1029 2335 1205 2390 haares
1259 2333 1454 2388 existat
1508 2332 1672 2386 alium
1729 2331 1798 2385 de
1849 2346 1948 2386 sua
2002 2346 2161 2385 carne

559 2425 806 2499 genitum
838 2423 908 2478 ad
935 2437 1174 2492 praesens
1201 2420 1444 2476 invenire
1473 2435 1582 2475 non
1610 2419 1824 2490 poterit.
1856 2420 1990 2473 Cum
2030 2433 2161 2475 vero

564 2527 776 2568 memor
803 2517 1044 2580 paterna
1071 2509 1257 2564 salutis
1285 2509 1405 2563 aliis
1432 2515 1538 2564 tuae
1567 2507 1840 2562 charitatis
1887 2506 2160 2578 expande-

561 2602 636 2656 ris
665 2600 864 2668 sinum,
897 2605 1082 2654 contra
1111 2598 1310 2664 locum,
1359 2596 1414 2650 in
1471 2611 1579 2666 quo
1627 2602 1748 2649 tuus
1799 2601 1954 2664 pater
2007 2610 2160 2665 egre-

561 2691 684 2762 gius
713 2689 966 2758 princeps
997 2701 1223 2756 corpore
1257 2687 1422 2756 jacet,
1475 2685 1622 2739 nulla
1665 2685 1948 2740 occasione
1997 2683 2158 2738 dein-

557 2794 688 2848 ceps
715 2776 993 2833 contineas
1039 2775 1298 2830 clausum.
1359 2773 1536 2829 Vale:
1598 2780 1650 2828 et
1703 2789 1864 2843 parce
1921 2772 2073 2840 mihi,
2114 2772 2156 2826 si

558 2867 702 2922 male
730 2867 938 2921 locutus
963 2880 1080 2920 sum
1114 2878 1128 2934 ;
1161 2864 1206 2918 si
1237 2863 1397 2931 bene,
1431 2862 1732 2933 acquiesce.

974 3013 1140 3083 252
1175 3011 1511 3068 EPISTOLA
1549 3010 1723 3066 xxv.

557 3121 836 3195 Goﬁ‘ridus
871 3119 1297 3178 Vindocinensis
1317 3117 1656 3174 monasterii
1681 3117 1919 3174 humilis
1965 3117 2154 3187 abbas,

621 3209 900 3269 Adelardo
928 3210 995 3266 de
1041 3207 1495 3278 Castrogunterii
1530 3207 1703 3277 (368),
1733 3207 2001 3264 timorem
2043 3208 2154 3265 Do—

619 3299 770 3356 mini
799 3299 1020 3372 pariter
1043 3301 1104 3354 et
1121 3313 1396 3357 amorem.

618 3423 784 3480 Multa
812 3423 956 3478 mala
985 3420 1142 3478 nobis
1164 3419 1358 3490 fecisti,
1390 3427 1444 3475 et
1472 3420 1643 3475 Deum
1675 3419 1732 3474 in
1761 3417 1939 3489 nobis,
1973 3421 2144 3490 cujus,

553 3595 655 3664 sis,
689 3610 862 3668 nepos
885 3592 1116 3664 Goﬁridi
1132 3591 1341 3666 prioris
1363 3591 1627 3648 Martelli.
1653 3591 1950 3662 Sepultum
1969 3591 2146 3648 locum

557 3683 666 3722 non
702 3666 934 3720 tradunt.

627 3735 1117 3808 Sepultumifuisse
1173 3733 1230 3788 in
1286 3733 1514 3808 ecclesia
1527 3733 1834 3808 _prior_atus
1885 3733 2142 3808 Andega-

553 3805 731 3866 vensis
761 3808 817 3864 S.
852 3807 1142 3873 Trinitatis,
1172 3821 1268 3876 ex
1326 3805 1468 3858 illius
1525 3805 1778 3876 Ecclesia:
1831 3805 2144 3876 necrologio

553 3879 758 3935 notavit
785 3880 847 3934 V.
907 3878 970 3934 C.
1027 3875 1272 3949 .‘Egidius
1325 3875 1606 3946 Menagius
1659 3875 1715 3929 in
1769 3891 1867 3930 sua
1912 3875 2145 3931 Historia

552 3949 898 4007 Sabloliensi.

623 4024 775 4092 (368)
807 4017 1082 4092 Adelardo
1131 4017 1198 4074 de
1253 4016 1708 4092 Catrogunte‘rii.
1757 4017 1838 4070 Ex
1893 4017 2144 4092 Fulconis

550 4087 736 4148 Narrat
758 4087 971 4159 litteris,
1001 4104 1227 4160 quarum
1257 4089 1466 4160 initium
1495 4087 1835 4160 recitavimus
1861 4087 2018 4160 epist.
2053 4091 2138 4156 11,

552 4169 761 4218 constat
803 4158 962 4216 illum
1011 4158 1240 4215 castrum
1293 4159 1556 4228 Gunterii,
1616 4158 1762 4228 quod
1817 4158 2138 4226 muniverat,

552 4232 815 4288 Rainaldo
844 4231 1055 4286 cuidam
1112 4230 1294 4286 lvonis
1349 4229 1598 4296 donasse,
1657 4245 1816 4300 quem
1874 4231 2138 4299 optimum

554 4305 780 4358 militem
810 4310 985 4360 vocat.
1047 4301 1218 4372 Hujus
1272 4300 1519 4372 Rainaldi
1582 4309 1706 4372 post
1755 4300 1890 4356 alios
1947 4302 2136 4369 heres,

552 4375 816 4443 castrique
853 4372 1104 4428 dominus
1132 4371 1234 4426 fuit
1259 4371 1572 4443 Adelardus,
1604 4371 1674 4426 ad
1727 4387 1886 4441 quem
1943 4371 2140 4440 scripta

553 4447 669 4502 hac
695 4442 940 4514 epistola.
972 4443 1430 4514 Hujusipraaterea
1459 4442 1705 4514 insigner
1727 4450 2138 4514 monumentum

549 4512 806 4572 exstat—in
834 4514 1067 4584 antiquis
1095 4513 1288 4568 tabulis
1316 4512 1624 4584 monasterii
1675 4512 1732 4568 S.
1772 4513 1972 4584 Albini,
2023 4513 2140 4582 qui-

548 4589 652 4643 bus
681 4583 1182 4654 decimam’portus
1233 4584 1313 4639 sui
1372 4585 1429 4639 S.
1488 4583 1683 4639 Albino
1737 4583 2002 4639 concedit.
2045 4586 2138 4640 Eae

546 4674 710 4730 porro
739 4664 863 4718 sunt
881 4655 1190 4727 hujusmodi
1223 4671 1234 4707 :

548 4772 817 4832 Adelardi
855 4771 923 4829 de
947 4770 1149 4827 Castra
1181 4769 1448 4826 Gunterii
1465 4771 1750 4827 concessio
1769 4770 2139 4838 decimarum,

991 4857 1131 4914 quas
1152 4841 1362 4898 obtulit
1383 4841 1442 4897 S.
1473 4840 1694 4897 Albino.

615 4983 636 5010 α
671 4957 964 5014 Rainaldus
985 4955 1402 5028 Andegavorum
1433 4955 1720 5028 episcopus
1749 4954 1954 5011 donum
1993 4957 2138 5027 quod

537 5029 836 5086 Adelardus
863 5025 1267 5099 Castrigunlerii
1299 5025 1550 5082 dominus
1595 5041 1694 5094 per
1744 5042 1964 5099 manum
2001 5025 2136 5099 ino-

539 5111 702 5157 stram
734 5101 792 5156 S.
822 5099 1019 5170 Albino
1045 5097 1116 5152 de
1144 5097 1354 5170 decima
1386 5103 1569 5170 portus
1597 5097 1810 5170 castelli
1845 5097 1928 5152 sui
1984 5098 2131 5170 fecit,

536 5173 726 5228 litteris
754 5169 1010 5226 mandare
1039 5169 1219 5224 curavi
1255 5167 1443 5240 ;quod
1473 5167 1674 5240 factum
1688 5175 1776 5240 est
1799 5169 1900 5224 hoc
1927 5170 2090 5225 modo
2114 5167 2128 5240 ζ

537 5248 690 5298 Anno
721 5240 1108 5298 lncarnationis
1138 5239 1353 5295 Domini
1386 5241 1542 5306 1123,
1586 5239 1878 5294 indictione
1932 5255 1970 5306 ι,
2027 5239 2132 5296 Kaé-

536 5315 708 5368 [endis
737 5313 930 5380 Martii,
964 5313 1098 5367 feria
1127 5327 1182 5379 v,
1216 5311 1330 5382 ipsa
1359 5310 1560 5365 scilicet
1587 5309 1690 5382 die,
1724 5326 1832 5382 qua
1886 5311 2129 5366 celeber-

536 5385 673 5440 rima
701 5385 760 5437 Β.
796 5383 974 5437 Albini
1003 5381 1316 5437 solemnitas
1344 5382 1540 5452 agitur,
1572 5381 1695 5435 veni
1726 5381 1794 5436 ad
1843 5382 2125 5438 ecclesiam

534 5455 777 5525 ejusdem
809 5455 998 5521 sancti,
1031 5460 1083 5506 et
1113 5461 1308 5525 rogatu
1355 5453 1419 5525 Ι)ἶ
1453 5452 1753 5525 _Har_nelin_i_
1805 5452 2017 5525 abbatis
2072 5461 2126 5508 et

537 5522 922 5580 monachorum
953 5525 1087 5594 ejus,
1145 5522 1268 5578 cum
1314 5523 1494 5594 multis
1549 5522 1842 5578 illustribus
1893 5523 2121 5578 clerico-

532 5611 649 5649 rum
707 5603 764 5648 et
812 5593 1068 5650 laicorum
1123 5595 1367 5663 personis
1415 5593 1693 5665 ingressus
1751 5609 1877 5665 sum,
1932 5609 2118 5648 eorum

531 5666 854 5737 capitulum.
901 5665 1000 5737 Ubi
1056 5665 1279 5720 veniens
1350 5663 1646 5737 Adelardus
1690 5664 2118 5737 Acastrigunterii

529 5734 798 5805 dominus,
828 5736 1097 5791 decimam
1125 5743 1312 5804 portus
1366 5735 1568 5790 castelli
1623 5734 1703 5805 sui
1737 5734 1825 5805 de
1873 5734 2000 5790 vino
2049 5737 2116 5791 de

529 5823 636 5876 qua
663 5807 849 5876 paucis
876 5813 999 5860 ante
1047 5805 1238 5860 diebus
1274 5806 1613 5876 Hamelinum
1661 5804 1914 5876 abbatem
1969 5806 2115 5874 apud

529 5875 803 5932 castellum
859 5892 1036 5943 suum,
1087 5875 1413 5930 concedente
1451 5877 1554 5930 hoc
1616 5875 1870 5930 Mathilde
1946 5893 2112 5931 uxore

525 5963 644 6022 sua,
676 5955 728 6005 et
753 5947 862 6005 ﬁlio
909 5960 1007 6002 suo
1048 5944 1314 6002 Adelardo
1357 5946 1712 6020 revestierat;
1769 5953 1892 6000 tunc
1945 5948 2106 6002 etiam

2274 1980 2566 2036 clamorem
2595 1981 2874 2050 faciemus,
2905 1989 3166 2051 quatenus
3195 1980 3308 2052 ipse
3338 1981 3426 2052 qui
3456 1981 3635 2038 omnia
3658 1991 3844 2051 potest,

2272 2069 2584 2126 violentiam
2617 2077 2782 2138 tuam,
2825 2085 2987 2139 quam
3041 2070 3096 2126 vi
3150 2071 3385 2124 humana
3435 2069 3702 2125 refrenare
3753 2088 3846 2126 nec

2270 2173 2572 2230 possumus,
2604 2174 2704 2212 nec
2725 2157 3004 2226 debemus,
3055 2174 3164 2214 suae
3211 2158 3446 2214 dextera;
3486 2159 3676 2215 virtute
3725 2175 3844 2214 cer-

2269 2245 2445 2317 rigere
2473 2253 2527 2299 et
2553 2245 2826 2299 refrenare
2857 2245 2909 2298 in
2938 2245 3189 2314 praesenti
3235 2237 3504 2318 dignetur,
3552 2262 3619 2300 ne
3673 2246 3848 2302 anima

2271 2341 2360 2388 tua
2387 2334 2441 2388 in
2467 2332 2664 2400 futuro,
2696 2340 2918 2403 propter
2945 2335 3336 2401 hoc,aeternum
3364 2333 3664 2389 incendium
3683 2335 3847 2404 patia-

2268 2429 2370 2476 tur.
2405 2423 2554 2476 Vale.

2661 2569 2826 2638 263
2864 2568 3198 2624 EPISTOLA
3236 2570 3413 2623 XXVI
3427 2609 3440 2622 .

2269 2672 2551 2747 Goﬁridus
2586 2675 3008 2732 Vindocinensis
3034 2675 3367 2732 monasterii
3391 2674 3574 2745 abbas,
3609 2673 3848 2746 ϐοῇνὶάο

2620 2762 2686 2819 de
2717 2763 2992 2820 Meduana
3011 2766 3181 2835 (370),
3213 2764 3476 2821 salutem.

2337 2898 2397 2949 ln
2427 2895 2675 2967 praesenti
2705 2897 2815 2951 vita
2844 2896 3060 2966 sapiens
3088 2905 3146 2951 ut
3165 2897 3306 2952 mala
3338 2912 3526 2970 ageres
3551 2894 3640 2950 diu
3671 2895 3844 2964 fuisti;

2263 2983 2404 3039 bene
2429 2993 2608 3039 autem
2638 3001 2802 3056 agere
2832 2985 2923 3042 vix
2952 2985 3322 3056 potuisti,quia
3341 2983 3848 3054 noluisti.Quaedam

2263 3079 2445 3128 tamen
2471 3073 2616 3129 bona
2646 3073 2837 3142 fecisti,
2865 3073 2958 3129 sed
2987 3074 3057 3130 ad
3093 3073 3548 3144 comparationem
3585 3071 3850 3128 malorum

2263 3167 2475 3217 tuorum
2504 3177 2677 3232 pauca
2705 3169 2826 3217 sunt
2856 3169 2948 3217 aut
2973 3161 3188 3232 penitus
3211 3162 3376 3218 nulla.
3408 3160 3558 3218 Unde
3595 3168 3646 3216 te
3701 3161 3852 3231 quasi

2184 3277 2234 3340 Ο
2257 3250 2374 3322 jam
2407 3250 2464 3340 in
2493 3251 2683 3340 ultima
2711 3253 2846 3306 hora
2873 3251 3108 3321 positum
3138 3250 3478 3307 admonendo
3507 3250 3750 3318 consulo,
3800 3257 3852 3302 et

2260 3339 2593 3395 consulendo
2615 3338 2904 3409 admoneo,
2937 3346 2995 3394 ut
3023 3339 3167 3396 mala
3195 3355 3359 3409 opera
3387 3355 3505 3410 quas
3532 3338 3698 3411 longo
3719 3345 3852 3393 tem-

2255 3444 2386 3498 pore
2416 3429 2752 3501 perpetrasti,
2787 3429 2974 3485 saltem
3005 3429 3062 3483 in
3114 3427 3218 3483 ﬁne
3270 3427 3555 3484 emendare
3603 3427 3846 3492 festines,

2255 3607 2310 3660 in
2339 3622 2530 3662 manus
2563 3613 2820 3678 nostras,
2851 3606 2906 3678 in
2960 3605 3098 3662 libro
3146 3605 3367 3678 Regulae
3420 3605 3582 3678 misit,
3637 3611 3696 3678 et
3750 3621 3850 3678 per

2253 3693 2354 3732 nos
2383 3677 2746 3748 supradictum
2777 3676 3030 3734 abbatem
3070 3683 3124 3748 et
3172 3676 3464 3732 monachos
3518 3676 3698 3731 Sancti
3744 3677 3844 3730 Al-

2253 3748 2364 3802 bini
2394 3747 2684 3817 revestivit,
2717 3748 2999 3818 ipsumque
3045 3747 3242 3820 librum
3281 3748 3523 3820 Regulae,
3573 3762 3737 3816 quem
3791 3748 3848 3820 in

2253 3836 2444 3874 manus
2464 3835 2611 3874 meas
2655 3817 3112 3888 miseratfsuper
3164 3819 3328 3873 altare
3365 3817 3614 3888 ejusdem
3669 3819 3845 3872 sancti

2253 3890 2460 3946 detulit.
2495 3891 2561 3944 Et
2583 3890 2710 3960 quia
2738 3890 2883 3944 idem
2907 3889 3204 3944 Adelardus
3233 3891 3372 3944 hanc
3428 3890 3842 3960 eleemosynam

2251 3961 2488 4042 benigne
2529 3959 2794 4042 “faciebat,
2853 3960 3020 4042 dedit.
3046 3961 3094 4014 ei
3139 3960 3424 4042 praedictus
3490 3959 3682 4042 abbas;
3743 3960 3847 4013 sub

2250 4027 2468 4086 nomine
2497 4027 2936 4087 charitatis'xxvr
2967 4027 3498 4086 libras—denariorum
3543 4037 3596 4084 et
3647 4027 3846 4084 decem

2250 4103 2470 4170 solidos,
2502 4119 2567 4158 ac
2592 4101 2702 4157 ﬁlio
2730 4103 2848 4173 ejus
2877 4102 3130 4172 quinque.
3163 4104 3223 4156 In
3264 4101 3621 4157 testimonium
3650 4101 3847 4173 _hujus

2249 4173 2610 4229 conoessionis
2662 4171 2998 4228 decrevimus
3029 4171 3142 4227 aut
3184 4181 3405 4242 propter
3466 4171 3842 4228 auctoritatem

2249 4250 2301 4299 et
2330 4245 2697 4300 inviolabilem
2737 4244 2888 4298 istius
2913 4243 2988 4298 rei
3043 4241 3369 4312 ﬁrmitatem,
3421 4250 3478 4298 ut
3529 4250 3713 4298 nostro
3769 4244 3842 4296 si-

2247 4315 2400 4386 gillo,
2423 4323 2475 4370 et
2491 4313 2920 4387 sigilloabbatjs,
2945 4321 3105 4385 atque
3124 4315 3302 4387 sigillo
3322 4313 3560 4387 ejusdem
3581 4312 3838 4387 Ad_elanji

2244 4384 2480 4455 praesens
2545 4384 2762 4457 pagina
2833 4384 3148 4440 ﬁrmaretur.
3177 4384 3196 4387 ⁷
3224 4384 3578 4457 Prmsentibus
3604 4455 3615 4457 _
3644 4384 3841 4438 Petrus

2247 4457 2416 4512 abbas
2445 4457 2503 4512 S.
2535 4455 2794 4529 Georgii,
2810 4457 3001 4529 Daniel
3029 4456 3198 4512 abbas
3215 4456 3276 4529 S.
3335 4455 3514 4529 Mariae
3559 4455 3842 4529 Ebronen-

2245 4529 2335 4595 sis,
2395 4529 2654 4582 Ranullus
2685 4526 2879 4583 'abbas
2931 4528 2994 4583 S.
3059 4527 3248 4596 Mauri,
3308 4536 3361 4582 et
3413 4527 3590 4596 plures
3638 4526 3760 4581 alii.
3811 4550 3832 4573 ω

2245 4599 2342 4655 Hae
2373 4599 2566 4654 tabulae
2595 4599 2843 4654 Adelardi
2876 4615 3100 4654 uxorem
3151 4598 3312 4654 fuisse
3367 4597 3557 4654 docent
3607 4597 3840 4651 Mathil-

2165 4652 2218 4713 D
2247 4652 2624 4738 dammam
2656 4652 2999 4726 mearum;
3027 4652 3222 4724 “mura
3259 4652 3516 4737 fortasse,
3573 4668 3732 4738 cujus
3789 4677 3842 4722 et

2250 4740 2584 4796 Melissendis
2603 4741 2850 4812 conjugis
2873 4741 3074 4812 mentio
3103 4741 3163 4812 in
3196 4740 3516 4812 Kalendario
3562 4738 3618 4812 S.
3673 4740 3840 4812 blan-

2249 4811 2364 4866 ricii
2401 4831 2413 4866 :
2447 4813 2619 4868 Nonis
2647 4809 2899 4880 Augusti
2919 4811 3056 4868 obiit
3073 4811 3396 4868 Adelardus
3425 4809 3688 4867 dominus
3711 4809 3845 4864 Cas-

2251 4883 2604 4956 trigunterii,
2633 4898 2736 4954 pro
2765 4897 2869 4956 quo
2896 4885 3086 4955 facere
3114 4883 3392 4948 debemus,
3417 4885 3842 4956 quantumyro

2247 4951 2365 5012 una
2384 4951 3168 5026 episcOpo‘i-um'gnostrorum.
3220 4951 3647 5026 angﬁ'alepd.
3698 4951 3837 5026 Sep:

2247 5026 2496 5091 tembris,
2555 5022 2691 5080 obiit
2733 5025 3064 5081 Mitlisendis
3112 5040 3262 5082 uxor
3307 5022 3571 5080 Adelardi
3609 5022 3842 5080 domini

2247 5095 2710 5168 Castrigunterii.

2313 5165 2461 5235 (369‘)
2501 5167 2758 5222 Prtedam
2786 5167 3038 5235 quietam
3059 5165 3338 5222 dimittas.
3363 5165 3512 5234 Epist
3541 5167 3624 5218 11.

2310 5241 2460 5306 (370)
2496 5237 2736 5306 Goﬂ'rido
2764 5235 2832 5293 de
2858 5238 3150 5294 Meduana.
3183 5236 3445 5292 Meduana
3481 5235 3838 5291 Cenomanici

2237 5309 2365 5380 pagi
2414 5306 2696 5380 oppidum,
2749 5309 2817 5363 ad
2872 5308 3093 5363 fluvium
3153 5306 3843 5380 cognominemtflucatus

2236 5379 2398 5434 hodie
2428 5377 2633 5434 titulum
2665 5380 2823 5450 gerit.
2856 5380 3005 5450 Facit
3024 5387 3200 5434 autem
3226 5377 3448 5434 Gotfridi
3476 5377 3544 5450 de
3562 5378 3844 5432 Meduana

2232 5457 2381 5521 aetas,
2415 5467 2595 5521 quam,
2636 5448 2818 5506 noster
2879 5448 3126 5504 affectam
3183 5457 3343 5520 atque
3400 5449 3561 5521 annis
3597 5465 3840 5521 gravem

2231 5519 2394 5594 fuisse
2426 5519 2713 5594 Signiﬁcat,
2746 5529 2804 5576 ut
2825 5521 2972 5594 illum
3004 5521 3179 5594 ipsum
3211 5519 3326 5575 esSe
3375 5519 3688 5594 conjiciunt,
3749 5522 3842 5590 qui

2227 5607 2327 5659 pro
2358 5591 2793 5648 Cenomanorum
2824 5591 3070 5646 libertate
3099 5591 3353 5648 adversus
3402 5592 3841 5654 Northmnnnos,

2227 5678 2523 5734 eorumque
2555 5663 2854 5734 principem
2905 5662 3392 5734 Guillelmumwdiu
3437 5663 3759 5734 pugnavig
3789 5671 3842 5715 ut

2225 5741 2405 5788 narrat
2436 5732 2574 5788 inter
2612 5732 2833 5790 caeteros
2889 5733 3174 5789 Ordericus
3229 5732 3433 5796 Vitalis,
3484 5732 3575 5802 qui
3613 5733 3836 5790 Goﬁ'ri—

2223 5803 2351 5858 dum
2433 5805 2851 5860 Moduanensem
2936 5803 3282 5859 fortissimum
3386 5804 3835 5861 Cenomanorum

2221 5875 2457 5945 appelat,
2493 5875 2590 5930 lib.
2619 5892 2677 5932 IV
2705 5874 2955 5932 Historia:
2984 5874 3375 5931 ecclesiasticas.
