3910 6420
164 432 274 485 209

1472 424 1843 481 EPISTOLE.
1873 454 1943 463 —
1966 423 2092 478 LIB.
2120 424 2182 477 ν.

3366 421 3470 475 210

165 567 238 607 ne
269 566 392 607 curn
419 556 593 606 morte
624 549 872 622 corporis
903 549 1068 606 etiam
1126 549 1182 605 in
1238 547 1422 604 anima
1468 547 1749 603 moriaris.
1788 549 1842 609 A
1872 555 2072 620 quanta
2115 545 2410 616 tribulatio,
2457 554 2659 618 quanta
2712 543 2954 613 miseria,
3015 550 3247 617 quantus
3303 559 3468 615 super

162 638 468 695 Residuum
499 639 620 694 vitae
650 647 772 704 tuae,
817 639 964 710 quod
995 639 1268 694 modicum
1298 645 1399 704 est,
1460 635 1763 692 certissime

161 728 332 795 scias,
366 742 630 784 conserva
651 727 884 784 vivendo
903 729 1040 794 Deo,
1072 726 1312 782 Creatori
1329 731 1382 782 et
1408 725 1762 796 Redemptori

160 824 280 883 tuo,
313 817 440 888 quia
469 816 731 887 quidquid
763 817 866 872 huc
899 833 1070 887 usque
1102 815 1297 881 vixisti,
1334 823 1504 871 totum
1517 822 1606 869 aut
1621 830 1762 886 pene

160 912 340 960 totum
361 904 539 960 vixisti
569 904 789 960 saeculo.
813 905 1057 960 Praeveni
1088 904 1258 976 igitur
1288 911 1514 975 peccata
1544 911 1656 968 tua,
1692 919 1760 958 ne

160 992 289 1062 ipsa
319 1000 369 1047 te
391 993 748 1063 praeveniunt.
788 995 831 1047 A
864 993 1060 1064 quibus
1084 994 1130 1048 si
1162 1001 1309 1048 sorte
1340 992 1582 1058 sinistra,
1614 992 1758 1064 quod

159 1081 308 1134 absit
339 1080 350 1134 l
383 1087 701 1151 praeventus
733 1081 919 1148 fueris,
981 1081 1147 1137 credo
1178 1081 1442 1138 veraciter
1501 1081 1759 1152 quoniam

156 1185 328 1240 poena
355 1177 449 1223 tua
479 1169 592 1224 fine
623 1169 854 1225 carebit.
891 1171 1117 1226 Peccata
1149 1170 1347 1242 quippe
1375 1185 1474 1225 sua
1522 1169 1758 1242 quisque

155 1257 448 1328 praevenit,
471 1257 686 1328 quando
714 1257 858 1312 mala
902 1275 1027 1329 quae
1056 1257 1201 1326 fecit,
1259 1265 1312 1312 et
1341 1257 1520 1313 adhuc
1577 1257 1756 1313 facere

157 1353 363 1416 potest,
424 1346 744 1416 paenitendo
807 1346 1028 1402 deserit.
1081 1346 1188 1402 Sed
1247 1349 1377 1401 tunc
1432 1362 1461 1398 a
1516 1345 1756 1416 peccatis

157 1433 517 1504 praevenitur,
549 1449 672 1490 cum
695 1435 811 1503 jam
866 1434 1008 1489 mala
1046 1449 1216 1506 agere
1275 1443 1511 1506 urgente
1566 1434 1754 1490 mortis

158 1521 490 1577 necessitate
536 1537 646 1578 non
701 1523 915 1578 sinitur.
952 1523 1102 1590 Vale,
1164 1531 1217 1578 et
1274 1522 1506 1579 consilio
1559 1530 1753 1579 nostro

158 1610 470 1681 acquiesce.

561 1738 726 1806 264
770 1735 1108 1793 EPISTOLA
1147 1737 1376 1791 XXVII.

164 1850 450 1920 Go/fridus
475 1852 899 1907 lv’indocincnsis
929 1853 1267 1908 monasterii
1291 1853 1604 1908 amicorum
1625 1869 1748 1908 ser—

233 1957 353 2006 vus,
384 1941 654 1996 Rainaldo
695 1941 1022 1996 dulcissimo
1044 1942 1462 2012 consanguineo
1486 1941 1748 2012 (37l)suo

230 2032 286 2083 et
313 2031 495 2084 amico
521 2029 904 2101 prcecordiali,
930 2030 1010 2085 sic
1039 2029 1320 2101 possidere
1341 2031 1670 2102 temporalia
1683 2033 1746 2084 ut

228 2132 346 2171 non
370 2118 608 2172 amittat
638 2125 880 2173 aeterna.

233 2221 459 2277 Pietatis
501 2221 718 2278 divinim
747 2223 833 2293 pia
889 2223 1125 2296 flagella,
1157 2241 1279 2296 quae
1336 2225 1440 2279 hoc
1498 2224 1552 2278 in
1600 2238 1746 2280 anno

153 2326 326 2381 super
356 2327 450 2366 vos
471 2319 753 2377 venerunt,
785 2321 1023 2368 mentem
1054 2321 1293 2368 vestram
1351 2313 1509 2368 valde
1539 2320 1744 2368 terrere

148 2399 495 2465 debuissent,
527 2407 580 2455 et
609 2401 680 2454 ab
709 2400 793 2454 his
826 2415 945 2471 qua:
973 2409 1164 2457 contra
1193 2401 1366 2456 Deum
1391 2399 1579 2472 egistis
1595 2401 1741 2456 velo-

148 2488 273 2543 cius
302 2503 588 2544 revocare.
629 2489 713 2542 Ah
739 2489 846 2544 hoc
895 2489 1060 2557 enim,
1081 2497 1137 2544 ut
1165 2489 1456 2555 credimus,
1516 2490 1676 2545 vobis
1710 2505 1744 2545 a

147 2577 269 2632 Deo
299 2575 732 2632 misericorditer
773 2577 975 2633 collata
1004 2577 1234 2642 fuerunt,
1265 2586 1322 2633 ut
1377 2579 1470 2650 qui
1499 2579 1556 2632 in
1584 2577 1742 2634 inco-

143 2664 393 2720 lumitate
443 2665 688 2736 corporis
749 2665 1024 2721 voluntate
1076 2667 1248 2722 Deum
1279 2683 1526 2738 quaerere
1581 2665 1740 2722 diffe-

144 2752 378 2819 rebatis,
437 2754 760 2810 necessitate
818 2754 1008 2810 saltem
1052 2755 1246 2811 timore
1299 2770 1365 2811 ac
1424 2755 1492 2811 de
1541 2754 1741 2812 illicitis

141 2840 406 2911 operibus
436 2841 630 2897 vestris
652 2842 966 2898 satisfacere
997 2842 1353 2900 festinaretis.
1413 2845 1526 2900 Hoc
1577 2844 1738 2900 etiam

144 2929 310 2984 nobis
340 2929 689 3001 promisistis,
723 2932 939 3004 quando
963 2931 1443 2989 novissimelocuti
1460 2933 1738 2988 vobiscum

143 3016 367 3084 fuimus,
420 3018 566 3089 quod
621 3019 743 3074 vitae
792 3027 986 3076 vestra:
1037 3020 1480 3076 emendationem
1532 3020 1633 3076 Dei
1687 3028 1740 3076 et

142 3113 341 3162 nostro
396 3107 630 3163 consilio
687 3109 998 3164 sumeretis.
1053 3109 1262 3180 Opera,
1314 3127 1436 3181 quae
1476 3109 1739 3181 deinceps

141 3195 353 3250 fecistis
424 3195 511 3252 vel
592 3195 784 3263 facitis,
839 3197 1162 3270 ignoramus
1193 3213 1206 3269 ;
1237 3198 1334 3255 sed
1389 3199 1435 3252 si
1492 3197 1737 3270 piissimo

145 3283 499 3354 Redemptori
521 3292 706 3340 nostro
754 3264 1027 3342 contraria
1056 3264 1308 3357 existunt,
1342 3303 1450 3342 non
1492 3264 1736 3358 parvum
1767 3264 1816 3326 Ο

141 3371 389 3426 dolorem
417 3374 488 3426 ob
524 3373 629 3429 hoc
682 3375 1038 3431 sustinemus.
1096 3375 1333 3442 Utinam,
1391 3376 1730 3443 charissime,

140 3459 360 3516 assidue
408 3461 761 3532 cogitaveris,
795 3471 996 3534 quanta
1054 3465 1107 3519 in
1139 3465 1230 3520 die
1253 3464 1445 3534 judicii
1494 3463 1730 3531 tristitia,

216 3652 365 3720 (371)
395 3653 668 3708 Rcinatdo
696 3655 1138 3724 consanguineo.
1180 3653 1408 3710 Domino
1445 3654 1728 3722 Credonis,

144 3730 204 3777 ut
225 3724 507 3793 sequentia
526 3724 821 3789 declarant,
859 3732 910 3779 et
940 3725 1212 3780 Elenchus
1251 3726 1681 3782 Cenomanensis
1714 3745 1726 3793 ;

143 3793 289 3868 idem
319 3794 411 3868 qui
467 3795 615 3849 Ilotae
642 3794 697 3848 in
727 3795 1292 3868 pagoiiAndegavensi
1345 3796 1728 3868 monasterium

144 3864 390 3924 fundavit
462 3879 606 3920 anno
667 3864 823 3920 1096ῖ
876 3864 1259 3935 ΗυῙυεἾίιίιιε
1307 3866 1598 3922 Mauricius
1661 3867 1730 3924 de

145 3935 421 4008 Credone,
458 3951 624 4008 quem
651 3952 819 4008 suum,
869 3937 1026 3991 etiam
1081 3937 1543 4008 consanguineum
1572 3937 1725 4003 dixit,

144 4005 304 4075 epist.
339 4010 406 4060 15
481 4005 938 4072 Credonensium,
991 4005 1331 4063 dominorum
1362 4007 1579 4064 familiae
1635 4008 1727 4064 illo

143 4075 346 4150 smculo
374 4076 506 4150 duae
524 4077 771 4150 fuerunt.
809 4079 976 4150 Prior,
1001 4094 1162 4150 quam
1177 4079 1507 4150 clauserunt
1524 4079 1726 4134 Suhar—

142 4147 243 4221 gius
271 4147 340 4201 de
371 4147 619 4221 Credone
649 4157 702 4203 et
733 4147 1149 4221 Guarinus'ejus
1165 4148 1328 4217 ﬁlius,
1350 4150 1441 4221 qui
1473 4150 1726 4206 Fulconis

141 4217 335 4290 Narra:
354 4217 568 4290 comitis
601 4219 935 4288 temporibus
952 4217 1199 4275 Credone
1215 4217 1726 4290 potiti'sunt.Poste-

143 4287 302 4361 rioris
331 4297 505 4361 caput
523 4287 794 4361 Robertus
810 4291 1144 4361 Burgundio,
1177 4287 1264 4346 cui
1282 4289 1560 4346 Goﬂ'ridus
1581 4293 1726 4346 Mar-

143 4357 300 4412 tellus
329 4357 539 4432 Nerrae_
571 4360 653 4432 F.,
687 4357 1241 4432 castrum'Credo'nis,
1291 4363 1438 4432 quod
1489 4370 1618 4418 tunc
1671 4363 1725 4417 in

140 4444 299 4482 manu
331 4445 426 4483 sua
455 4429 896 4487 indominicatum
929 4429 1392 4498 habebat,iterato
1421 4433 1715 4488 concessit.

141 4499 360 4554 Roberti
391 4501 546 4568 hujus
570 4501 713 4556 filius
743 4510 796 4557 et
832 4503 1006 4558 haeres
1030 4502 1127 4557 fuit
1156 4503 1448 4558 Rainaldus
1502 4504 1570 4559 de
1599 4519 1722 4559 cre-

145 4571 304 4633 done,
337 4571 628 4627 Mauricius
673 4587 825 4639 vero,
876 4573 1124 4628 Rainaldi
1157 4591 1170 4637 ;
1205 4573 1484 4629 Goﬂ‘ridus
1532 4575 1718 4645 abbas,

145 4640 415 4681 nlrincmto
443 4643 882 4681 nnnennnninmm
1750 4622 1802 4681 D

141 4640 430 4714 utriusque,
443 4643 883 4714 consanguineus
896 4682 909 4694 .

212 4714 358 4781 (372)
390 4712 1121 4770 Honorem'Credonensem.
1156 4715 1214 4770 Id
1246 4721 1326 4771 est
1385 4715 1712 4771 dominium.

141 4783 325 4856 Honor
375 4798 476 4856 pro
533 4783 735 4856 ditione
768 4800 830 4856 ac
859 4785 1097 4840 dominio
1134 4786 1335 4856 passim
1363 4785 1416 4840 in
1448 4787 1562 4855 ejus
1616 4788 1721 4842 aevi

139 4852 502 4932 monimentis.
531 4854 781 4932 _V_i_dimus
818 4855 872 4908 in
902 4852 1176 4932 perciopé_
1198 4852 1556 4932 Fundationis
1586 4858 1719 4932 Vin-

139 4923 450 4996 docinensis
481 4924 546 4996 ad
578 4925 678 4979 lib.
720 4940 794 4992 IV,
829 4923 994 4996 epist.
1032 4923 1122 4980 4t}.
1155 4928 1303 4982 Idem
1352 4928 1634 4983 Martellus
1665 4929 1721 4983 in

141 4993 820 5051 FundationeCredonensi
837 5042 846 5051 .
864 4993 1009 5053 Cum
1031 5013 1155 5053 vero
1169 4999 1433 5054 honorem
1455 4997 1719 5055 Credonis

138 5067 200 5118 in
223 5081 398 5119 manu
413 5065 820 5122 dominicatum
841 5069 1250 5134 habui,sanctce
1277 5070 1720 5125 Trinitatiillam

137 5136 903 5211 ecclesiomdediﬂntequam
926 5138 1190 5211 honorem
1216 5141 1443 5211 Roberto
1463 5142 1718 5211 Burgun-

137 5207 292 5260 dioni
311 5206 465 5273 ﬁdeli
478 5223 598 5263 meo
621 5206 1090 5265 dondvissemSic
1110 5211 1287 5264 honor
1306 5206 1722 5266 Vindocinénsis

137 5291 234 5351 pro
261 5276 516 5351 comitatu
546 5277 601 5332 in
647 5277 1112 5351 litterisrejusdem
1167 5280 1418 5344 Martelli,
1455 5298 1592 5351 quas
1646 5282 1716 5336 ad

137 5347 273 5426 epist
301 5347 569 5426 2,.lih._l,
628 5350 1004 5426 produrimus.
1065 5351 1272 5426 Honori
1305 5347 1718 5426 Andegavensis

139 5419 193 5471 in
214 5417 403 5472 litteris
437 5417 687 5474 Fulconis
710 5420 942 5488 junioris
968 5437 1116 5475 anno
1147 5424 1283 5476 1096
1303 5441 1315 5476 :
1335 5426 1444 5478 Pro
1463 5417 1715 5479 'anima-

136 5490 232 5544 bus
249 5491 556 5559 parentum
586 5507 860 5557 meorum,
912 5493 1172 5546 Fulconis
1188 5493 1405 5548 scilicet
1448 5496 1718 5549 avunculi

137 5561 263 5620 mei,
293 5559 523 5630 Go/fridi
562 5563 806 5617 Martelli
832 5565 1029 5634 patrui
1057 5563 1187 5629 mei,
1208 5564 1304 5634 qui
1323 5578 1413 5618 me
1448 5566 1712 5630 nutrivit,

137 5646 233 5701 per
259 5645 420 5702 quem
438 5636 562 5702 post
594 5634 770 5686 Deum
791 5635 940 5688 hunc
973 5634 1236 5689 honorem
1259 5638 1446 5689 teneo.

205 5701 349 5824 $373)
383 5701 642 5772 Rddulfo.
675 5703 1565 5787 Elenchusﬂenomannensis.Ad
1594 5706 1713 5787 lia-

205 5791 210 5822 ;
237 5773 358 5824 fum
387 5771 452 5824 de
469 5774 851 5824 Balaentmco.
884 5789 970 5824 cui
1000 5781 1163 5824 etiam
1196 5775 1383 5824 scribit
1411 5777 1502 5824 Im
1539 5787 1703 5824 enin-

138 5771 358 5848 ciui/uni
387 5771 452 5826 de
469 5771 858 5848 Βιιῑςμίηζὶαεο,Δ
884 5773 970 5828 cui
1000 5774 1163 5848 etiam
1196 5775 1383 5848 scribit
1411 5777 1502 5832 Ivo
1539 5778 1703 5848 epist.

138 5844 256 5920 eis.
279 5841 376 5920 Est
406 5841 585 5920 autem
615 5843 1024 5920 Balgentiacurn
1059 5845 1466 5920 Aurelianensis
1495 5841 1613 5920 agri
1643 5850 1712 5905 ad

140 5912 371 5983 Ligerim
401 5912 906 5985 Oppidum,crehris
936 5916 1028 5988 qui
1056 5916 1112 5971 in
1131 5931 1196 5972 eo
1225 5917 1329 5975 acti
1357 5926 1483 5976 sunt
1503 5912 1712 5990 episco-

1872 652 2065 693 omnes
2096 636 2317 692 dolores
2345 635 2503 691 dolor
2531 635 2636 691 erit
2664 634 2888 701 homini,
2921 634 3012 706 qui
3041 635 3214 690 Deum
3232 632 3459 699 videbit,

1873 742 1975 780 nec
2003 725 2242 790 habebit,
2277 732 2329 780 et
2360 731 2485 779 ante
2539 723 2920 795 Redemptoris
2967 723 3049 778 sui
3108 728 3460 792 conspectum

1870 814 2093 885 peribit.
2133 815 2247 870 Hoc
2260 821 2438 869 autem
2454 829 2620 869 nemo
2634 828 2874 885 unquam
2894 812 2962 867 ad
2983 812 3205 883 plenum
3221 810 3464 882 cogitare

1870 904 2060 974 potuit,
2096 903 2186 975 qui
2219 903 2394 976 magis
2423 902 2622 958 saeculo
2650 917 2815 974 quam
2862 903 2977 957 Deo
3009 901 3236 955 militare
3266 900 3463 955 decre-

1868 990 1962 1047 vit.
1998 993 2155 1047 Nunc
2185 991 2411 1047 forsitan
2442 991 2695 1062 cogitatio
2725 996 2909 1046 vestra
2964 988 3120 1044 vobis
3150 988 3298 1053 dicit,
3359 994 3458 1043 aut

1867 1079 1959 1151 qui
2007 1080 2162 1135 vobis
2217 1079 2501 1135 adulantur
2557 1079 2742 1134 dicunt
2791 1094 2803 1132 :
2866 1077 2921 1133 Si
2977 1077 3227 1132 dominus
3287 1078 3449 1146 265

1864 1177 2053 1224 noster
2083 1167 2390 1224 efficeretur
2403 1169 2731 1235 monachus,
2757 1167 2842 1223 vel
2861 1174 3184 1235 moreretur,
3201 1166 3316 1237 jam
3336 1171 3446 1218 tota

1867 1264 2002 1311 terra
2038 1273 2137 1312 sua
2194 1257 2570 1328 dissiparetur.
2612 1257 2814 1312 Scitote
2843 1255 2968 1328 quia
3009 1254 3203 1310 animae
3260 1260 3455 1309 vestras

1866 1346 2087 1400 minime
2119 1347 2423 1413 consulunt,
2450 1345 2541 1417 qui
2572 1345 2651 1401 sic
2679 1345 2990 1417 loquuntur.
3021 1344 3244 1398 Terram
3285 1341 3451 1408 enim,

1863 1440 1916 1488 et
1953 1433 2219 1505 quidquid
2249 1433 2622 1505 temporaliter
2648 1433 2962 1505 possidetis,
3013 1439 3225 1504 oportet
3255 1447 3354 1488 vos
3385 1431 3454 1485 ad

1861 1537 2126 1591 praesens,
2188 1523 2364 1599 velitis
2419 1521 2619 1589 nolitis,
2696 1521 3031 1593 relinquere.
3099 1520 3206 1576 Sed
3259 1519 3452 1574 animae

1862 1619 2056 1665 vestrae
2114 1610 2274 1666 valde
2319 1612 2423 1666 erit
2468 1611 2820 1677 contrarium,
2872 1610 2918 1664 si
2974 1611 3079 1666 hoc
3125 1608 3449 1665 necessitate

1861 1696 2117 1769 feceritis,
2149 1715 2255 1754 non
2298 1699 2592 1755 voluntate.
2630 1700 2804 1766 Certe,
2849 1698 3228 1763 dilectissime,
3276 1697 3441 1765 Deus,

1860 1787 1948 1857 qui
1961 1787 2317 1858 permisitvos
2334 1789 2596 1843 honorem
2617 1788 3025 1844 Credonensem
3057 1786 3206 1856 (3’72)
3223 1785 3446 1850 habere,

1859 1873 1993 1944 ipse,
2028 1875 2074 1930 si
2103 1875 2380 1942 voluisset,
2415 1877 2673 1932 honorem
2705 1875 2856 1930 illum
2885 1875 3141 1930 conferre
3185 1873 3451 1944 potuisset

1860 1963 2458 2030 Orhandimonoculae,
2510 1979 2700 2036 quam,
2750 1964 2878 2018 dum
2938 1979 3073 2034 puer
3130 1979 3328 2028 essem,
3390 1960 3446 2014 in

1857 2052 2005 2107 curia
2058 2061 2242 2108 vestra
2299 2053 2484 2109 recolo
2539 2068 2628 2107 me
2682 2052 2911 2109 vidisse.
2949 2053 3016 2106 Et
3049 2059 3248 2123 quanto
3287 2050 3448 2121 plura

1856 2140 2010 2195 vobis
2057 2141 2277 2196 dedisse
2353 2143 2529 2197 Deum
2577 2142 2894 2214 agnoscitis,
2961 2147 3109 2196 tanto
3160 2139 3335 2211 magis
3395 2138 3445 2194 ei

1854 2228 2123 2284 obnoxius
2152 2229 2309 2285 estis.
2349 2230 2519 2285 Valde
2549 2231 2716 2285 miser
2741 2237 2957 2298 est,nec
2974 2228 3238 2284 veraciter
3267 2227 3442 2283 credit

1853 2317 1906 2370 in
1940 2319 2136 2386 Deum,
2189 2334 2356 2391 quem
2406 2319 2639 2374 mundus
2694 2326 2820 2373 ante
2872 2317 3070 2372 deserit
3101 2332 3265 2388 quam
3322 2316 3441 2387 ipse

1853 2405 2074 2461 deserat
2103 2407 2385 2461 mundum.
2417 2407 2678 2462 Mundum
2710 2406 2873 2472 enim,
2899 2413 3188 2478 antequam
3205 2405 3322 2475 ipse
3337 2420 3439 2459 nos

1851 2494 2090 2561 deserat,
2122 2495 2450 2566 deserimus,
2495 2511 2619 2550 cum
2668 2495 2746 2548 illi
2801 2501 2992 2566 sponte
3049 2493 3438 2557 renuntiantes,

1850 2582 2111 2654 quidquid
2143 2599 2207 2639 ex
2239 2598 2304 2638 eo
2335 2584 2515 2639 sordis
2559 2583 2646 2639 vel
2675 2581 2917 2637 criminis
2949 2581 3335 2650 contraximus,
3370 2581 3440 2635 ob

1849 2671 1974 2726 vitae
2002 2671 2258 2742 perennis
2287 2687 2527 2728 amorem
2558 2672 2799 2728 odimus.
2829 2671 2938 2726 Sed
2968 2679 3093 2725 tunc
3118 2669 3272 2742 quasi
3288 2667 3442 2740 prior

1848 2760 2084 2815 mundus
2114 2776 2215 2816 nos
2244 2760 2469 2826 deserit,
2531 2777 2650 2815 cum
2681 2761 2734 2814 in
2767 2759 3024 2815 sordibus
3054 2757 3258 2816 nostris
3303 2772 3438 2828 pro—

1849 2851 2045 2904 stratos
2087 2857 2324 2905 extrema
2379 2849 2498 2904 dies
2551 2848 2781 2905 invenit.
2834 2850 2901 2902 Et
2946 2855 3072 2903 tunc
3126 2845 3440 2902 miseranda

1847 2935 2084 2991 hominis
2114 2937 2356 2992 conditio
2407 2937 2598 3008 gemit,
2635 2937 2780 3008 quod
2812 2937 2931 2992 Deo
2987 2935 3194 2991 servire
3243 2935 3434 3001 noluit,

1847 3025 2067 3096 quando
2118 3025 2232 3094 jam
2293 3039 2544 3096 reparare
2593 3041 2702 3080 non
2758 3031 2937 3097 potest
2981 3025 3127 3097 quod
3187 3023 3437 3096 nequiter

1846 3113 1996 3169 vixit.

2177 3248 2340 3316 266
2384 3245 2729 3302 EPISTOLA
2767 3247 3023 3300 XXVIII.

1846 3385 2122 3455 Goffr-idus
2149 3385 2566 3441 I’indocinensis
2587 3382 2924 3441 monasterii
2950 3399 3163 3448 servus,
3184 3382 3434 3438 dilectis-

1912 3475 2052 3530 simo
2083 3475 2306 3531 domino
2336 3491 2436 3532 suo
2465 3478 2520 3530 et
2548 3471 2910 3546 praecor-diali
2937 3475 3118 3530 amico
3139 3471 3291 3543 (373)
3325 3473 3432 3526 Ra-

1841 3682 2049 3746 porum‘
2072 3673 2133 3746 et.
2153 3665 2455 3746 principum
2513 3665 2869 3746 conventibus
2897 3665 3131 3746 celebre.
3175 3662 3426 3744 Nobilem

1839 3735 1915 3791 ibi
1940 3735 2223 3793 ecclesiam
2254 3735 2415 3792 hodie
2432 3753 2646 3807 quoque
2675 3736 2956 3807 possident
2968 3735 3423 3799 Vindocinenses,

1839 3753 1915 3791 lDl
1940 3753 2223 3793 ecctesnam
2254 3753 2415 3792 nocte
2432 3753 2537 3807 quo
2579 3753 2646 3791 ue
2675 3753 2956 3807 possident
2977 3753 3420 3799 vmuocinenses,

1838 3808 1908 3864 de
1940 3823 2048 3880 qua
2081 3808 2330 3880 Urbanus
2367 3753 2610 3863 Goﬁ‘rigo
2662 3807 2748 3861 his
2777 3806 2957 3880 verbis
2987 3825 3000 3860 :
3025 3807 3420 3880 Ecclesiam‘S.

1837 3876 2098 3949 Sepulcrt'
2116 3879 2182 3934 de
2200 3879 2580 3949 Balgentiaco,
2602 3895 2767 3950 quam
2789 3879 2968 3942 ipsius
3000 3877 3184 3950 castri
3201 3876 3426 3950 domino

1837 3948 2141 4005 Lancelino
2161 3948 2390 4022 petente
2420 3948 2744 4022 Raundrius
2777 3950 2833 4022 Ab.
2865 3966 2959 4022 Am.
2995 3948 3427 4022 Aurelianensis

1836 4021 2128 4144 gpiscopus
2161 4017 2576 4092 praedecessori
2597 4024 2692 4076 tuo
2711 4019 2940 4075 Oderico
2957 4023 3226 4144 perpetuo
3243 4017 3425 4089 possi-

1874 4091 2080 4144 endam.
2108 4092 2404 4144 concessit.
2439 4089 2759 4144 Lancelinus
2779 4090 2848 4144 de
2879 4091 2954 4144 Ba
2977 4089 3226 4144 arentiaco
3264 4103 3425 4144 socer

1874 4089 2080 4146 endam
2108 4089 2404 4147 concessit.
2439 4089 2759 4146 Lancelinus
2779 4090 2848 4144 de
2879 4089 3226 4160 Balgentiaco
3264 4103 3425 4160 socer

1837 4160 1930 4216 fuit
1965 4160 2217 4216 Fulconis
2261 4161 2487 4216 Rechini
2543 4161 2776 4225 comitis,
2828 4175 2964 4215 avus
2985 4158 3420 4230 Ermengardis,

1834 4231 1902 4286 de
1932 4231 2265 4302 quadictum
2297 4239 2398 4296 est,
2458 4230 2589 4302 filiae
2616 4231 2883 4302 Fulconis.
2942 4229 3238 4302 Lancelinif
3274 4230 3424 4302 ejus-

1831 4300 1964 4373 deni
1989 4301 2150 4369 ﬁlius,
2210 4303 2423 4373 epinor,
2481 4300 2762 4357 Radulfus.
2797 4300 2976 4370 Quare
3034 4317 3155 4373 quae
3202 4301 3271 4373 de
3305 4300 3419 4355 Ra-

1833 4371 1962 4444 dulfi
2010 4381 2161 4444 patre
2217 4371 2271 4426 in
2320 4374 2422 4428 hac
2472 4373 3025 4444 epistolardicuntur,
3053 4371 3154 4444 ide
3183 4372 3420 4444 HLance-

1831 4441 1950 4514 lino,
1985 4441 2306 4514 accipienda
2363 4441 2522 4498 sunt:
2564 4442 2856 4514 Radulfum
2908 4457 3045 4514 vero
3093 4442 3416 4514 Guillelmus

1832 4513 2023 4584 Tyrius
2053 4512 2193 4569 inter
2221 4513 2526 4584 praecipuos
2556 4513 3060 4583 Hierosolymitanae
3082 4512 3286 4567 militite
3312 4513 3417 4584 du-

1833 4583 1924 4639 ces
1949 4593 2215 4651 numerat,
2238 4585 2338 4638 lib.
2379 4583 2416 4650 ί,
2448 4599 2570 4653 cap,
2591 4586 2674 4638 17.
2707 4585 2973 4639 Eumdem
2991 4599 3115 4640 cum
3145 4583 3418 4638 Amalrico

1831 4655 1900 4710 de
1928 4655 2232 4726 Monteforti
2264 4663 2317 4710 et
2355 4653 2602 4710 Goﬂ'rido
2654 4655 2853 4726 abbate
2881 4654 3350 4726 nostroglegatum
3386 4667 3418 4707 a

1832 4725 2102 4798 Ludovico
2135 4725 2208 4798 Y1,
2233 4741 2369 4798 rege
2400 4726 2623 4798 missum
2651 4725 2888 4798 legimus
2918 4725 2987 4779 ad
3007 4724 3416 4798 Fulconemco-

1831 4796 2014 4850 mitem
2047 4796 2271 4851 Rechini
2301 4797 2359 4851 F.
2389 4796 2460 4851 ad
2502 4795 2936 4866 componendam
2984 4795 3416 4866 controversiam

1830 4868 1899 4921 de
1927 4867 2191 4935 majoratu
2220 4882 2317 4922 seu
2365 4863 2698 4922 senescalcia
2753 4866 3014 4933 Franciaz,
3041 4881 3212 4937 quam
3251 4863 3418 4920 Fulco

1827 4952 2034 5005 proavo
2054 4953 2173 5004 suo,
2207 4939 2548 5008 posterisque
2601 4939 2716 5005 ejus
2748 4936 3106 5008 hereditario,
3134 4942 3191 4991 et
3218 4951 3412 5008 perpe-

1829 5013 1921 5062 tuo
1958 5009 2078 5076 jure
2125 5022 2444 5063 concessam
2467 5007 2761 5063 aRoberto
2808 5023 2940 5077 rege
2970 5007 3214 5077 petebat.
3253 5007 3410 5077 ,Rem

1827 5078 2108 5151 memoriae
2130 5078 2368 5151 prodidit
2395 5080 2554 5151 Hugo
2597 5076 2905 5151 deNCleriis,
2937 5076 3092 5134 miles
3148 5076 3421 5151 Andega-_

1828 5152 2037 5220 vensis,
2071 5147 2330 5220 Fulconis
2357 5157 2412 5204 et
2449 5147 2566 5220 ip'se
2577 5150 2645 5203 ad
2668 5149 2998 5204 Ludovicum
3013 5164 3201 5220 regem
3219 5147 3410 5203 eadem

1826 5219 1894 5272 de
1913 5233 2082 5291 causa
2111 5219 2345 5291 legatus,
2368 5222 2534 5291 cujus
2556 5220 2792 5291 proinde
2817 5219 3100 5291 integrum
3125 5233 3410 5291 commen-

1826 5290 2018 5372 tarium
2049 5289 2320 5372 coronidis
2363 5290 2485 5346 loco
2507 5289 2598 5372 his
2650 5292 2798 5345 notis
2828 5289 3117 5372 apponam,
3181 5299 3236 5372 ut
3273 5289 3409 5372 hinc.

1825 5359 2001 5441 lucem
2031 5361 2314 5441 accipiant,
2340 5377 2460 5432 qua
2489 5362 2556 5441 de
2583 5377 2644 5416 ea
2677 5377 2736 5416 re
2767 5359 3046 5434 ambigere
3092 5377 3156 5416 se
3185 5367 3411 5441 testatus

1825 5442 1905 5484 est
1936 5431 2018 5504 vir
2039 5431 2396 5504 clarissimus,
2427 5440 2508 5504 Aet
2559 5447 2745 5504 rerum
2801 5431 3110 5487 nostrarum
3153 5431 3415 5504 peritissi-

1823 5518 1941 5555 mus
1961 5502 2199 5574 Jgannes
2227 5501 2394 5556 Tilius
2423 5502 2476 5556 in
2507 5503 2860 5558 collectaneis
2887 5505 3020 5569 suis,
3053 5501 3176 5574 capi
3199 5504 3268 5559 de
3296 5517 3418 5574 may

1822 5587 1932 5644 gno
1983 5573 2229 5646 Francia;
2277 5574 2567 5646 magistro.
2632 5574 2772 5646 Ejus
2827 5590 2964 5646 ergo
3017 5571 3414 5639 commentarii,

1823 5659 1983 5713 quem
2007 5659 2039 5696 a
2068 5644 2322 5698 Fulconis
2366 5644 2576 5700 comitis
2617 5645 2800 5700 verbis
2849 5644 3147 5711 exorditur,
3182 5650 3234 5699 in
3266 5653 3410 5700 anti-

1822 5713 1943 5788 quis
1970 5713 2032 5768 S.
2063 5714 2240 5770 Albini
2253 5713 2541 5788 codicibus
2559 5717 2664 5771 hoc
2680 5723 2853 5788 exstat
2883 5717 3213 5788 exemplum.
3256 5715 3412 5778 (Vide

1822 5784 1982 5857 infra
2009 5788 2070 5840 in
2103 5787 2324 5857 Hugone
2354 5802 2426 5840 ne
2456 5787 2697 5853 Cnanns,
2759 5786 2831 5841 ad
2879 5784 3099 5843 annunt
3158 5789 3314 5846 1120.
3346 5817 3414 5828 --

1820 5855 1986 5909 Ευιτ.
2027 5855 2244 5911 ΡΑτιιόι
2257 5860 2303 5925 .)
