3910 6432
490 395 588 451 211
1515 395 1847 453 GOFFRIDI
1886 393 2172 450 ABBATIS
2218 392 2771 450 VINDOCINENSIS
3728 394 3825 447 £12

562 523 744 595 dul/‘o,
768 522 849 579 sic
874 521 1123 579 transire
1150 536 1249 596 per
1272 522 1415 580 bona
1450 523 1783 593 temporalia
1806 525 1869 577 ut
1898 536 2090 577 conse-
2116 522 2169 583 A
2201 518 2485 588 religionis
2513 518 2630 572 sine
2659 516 2958 575 offensione
2989 526 3043 574 et
3063 527 3192 576 nota
3215 520 3456 576 infamia
3476 516 3701 574 mutari
3722 532 3824 571 nos

567 615 782 683 quatur
806 617 1043 668 aeterna.

573 726 788 784 Scimus
818 726 1073 799 quoniam
1118 727 1509 781 monasterium
1555 733 1824 793 nostrum,
1858 725 2004 797 quod
2042 726 2098 780 in

504 816 715 872 honore
748 823 800 871 et
828 816 1047 871 nomine
1076 824 1278 871 sanctae
1308 815 1585 870 Trinitatis
1639 814 1983 871 constitutum
2017 823 2099 870 est

506 905 709 977 pariter
738 912 792 960 et
843 912 1134 970 sacratum,
1195 910 1309 961 toto
1366 905 1534 960 corde
1588 902 1836 977 diligitis.
1869 905 1938 958 Et
1994 918 2099 959 nos

506 994 680 1063 ipsam
713 993 928 1048 beatam
959 992 1295 1062 Trinitatem,
1323 994 1538 1048 Patrem
1555 1001 1608 1048 et
1633 993 1824 1048 Filium
1857 1000 1908 1047 et
1925 991 2098 1063 Spiri-

507 1090 619 1136 tum
640 1089 906 1147 sanctum,
941 1096 1040 1151 pro
1068 1082 1222 1150 cujus
1240 1096 1429 1137 amore
1456 1082 1558 1137 hoc
1573 1080 1892 1147 facitis,toto
1904 1080 2101 1135 mentis

506 1168 702 1226 affectu
756 1169 1126 1241 imploramus,
1175 1177 1444 1242 quatenus
1498 1186 1701 1236 corpus
1771 1177 1823 1224 et
1868 1169 2103 1224 animam

508 1266 744 1313 vestram
773 1257 827 1313 in
850 1258 1110 1330 prtesenti
1153 1258 1224 1313 ab
1255 1258 1407 1313 omni
1465 1259 1857 1329 impedimento
1914 1266 2103 1313 custo-

508 1347 636 1415 diat,
671 1354 723 1402 et
750 1346 804 1400 in
828 1346 1005 1402 futuro
1033 1346 1195 1403 vitam
1226 1346 1383 1403 vobis
1412 1348 1662 1403 conferat
1692 1347 2100 1417 sempiternam,

509 1443 670 1507 atque
700 1435 943 1490 animam
972 1436 1145 1507 patris
1204 1435 1394 1502 vestri,
1426 1436 1496 1490 de
1525 1452 1634 1507 quo
1674 1435 1969 1506 plurimum
2001 1450 2105 1489 vos

512 1523 800 1579 sollicitum
831 1540 955 1580 esse
1006 1523 1414 1596 cognoscimus,
1466 1540 1563 1578 sua
1592 1522 1852 1578 ineffabili
1883 1522 2103 1592 pietate,

510 1620 564 1667 et
591 1612 835 1686 gloriosa
864 1614 923 1667 B.
961 1611 1139 1668 Mariae
1162 1628 1384 1683 semper
1424 1612 1666 1685 Virginis
1688 1611 2103 1677 intercessione,

508 1702 574 1755 ab
604 1700 751 1756 omni
793 1700 1012 1757 vinculo
1057 1708 1411 1772 peccatorum
1443 1708 1493 1756 et
1549 1700 1833 1756 criminum
1881 1716 2107 1755 suorum

510 1789 777 1857 absolvat,
811 1796 865 1845 et
890 1787 1071 1860 ipsum
1101 1805 1259 1843 suum
1288 1796 1343 1844 et
1371 1788 1615 1843 omnium
1628 1789 1802 1843 Deum
1818 1803 1883 1844 ac
1914 1786 2106 1843 Domi-

508 1894 638 1933 num
668 1877 857 1933 videre
888 1885 942 1932 et
979 1878 1184 1933 habere
1214 1878 1393 1933 valeat
1419 1878 1511 1949 qui
1560 1884 1642 1932 est
1672 1876 1924 1932 remissio
1978 1891 2104 1947 pec-
2132 1882 2185 1941 B

507 1974 774 2037 catorum,
807 1974 861 2022 et
889 1982 1114 2023 suorum
1142 1982 1355 2023 merces
1386 1973 1439 2022 et
1481 1965 1761 2022 retributio
1800 1980 2102 2021 servorum.

510 2054 762 2126 Rogastis
809 2054 1052 2122 fratrem,
1110 2056 1202 2127 qui
1230 2054 1443 2110 noviter
1498 2056 1646 2110 venit
1701 2055 1770 2108 ad
1823 2054 2100 2120 ordinem,

507 2152 660 2199 veste
680 2143 959 2215 religionis
987 2150 1195 2198 mutata
1242 2142 1444 2199 remitti
1476 2142 1796 2214 parentibus
1852 2142 1992 2208 suis,
2045 2149 2105 2196 ut

505 2231 597 2287 vel
627 2232 707 2287 sic
722 2232 983 2287 damnum
1009 2239 1237 2304 possent
1264 2247 1600 2303 recuperare
1625 2239 1899 2287 terrenum
1915 2271 1927 2284 .
1990 2229 2103 2284 Pro

505 2336 695 2377 amore
715 2328 899 2377 vestro
939 2320 1141 2378 remitti
1185 2319 1404 2393 quidem
1430 2327 1611 2392 potest
1643 2337 1655 2384 ;
1692 2319 1866 2377 vestis
1921 2326 2103 2373 autem

2204 615 2401 679 potest.
2435 606 2499 661 Si
2526 605 2647 678 quis
2676 606 2878 676 objicit,
2910 608 3055 679 quod
3084 610 3325 680 episcopi
3355 618 3408 664 et
3435 608 3691 665 abbates
3722 606 3826 659 Ro-

2206 712 2349 751 mam
2370 712 2516 766 saepe
2537 696 2712 756 ierunt
2731 703 2885 751 veste
2906 704 3127 764 mutata,
3145 699 3285 755 scire
3305 700 3445 768 267
3463 698 3676 765 debet,
3700 702 3823 770 quia

2206 783 2339 838 illud
2365 784 2594 855 cogehat
2621 799 2741 856 quae
2771 784 3011 841 Domino
3031 802 3187 857 papae
3205 787 3436 843 debetur
3465 786 3819 843 obedientia.

2208 873 2309 927 Pro
2337 873 2599 943 temporis
2628 873 2955 929 necessitate
2980 889 3181 929 novum
3211 876 3359 931 dedit
3375 876 3666 932 Dominus
3678 890 3819 945 papa

2208 961 2534 1016 obedientiaa
2563 970 2903 1033 praeceptum
2935 982 2949 1030 ;
2984 963 3039 1017 in
3068 964 3165 1019 hac
3197 972 3381 1019 vestra
3426 964 3819 1036 postulatione

2209 1064 2433 1118 novum,
2465 1058 2520 1105 ut
2542 1050 2615 1104 ita
2636 1050 2882 1119 dixerim,
2915 1052 3079 1107 audio
3110 1052 3418 1123 cupiditatis
3475 1060 3812 1123 peccatum.

2211 1139 2409 1193 Iterum
2441 1138 2487 1192 si
2507 1138 2686 1194 dicitis
2711 1154 2835 1193 eum
2866 1140 3105 1195 nondum
3136 1140 3330 1197 fecisse
3376 1141 3817 1212 professionem,

2213 1226 2454 1281 nondum
2486 1227 2741 1282 monachi
2788 1227 3042 1282 habuisse
3072 1229 3524 1295 benedictionem,
3580 1229 3822 1283 ﬁrmiter

2212 1315 2419 1370 credite
2450 1322 2503 1369 et
2531 1315 2799 1370 veraciter
2827 1318 3130 1387 agnoscite,
3157 1331 3258 1373 nec
3288 1317 3666 1388 professione,
3720 1332 3821 1371 nec

2213 1403 2591 1459 benedictione
2621 1404 2919 1474 perfectum
2942 1406 3263 1461 monachum
3292 1407 3413 1462 sive
3437 1407 3819 1461 Christianum

2214 1508 2378 1563 posse
2402 1492 2517 1547 fieri
2545 1492 2661 1547 sine
2691 1493 2878 1548 cordis
2929 1494 3239 1550 devotione.
3270 1496 3341 1549 Et
3384 1495 3476 1550 ubi
3506 1501 3599 1551 est
3630 1495 3818 1551 cordis

2213 1580 2451 1646 devotio,
2484 1580 2559 1634 ibi
2584 1586 2776 1637 sancta
2807 1582 3115 1637 benedictio
3143 1582 3336 1638 deesse
3381 1599 3493 1639 non
3522 1592 3736 1654 potest,
3770 1592 3819 1638 et

2217 1684 2344 1724 vera
2370 1668 2658 1739 professio.
2695 1669 2865 1742 Igitur
2911 1670 2955 1723 si
2986 1671 3459 1726 consuetudinaria
3513 1672 3814 1743 professio,

2216 1774 2337 1829 qua:
2367 1756 2422 1810 fit
2455 1758 2761 1823 visibiliter,
2797 1766 2848 1813 et
2870 1758 3177 1814 benedictio
3204 1759 3374 1825 illum,
3435 1760 3577 1816 sicut
3606 1761 3811 1825 dicitis,

2216 1861 2323 1900 non
2346 1851 2493 1899 tenet
2521 1845 2768 1916 ligatum,
2813 1846 3087 1918 proposita
3116 1847 3332 1903 devotio
3388 1848 3699 1921 religionis,
3764 1850 3813 1901 in

2216 1949 2323 2006 qua
2347 1933 2525 1988 adhuc
2553 1943 2888 2004 perseverat,
2929 1936 3137 1990 mundo
3182 1935 3417 2007 amplius
3448 1952 3560 1992 non
3621 1936 3814 2007 patitur

2214 2038 2337 2077 esse
2377 2020 2640 2090 solutum,
2691 2022 2991 2092 praesertim
3047 2039 3166 2078 cum
3198 2022 3344 2077 illam
3403 2024 3808 2094 professionem

2214 2126 2314 2164 sua
2370 2108 2644 2165 voluntate
2684 2110 2794 2178 jam
2839 2109 3076 2175 fecisset,
3139 2118 3191 2166 et
3247 2112 3590 2183 suscepisset
3636 2112 3805 2166 bene-

2212 2197 2529 2268 dictionem,
2560 2198 2607 2253 si
2635 2214 2736 2269 per
2765 2214 2865 2255 nos
2895 2199 2981 2255 eis
3009 2198 3231 2256 dilatum
3253 2215 3364 2257 non
3393 2201 3717 2256 exstitisset.

1454 2470 1781 2527 MONlTUM
1819 2470 1892 2524 IN
1932 2467 2323 2525 EPISTOLAM
2362 2468 2811 2537 SEQUENTEM.

581 2567 891 2640 Goﬁ‘ridum
918 2568 1420 2627 confraternitatem
1479 2577 1533 2626 et
1582 2568 1970 2640 suffragiorum
1996 2566 2540 2640 societatem_iniisse
2593 2582 2716 2621 cum
2774 2564 3243 2640 Cluniacensibus,
3288 2571 3529 2640 testatur
3578 2563 3803 2640 epistola

508 2639 679 2710 ipsius
699 2639 927 2696 Goﬂridi
956 2656 991 2696 a
1014 2642 1222 2698 Joanne
1263 2641 1577 2697 Mabillonio
1606 2640 1726 2695 viro
1752 2635 2069 2695 clarissimo
2098 2645 2230 2710 tom.
2266 2638 2339 2691 lll
2361 2639 2746 2710 Analectorum
2776 2639 2939 2700 edita.
2964 2652 3129 2710 quam
3157 2638 3262 2693 hoc
3305 2635 3433 2693 loco
3461 2635 3798 2708 opponimus,

511 2708 580 2768 ne
606 2710 737 2767 illud
760 2710 989 2769 Goffridi
1016 2713 1279 2785 scriptum
1308 2711 1579 2770 desideret
1608 2725 1750 2768 nova
1779 2712 1894 2766 haec
1922 2710 2093 2781 ipsius
2124 2708 2365 2779 Operum
2397 2708 2588 2764 editio.

1412 2861 1748 2920 GOFFBJDI
1786 2860 2127 2918 EPISTOLA
2165 2862 2263 2917 AD
2303 2858 2866 2917 CLUNIACENSES.

1520 2961 1603 3018 Ad
1640 2961 1955 3017 ineundum
1990 2960 2392 3031 su/fragiorum
2430 2960 2779 3014 societatem.

580 3088 699 3158 Ego
738 3086 910 3142 frater
957 3084 1261 3153 Goifridus,
1321 3085 1747 3142 Vindocinensis
1789 3083 2107 3140 monasterii
2136 3085 2184 3147 C
2214 3083 2384 3139 crevit
2411 3081 2657 3155 generali
2688 3088 2962 3152 praecepto
3017 3086 3096 3146 ut,
3130 3077 3365 3151 quandiu
3400 3080 3615 3149 vixero,
3649 3083 3699 3137 si
3752 3083 3799 3137 in

509 3175 903 3249 qualiscunque
933 3174 1126 3242 abbas,
1177 3174 1404 3230 veniens
1433 3182 1557 3230 ante
1608 3172 1950 3244 praesentiam
2002 3173 2099 3228 do-

508 3264 620 3318 mni
644 3263 913 3336 Hugonis,
938 3263 1243 3319 venerandi
1288 3261 1667 3319 Cluniacensis
1685 3261 1916 3327 abbatis,
1976 3262 2105 3332 petii

508 3353 579 3407 ab
611 3352 708 3408 illo
736 3352 856 3407 dari
883 3348 1016 3406 mihi
1063 3352 1383 3408 societatem
1436 3358 1492 3407 et
1519 3350 1626 3407 loci
1682 3349 2106 3406 confraternila-

510 3448 618 3497 tem
647 3440 729 3496 sui
757 3439 1028 3513 totiusque
1056 3439 1244 3511 gregis
1272 3441 1437 3495 aDeo
1454 3439 1559 3494 sibi
1574 3438 1855 3495 commissi
1875 3445 1980 3505 :ut,
2015 3437 2108 3510 qui

505 3528 576 3584 de
604 3529 820 3599 pr0pria
860 3527 1195 3599 perfectione
1238 3527 1423 3583 minus
1464 3528 1889 3598 praesumebam,
1918 3542 2108 3582 eorum

505 3615 1049 3690 suffragiisazternam
1062 3616 1311 3672 valerem
1334 3615 1617 3688 acquirere
1639 3614 1998 3678 vitam.Quod
2019 3614 2110 3671 ille

509 3704 809 3762 clementer
855 3705 1181 3777 suscipiens,
1215 3713 1269 3761 et
1297 3704 1653 3761 libentissime
1682 3704 1985 3776 complens,
2017 3703 2111 3759 de-

2215 3174 2333 3241 ejus
2363 3170 2617 3226 absentia
2643 3183 2845 3226 venero
2875 3168 3212 3233 Cluniacum,
3242 3168 3480 3239 capitulo
3499 3178 3556 3225 et
3584 3186 3796 3235 mensas,

2216 3261 2421 3331 totique
2450 3259 2626 3315 ordini
2656 3259 2777 3313 vice
2832 3257 2979 3312 illius
3000 3257 3219 3328 praesim
3253 3271 3266 3310 :
3297 3263 3352 3311 et
3372 3271 3499 3312 cum
3553 3259 3664 3316 hac
3692 3260 3798 3316 luce

2216 3349 2556 3421 migravero,
2606 3347 2680 3401 ita
2701 3362 2802 3417 per
2844 3346 3111 3401 omniain
3165 3345 3284 3416 ipso
3311 3344 3437 3402 loco
3465 3362 3573 3418 pro
3625 3349 3797 3420 requie

2218 3438 2416 3493 anima:
2445 3452 2583 3491 meae
2613 3444 2813 3507 agatur
2858 3435 2914 3489 in
2943 3433 3276 3490 orationibus
3307 3442 3361 3489 et
3419 3434 3795 3508 eleemosynis,

2219 3526 2361 3581 sicut
2384 3540 2479 3595 pro
2498 3541 2604 3579 uno
2626 3524 2821 3578 abbate
2850 3522 3068 3578 illorum
3122 3521 3374 3594 professo
3400 3523 3491 3578 vel
3521 3528 3795 3593 monacho,

2220 3629 2345 3670 cum
2373 3612 2682 3682 adjectione
2713 3611 2992 3667 tricenarii
3034 3610 3325 3667 missarum
3359 3628 3371 3664 :
3404 3611 3660 3670 brevium
3690 3631 3802 3688 quo-

2221 3718 2327 3775 que
2356 3701 2621 3757 missione
2650 3715 2714 3756 ac
2743 3700 2948 3773 regulae
2977 3699 3358 3756 adnotatione.

1596 4010 2696 4162 GOFFRIDI

1262 4293 1556 4351 ABBATIS
1594 4291 2039 4350 VINDOCINEN
2043 4292 2104 4348 SI

2217 4295 2253 4346 ι.
2295 4290 2564 4346 ΡΙὶΙΞΟᾸΞ
2603 4290 3029 4348 CARDINALIS

1768 4466 2517 4581 OPUSCULA.

1992 4692 2329 4703 —_———

522 4918 897 4990 268-269
940 4930 1260 4973 TBAC’I‘ATUS
1312 4931 1385 4971 nn
1436 4929 1691 4970 conpone
1730 4928 1800 4968 ετ
1838 4925 2120 4967 SANGUINE

990 5021 1190 5063 DOMINI
1228 5020 1361 5062 δεδι)
1398 5019 1637 5060 CHRISTI.

521 5097 719 5155 Frater
769 5095 1054 5169 Goﬁ‘ridus
1103 5098 1381 5169 peccator,
1429 5094 1494 5149 in
1534 5093 1807 5164 prementi
1858 5092 2114 5146 tractatu

592 5187 911 5243 catholicus
930 5187 1196 5258 scriptor,
1228 5183 1489 5240 omnibus
1514 5181 1854 5238 Christianis
1891 5178 1958 5234 de
1987 5193 2115 5234 cor—

591 5291 724 5346 pore
770 5282 827 5330 et
874 5276 1152 5347 sanguine
1207 5272 1437 5329 Domini
1472 5270 1719 5340 ﬁdeliter
1763 5268 2013 5334 credere,
2059 5270 2117 5322 et

598 5365 806 5438 ipsum,
841 5364 1005 5435 cujus
1055 5377 1255 5435 corpus
1303 5364 1359 5417 et
1396 5359 1732 5431 sanguiuem
1763 5358 2112 5430 percipiunt,

599 5453 889 5510 Christum
910 5453 1209 5508 Dominum
1227 5450 1415 5507 videre
1442 5449 1663 5522 pariter
1683 5451 1741 5503 et
1773 5446 1997 5502 habere.

597 5548 677 5605 De
702 5563 933 5618 corpore
952 5557 1005 5603 et
1032 5547 1301 5619 sanguine
1330 5545 1432 5602 Dei
1461 5552 1514 5601 et
1543 5543 1761 5600 Domini
1784 5543 1956 5600 nostri
1989 5542 2119 5597 Jesu

528 5636 742 5703 Christi,
776 5637 905 5692 dum
932 5651 965 5691 a
994 5635 1245 5691 ﬁdelibus
1272 5635 1361 5707 pie
1382 5634 1642 5706 quaeritur
1679 5633 1827 5706 quod
1850 5631 2119 5688 veraciter

525 5725 817 5783 dicendum
846 5732 931 5781 est
977 5733 1030 5781 et
1060 5723 1285 5781 firmiter
1323 5723 1672 5790 credendum,
1729 5722 1849 5793 ipso
1900 5720 2118 5775 Christo

527 5813 642 5870 Deo
671 5822 724 5871 et
751 5814 984 5870 Domino
1016 5820 1203 5868 nostro
1218 5812 1454 5868 donante
1483 5811 1710 5877 dicatur,
1736 5819 1791 5865 ut
1811 5810 1866 5863 in
1902 5808 2120 5865 illorum

529 5903 781 5959 cordibus
806 5901 1069 5958 dubitatio
1123 5899 1277 5955 nulla
1305 5898 1656 5970 relinquatur.
1715 5897 1875 5953 Prius
1901 5896 2118 5967 quidem

2143 4822 2195 4881 D
2228 4817 2385 4890 panis
2415 4825 2467 4874 et
2521 4816 2704 4873 vinum
2757 4832 2924 4888 super
2978 4815 3149 4872 altare
3191 4821 3508 4885 ponuntur;
3539 4812 3629 4869 sed
3669 4813 3783 4867 sicut

2228 4924 2353 4971 ante
2406 4913 2877 4971 consecrationem
2925 4912 3056 4967 nihil
3104 4912 3250 4969 aliud
3310 4920 3517 4982 praeter
3547 4910 3782 4983 prapriam

2234 5015 2400 5083 270
2433 5011 2587 5083 panis
2618 5018 2671 5065 et
2701 5010 2810 5067 vini
2839 5018 3089 5065 naturam
3118 5010 3341 5074 habent,
3372 5008 3447 5063 ita
3475 5016 3589 5079 post
3609 5022 3781 5063 conse-

2225 5114 2525 5171 crationem
2554 5112 2759 5167 nullam
2795 5120 3064 5177 naturam,
3089 5110 3294 5166 nullam
3333 5110 3606 5165 materiam
3647 5108 3781 5179 panis

2225 5213 2313 5269 vel
2343 5212 2451 5269 vini
2473 5212 2727 5278 retinent,
2759 5208 2863 5264 nisi
2882 5215 3144 5281 quantum
3173 5207 3241 5263 ad
3272 5222 3543 5279 saporem,
3571 5203 3776 5276 speciem

2224 5320 2277 5367 et
2308 5311 2531 5367 odorem
2567 5311 2708 5379 ;hoc
2727 5318 2905 5364 tamen
2926 5304 3526 5380 prapterinﬁrmitatem
3539 5303 3774 5358 hominum

2225 5418 2278 5465 et
2306 5408 2746 5464 imbecillitatem.
2772 5407 2911 5460 Nam
2940 5406 2986 5460 si
3012 5406 3106 5459 illa
3134 5403 3534 5475 gloriosissima
3577 5415 3707 5467 caro,
3734 5407 3774 5453 et

2226 5506 2628 5563 sacratissimus
2658 5503 2747 5559 ille
2764 5500 3001 5573 sanguis
3018 5516 3125 5557 non
3153 5499 3206 5552 in
3230 5497 3416 5569 specie
3436 5498 3584 5569 panis
3600 5505 3648 5552 et
3666 5495 3774 5553 vini.

2226 5605 2323 5660 sed
2363 5604 2415 5657 in
2469 5620 2565 5658 sua
2608 5600 2825 5672 propria
2858 5606 3056 5654 natura
3108 5595 3425 5652 hominibus
3466 5602 3773 5669 apparerent,

2225 5717 2339 5773 prae
2369 5702 2448 5755 sui
2483 5698 2879 5772 magnitudine,
2900 5696 3148 5751 homines
3171 5694 3264 5749 illa
3285 5693 3429 5750 ferre
3446 5712 3557 5751 non
3572 5703 3774 5767 possent.

2226 5798 2386 5867 Quod
2442 5796 2487 5852 si
2518 5794 2633 5851 ﬁeri
2663 5800 2866 5866 posset,
2907 5791 3036 5848 fidei
3085 5790 3342 5845 meritum
3390 5808 3508 5849 non
3536 5792 3775 5850 haberent.

2227 5894 2336 5951 Sed
2364 5894 2411 5950 si
2439 5893 2618 5950 sancti
2646 5889 2877 5963 apostoli
2926 5889 3146 5955 Petrus,
3206 5886 3451 5945 Jacobus
3482 5900 3537 5948 et
3580 5892 3778 5949 Joannes
