3910 6432
136 454 256 505 213

1580 446 1955 505 OPUSCULA.
1989 478 2060 488 —-
2089 449 2157 501 II.

3359 445 3467 502 2H

126 572 447 629 Dominum
478 573 531 628 in
563 580 701 629 terra
729 573 905 630 adhuc
932 574 1214 630 mortalem
1245 582 1299 629 et
1344 574 1746 645 corruptibilem
1776 576 1832 636 A
1861 570 2100 643 potentia
2127 570 2364 640 seipsum
2393 584 2427 624 a
2475 574 2648 624 morte
2695 567 2991 637 suscitavit,
3044 567 3199 640 panis
3253 575 3305 625 et
3358 566 3472 626 vini

128 679 373 717 carnem
402 671 704 732 portantem
728 662 1161 735 transﬁguratum
1184 679 1291 719 non
1311 670 1602 734 potuerunt
1620 663 1757 732 aspi-

126 768 293 819 cere,
322 752 438 822 jam
470 751 888 821 incorruptibilis
918 760 971 807 et
996 750 1280 824 gloriﬁcati
1320 751 1561 823 corporis
1613 751 1756 805 illius

122 846 354 894 tantam
411 840 705 895 claritatem
753 841 845 895 alii
894 841 1137 896 homines
1193 840 1468 910 quomodo
1527 846 1752 911 possent

132 936 412 991 sustinere
435 937 462 988 ἱ)
492 936 596 991 illis
618 937 883 1006 siquidem
906 938 1103 992 sanctis
1131 936 1409 1007 discipulis
1438 952 1545 992 non
1565 943 1756 991 natura

131 1023 467 1093 divinitatis,
499 1032 557 1078 ut
586 1025 803 1094 quidam
835 1026 1162 1091 existimant,
1197 1025 1460 1080 Dominus
1498 1024 1751 1093 ostendit,

131 1120 242 1174 sed
301 1121 537 1192 speciem
604 1130 790 1192 postea
836 1122 1202 1194 gloriﬁcandae
1257 1124 1432 1177 carnis
1486 1122 1749 1176 exhibuit.

130 1210 402 1264 Firmiter
429 1211 609 1280 itaque
636 1211 936 1279 credamus,
980 1218 1032 1266 et
1086 1212 1387 1265 nullatenus
1442 1211 1749 1265 dubitemus

133 1303 277 1371 quia
309 1303 452 1372 quod
482 1303 537 1356 in
566 1302 719 1357 altari
750 1310 871 1373 post
899 1303 1356 1358 consecrationem
1387 1319 1418 1357 a
1448 1303 1749 1359 Christiana

128 1391 413 1462 religione
443 1391 687 1459 sumitur,
721 1392 853 1445 nihil
884 1391 1030 1446 aliud
1059 1398 1157 1460 est,
1200 1392 1333 1446 nihil
1380 1391 1526 1445 aliud
1581 1392 1745 1447 habet

133 1496 351 1557 praeter
379 1488 522 1557 quod
553 1489 669 1559 ipsa
698 1488 905 1543 Veritas
934 1504 1032 1560 per
1059 1504 1115 1541 se
1138 1487 1450 1559 proﬁtetur:
1478 1490 1746 1561 Accipite,

135 1576 344 1645 inquit,
379 1576 478 1632 hoc
509 1580 593 1633 est
625 1593 828 1648 corpus
859 1592 1046 1633 meum
1079 1577 1301 1648 (Matth.
1334 1593 1495 1647 xxvi,
1526 1581 1617 1646 26)
1651 1593 1664 1646 ;
1699 1585 1750 1632 et

133 1673 211 1725 de
245 1690 353 1742 quo
383 1689 478 1727 suo
508 1688 732 1744 corpore
770 1672 1051 1741 diceretur,
1102 1688 1199 1743 per
1244 1674 1595 1742 semetipsum
1646 1690 1747 1728 ex-

135 1761 332 1831 posuit
357 1760 539 1815 dicens
572 1780 583 1815 :
626 1761 775 1830 Quod
794 1777 893 1833 pro
919 1762 1069 1817 vobis
1099 1761 1364 1817 tradetur
1393 1762 1459 1833 (I.
1493 1760 1613 1819 Cor.
1664 1777 1743 1828 χι,

134 1851 261 1919 24).
298 1849 556 1903 Similiter
584 1849 723 1904 etde
752 1849 917 1904 calice
954 1868 965 1903 :
1028 1850 1125 1904 Hie
1174 1854 1260 1905 est
1287 1852 1519 1922 sanguis
1562 1866 1742 1919 meus,

1863 660 2143 715 materiam
2172 659 2225 713 in
2247 658 2329 714 sui
2375 658 2615 729 corporis
2659 666 2903 715 naturam
2956 658 3012 713 in
3059 657 3464 715 consecratione

1861 748 2142 805 convertit.

2647 856 2696 908 II

1864 993 1932 1033 DE
1972 992 2347 1034 ORDINATIONB
2385 991 2786 1045 BPISCOPORUM,

2527 1082 2801 1123 LAICORUM

2847 993 2915 1033 ΕΤ
2963 992 3034 1033 DE
3095 994 3460 1036 INVBSTITURA

1862 1192 2139 1262 Goffridus
2175 1191 2598 1249 Iindocinensis
2625 1192 2960 1248 monasterii
2981 1191 3216 1249 Immitis
3243 1208 3456 1261 servus,

1928 1280 2265 1336 charissima
2302 1281 2536 1337 Domino
2558 1285 2616 1336 et
2638 1282 3002 1353 prwcoz'diali
3050 1283 3232 1338 amico
3287 1283 3454 1338 Petro

1927 1370 2153 1437 Leonis,
2178 1373 2395 1424 sanctae
2411 1371 2676 1425 Romana:
2696 1369 2959 1425 Ecclesiae
3005 1370 3311 1439 cardinali,
3362 1387 3453 1426 ca-

1929 1459 2197 1514 tholicam
2226 1457 2394 1526 ﬁdem
2424 1462 2541 1515 toto
2569 1457 2733 1514 corde
2761 1458 3016 1531 diligere,
3050 1463 3107 1515 et
3137 1475 3228 1517 eos
3258 1459 3359 1534 qui
3397 1459 3452 1515 ei

1927 1546 2328 1602 contradicunt
2358 1549 2493 1605 totis
2521 1547 2734 1603 viribus
2749 1548 3107 1620 impugnare.

1928 1674 2128 1727 Vestrae
2159 1673 2431 1744 petitionis
2471 1680 2523 1729 et
2568 1690 2704 1729 mea:
2758 1674 3132 1745 promissionis
3187 1691 3295 1731 non
3349 1675 3449 1730 im-

1854 1777 2082 1830 memor,
2113 1762 2156 1815 si
2183 1777 2291 1815 non
2322 1770 2378 1817 ut
2405 1761 2588 1831 debui,
2620 1764 2809 1818 saltem
2839 1772 2897 1819 ut
2920 1763 3091 1834 potui,
3126 1765 3289 1835 273
3325 1772 3447 1820 ten-

1860 1850 1962 1905 tavi
1993 1850 2200 1905 solvere
2231 1857 2281 1904 et
2312 1851 2455 1920 quod
2485 1867 2517 1905 a
2546 1850 2701 1907 vobis
2731 1853 3013 1922 quaesitum
3043 1861 3139 1921 est,
3172 1860 3225 1907 et
3270 1869 3303 1908 a
3355 1869 3442 1908 me

134 1939 245 2010 qui
264 1951 368 2008 pro
390 1938 534 1993 vobis
553 1938 882 2010 e/fundetur
901 1939 963 1993 in
985 1939 1374 1994 remissionem
1384 1944 1746 2011 peccatorum
1774 1929 1826 1991 B
1858 1938 2199 2009 promissum,
2231 1938 2297 1992 de
2328 1938 2662 1994 ordinatione
2692 1940 2940 1995 videlicet
2981 1941 3236 2012 episcopi,
3285 1948 3337 1995 et
3380 1940 3448 1996 de

133 2037 375 2103 (Matth.
412 2051 570 2104 xxvr,
604 2038 715 2104 28).
753 2036 808 2091 Si
841 2035 959 2106 quis
989 2043 1169 2091 autem
1191 2036 1352 2090 aliam
1375 2052 1589 2091 carnem
1614 2053 1750 2108 prae-

138 2134 225 2179 ter
255 2125 411 2179 istam
444 2124 692 2179 habuisse
725 2125 1015 2179 Dominum
1045 2126 1226 2178 Jesum
1284 2124 1470 2193 credit,
1530 2125 1744 2196 desipit,

133 2237 256 2276 non
287 2228 367 2274 est
396 2220 707 2288 catholicus,
741 2220 835 2274 sed
868 2221 1167 2276 haereticus.
1206 2222 1309 2290 27
1329 2223 1368 2289 1
1422 2222 1533 2275 Hae
1590 2238 1747 2277 carne

133 2310 377 2364 redemit
409 2309 684 2364 hominem
715 2308 953 2363 Christus
985 2324 998 2377 ;
1032 2311 1133 2363 hac
1159 2309 1215 2363 in
1262 2325 1422 2363 carne
1473 2310 1745 2365 Christum

136 2411 312 2464 homo
342 2409 587 2481 peremit.
622 2409 815 2463 Anima
847 2417 1024 2464 tamen
1048 2416 1099 2463 et
1146 2410 1283 2465 Caro
1332 2409 1569 2464 hominis
1625 2417 1747 2465 sunt

136 2498 429 2567 redempta
461 2513 474 2566 ;
506 2497 601 2553 sed
634 2499 751 2552 haec
779 2514 903 2553 caro
943 2497 1179 2552 hominis
1222 2498 1325 2552 fuit
1377 2499 1608 2570 pretium
1664 2515 1746 2553 re-

139 2596 493 2666 demptionis.
526 2597 655 2651 Haec
683 2603 763 2650 est
806 2596 897 2651 illa
939 2612 1046 2650 una
1091 2596 1391 2666 eademque
1436 2613 1561 2652 vere
1617 2613 1746 2654 vera

140 2702 294 2753 caro,
326 2701 434 2740 non
460 2685 584 2754 alia,
617 2701 757 2755 quae,
789 2692 1112 2755 cooperante
1136 2685 1339 2754 Spiritu
1368 2694 1573 2755 sancto,
1606 2702 1741 2741 con-

141 2790 323 2852 cepta,
356 2789 481 2837 nata
510 2790 589 2837 est
616 2782 682 2836 de
712 2782 878 2836 Maria
910 2782 1127 2853 Virgine
1157 2790 1211 2836 et
1256 2799 1415 2854 passa
1461 2784 1517 2837 in
1563 2799 1739 2852 cruce,

144 2887 312 2940 quam
343 2871 458 2940 ipse
505 2870 649 2925 Deus
686 2870 1076 2939 omnipotentia
1123 2869 1417 2926 divinitatis
1471 2871 1745 2928 suscitavit

142 2985 177 3023 a
207 2968 432 3023 mortuis
460 2968 614 3023 tertia
641 2967 748 3022 die.
781 2966 1123 3038 Quapropter
1150 2983 1310 3022 nemo
1333 2968 1585 3023 formidet
1607 2970 1745 3025 hanc

141 3072 363 3112 carnem
392 3056 584 3111 Christi
615 3056 733 3125 Dei,
765 3056 865 3109 Dei
906 3056 1077 3110 Patris
1123 3056 1390 3127 unigeniti
1448 3056 1590 3125 Filii,
1652 3073 1745 3112 na-

142 3156 372 3211 turalem
403 3161 456 3208 et
500 3153 797 3223 propriam,
846 3153 1305 3221 incorruptibilem
1355 3160 1407 3208 et
1448 3153 1734 3209 immorta-

1857 2027 2167 2081 investitura
2196 2027 2473 2082 laicorum.
2506 2028 2566 2081 In
2596 2028 2784 2099 primis
2814 2028 3038 2083 ﬁrmiter
3084 2030 3303 2085 credere
3348 2045 3447 2084 nos

1856 2124 2084 2186 oportet,
2108 2123 2161 2169 et
2189 2116 2490 2170 nullatenus
2546 2116 2811 2184 dubitare,
2871 2125 2931 2172 ut
2988 2117 3443 2188 quemadmodum

1853 2204 2153 2275 baptismus
2182 2205 2541 2259 Christianum
2579 2205 2727 2274 facit,
2779 2207 2852 2261 ita
2907 2206 3097 2261 electio
3154 2213 3207 2262 et
3261 2222 3447 2263 conse-

1856 2293 2021 2347 cratio
2052 2292 2179 2346 facit
2208 2293 2542 2362 episcopum,
2575 2300 2628 2348 et
2654 2294 2790 2348 sicut
2837 2294 3169 2365 impossibile
3207 2303 3287 2350 est
3331 2295 3448 2351 sine

1852 2380 2174 2451 baptismate
2230 2381 2589 2436 Christianum
2642 2380 2778 2451 ﬁeri,
2836 2382 2909 2437 ita
2961 2391 3040 2437 est
3112 2382 3445 2453 impossibile

1854 2469 2166 2538 episcopum
2212 2470 2329 2523 sine
2385 2470 2647 2524 electione
2703 2477 2756 2525 et
2801 2471 3199 2526 consecratione
3256 2470 3444 2526 creari.

1853 2558 1913 2611 In
1943 2557 2278 2613 ordinatione
2309 2558 2548 2629 episcopi
2580 2558 2768 2613 electio
2798 2566 2851 2612 et
2879 2560 3208 2615 consecratio
3247 2560 3325 2614 sic
3368 2567 3448 2615 est

1852 2653 2074 2716 utraque
2105 2646 2421 2715 necessaria,
2456 2645 2599 2715 quod
2628 2648 2956 2701 consecratio
3002 2647 3117 2703 sine
3163 2648 3442 2717 electione,

1853 2740 1905 2787 et
1932 2734 2047 2787 sine
2077 2734 2476 2789 consecratione
2507 2733 2699 2789 electio
2749 2736 3061 2807 episcopum
3108 2736 3285 2791 facere
3330 2737 3446 2792 sola

1853 2838 1960 2877 non
2017 2821 2229 2878 sufﬁcit.
2287 2824 2427 2877 Nam
2482 2823 2618 2878 sicut
2671 2823 2727 2877 in
2781 2824 3102 2896 baptismate
3174 2840 3313 2896 aqua
3393 2833 3447 2881 et

1853 2911 2121 2967 invocatio
2153 2910 2382 2981 Spiritus
2427 2912 2596 2966 sancti
2643 2919 2765 2966 sunt
2809 2914 3128 2982 necessaria,
3189 2929 3309 2984 qum
3366 2914 3447 2969 fa-

1853 3000 1999 3053 ciunt
2026 2999 2402 3067 Christianum,
2436 3000 2509 3053 ita
2538 3000 2593 3053 in
2622 2999 2922 3056 ordinando
2951 3001 3207 3071 episcopo
3255 3001 3447 3058 electio

1854 3095 1905 3141 et
1978 3087 2304 3142 consecratio
2368 3094 2490 3141 sunt
2562 3088 2877 3143 necessitate
2949 3089 3253 3159 conjuncta,
3326 3105 3447 3159 qua:

1855 3183 2037 3230 creant.
2064 3176 2397 3246 episcopum.
2432 3174 2498 3229 Et
2525 3175 2661 3229 sicut
2689 3192 2829 3245 aqua
2873 3177 3008 3244 sola,
3060 3183 3151 3232 aut
3196 3177 3311 3231 sola
3367 3178 3447 3231 in-

144 3247 253 3299 lem
272 3244 395 3344 fiam
425 3243 621 3344 910mm
650 3241 848 3309 dicere?
880 3248 933 3296 θί
978 3241 1205 3344 dicendo
1245 3241 1480 3311 credere,
1525 3250 1579 3296 θί
1624 3259 1739 3344 ξπθ·
1772 3280 1820 3344 α
1854 3241 2137 3321 vocatione
2166 3241 2334 3319 sancti
2382 3262 2629 3335 Spiritus,
2678 3241 2779 3319 nec
2825 3241 3124 3335 baptismus
3168 3264 3283 3320 ﬁeri
3340 3279 3445 3335 po-

143 3341 323 3397 dendo
354 3340 616 3410 accipere,
649 3354 758 3393 non
788 3345 993 3393 tantum
1024 3339 1079 3392 in
1105 3346 1462 3406 sacramento,
1496 3339 1642 3409 quod
1690 3347 1743 3394 et

148 3440 301 3494 multi
334 3439 460 3492 mali
492 3437 715 3504 faciunt,
749 3437 842 3491 sed
873 3452 1041 3506 usque
1069 3436 1139 3491 ad
1191 3438 1407 3507 spiritus
1456 3438 1741 3508 participa-

146 3530 368 3584 tionem.
403 3529 461 3580 ln
492 3527 591 3580 isto
621 3532 804 3580 sancto
835 3525 1112 3596 mysterio,
1145 3526 1290 3595 quod
1338 3534 1391 3581 et
1434 3542 1741 3581 sacramen-

144 3635 279 3692 tum,
311 3625 347 3677 il
377 3631 456 3677 est
483 3638 691 3677 sacrum
721 3622 956 3693 signum,
990 3622 1202 3689 dicitur,
1253 3622 1379 3691 quia
1435 3622 1583 3676 aliud
1638 3630 1736 3689 est,

144 3724 201 3777 id
232 3730 311 3777 est
337 3719 530 3776 Christi
578 3726 761 3774 sancta
806 3734 952 3785 caro,
1002 3725 1055 3771 et
1111 3717 1275 3786 aliud,
1338 3718 1392 3772 id
1449 3727 1528 3774 est
1585 3718 1739 3790 panis

147 3811 372 3882 species,
404 3808 632 3876 videtur,
682 3807 856 3878 ipsam
905 3806 1271 3861 beatissimam
1320 3813 1372 3860 et
1418 3805 1736 3864 viviﬁcatri-

148 3922 265 3963 cem
295 3919 509 3960 carnem
541 3903 691 3957 multi
730 3902 976 3957 homines
1005 3902 1242 3973 perversi
1300 3903 1587 3974 accipiunt,
1644 3903 1740 3957 sed

151 3995 277 4067 quia
303 3993 429 4049 mali
460 3992 601 4048 male
646 3991 923 4059 accedunt,
972 3991 1187 4062 pejores
1229 4008 1391 4061 quam
1430 3992 1580 4061 prius
1628 3992 1741 4047 fue-

150 4099 268 4148 rant
294 4092 543 4147 existunt.
575 4088 808 4157 Quidam
848 4104 977 4145 vero
1024 4095 1242 4142 sumunt
1290 4104 1458 4158 usque
1509 4088 1578 4143 ad
1621 4088 1738 4160 spi-

152 4182 281 4235 ritus
325 4178 811 4251 participationem,
864 4177 989 4247 quia
1036 4176 1127 4246 qui
1175 4193 1296 4231 cum
1346 4176 1624 4245 charitate,
1683 4176 1739 4231 id

155 4286 232 4332 est
259 4294 377 4332 cum
408 4276 506 4331 Dei
536 4283 588 4330 et
614 4274 847 4347 proximi
894 4273 1198 4341 dilectione,
1248 4274 1566 4345 percipiunt,
1617 4290 1738 4328 cum

155 4375 356 4430 Christo
385 4372 769 4443 participantur
788 4387 955 4440 usque
983 4371 1051 4426 ad
1080 4369 1278 4425 animae
1298 4368 1735 4426 viviﬁcationem.

156 4466 221 4519 Et
248 4464 378 4518 sicut
407 4476 566 4516 nemo
622 4460 736 4514 sine
789 4459 1044 4514 charitate
1093 4458 1285 4513 Christi
1340 4465 1739 4514 sacrosanctum

155 4576 344 4630 corpus
372 4567 425 4613 et
450 4557 769 4629 sanguinem
798 4556 1043 4625 accipere
1072 4563 1246 4626 potest
1274 4556 1403 4625 quin
1430 4556 1589 4625 pejor
1616 4555 1740 4609 exi-

154 4657 272 4718 stat,
301 4649 377 4702 sic
405 4662 563 4701 nemo
600 4662 724 4701 cum
770 4645 1024 4699 charitate
1072 4644 1203 4698 illud
1254 4645 1494 4716 accipere
1540 4651 1694 4714 potes

156 4749 280 4818 quin
308 4747 433 4801 inde
458 4744 650 4799 melior
693 4742 803 4798 ﬁat.
839 4744 942 4812 27
955 4744 1002 4810 2
1061 4741 1214 4798 Unde
1279 4741 1322 4795 si
1378 4741 1498 4811 quis
1553 4742 1746 4811 quaerit

156 4848 422 4920 quomodo
452 4845 606 4918 panis
634 4860 759 4900 caro
790 4844 1004 4911 Christi,
1035 4851 1088 4897 et
1124 4843 1310 4898 vinum
1358 4843 1580 4914 sanguis
1626 4844 1744 4913 ejus

157 4938 267 4993 ﬁeri
304 4936 471 5007 possit
501 4976 515 5003 ,
556 4941 698 4989 certe
734 4933 779 4987 si
818 4949 883 4988 ea
921 4948 1042 5001 quae
1078 4938 1202 4986 sunt
1232 4973 1246 4999 ,
1298 4932 1561 4987 Dominus
1635 4947 1742 4986 non

157 5040 399 5100 creasset,
454 5038 635 5087 creata
686 5029 909 5085 forsitan
951 5035 1159 5084 mutare
1217 5043 1327 5082 non
1379 5034 1579 5098 posset.
1636 5027 1744 5083 Sed

158 5122 372 5178 minoris
399 5118 643 5175 miraculi
672 5134 781 5173 non
829 5118 930 5172 fuit
974 5133 1044 5171 ex
1094 5116 1263 5171 nihilo
1320 5116 1505 5171 omnia
1560 5132 1742 5171 creare

160 5227 313 5282 quam
343 5210 398 5264 in
446 5209 636 5263 melius
690 5223 758 5262 ex
804 5204 1055 5261 omnibus
1110 5204 1358 5274 quaedam
1407 5211 1740 5260 convertere.

161 5308 262 5377 Qui
290 5306 415 5362 talia
443 5305 657 5375 quaeris,
689 5304 800 5359 noli
840 5318 1038 5357 errare.
1083 5302 1139 5356 Si
1180 5303 1350 5357 Deum
1408 5302 1745 5373 omnipoten-

164 5407 263 5451 tem
286 5411 398 5450 esse
430 5393 620 5460 credis,
652 5392 953 5447 nullatenus
979 5407 1141 5462 super
1170 5392 1272 5446 hoc
1321 5390 1522 5461 poteris
1577 5390 1744 5444 dubi-

165 5494 309 5554 tare;
342 5482 596 5554 quoniam
643 5480 685 5535 si
729 5481 914 5535 omnia
958 5495 1113 5551 posse
1162 5478 1430 5534 conﬁteris
1487 5495 1631 5547 eum,
1694 5486 1748 5532 et

164 5573 293 5628 istud
320 5588 475 5644 posse
498 5585 702 5642 negare
730 5585 839 5625 non
867 5569 1088 5639 poteris,
1121 5584 1243 5623 cum
1274 5568 1342 5622 sit
1380 5585 1447 5623 ex
1494 5567 1747 5623 omnibus

163 5678 337 5717 unum.
371 5661 466 5715 Ille
511 5675 744 5729 namque
791 5658 881 5729 qui
927 5673 1141 5713 carnem
1191 5657 1246 5711 in
1295 5658 1515 5729 Virgine
1555 5664 1743 5725 matre,

166 5751 372 5806 omnino
402 5754 612 5803 servata
638 5747 967 5819 virginitate,
1018 5745 1362 5802 ineffabiliter
1398 5753 1451 5801 et
1480 5746 1743 5801 veraciter

167 5853 425 5895 assumere
480 5836 673 5908 potuit,
733 5835 825 5905 qui
881 5836 1042 5891 etiam
1097 5851 1218 5890 cum
1276 5835 1346 5889 sit
1400 5835 1743 5903 immortalis,

170 5944 260 5999 pro
304 5926 460 5983 nobis
506 5931 749 5979 mortuus
805 5929 902 5990 est,
943 5930 998 5979 et
1046 5923 1135 5978 die
1191 5923 1342 5979 tertia
1399 5923 1611 5994 imperii
1668 5923 1748 5977 sui

1855 3359 1970 3419 test,
2002 3369 2103 3407 nec
2138 3354 2302 3408 homo
2342 3368 2457 3405 esse
2498 3352 2846 3420 Christianus,
2890 3353 2965 3408 ita
3000 3353 3116 3408 sola
3161 3352 3441 3421 electione,

1852 3449 1942 3496 aut
1999 3442 2112 3496 sola
2164 3441 2561 3496 consecratione
2614 3455 2775 3496 nemo
2840 3440 3074 3496 ordinari
3155 3442 3240 3496 vel
3326 3439 3444 3496 ﬁeri

1850 3530 1993 3585 valet
2048 3529 2351 3600 episcopus.
2408 3530 2664 3601 Magnum
2724 3528 2941 3599 quidem
2999 3537 3053 3584 et
3107 3529 3443 3599 baptismatis

1850 3626 1904 3673 et
1932 3618 2208 3673 electionis
2265 3626 2321 3672 et
2374 3618 2789 3679 consecrationis
2844 3618 3081 3690 episcopi
3137 3627 3217 3674 est
3269 3634 3445 3674 sacra-

1850 3714 2088 3762 mentum
2123 3721 2137 3776 ;
2169 3706 2263 3762 sed
2289 3706 2420 3761 illud
2449 3706 2705 3778 pracepit
2730 3713 2785 3761 et
2810 3721 2909 3776 per
2933 3705 3079 3763 alios
3125 3708 3255 3764 facit
3298 3708 3443 3763 Chri-

1849 3803 1979 3865 stus,
2012 3803 2066 3850 et
2094 3797 2197 3850 hoc
2226 3795 2339 3867 egit
2364 3811 2466 3866 per
2491 3796 2862 3864 semetipsum.
2896 3796 2957 3849 In
2977 3794 3068 3851 illo
3097 3795 3443 3866 spiritualiter

1849 3892 2058 3941 creatur
2085 3886 2269 3953 homo,
2301 3890 2355 3940 et
2381 3900 2413 3939 a
2441 3884 2651 3940 Christo
2708 3883 3039 3939 Christianus
3092 3884 3289 3939 dicitur
3319 3900 3333 3954 ;
3384 3885 3441 3938 in

1850 3975 1950 4029 isto
1977 3989 2106 4031 vero
2126 3973 2376 4030 dominus
2405 3980 2459 4028 et
2511 3973 2803 4045 imperator
2857 3979 3064 4029 creatur
3118 3973 3443 4029 Christiano-

1849 4079 1987 4129 rum,
2029 4063 2119 4133 qui
2148 4078 2256 4117 non
2284 4062 2459 4117 solum
2488 4068 2712 4118 vocatur
2757 4061 3086 4118 Christianus
3119 4079 3153 4119 a
3208 4062 3437 4132 Christo,

1850 4152 1943 4208 sed
1972 4152 2134 4207 etiam
2181 4150 2373 4206 Christi
2427 4151 2572 4206 vices
2626 4166 2787 4223 agere
2843 4150 3091 4207 creditur.
3152 4150 3440 4208 Sciendum

1850 4257 1977 4298 vero
2009 4247 2088 4294 est
2116 4239 2257 4310 quod
2288 4239 2377 4293 hic
2404 4239 2490 4295 vel
2518 4239 2845 4310 ubicumque
2875 4239 2942 4296 de
2998 4241 3260 4296 electione
3316 4239 3441 4309 epi-

1849 4330 1996 4400 scopi
2027 4329 2223 4402 agitur,
2253 4328 2565 4383 canonicam
2615 4344 2831 4384 necesse
2874 4338 2954 4384 est
2998 4330 3334 4396 electionem,
3390 4333 3445 4383 et

1854 4419 2021 4488 274
2051 4415 2419 4488 evangelicam
2448 4416 2693 4489 intelligi,
2725 4425 2782 4471 ut
2811 4418 2900 4489 qui
2929 4418 3068 4473 bene
3097 4418 3296 4472 electus
3340 4423 3439 4485 est,

1852 4514 1902 4563 et
1925 4507 2069 4575 juste
2097 4513 2454 4560 consecretur.
2486 4505 2737 4575 Alioquin
2765 4506 2824 4560 ﬁt
2854 4506 3103 4577 quaedam
3151 4522 3315 4576 prava
3370 4505 3439 4559 si-

1856 4594 2077 4650 mulatio
2108 4594 2163 4647 in
2222 4592 2477 4661 Ecclesia,
2538 4601 2591 4647 et
2635 4594 3006 4651 ecclesiasticae
3061 4593 3337 4665 dignitatis
3381 4592 3442 4646 il-

1859 4642 2075 4650 .---.-_---
2108 4642 2163 4647 -_
2222 4642 2477 4661 ηψπ,
2543 4642 2591 4647 --
2639 4642 3005 4651 ,ΜΝ--..ω
3065 4642 3333 4665 Nomm---
3381 4642 3417 4646 -_

1698 4652 1738 4753 ἓξ
1768 4642 1826 4704 D
1856 4684 1991 4738 lusio
2021 4698 2130 4738 non
2158 4697 2345 4751 parva.
2377 4683 2517 4737 Nam
2547 4682 2871 4753 quicumque
2907 4683 3163 4739 canonice
3192 4698 3301 4737 non
3334 4682 3444 4736 ele-

1831 4780 1964 4827 ctus
2020 4770 2170 4841 quasi
2226 4770 2517 4825 sacrandus
2561 4771 2788 4840 accedit,
2847 4778 3153 4827 exsecratus
3215 4769 3436 4838 recedit,

1849 4867 1902 4913 et
1931 4860 2065 4914 falso
2094 4859 2400 4913 nominatur
2427 4859 2730 4930 episcopus,
2763 4859 2854 4929 qui
2902 4858 3177 4914 annullare
3219 4864 3442 4913 conatur

1848 4947 2123 5002 electionis
2151 4955 2205 5001 et
2231 4947 2644 5002 consecrationis
2679 4947 2943 5016 ordinem,
3000 4963 3160 5017 quem
3205 4947 3442 5003 Christus

1848 5052 1947 5107 per
1973 5036 2316 5107 semetipsum
2346 5036 2550 5106 primus
2578 5035 2821 5090 instituit.
2874 5037 2995 5105 Ipse
3044 5035 3188 5090 enim
3234 5035 3442 5105 primus

1850 5133 1903 5179 et
1930 5125 2095 5196 elegit
2121 5125 2412 5194 apostolos,
2462 5131 2516 5178 et
2568 5124 2916 5192 consecravit,
2958 5139 3093 5194 quos
3137 5122 3239 5178 nisi
3296 5122 3443 5195 prius

1850 5214 2047 5268 electos
2075 5228 2382 5268 consecrare
2413 5228 2520 5268 non
2567 5212 2754 5268 voluit.
2802 5214 2918 5268 Hoc
2962 5220 3204 5267 sanctum
3258 5227 3442 5268 sacra-

1851 5308 2111 5369 mentum,
2187 5301 2503 5357 electionem
2556 5300 2809 5358 videlicet
2870 5308 2924 5356 et
2994 5300 3445 5357 consecrationem

1851 5391 2238 5462 apostolorum,
2290 5391 2531 5446 Christus
2590 5390 2794 5462 primus
2847 5390 3082 5461 primum
3137 5390 3281 5457 fecit,
3351 5406 3447 5461 per

1853 5478 1997 5549 quod
2026 5486 2220 5534 caetera
2245 5479 2434 5534 ﬁerent
2460 5489 2815 5536 sacramenta.
2847 5480 3037 5534 Nullus
3083 5487 3262 5535 autem
3317 5496 3447 5551 apo-

1851 5568 2110 5623 stolarum
2139 5569 2495 5639 apostolatum
2525 5568 2778 5624 audacter
2803 5568 3044 5641 appetiit,
3068 5568 3244 5624 nullus
3262 5584 3449 5625 eorum

1853 5674 1910 5711 se
1939 5656 2279 5726 impudenter
2305 5657 2498 5713 obtulit
2525 5655 2857 5730 eligendum.
2890 5658 3024 5713 Tota
3079 5657 3259 5727 itaque
3296 5657 3448 5713 ordi-

1854 5744 1999 5800 natio
2027 5746 2266 5815 episcopi
2296 5762 2405 5801 non
2435 5746 2491 5800 in
2519 5762 2635 5814 sua,
2668 5745 2763 5801 sed
2792 5746 2847 5800 in
2902 5746 3132 5802 aliorum
3189 5746 3450 5802 electione

1855 5835 2096 5890 consistit
2122 5843 2177 5889 et
2222 5836 2643 5904 consecratione,
2701 5835 2746 5888 si
2810 5842 2988 5890 tamen
3046 5835 3193 5890 illam
3262 5834 3453 5889 electio

1860 5931 2005 5980 recta
2033 5925 2381 5996 praecesserit.
2414 5926 2541 5982 Haec
2569 5930 2749 5981 autem
2778 5924 2928 5996 prius
2955 5939 3055 5995 per
3080 5920 3451 5991 semetipsum,
