3910 6408
509 427 612 482 213

1539 425 1870 483 GOFFRIDI
1904 424 2189 482 ABBATIS
2232 424 2782 480 VINDOCINENSIS

3721 427 3837 480 216

504 555 563 604 ut
590 547 793 605 dictum
840 556 939 619 est,
991 549 1228 605 Christus
1275 548 1442 617 fecit;
1492 549 1686 606 deinde
1734 567 1862 606 vero
1918 549 2102 606 vicarii
2131 547 2186 610 Α
2215 547 2384 620 garda
2413 549 2674 616 solvendi,
2706 548 2792 604 vel
2821 563 2941 618 qua
2970 552 3120 602 erant
3148 545 3403 602 solvenda
3431 545 3644 619 ligandi
3696 565 3842 604 con-

501 647 638 718 ejus.
674 647 740 701 Et
775 646 830 701 in
861 647 1120 716 apostolis
1167 646 1385 716 quidem
1433 663 1465 700 a
1512 647 1719 702 Christo
1768 647 1910 702 facta
1960 653 2101 714 sunt,

500 735 755 806 quoniam
786 736 855 790 ab
889 736 1007 806 ipso
1037 742 1089 789 et
1119 735 1272 790 electi
1305 742 1357 790 et
1407 735 1703 790 consecrati
1760 735 1992 790 fuerunt.
2044 736 2106 788 In

499 833 619 888 aliis
649 850 775 888 vero
796 833 1048 889 omnibus
1097 849 1129 886 a
1176 833 1336 886 nullis
1382 833 1502 888 aliis
1557 832 1671 888 ﬁeri
1720 833 1864 900 licet,
1917 833 2019 888 nisi
2074 849 2106 888 a

499 923 714 980 vicariis
749 921 960 976 Christi.
1012 922 1149 975 Sunt
1195 928 1372 976 autem
1431 921 1619 976 vicarii
1679 923 1871 978 Christi
1926 923 2106 977 clerici

496 1020 553 1074 in
579 1019 857 1084 electione,
889 1019 1127 1090 episcopi
1179 1019 1235 1072 in
1281 1019 1702 1074 consecratione.
1755 1020 1944 1075 Cateri
1991 1035 2108 1076 om-

498 1125 591 1163 nes
621 1115 802 1180 petere
830 1108 1048 1178 quidem
1079 1107 1395 1177 episcopum
1425 1116 1650 1177 possunt
1679 1122 1694 1178 ;
1728 1108 1928 1182 eligere
1979 1124 2107 1164 vero

496 1207 582 1262 vel
611 1221 922 1261 consecrare
951 1219 1060 1260 non
1089 1212 1332 1273 possunt.
1386 1203 1728 1274 Quicumque
1777 1204 1941 1276 igitur
1997 1204 2105 1258 alio

499 1294 681 1361 modo,
711 1295 860 1365 quasi
901 1293 1000 1348 sub
1055 1293 1275 1348 nomine
1323 1291 1612 1362 pontificis,
1669 1293 1964 1348 Ecclesiam
2023 1293 2109 1348 vel

499 1399 818 1462 potestatem
875 1390 1294 1445 ecclesiasticam
1339 1389 1442 1443 sibi
1490 1389 1763 1445 vindicare
1810 1390 2108 1459 prasumit,

479 1481 590 1535 'hic
613 1481 727 1550 jam
761 1496 869 1534 non
923 1495 1023 1548 per
1077 1479 1276 1533 ostium
1308 1479 1473 1548 275
1508 1478 1687 1546 intrat,
1740 1477 1836 1531 sed
1892 1477 2106 1533 aliunde

503 1569 760 1636 ascendit,
793 1576 851 1622 ut
878 1568 1070 1624 merito
1119 1581 1228 1621 non
1260 1567 1398 1621 inter
1425 1567 1708 1638 episcopos
1737 1574 2101 1638 computetur,

501 1664 596 1719 sed
624 1664 762 1719 inter
789 1664 934 1718 fures
979 1671 1034 1718 et
1068 1663 1302 1718 latrones
1349 1669 1764 1718 oormumeretur
1815 1663 2002 1731 (Joan.
2048 1678 2107 1730 x,

505 1753 819 1823 l).lstealiis
838 1751 1268 1806 benedictionem
1298 1767 1408 1806 non
1438 1751 1684 1823 porrigit,
1739 1750 1832 1806 sed
1883 1759 2109 1822 pestem,

505 1849 559 1896 et
586 1842 778 1897 vulnus
807 1841 982 1913 potius
1013 1841 1208 1895 inferre
1238 1839 1452 1896 videtur
1500 1856 1662 1909 quam
1713 1840 1959 1907 salutem,
2022 1840 2110 1908 qui

506 1947 652 1994 tanta
702 1938 1119 2010 prasumptione
1177 1937 1276 1992 Dei
1341 1935 1777 1992 maledictionem
1856 1945 2108 1992 meretur.

505 2027 646 2083 Nam
693 2027 978 2099 episcopus
1025 2025 1140 2081 sine
1194 2025 1456 2081 canonica
1510 2025 1770 2081 electione
1828 2033 1908 2080 est
1963 2025 2112 2095 quasi

505 2117 667 2172 arbor
694 2117 808 2170 sine
836 2115 1035 2170 radice.
1069 2113 1243 2169 Arbor
1298 2122 1478 2169 autem
1529 2130 1651 2184 qua
1708 2114 1947 2170 radicem
2004 2129 2114 2170 non

508 2215 689 2284 habet,
711 2215 874 2270 etiam
903 2214 945 2269 si
977 2213 1108 2270 folia
1154 2213 1369 2281 habeat,
1422 2213 1652 2268 fructum
1699 2213 1839 2268 ferre
1889 2214 2115 2268 nullate-

509 2319 609 2358 nus
629 2303 790 2359 valet.
835 2302 916 2357 Ad
955 2301 1262 2373 hujusmodi
1309 2301 1558 2356 arborem
1609 2302 1850 2358 Christus
1895 2302 2114 2372 quidem

512 2391 750 2457 accessit,
791 2399 842 2446 et
886 2406 1007 2446 cum
1059 2389 1132 2445 ibi
1182 2390 1412 2444 fructum
1465 2405 1572 2444 non
1623 2389 1934 2457 invenisset,
1994 2407 2114 2444 eam

513 2477 794 2534 maledixit
820 2479 1011 2548 (Marc.
1046 2493 1124 2544 ιι,
1161 2480 1245 2546 13,
1300 2478 1412 2546 14.)
1464 2477 1560 2531 Ille
1617 2477 1856 2533 maxime
1911 2494 1943 2532 ο,
2004 2478 2118 2532 Deo

513 2566 866 2633 maledicitur,
899 2566 988 2636 qui
1018 2566 1367 2621 sacramentis
1420 2565 1675 2621 Ecclesia
1725 2566 1876 2635 quasi
1927 2566 2118 2621 sociari

513 2672 610 2710 sua
653 2654 942 2726 cupiditate
989 2653 1275 2719 desiderat,
1301 2669 1409 2708 non
1436 2653 1628 2709 Christi
1685 2655 1974 2708 charitate.
2051 2655 2118 2708 Et

513 2749 688 2805 omnis
741 2748 831 2818 qui
887 2747 1235 2804 sacramentis
1294 2747 1548 2802 Ecclesia
1609 2757 1873 2804 camento
1941 2749 2118 2804 chari-

518 2838 638 2893 tatis
691 2852 800 2892 non
832 2837 1096 2909 jungitur,
1147 2835 1398 2907 injuriam
1455 2836 1673 2907 quidem
1731 2837 1984 2893 Ecclesia
2041 2839 2121 2893 fa-

519 2926 610 2994 cit,
667 2925 764 2980 sed
809 2927 961 2995 quasi
1017 2925 1194 2997 paries
1249 2925 1422 2980 luteus
1478 2924 1788 2995 dissipatur,
1847 2927 1938 2996 qui
1995 2927 2120 2982 licet

515 3023 756 3080 dealbari
786 3023 953 3095 possit
979 3023 1048 3078 ad
1079 3030 1308 3095 tempus,
1351 3023 1469 3094 ejus
1525 3023 1702 3078 subita
1747 3023 2115 3092 dissolutione,

513 3113 603 3183 qui
633 3119 756 3168 ante
786 3111 1132 3168 confidebant
1160 3112 1216 3166 in
1264 3127 1350 3179 eo,
1400 3119 1737 3181 premuntur.
1793 3113 1908 3168 Hac
1955 3113 2120 3184 igitur

511 3199 857 3258 similitudine
903 3207 1046 3254 recte
1092 3199 1362 3272 colligitur
1409 3199 1554 3270 quod
1593 3200 1684 3269 qui
1737 3199 1806 3254 ad
1861 3200 2116 3270 injuriam

508 3303 706 3351 sancta
736 3295 990 3351 Ecclesia
1017 3294 1437 3350 ecclesiasticum
1467 3294 1736 3361 ordinem,
1768 3301 1822 3349 et
1869 3296 2110 3352 maxime

511 3382 879 3452 pontiﬁcatum
937 3383 1256 3452 assequitur,
1335 3398 1490 3437 suam
1568 3383 1986 3439 destructionem
2063 3384 2120 3438 in

515 3479 724 3551 primis,
765 3479 963 3535 deinde
1010 3479 1198 3551 populi
1255 3486 1484 3536 mortem
1533 3488 1806 3549 operatur.
1869 3481 1936 3536 Et
2000 3489 2125 3537 tunc

519 3568 761 3625 Ecclesia
802 3567 1055 3639 injuriam
1103 3567 1306 3638 pariter
1345 3568 1571 3622 sustinet
1617 3576 1669 3623 et
1719 3569 2121 3638 verecundiam,

519 3663 734 3734 quando
765 3663 820 3717 in
849 3662 1100 3736 eligendo
1131 3661 1383 3734 pontiﬁce
1421 3663 1682 3718 canonica
1732 3665 1871 3735 perit
1911 3665 2122 3732 electio,

519 3759 573 3807 et
599 3751 743 3822 quod
771 3751 898 3808 vita
943 3751 1166 3819 meritis,
1215 3758 1272 3806 et
1309 3751 1594 3822 sapientia
1644 3752 1924 3822 doctrina,
1960 3763 2124 3825 atque

519 3841 684 3896 sacris
711 3840 990 3897 ordinibus
1017 3839 1262 3906 debetur,
1298 3840 1404 3894 illis
1432 3840 1586 3910 quasi
1606 3841 1904 3911 imponitur
1933 3844 2129 3914 quibus

521 3954 622 3994 nec
649 3938 808 3995 bona
834 3939 959 3993 vita
987 3938 1197 4004 merita,
1229 3953 1331 3992 nec
1358 3937 1638 4006 sapientia
1667 3938 1931 4008 doctrina,
1959 3942 2124 4011 276

522 4057 622 4096 nec
659 4040 796 4097 sacri
843 4040 1059 4098 ordines
1105 4037 1484 4112 suffragantur.
1539 4040 1627 4094 Isti
1677 4047 1968 4108 terrenum,
2017 4042 2127 4098 imo

522 4129 843 4200 paludosum
873 4128 1074 4184 habent
1112 4127 1543 4196 fundamentum,
1596 4137 1650 4184 et
1698 4128 1820 4184 ideo
1877 4135 2130 4185 corruunt

526 4218 617 4287 qui
647 4217 739 4272 tali
789 4216 1140 4272 fundamento
1195 4215 1544 4272 adiﬁcantur.
1595 4218 1674 4272 De
1733 4217 1930 4273 talibus
1983 4219 2126 4272 enim

527 4313 721 4370 dicitur
747 4313 802 4367 in
833 4313 1075 4368 Psalmo:
1112 4314 1414 4385 Profecisti
1429 4328 1542 4381 eos,
1575 4313 1710 4370 dum
1733 4315 2132 4372 allevarentur

528 4402 704 4472 (Psal.
735 4417 910 4470 Lxxrr,
946 4403 1054 4471 18).
1085 4401 1316 4456 Gravius
1360 4401 1493 4456 nihil
1551 4409 1605 4456 et
1657 4403 1802 4472 apud
1859 4403 2128 4460 Christum

531 4499 782 4554 Ecclesia
835 4499 1051 4570 injuria,
1109 4499 1262 4569 cujus
1313 4507 1653 4555 sacramenta
1708 4501 1798 4570 qui
1877 4518 2130 4572 perverse

530 4587 846 4658 suscipiunt,
878 4603 1000 4642 cum
1031 4587 1239 4643 Christo
1270 4605 1406 4656 esse,
1438 4589 1524 4644 vel
1553 4589 1809 4658 prodesse
1839 4606 1946 4644 non
1996 4608 2128 4662 pos-
2160 4611 2213 4671 Β

535 4693 676 4742 sunt.
737 4687 870 4741 Cum
929 4685 1137 4742 Christo
1193 4687 1394 4740 etenim
1447 4685 1607 4740 simul
1664 4703 1800 4754 esse,
1861 4695 1915 4741 et
1952 4696 2138 4742 contra

533 4775 800 4832 Christum
839 4774 1017 4830 facere
1043 4789 1205 4829 nemo
1235 4781 1430 4844 potest,
1457 4790 1582 4828 cum
1615 4773 1728 4844 ipse
1783 4773 1930 4830 dicat
1965 4795 1976 4830 :
2029 4776 2137 4843 Qut

534 4889 653 4930 non
679 4875 766 4930 est
795 4887 1040 4938 mecum,
1064 4875 1269 4929 contra
1288 4886 1377 4927 me
1399 4874 1484 4927 est
1509 4873 1662 4940 (Luc.
1687 4886 1766 4940 χι,
1799 4875 1912 4942 23).
1928 4871 2030 4942 Qui
2053 4890 2139 4928 au-

538 4977 644 5025 tem
670 4985 792 5026 cum
832 4971 1040 5024 Christo
1079 4984 1184 5025 non
1241 4974 1340 5035 est,
1398 4983 1498 5023 nec
1551 4967 1654 5022 sibi
1702 4968 1979 5038 prodesse,
2039 4987 2139 5024 nec

537 5059 656 5114 aliis
701 5065 919 5130 potest;
973 5073 1094 5112 cum
1139 5057 1254 5128 ipse
1311 5055 1504 5110 iterum
1560 5064 1806 5111 asserat:
1873 5059 1977 5128 Qui
2022 5075 2138 5116 non

537 5156 757 5228 colligit
776 5154 1301 5228 mecum,dispcrgit
1323 5153 1526 5223 (ibid.),
1559 5161 1613 5208 et
1640 5153 1770 5208 alibi
1802 5153 1931 5208 dicit
1959 5174 1972 5210 :
2005 5155 2138 5211 Sine

537 5269 628 5310 me
648 5252 798 5309 nihil
823 5253 1060 5322 potestis
1079 5254 1270 5322 facere
1299 5253 1483 5318 (Joan.
1509 5266 1604 5317 xv,
1631 5255 1708 5319 ὅ).
1753 5252 1889 5306 Sunt
1917 5251 2136 5322 quidam

541 5349 629 5418 qui
659 5349 1184 5406 RomanaEcclesia
1212 5349 1397 5405 omnia
1423 5349 1584 5404 licere
1625 5355 1832 5420 putant,
1883 5357 1938 5403 et
1983 5350 2136 5419 quasi

542 5436 774 5506 quadarn
802 5436 1200 5506 dispensatione
1229 5437 1386 5492 aliter
1411 5453 1573 5507 quam
1625 5437 1811 5491 divina
1860 5438 2137 5507 Scriptura

543 5523 788 5596 pracipit
813 5541 934 5580 eam
964 5525 1140 5581 facere
1195 5541 1372 5596 posse.
1433 5524 1770 5596 Quicumque
1827 5526 2008 5596 itaque
2057 5527 2136 5581 sic

539 5619 696 5688 sapit,
729 5619 924 5690 desipit
951 5636 968 5689 ;
999 5637 1126 5676 nam
1153 5623 1411 5678 Romana
1441 5621 1694 5677 Ecclesia
1741 5629 1864 5691 post
1920 5623 2133 5678 Petrum

537 5713 759 5768 minime
785 5715 924 5782 licet,
957 5717 1101 5786 quod
1128 5718 1282 5772 Petro
1311 5734 1418 5774 non
1465 5718 1633 5774 licuit.
1686 5719 1840 5774 Petro
1895 5735 2015 5789 qua
2065 5721 2137 5774 li-

535 5800 716 5868 ganda
742 5811 896 5856 erant
921 5804 1146 5875 ligandi,
1178 5813 1234 5858 et
1259 5820 1380 5874 qua
1408 5805 1667 5861 solvenda
1693 5807 1937 5862 solvendi
1970 5816 2051 5862 est
2105 5824 2139 5863 a

545 5893 752 5950 Christo
781 5897 904 5952 data
927 5905 1162 5968 potestas
1191 5899 1410 5966 (Matth.
1441 5915 1562 5968 xvr,
1598 5903 1686 5970 19)
1711 5917 1724 5969 ;
1758 5917 1864 5956 non
1906 5917 2027 5971 qua
2075 5903 2136 5959 li-

2211 661 2359 700 cessa
2387 645 2630 701 facultas.
2665 647 2849 701 Petrus
2878 646 3038 700 etiam
3069 644 3113 698 si
3143 643 3431 714 aliquando
3471 645 3632 700 aliter
3679 647 3832 720 egit,

2212 734 2406 788 Paulus
2433 734 2557 789 licet
2585 735 2638 788 in
2668 735 3072 790 conversatione
3103 733 3335 788 novitius
3394 733 3442 787 ei
3499 733 3552 787 in
3616 733 3836 789 faciem

2213 832 2455 886 resistere
2486 833 2706 886 minime
2739 832 2916 887 timuit
2944 831 3090 898 (Gal.
3140 846 3199 896 ιι,
3267 831 3378 900 11).
3437 830 3628 885 Petrus
3691 848 3840 886 vero

2213 919 2294 973 sui
2361 921 2592 990 junioris
2666 920 3090 990 increpationem
3185 918 3412 973 libenter
3481 920 3839 991 suscipiens,

2214 1007 2358 1077 quod
2388 1009 2506 1079 plus
2529 1009 2673 1078 justo
2706 1010 2922 1078 fecerat,
2955 1008 3240 1080 diligenter
3265 1006 3512 1062 correxit.
3547 1008 3842 1063 Praterea

2213 1105 2606 1160 nulla'ratione
2645 1104 2758 1160 ﬁeri
2813 1105 2935 1160 licet
2989 1104 3133 1176 quod
3171 1104 3408 1159 Christus
3460 1120 3557 1160 suo
3619 1122 3837 1160 exem-

2214 1193 2308 1263 plo
2347 1193 2616 1248 dedocuit.
2651 1197 2771 1265 Ipse
2819 1193 2963 1248 enim
3012 1194 3188 1265 legem
3236 1193 3442 1248 solvere
3489 1208 3599 1248 non
3648 1194 3833 1262 venit,

2215 1295 2308 1348 sed
2339 1295 2635 1366 adimplere
2664 1295 2887 1366 (Matth.
2921 1311 2976 1364 v,
3011 1298 3122 1365 l7.)
3156 1295 3316 1365 277
3347 1295 3589 1350 Romana
3637 1295 3834 1366 itaque

2223 1396 2461 1452 Ecclesia
2489 1397 2793 1452 divinarum
2826 1397 3220 1469 Scripturarum
3248 1397 3424 1468 legem
3449 1397 3663 1454 solvere
3714 1414 3830 1453 non

2217 1493 2396 1561 debet,
2429 1495 2523 1549 sed
2553 1510 2873 1551 conservare
2904 1510 2917 1563 ;
2949 1502 3003 1549 et
3032 1493 3222 1549 tradita
3249 1494 3352 1547 sibi
3381 1509 3414 1548 a
3459 1494 3675 1548 Christo
3729 1510 3833 1563 po-

2219 1589 2425 1649 testate,
2458 1597 2567 1636 non
2596 1582 2664 1637 ad
2708 1598 2861 1638 suam
2892 1581 3222 1638 voluntatem
3252 1581 3348 1650 uti,
3381 1580 3472 1636 sed
3517 1582 3829 1637 secundum

2220 1677 2412 1731 Christi
2445 1677 2806 1732 traditionem.
2841 1677 2896 1732 Si
2929 1677 3090 1732 etiam
3123 1693 3155 1732 a
3181 1693 3278 1733 suo
3319 1677 3530 1747 juniore
3567 1677 3830 1732 Romano

2223 1764 2458 1836 pontifici
2488 1767 2812 1838 suggeritur,
2847 1767 2964 1820 utsi
2994 1765 3282 1835 aliquando
3313 1766 3432 1836 plus
3469 1767 3617 1834 justo
3669 1765 3830 1820 fece-

2140 1904 2192 1964 B
2221 1861 2307 1929 rit,
2335 1862 2474 1931 juste
2510 1863 2762 1934 corrigat,
2800 1871 3054 1933 tanquam
3083 1863 3274 1950 Petrus
3295 1862 3439 1918 Pauli
3480 1862 3829 1918 admonitio-

2223 1967 2344 2003 nem
2368 1951 2618 2020 suscepit,
2670 1960 2723 2006 et
2770 1951 2883 2020 ipse
2933 1952 3202 2023 suscipiet,
3251 1941 3292 2005 si
3352 1951 3559 2006 Petrum
3619 1951 3827 2005 imitari

2222 2038 2506 2093 desiderat.
2547 2040 2626 2093 De
2675 2039 2986 2095 investitura
3047 2047 3225 2095 autem
3283 2040 3537 2094 laicorum
3594 2039 3640 2093 si
3702 2041 3826 2109 quis

2223 2142 2550 2198 cognoscere
2607 2128 2835 2182 voluerit
2891 2128 3018 2198 quid
3075 2127 3337 2182 catholica
3399 2135 3452 2182 et
3522 2127 3824 2198 apostolica

2224 2223 2461 2276 Ecclesia
2515 2223 2756 2292 senserit,
2817 2224 2944 2293 quid
2996 2223 3251 2291 docuerit,
3303 2223 3428 2293 quid
3467 2223 3816 2294 judicaverit,

2223 2311 2350 2381 quid
2380 2311 2728 2378 constituerit,
2743 2312 2890 2383 legat
2908 2311 2963 2366 in
2984 2312 3159 2381 primo
3188 2312 3418 2382 capitulo
3439 2311 3576 2365 illius
3597 2312 3814 2366 concilii

2227 2399 2368 2469 quod
2405 2407 2642 2469 tempore
2671 2400 2918 2471 Gregorii
2949 2400 3159 2471 septimi
3189 2416 3347 2470 papa
3376 2401 3570 2454 factum
3617 2407 3718 2468 est,
3771 2409 3820 2453 et

2229 2495 2300 2549 ibi
2331 2511 2520 2549 omnes
2547 2496 2791 2564 clericos,
2825 2497 2913 2566 qui
2946 2497 3013 2552 de
3061 2513 3224 2551 manu
3271 2496 3391 2551 laici
3448 2496 3816 2550 investituram

2227 2584 2539 2652 suscipiunt,
2601 2585 2880 2639 hareticos
2935 2592 3171 2652 vocatos,
3221 2591 3273 2638 et
3347 2584 3467 2639 ideo
3537 2583 3821 2638 damnatos

2228 2687 2345 2726 esse
2373 2679 2424 2725 et
2455 2673 2950 2728 excommunicatos
2981 2673 3260 2728 invenerit.
3295 2673 3439 2727 Licet
3465 2671 3570 2728 alia
3598 2673 3816 2727 harcsis

2225 2769 2294 2823 de
2345 2767 2655 2822 investitura
2711 2768 2936 2836 dicatur,
2996 2767 3101 2823 alia
3159 2768 3482 2838 Simoniaca,
3543 2768 3641 2822 ista
3699 2783 3819 2838 qua

2228 2855 2294 2910 de
2346 2857 2660 2912 investitura
2714 2856 2926 2924 dicitur,
2979 2864 3166 2913 contra
3221 2864 3459 2912 sanctam
3519 2856 3808 2911 Ecclesiam

2229 2945 2417 3000 fortius
2452 2945 2738 3016 jaculatur.
2789 2945 3100 3001 Simoniaca
3153 2945 3350 3002 etenim
3402 2945 3636 3015 pravitas
3688 2946 3815 2999 mul-

2231 3042 2385 3097 toties
2414 3041 2472 3098 ﬁt
2499 3043 2763 3112 latenter;
2797 3043 3014 3098 haresis
3044 3059 3170 3099 vero
3201 3042 3267 3097 de
3304 3042 3630 3109 investitura,
3678 3059 3816 3096 sem-

2227 3147 2326 3202 per
2351 3131 2566 3200 publice
2591 3131 2786 3203 agitur.
2819 3131 2899 3185 Ibi
2947 3131 3109 3186 etiam
3160 3130 3214 3184 in
3273 3131 3462 3200 primis
3516 3130 3688 3186 omnis
3743 3149 3818 3186 ec-

2227 3220 2550 3276 clesiasticus
2603 3220 2737 3276 ordo
2794 3219 3156 3289 confunditur,
3217 3219 3430 3290 quando
3504 3221 3603 3274 hoc
3675 3221 3814 3290 quod

2229 3317 2513 3387 unicuique
2543 3333 2575 3372 a
2602 3317 2716 3372 solo
2747 3333 2844 3372 suo
2873 3324 3241 3372 consecratorc
3291 3317 3345 3370 in
3397 3316 3648 3384 Ecclesia,
3696 3333 3812 3371 cum

2229 3405 2561 3460 orationibus
2589 3421 2708 3474 qua
2737 3405 2814 3460 ibi
2843 3406 3188 3473 conveniunt,
3220 3405 3334 3459 dari
3363 3404 3542 3470 debet,
3581 3421 3614 3458 a
3655 3421 3814 3459 sacu-

2231 3499 2326 3554 lari
2361 3506 2621 3570 potestate
2649 3499 2799 3569 prius
2843 3499 3122 3568 accipitur.
3175 3497 3331 3568 Quod
3369 3498 3534 3553 sancti
3587 3499 3806 3567 apostoli

2232 3603 2340 3641 non
2370 3587 2542 3642 solum
2570 3587 2977 3656 interdixerunt,
3010 3603 3195 3643 verum
3239 3587 3399 3642 etiam
3450 3602 3634 3642 omnes
3677 3585 3810 3667 illos,

2237 3685 2327 3754 qui
2359 3701 2456 3756 per
2481 3686 2795 3740 sacularem
2824 3693 3144 3755 potestatem
3171 3684 3465 3740 Ecclesiam
3496 3683 3750 3750 obtinent,
3783 3699 3813 3736 a

2238 3783 2446 3838 Christo
2475 3783 2577 3836 sibi
2629 3782 2820 3838 tradita
2875 3789 3135 3853 potestate
3185 3781 3586 3837 damnaverunt.
3651 3780 3808 3850 278

2237 3881 2303 3935 Et
2331 3880 2522 3934 merito
2553 3880 2780 3950 apostoli
2807 3879 3013 3950 judicio
3041 3879 3270 3950 Spiritus
3299 3878 3464 3934 sancti
3511 3879 3608 3932 hac
3644 3879 3808 3933 hare-

2235 3978 2336 4032 sim
2370 3978 2486 4048 ipso
2526 3978 2778 4033 Ecclesia
2825 3977 3088 4050 principio
3146 3978 3403 4033 damnare
3457 3977 3806 4040 decreverunt,

2238 4083 2398 4136 quam
2430 4067 2744 4138 longopost
2773 4073 3012 4136 tempore
3069 4083 3138 4122 ex
3192 4073 3342 4136 patre
3388 4064 3600 4121 diabolo
3651 4066 3808 4120 nasci-

2240 4175 2410 4222 turam
2441 4183 2559 4222 esse
2606 4167 2987 4238 praviderunt.
3041 4168 3174 4222 Cum
3233 4166 3396 4239 igitur
3448 4166 3583 4220 laico
3635 4172 3684 4220 et
3736 4165 3808 4218 in-

2239 4255 2511 4322 vestitura,
2545 4263 2596 4310 et
2619 4256 2796 4311 omnis
2841 4255 3000 4310 etiam
3058 4254 3510 4325 disponendarum
3559 4253 3803 4308 Ecclesia-

2238 4369 2378 4420 rum,
2410 4353 2496 4410 vel
2525 4353 3002 4408 ecclesiasticarum
3034 4368 3210 4406 rerum
3270 4351 3492 4406 facultas
3543 4367 3576 4404 a
3624 4349 3804 4421 Spiritu

2240 4449 2445 4508 sancto,
2477 4442 2565 4511 qui
2598 4441 2651 4496 in
2700 4442 2958 4510 apostolis
3008 4440 3344 4510 loquebatur,
3395 4445 3588 4510 negata
3628 4437 3691 4491 sit
3725 4454 3806 4506 pe-

2243 4530 2384 4584 nitus
2411 4538 2464 4583 et
2511 4530 2810 4598 interdicta,
2859 4530 2948 4600 qui
2997 4529 3363 4584 investituram
3410 4545 3444 4583 a
3490 4526 3621 4582 laico
3661 4527 3805 4581 susci-

2245 4627 2340 4697 pit,
2371 4643 2477 4682 non
2503 4627 2618 4697 jam
2649 4634 2835 4682 contra
2882 4626 3156 4696 apostolos
3201 4632 3427 4692 tantum,
3485 4622 3592 4677 imo
3643 4629 3805 4676 contra

2244 4715 2524 4770 dominum
2573 4716 2960 4787 apostolorum,
3012 4714 3158 4785 quod
3203 4721 3443 4769 sanctum
3481 4719 3557 4767 est
3607 4711 3803 4766 canibus

2245 4805 2487 4874 exponit.
2521 4805 2843 4860 lnvestitura
2870 4805 3036 4870 enim,
3069 4804 3137 4858 de
3165 4819 3271 4873 qua
3317 4801 3598 4872 loquimur,
3651 4816 3804 4854 sacra-

2248 4900 2487 4948 mentum
2509 4902 2634 4960 est;
2677 4894 2729 4947 id
2781 4901 2862 4947 est
2887 4909 3100 4946 sacrum
3144 4892 3381 4963 signum,
3434 4905 3538 4959 quo
3587 4888 3804 4960 princeps

2249 4991 2518 5059 Ecclesia,
2551 4991 2836 5062 episcopus
2891 4991 3113 5057 scilicet,
3171 5007 3204 5044 a
3257 4989 3463 5045 cateris
3518 4986 3793 5042 hominibus

2247 5079 2540 5135 secernitur
2567 5080 2766 5151 pariter
2809 5089 2968 5149 atque
3009 5078 3357 5150 dignoscitur,
3417 5085 3468 5132 et
3516 5091 3618 5145 quo
3664 5089 3803 5144 super

2249 5169 2605 5223 Christianum
2653 5185 2878 5241 gregem
2929 5184 3055 5222 cura
3111 5165 3391 5238 pastoralis
3461 5165 3508 5219 ei
3570 5163 3798 5218 tribuitur.

2248 5267 2396 5321 Hanc
2427 5267 2796 5322 investituram
2828 5266 2898 5322 ab
2928 5266 3021 5321 illo
3076 5265 3191 5321 solo
3245 5265 3513 5336 suscipem
3568 5262 3725 5326 debet,
3772 5279 3798 5315 a

2248 5372 2355 5426 quo
2384 5363 2437 5410 et
2456 5356 2917 5411 consecrationem
2951 5354 3130 5409 habet.
3181 5354 3335 5408 Illum
3373 5351 3628 5422 siquidem
3677 5352 3799 5422 prius

2247 5461 2497 5524 apportet
2525 5453 2844 5520 consecrari,
2905 5451 3102 5506 deinde
3157 5467 3286 5504 vero
3346 5457 3592 5518 tanquam
3641 5463 3793 5520 regem

2251 5542 2501 5598 Ecclesia
2529 5542 2692 5596 sacris
2723 5541 3026 5613 insignibus
3063 5539 3324 5595 decorari.
3385 5539 3440 5594 Si
3499 5537 3612 5606 quis
3646 5545 3792 5592 autem

2247 5639 2468 5694 cuilibet
2495 5639 2736 5694 saculari
2781 5637 3028 5710 potestati
3085 5637 3186 5691 ista
3242 5636 3400 5692 licere
3454 5641 3615 5704 putat,
3665 5642 3793 5688 errat.

2245 5727 2404 5796 Quod
2433 5727 2475 5781 si
2507 5726 2796 5782 defendere
2843 5727 3043 5792 nititur,
3095 5725 3458 5795 apostolorum
3516 5723 3790 5782 doctrinam,

2245 5822 2298 5870 et
2323 5814 2491 5870 sancti
2524 5814 2752 5883 Spiritus
2771 5829 2986 5870 sensum
3008 5813 3286 5868 adnullare
3329 5811 3590 5867 desiderat
3619 5825 3630 5878 ;
3675 5810 3790 5864 unde

2244 5901 2523 5958 hareticus
2571 5917 2687 5956 esse
2760 5902 3062 5956 nullatenus
3139 5899 3432 5955 dubitatur.
3514 5897 3786 5954 lnvestitura
