3910 6446
233 468 342 525 217

1547 465 1906 523 OPUSCULA
1921 508 1934 521 .
1974 495 2043 508 --
2096 467 2191 521 ΙΙΙ.

3420 471 3523 527 218

232 592 413 662 itaque
446 590 724 659 laicorum,
785 608 905 663 quae
964 592 1021 647 ﬁt
1074 608 1171 663 per
1198 592 1427 664 virgam,
1469 599 1521 648 et
1549 593 1825 660 annulum,
1859 596 2041 658 Astro
2071 592 2254 648 audire
2310 591 2538 649 meruit:
2574 592 2738 651 Hodie
2792 593 2992 650 scilicet
3039 609 3262 652 mecum
3291 598 3404 652 eris
3460 599 3523 652 in

234 681 426 736 merito
456 681 672 737 haeresis
735 682 1051 753 appellatur.
1084 682 1221 736 Nam
1252 681 1389 736 sicut
1416 697 1448 736 a
1477 682 1700 737 Simone
1744 682 1835 737 Si-

234 769 482 824 moniaca
543 769 760 825 hzeresis
815 770 1022 839 dicitur,
1085 770 1156 824 ita
1186 770 1255 825 ab
1292 784 1355 824 eo
1405 770 1495 840 qui
1526 770 1757 839 investit,
1786 777 1839 824 et

234 857 303 911 ab
332 858 423 912 illo
480 858 570 927 qui
632 858 909 913 investitur
963 858 1216 929 quoniam
1269 865 1491 928 uterque
1543 859 1595 912 in
1623 859 1714 914 illa
1734 875 1838 923 sua

232 946 392 1015 279
454 946 683 1015 actione,
740 954 791 1000 et
820 948 1025 1019 agitare
1093 948 1271 1003 claves
1302 947 1574 1015 Ecclesiae,
1628 954 1682 1002 et
1719 948 1836 1017 ejus

235 1034 450 1088 unicum
509 1050 571 1089 ac
624 1034 894 1106 singulare
947 1034 1143 1091 ostium
1198 1035 1401 1091 violare
1423 1042 1660 1103 conatur,
1692 1043 1837 1090 recto

235 1122 455 1176 nomine
484 1123 700 1178 hmresis
728 1124 795 1178 de
826 1123 1137 1179 investitura
1176 1131 1416 1180 vocatur.
1451 1125 1580 1178 “1B0
1609 1132 1835 1194 prater-

236 1227 303 1264 ea
355 1211 569 1265 haeresis
623 1211 690 1265 de
744 1212 1073 1280 investitura,
1131 1212 1174 1266 si
1258 1220 1400 1267 recte
1461 1213 1834 1283 perspiciatur,

235 1299 399 1353 etiam
457 1300 675 1354 haeresis
726 1300 1035 1355 Simoniaea
1066 1317 1202 1369 esse,
1236 1301 1360 1357 viva
1404 1308 1457 1355 et
1481 1318 1609 1357 vera
1632 1301 1835 1357 ratione

236 1386 517 1457 probatur.
576 1388 717 1442 Nam
769 1404 888 1457 qua;
916 1388 1185 1443 saacularis
1238 1396 1475 1458 potestas
1524 1389 1625 1443 sibi
1655 1389 1836 1446 vindi-

234 1491 358 1529 care
391 1475 573 1529 nititur
631 1476 1019 1545 investituram,
1074 1478 1172 1530 nisi
1202 1485 1261 1531 ut
1287 1493 1386 1545 per
1415 1479 1517 1531 hoc
1545 1485 1637 1532 aut
1662 1493 1834 1546 pecu-

233 1563 382 1617 niam
432 1570 764 1633 extorqueat,
798 1572 907 1632 aut,
941 1565 1085 1635 quod
1115 1573 1195 1619 est
1245 1565 1483 1637 gravius,
1514 1564 1617 1619 sibi
1638 1565 1837 1621 inordi-

232 1658 358 1705 nate
384 1651 683 1721 subjectum
741 1652 937 1707 cﬁiciat
964 1652 1233 1724 pontiﬁcis
1272 1669 1558 1723 personam
1584 1656 1611 1706 ‘?
1642 1653 1832 1708 Nullus

233 1747 316 1793 est
369 1739 547 1809 itaque
604 1739 883 1808 laicorum,
944 1742 1105 1795 etiam
1163 1742 1206 1794 si
1256 1741 1305 1794 ei
1336 1741 1538 1809 liceret,
1571 1742 1659 1811 qui
1693 1749 1836 1797 tanta

234 1827 532 1883 intentione
561 1830 837 1898 annulum,
860 1830 945 1887 vel
984 1830 1195 1901 virgam
1257 1830 1385 1885 dare
1412 1830 1696 1898 desideret,
1736 1830 1836 1884 nisi

233 1931 334 1986 per
362 1917 479 1971 hzec
523 1933 642 1987 quae
695 1924 815 1971 sunt
843 1925 1177 1973 sacramenta
1239 1918 1511 1987 Ecclesiae,
1568 1926 1835 1990 tempora-

232 2004 377 2058 libus
428 2005 587 2060 lucris
629 2006 874 2060 inhiaret.
935 2006 1105 2062 Laicis
1138 2006 1354 2076 quidem
1405 2014 1739 2062 sacramenta
1766 2007 1835 2062 ab

236 2092 476 2147 Ecclesia
532 2094 802 2165 suscipere
852 2095 994 2163 licet,
1026 2111 1133 2149 non
1190 2095 1442 2150 Ecclesiae
1472 2095 1724 2165 quaelibet
1754 2112 1837 2150 sa-

235 2188 512 2237 cramenta
542 2181 690 2237 dare.
724 2182 965 2237 Annulus
1021 2190 1199 2238 autem
1230 2190 1283 2238 et
1311 2183 1485 2255 virga,
1514 2184 1730 2254 quando
1766 2183 1835 2238 ab

236 2269 347 2323 illis
373 2269 585 2339 dantur,
618 2287 650 2325 a
679 2271 874 2341 quibus
901 2270 1016 2325 dari
1038 2271 1254 2340 debent,
1288 2278 1340 2325 et
1370 2272 1606 2341 quando,
1641 2279 1691 2325 et
1721 2272 1834 2339 ubi,

237 2364 291 2411 et
321 2357 593 2427 quomodo
623 2358 842 2427 debent,
877 2360 1225 2414 Sacramenta
1270 2360 1523 2415 Ecclesiae
1551 2367 1692 2427 sunt,
1725 2360 1834 2414 sic-

236 2451 297 2499 ut
326 2446 403 2499 sal
436 2453 488 2499 et
516 2462 674 2516 aqua,
732 2448 910 2502 oleum
942 2454 996 2502 et
1022 2448 1274 2516 chrisma,
1316 2455 1368 2501 et
1421 2448 1669 2518 quaedam
1709 2448 1834 2517 alia,

234 2534 351 2587 sine
381 2534 578 2604 quibus
612 2535 891 2590 hominum
923 2543 975 2590 et
1002 2536 1359 2591 Ecclesiarum
1410 2537 1835 2591 consecrationes

233 2621 350 2676 ﬁeri
378 2638 487 2677 non
543 2632 789 2693 possunt.
829 2624 1056 2694 Semper
1113 2625 1281 2679 laicus
1311 2624 1377 2678 de
1419 2624 1749 2691 investitura,
1782 2633 1841 2679 ut

232 2710 489 2779 diximus,
521 2718 613 2767 aut
633 2712 917 2782 pecuniam
976 2712 1078 2767 sibi
1137 2711 1393 2780 vindicat,
1436 2720 1544 2780 aut,
1575 2713 1720 2783 quod
1758 2720 1839 2767 est

233 2798 485 2869 amplius,
550 2799 790 2871 episcopi
846 2800 931 2855 vel
986 2800 1198 2855 abbatis
1229 2816 1534 2872 personam.
1588 2802 1701 2856 Hac
1729 2816 1839 2857 non

234 2895 344 2941 tam
376 2889 612 2943 humana
641 2904 803 2959 quam
832 2888 1101 2944 diabolica
1124 2890 1459 2963 malignitate
1491 2891 1728 2945 Ecclesia
1754 2906 1839 2945 ca-

234 2976 487 3031 tholicam
542 2975 725 3046 ﬁdem,
795 2977 1095 3032 libertatem
1154 2986 1207 3032 et
1257 2979 1555 3033 castitatem
1623 2978 1836 3048 amittit,

232 3064 348 3118 sine
378 3065 573 3134 quibus
630 3066 775 3120 nulla
804 3066 1011 3121 ratione
1039 3066 1297 3121 subsistit.
1356 3068 1483 3122 Haec
1510 3067 1708 3121 etenim
1740 3068 1840 3122 tria

236 3169 453 3223 semper
482 3153 723 3210 Ecclesia
751 3154 950 3210 habere
981 3155 1142 3210 debet
1172 3170 1185 3223 ;
1220 3170 1449 3225 quorum
1478 3156 1565 3211 vel
1596 3156 1641 3210 si
1671 3172 1837 3211 unum

233 3240 484 3309 defuerit,
517 3242 661 3297 velut
690 3243 985 3314 paralytica
1034 3243 1199 3313 jacet,
1220 3260 1318 3298 nec
1346 3244 1570 3315 ligandi,
1604 3260 1703 3298 nec
1720 3245 1834 3299 sol-

1934 682 2199 752 paradiso
2230 682 2388 752 (Luc.
2421 697 2576 749 xxm,
2609 684 2720 750 43).
2754 682 2903 738 Unde
2962 683 3017 736 in
3047 683 3250 738 latrone
3282 684 3372 739 illo
3403 702 3524 739 ma-

1936 770 2081 825 xime
2134 770 2460 826 declaratum
2518 770 2843 842 agnoscitur,
2905 772 3047 841 quod
3099 772 3183 827 vir
3234 773 3527 829 catholicus

1935 860 2061 914 licet
2088 860 2328 914 infamiae
2384 859 2607 914 maculis
2666 876 2929 929 aspersus,
2962 859 3085 914 ﬁdei
3115 860 3427 917 defensione
3458 879 3526 933 pa

1937 948 2170 1003 radisum
2194 947 2410 1021 pariter,
2442 954 2495 1001 et
2522 964 2643 1001 cum
2672 948 2879 1002 Christo
2910 966 3024 1003 esse
3056 957 3308 1004 meretur.

2678 1123 2774 1175 III.

1938 1243 2007 1282 DE
2037 1242 2263 1283 SIMONIA
2293 1243 2360 1281 ΕΤ
2390 1241 2752 1280 [NVESTITURA
2800 1241 3104 1294 LAICORUM;
3138 1242 3319 1290 QUARB
3352 1243 3525 1282 UTRA-

2397 1330 2505 1378 QUB
2525 1330 2717 1368 DICATU
2726 1330 2755 1366 R
2790 1329 3035 1369 HERBSIS
3044 1356 3055 1367 .

1941 1441 2255 1500 Universalt'
2265 1456 2427 1513 papae
2445 1439 2688 1506 Calixto,
2707 1440 2845 1497 bono
2867 1440 3092 1496 domino
3106 1456 3205 1498 suo
3220 1444 3276 1497 et
3289 1457 3527 1513 praecor-

2006 1531 2147 1586 diali
2162 1531 2364 1594 amico,
2392 1526 2690 1600 Gof/‘ridus
2712 1528 2880 1584 abbas
2906 1529 3325 1585 Vindociuemi:
3345 1530 3521 1586 beaten

2006 1620 2215 1675 Priscae
2269 1618 2602 1683 cardiualis,
2648 1617 2791 1689 quod
2834 1618 2987 1688 patri
3028 1617 3183 1685 ﬁlius
3204 1622 3260 1674 et
3303 1618 3529 1675 domino

2005 1724 2216 1765 servus.

2007 1842 2141 1895 Cum
2169 1838 2413 1895 Simonia
2460 1846 2513 1892 et
2541 1838 2800 1893 laicorum
2858 1838 3167 1892 investitura
3196 1839 3413 1895 haeresis
3442 1838 3522 1893 di-

1862 1953 1912 2014 Β
1942 1937 2108 1997 catur,
2140 1944 2303 1998 quare
2332 1934 2554 1996 utraque
2584 1927 2652 1980 sit
2712 1927 2948 1995 haeresis,
2981 1934 3033 1981 et
3066 1928 3255 1982 merito
3311 1928 3528 1985 heresis

1942 2016 2201 2089 appellari
2256 2016 2468 2082 debeat,
2514 2016 2760 2086 praesenti
2818 2015 3077 2084 brevique
3121 2016 3249 2070 satis
3303 2017 3529 2086 epistola

1935 2104 2334 2170 monstrabitur,
2367 2119 2434 2157 ne
2462 2118 2624 2172 super
2652 2104 2755 2155 hoc
2810 2101 3065 2171 deinceps
3093 2102 3383 2156 dubitetur.
3416 2104 3529 2157 Fir-

1938 2193 2173 2247 missime
2230 2191 2406 2257 crede,
2454 2192 2609 2245 Pater
2667 2189 2997 2257 charissime,
3050 2190 3193 2259 quod
3224 2191 3355 2245 nihil
3386 2190 3528 2245 aliud

1937 2280 2149 2352 proprie
2206 2279 2422 2335 heresis
2467 2278 2676 2345 dicitur,
2707 2278 2805 2332 nisi
2838 2277 2981 2347 quod
3020 2295 3052 2333 a
3106 2278 3276 2332 Patris
3330 2286 3527 2333 unitate

1938 2370 2128 2425 Filium
2160 2369 2271 2423 sive
2304 2366 2562 2438 Spiritum
2593 2373 2834 2421 sanctum
2884 2360 3106 2421 conatur
3147 2382 3414 2437 separare,
3444 2368 3529 2422 vel

1936 2470 2283 2525 personarum
2317 2452 2539 2507 alteram
2596 2451 2765 2505 altera
2818 2451 3084 2506 minorem
3133 2452 3219 2505 vel
3265 2452 3526 2521 majorem

1937 2554 2191 2594 asserere.
2238 2536 2408 2608 Igitur
2457 2536 2644 2590 Simon
2694 2536 2882 2606 Magus
2924 2551 3030 2590 non
3079 2543 3279 2589 tantum
3324 2536 3533 2590 haereti-

1937 2645 2047 2693 cus,
2079 2626 2173 2679 sed
2219 2625 2591 2679 haereticorum
2621 2623 2827 2693 primus
2873 2630 2927 2677 et
2973 2624 3238 2694 pessimus
3286 2624 3523 2691 exstitit;

1938 2716 2026 2786 qui
2073 2730 2181 2769 non
2228 2713 2401 2768 solum
2442 2728 2474 2766 a
2513 2711 2684 2765 Patris
2733 2711 3038 2780 aequalitate
3087 2711 3324 2781 separari
3371 2727 3527 2782 posse

1938 2804 2196 2876 Spiritum
2244 2808 2484 2857 sanctum
2535 2799 2882 2867 existimavit,
2934 2799 3027 2854 sed
3058 2800 3218 2854 etiam
3265 2800 3381 2870 ipso
3412 2799 3532 2870 Spi-

1937 2894 2039 2947 ritu
2076 2899 2260 2947 sancto
2304 2889 2483 2959 major
2529 2904 2645 2943 esse
2674 2896 3096 2959 praesummuose
3124 2889 3377 2944 tentando
3407 2905 3531 2943 con-

1938 2979 2323 3051 cupivit.282
2350 2979 2489 3032 Nam
2528 2993 2647 3033 cum
2677 2993 2735 3031 se
2782 2992 2936 3048 posse
2994 2978 3221 3048 pecunia
3258 2976 3530 3045 possidere

1939 3070 2194 3141 Spiritum
2223 3073 2462 3121 sanctum
2494 3064 2718 3135 putavit,
2778 3064 2907 3133 quid
2935 3066 3160 3135 appetiit
3213 3065 3378 3131 aliud,
3427 3066 3528 3119 nisi

1938 3167 1995 3213 ut
2023 3156 2223 3229 Spiritu
2250 3162 2433 3209 sancto
2490 3152 2667 3222 major
2710 3152 2823 3221 ipse
2857 3152 3162 3221 haberetur,
3205 3170 3326 3208 cum
3353 3154 3531 3223 major

1938 3249 2005 3302 sit
2032 3245 2122 3315 qui
2154 3243 2390 3315 possidet
2409 3256 2571 3312 quam
2619 3240 2763 3309 quod
2792 3240 3141 3311 possidetur?
3170 3242 3303 3295 Cum
3351 3242 3528 3312 itaque

232 3338 393 3393 vendi
448 3307 769 3410 potestatem
829 3307 1010 3394 habet.
1035 3307 1213 3410 ⁷280
1240 3307 1417 3396 Ha.ch
1447 3307 1629 3413 igitur,
1664 3357 1827 3411 quam
1863 3307 1911 3370 ο
1943 3307 2110 3391 Patris
2139 3307 2191 3387 et
2222 3331 2340 3387 Filii
2389 3307 2442 3385 et
2471 3307 2700 3400 Spiritus
2736 3307 2903 3383 sancti
2952 3345 3207 3399 personas
3242 3307 3532 3399 inaequales

231 3458 393 3512 supra
418 3441 672 3511 diximus,
724 3442 1088 3497 investituram
1132 3443 1434 3514 quicunque
1490 3443 1589 3497 sub
1644 3443 1822 3514 specie

232 3526 460 3596 pastoris
482 3526 751 3595 suscipere
780 3527 1074 3597 praesumit,
1105 3525 1166 3581 fit
1224 3527 1547 3598 paralyticus
1576 3535 1630 3582 et
1659 3529 1830 3583 haere-

235 3614 336 3668 tica
363 3614 512 3685 lepra
539 3614 789 3684 pollutus.
843 3614 999 3668 Illum
1058 3630 1166 3669 non
1196 3623 1466 3685 pastorem
1514 3614 1832 3670 ﬁducialiter

232 3700 375 3770 dico,
402 3718 501 3756 nec
556 3702 697 3755 illius
756 3703 1003 3772 pastoris,
1036 3704 1126 3773 qui
1184 3703 1423 3758 animam
1466 3720 1620 3758 suam
1648 3703 1831 3773 posuit

233 3806 331 3859 pro
361 3789 553 3845 ovibus
579 3789 689 3844 suis
718 3792 902 3860 (Joan.
938 3791 1023 3858 10,
1060 3792 1167 3860 11),
1194 3791 1477 3861 quodlibet
1504 3791 1829 3861 membrum,

232 3877 325 3931 sed
358 3878 442 3932 fur
468 3884 522 3931 et
549 3884 732 3949 raptor
754 3886 807 3933 et
836 3879 993 3948 lupus
1024 3886 1123 3933 est.
1154 3880 1293 3934 Nam
1354 3880 1422 3934 ad
1454 3882 1554 3936 hoc
1580 3880 1743 3947 venit,
1776 3889 1834 3935 ut

233 3966 437 4020 feretur
463 3974 515 4020 et
542 3966 715 4037 rapiat
743 3974 795 4021 et
839 3975 1035 4021 mactet
1093 3968 1284 4037 (ibid.,
1322 3971 1428 4037 10).
1464 3970 1614 4023 Hanc
1644 3977 1830 4024 autem

229 4068 601 4123 detestabilem
664 4068 1018 4140 impietatem,
1070 4086 1177 4125 non
1216 4070 1389 4125 solum
1447 4070 1539 4139 qui
1606 4071 1827 4135 faciunt,

228 4157 322 4211 sed
349 4157 438 4226 qui
467 4158 805 4213 consentiunt
832 4158 903 4226 ei,
960 4157 1199 4213 damnati
1234 4166 1375 4212 sunt.
1409 4159 1503 4212 Ille
1535 4174 1663 4213 vero
1692 4174 1829 4213 con-

229 4246 405 4312 sentit,
466 4246 555 4315 qui
583 4262 702 4300 eam
727 4253 881 4313 tacet,
915 4247 1004 4315 qui
1035 4263 1156 4301 eam
1209 4262 1318 4301 non
1372 4246 1610 4318 corrigit,
1634 4254 1688 4300 et
1739 4247 1829 4317 qui

229 4333 278 4387 ei
308 4334 486 4404 palam
516 4350 623 4390 non
650 4335 985 4390 contradicit.
1023 4336 1090 4389 Et
1118 4351 1278 4390 nemo
1309 4344 1389 4390 est
1416 4336 1509 4405 qui
1551 4335 1827 4390 contradi-

228 4439 347 4478 cere
396 4423 574 4493 palam
604 4440 710 4478 non
738 4424 951 4490 debeat,
1019 4432 1072 4478 et
1096 4425 1297 4495 possit;
1366 4440 1489 4477 nam
1548 4424 1590 4477 si
1623 4424 1828 4494 praelati

229 4527 336 4566 non
369 4511 530 4566 habet
586 4512 979 4580 auctoritatem,
1014 4511 1177 4567 habet
1211 4520 1389 4566 tamen
1420 4512 1705 4566 Christiani
1735 4528 1828 4567 vo-

227 4616 365 4667 cem,
396 4607 449 4653 et
469 4600 751 4671 Scriptura
778 4600 926 4669 dicit,
958 4608 1010 4654 et
1039 4601 1311 4655 neminem
1363 4601 1563 4671 excipit
1589 4620 1600 4655 :
1652 4601 1825 4656 Male-

226 4689 412 4745 dictus
440 4692 543 4754 est,
576 4688 673 4760 qui
711 4689 970 4759 prohibet
996 4689 1252 4760 gladium
1283 4705 1452 4744 suum
1490 4706 1525 4744 α
1550 4688 1827 4760 sanguine

224 4785 359 4855 (Jer.
393 4801 581 4853 xnvm,
616 4787 723 4853 10),
758 4784 810 4838 id
840 4791 921 4838 est
939 4800 1129 4839 vocem
1160 4801 1346 4838 suuam
1371 4785 1438 4839 ab
1461 4784 1829 4856 increpatione

226 4873 447 4943 peccati.
487 4873 622 4928 Illud
688 4873 849 4927 etiam
884 4873 1081 4927 factum
1139 4873 1465 4941 meminerit,
1500 4874 1643 4943 quod
1675 4873 1828 4928 asina

227 4976 430 5030 fatuum
464 4977 780 5047 prophetam
809 4975 939 5029 olim
1002 4975 1291 5030 correxerit
1321 4975 1510 5041 (Num.
1546 4991 1679 5044 xxn,
1712 4976 1824 5044 28).

226 5069 384 5139 Quod
411 5070 454 5124 si
487 5070 643 5124 fuerit
672 5070 913 5136 vitiosus,
946 5069 1032 5123 vel
1069 5068 1312 5138 quolibet
1341 5069 1446 5123 alio
1477 5068 1699 5123 crimine
1738 5068 1827 5122 in-

229 5166 388 5220 famis
416 5166 603 5233 factus,
637 5181 743 5220 non
775 5164 896 5219 ideo
925 5164 1083 5218 silere
1116 5164 1298 5231 debet,
1334 5164 1588 5234 quoniam
1620 5164 1827 5218 unicui-

229 5285 331 5338 que
381 5267 647 5338 peccatori
704 5283 1050 5323 communem
1115 5266 1367 5320 Ecclesiae
1424 5264 1605 5333 ﬁdem,
1664 5282 1825 5337 quam

225 5381 376 5419 suam
406 5382 520 5419 esse
550 5364 717 5419 credit
745 5371 797 5418 et
826 5362 1125 5432 conﬁtetur,
1189 5362 1479 5417 defendere
1533 5370 1587 5416 et
1643 5371 1828 5418 contra

226 5454 342 5523 ejus
371 5454 703 5509 adversarios
731 5453 896 5507 libere
930 5469 1171 5524 pugnare
1203 5452 1346 5508 licet.
1389 5454 1527 5506 Nam
1589 5451 1664 5506 illi
1692 5452 1823 5521 duo,

228 5551 316 5619 qui
346 5551 400 5604 in
429 5550 678 5622 passione
734 5550 948 5605 Domini
981 5548 1217 5606 cruciﬁxi
1269 5557 1539 5605 suntcum
1575 5565 1659 5618 eo,
1696 5565 1821 5604 om-

228 5648 354 5703 nino
384 5647 615 5702 infames
670 5656 838 5715 erant,
871 5663 998 5702 nam
1026 5647 1225 5720 publici
1274 5647 1543 5713 latrones;
1597 5662 1825 5716 quorum

229 5761 366 5799 unus
396 5759 504 5798 non
561 5750 767 5797 tantum
824 5745 950 5814 quia
1004 5744 1248 5813 credidit,
1281 5744 1375 5799 sed
1406 5744 1534 5814 quia
1561 5759 1672 5797 suae
1700 5741 1825 5798 ﬁdei

228 5843 513 5897 veritatem
541 5846 727 5894 contra
752 5839 978 5895 alterum
1010 5841 1303 5897 defendere
1347 5841 1590 5912 coeperit,
1619 5840 1824 5896 bonum

230 5938 381 6005 illud,
414 5945 468 5992 et
526 5935 845 5991 delectabile
878 5938 1038 6006 281
1078 5938 1302 5993 verbum
1328 5939 1679 5995 aSalvatore
1735 5952 1826 5992 nec

1941 3423 2166 3494 quilibet
2193 3420 2377 3475 nititur
2402 3425 2657 3486 astruere,
2707 3417 2912 3472 ratione
2962 3417 3160 3488 pariter
3204 3424 3257 3472 et
3293 3418 3529 3473 auctori—

1942 3520 2046 3567 tate
2079 3509 2357 3565 haareticus
2385 3506 2666 3574 habeatur,
2699 3506 2867 3560 multo
2896 3506 3073 3578 magis
3102 3506 3290 3561 Simon
3322 3507 3527 3578 Magus,

1939 3600 2029 3670 qui
2079 3597 2335 3668 Spiritum
2365 3601 2607 3650 sanctum
2650 3595 2764 3648 Deo
2812 3594 2953 3647 Patri
3001 3600 3052 3648 et
3100 3594 3235 3649 Filio
3263 3594 3527 3664 aequalem

1939 3704 2035 3759 per
2063 3686 2246 3742 omnia
2273 3685 2375 3739 sibi
2406 3683 2633 3755 pecunia
2661 3682 2926 3752 subjicere
2958 3682 3199 3751 tentavit,
3232 3682 3528 3751 hareticus,

1940 3785 1991 3831 et
2018 3774 2282 3841 Simonia,
2317 3788 2436 3843 qum
2461 3772 2531 3827 ab
2562 3772 2679 3840 ipso
2706 3770 2924 3825 inventa
2942 3778 3041 3837 est,
3074 3778 3126 3825 et
3146 3771 3214 3826 ab
3235 3787 3299 3827 eo
3319 3772 3530 3839 dicitur,

1941 3864 2159 3920 haeresis
2188 3861 2589 3931 comprobatur.
2625 3860 2815 3915 Laicus
2861 3866 3060 3926 autem,
3110 3876 3230 3914 cum
3262 3860 3534 3915 investitu-

1940 3971 2054 4008 ram
2118 3951 2479 4007 Ecelesiarum
2505 3949 2687 4003 tribuit
2736 3965 2831 4019 per
2880 3949 3091 4020 virgam
3150 3956 3203 4003 et
3252 3948 3529 4015 annulum,

1940 4057 2058 4111 quae
2088 4048 2210 4095 sunt
2247 4038 2498 4095 Ecclesiae
2542 4044 2897 4103 sacramenta,
2951 4046 3088 4092 Sicut
3126 4038 3205 4091 sal
3268 4044 3321 4091 et
3368 4053 3529 4106 aqua,

1939 4131 2116 4184 oleum
2145 4136 2199 4182 et
2226 4129 2474 4194 chrisma,
2508 4134 2561 4181 et
2588 4123 2858 4197 quadam
2885 4126 3011 4193 alia,
3043 4125 3157 4180 sine
3198 4125 3392 4195 quibus
3441 4126 3536 4179 ho-

1940 4219 2141 4272 minum
2165 4224 2217 4271 et
2246 4216 2588 4271 ecclesiarum
2639 4215 3064 4270 consecrationes
3110 4213 3223 4270 ﬁeri
3254 4230 3362 4269 non
3402 4229 3532 4284 pos-

1936 4312 2075 4371 sunt,
2098 4303 2201 4358 sibi
2225 4303 2315 4372 jus
2371 4301 2563 4356 Christi
2586 4307 2805 4371 usurpat
2835 4307 2886 4353 et
2926 4306 3272 4371 potestatem;
3314 4307 3366 4354 et
3404 4316 3535 4369 quo-

1937 4390 2229 4446 dammodo
2256 4408 2313 4443 se
2346 4389 2442 4442 Dei
2476 4388 2607 4442 Filie
2640 4387 2895 4459 praedicat
2915 4388 3180 4443 altiorem.
3230 4388 3370 4442 Nam
3402 4387 3528 4441 dum

1936 4479 2028 4533 illa
2057 4478 2309 4533 Ecclesiae
2338 4484 2536 4532 sanctae
2588 4483 2923 4531 sacramenta
2954 4476 3028 4531 ibi
3076 4477 3290 4543 dantur,
3316 4476 3407 4530 ubi
3435 4476 3529 4529 da-

1935 4568 1978 4621 ri
1996 4568 2212 4634 debent,
2262 4574 2316 4621 ct
2343 4565 2556 4636 quibus,
2589 4572 2641 4621 et
2676 4566 2890 4635 quando
2938 4565 3156 4633 debent,
3208 4582 3240 4619 a
3268 4564 3366 4618 Dei
3397 4564 3532 4618 Filio

1857 4658 1910 4721 D
1939 4656 2149 4721 dantur,
2182 4672 2279 4726 per
2324 4662 2752 4710 consecratorcm
2806 4653 3059 4710 videlicet
3121 4654 3263 4708 illius
3311 4652 3533 4708 actionis

1936 4744 2261 4812 ministrum,
2292 4743 2426 4799 sicut
2448 4744 2503 4797 in
2559 4743 2932 4797 remissionem
2978 4749 3320 4813 peccatorum
3352 4739 3529 4810 Spiri-

1939 4841 2020 4887 tus
2057 4840 2269 4888 sanctus
2296 4832 2525 4887 dabatur
2578 4848 2675 4902 per
2728 4833 2963 4885 Petrum.
2998 4830 3147 4886 Unde
3205 4831 3349 4884 Deus
3378 4830 3533 4882 Pater

1937 4922 2005 4977 ad
2034 4922 2295 4976 Joannem
2326 4921 2579 4990 loquitur,
2638 4920 2856 4974 dicens:
2897 4920 3075 4992 Super
3116 4934 3280 4991 quem
3326 4916 3531 4972 videris

1941 5012 2219 5082 Spiritum
2232 5009 2688 5074 descendentem,
2703 5010 2803 5064 ille
2818 5011 2904 5064 est
2917 5009 3013 5080 qui
3023 5007 3176 5079 bapti
3184 5013 3275 5061 aut
3287 5007 3471 5073 (Joan.
3490 5021 3527 5072 ι,

1939 5104 2048 5168 33).
2072 5098 2298 5167 Quando
2315 5098 2468 5167 dixit,
2503 5098 2591 5152 ille
2612 5105 2689 5153 est
2710 5098 2798 5168 qui
2847 5097 3100 5168 baptizat,
3120 5114 3149 5149 a
3172 5103 3318 5165 parte
3362 5102 3529 5149 totum

1935 5195 2275 5269 signiﬁcavit.
2310 5198 2445 5250 Nam
2476 5196 2574 5250 Dei
2602 5196 2767 5251 Filius
2792 5195 3042 5250 universa
3072 5192 3321 5247 Ecclesiae
3368 5190 3532 5245 conﬁ-

1935 5299 2087 5354 citet
2157 5297 2339 5353 tribuit
2386 5306 2739 5353 sacramenta.
2803 5297 2992 5352 Laicus
3048 5303 3247 5359 autem,
3314 5294 3530 5363 quando

1934 5402 2122 5452 contra
2150 5395 2247 5450 Dei
2279 5395 2471 5450 Filium
2502 5396 2577 5449 sic
2594 5395 2913 5466 praesumit”
2940 5394 2981 5448 si
3016 5410 3123 5447 non
3150 5392 3398 5462 amplius,
3422 5406 3529 5445 non

1935 5485 2113 5539 minus
2141 5491 2321 5539 tamen
2349 5500 2510 5555 quam
2552 5485 2740 5539 Simon
2787 5485 2975 5555 Magus
3023 5482 3292 5549 intumuit,
3334 5488 3387 5535 et
3416 5480 3530 5551 ipse

1937 5574 2261 5643 intumescit,
2296 5575 2460 5643 283
2494 5573 2584 5643 qui
2643 5573 2697 5627 in
2733 5572 3017 5629 collatione
3075 5576 3529 5625 sacramentorum

1939 5682 1994 5718 se
2026 5663 2122 5718 Dei
2152 5663 2289 5718 Filio
2319 5662 2617 5731 anteponit.
2650 5662 2715 5716 Et
2736 5662 2863 5732 quia
2882 5661 2997 5716 Deo
3026 5660 3124 5714 Dei
3156 5659 3290 5714 Filio
3319 5674 3427 5714 non
3447 5674 3532 5712 so-

1934 5753 2045 5807 lum
2066 5752 2146 5807 sui
2175 5752 2343 5806 Patris
2401 5751 2765 5821 aequalitatem
2784 5750 3002 5804 demere
3059 5748 3259 5815 nititur,
3314 5747 3408 5800 sed
3437 5762 3529 5800 se-

1937 5855 2114 5926 ipsum
2155 5853 2252 5907 Dei
2284 5852 2420 5908 Filio
2448 5852 2780 5923 superiorem
2810 5867 2906 5905 sua
2936 5850 3103 5918 impia
3131 5849 3340 5904 actione
3364 5846 3533 5917 signi-

1935 5950 2094 6008 ﬁcare
2153 5950 2381 6017 videtur,
2440 5958 2585 6007 recto
2650 5948 2867 6005 nomine
2898 5955 2949 6001 et
2996 5949 3110 6017 ipse
3149 5944 3444 6008 haereticus,
3477 5948 3531 5994 et
