3910 6458
524 388 628 446 219

1546 389 1877 445 GOFFRIDI
1916 388 2206 445 ABBATIS
2249 388 2796 445 VlNDOCINENSlS

3738 388 3857 443 220

527 513 643 583 ejus
669 512 1001 569 investitura
1030 513 1257 570 haresis
1286 514 1611 586 appellatur.
1666 513 1817 579 Vale,
1849 522 1903 570 et
1932 513 2113 570 Simo-
2143 514 2198 576 A
2230 522 2312 570 est
2341 513 2444 569 iste
2473 529 2687 582 servus,
2715 520 2807 568 aut
2866 512 2987 568 Mea
3015 519 3098 569 est
3134 511 3236 568 ista
3271 510 3509 568 domus?
3556 509 3687 580 Quo
3715 509 3856 579 jure

525 602 672 658 niam
701 610 754 657 et
788 600 1056 658 laicorum
1085 602 1459 659 investituram
1489 603 1635 659 omni
1692 602 2005 668 occasione,
2035 601 2121 658 vel

527 690 769 766 qualibet
795 690 1203 764 dispensatione
1233 692 1475 764 seposita
1502 693 1830 765 impugnare
1857 691 2112 764 satagite.

1272 870 1365 924 IV.

566 1008 638 1048 DE
676 1007 1085 1048 POSSESSIONUM
1125 1007 1652 1050 ECCLESIASTICABUH
1687 1007 2072 1058 lNVBSTlTURA,

949 1097 1096 1144 QUOD
1133 1098 1369 1137 REGIBUS
1405 1098 1797 1138 CONCEDATUR.

589 1214 712 1269 Non
740 1213 813 1269 sit
841 1214 1257 1286 imperatoribus
1284 1224 1336 1272 et
1366 1216 1593 1289 regibus
1641 1215 1929 1272 molestum
1964 1216 2111 1288 quod

521 1302 772 1369 dicimus,
803 1319 907 1359 nec
957 1304 1347 1360 consuetudine
1403 1304 1507 1359 sibi
1535 1304 1816 1360 vindicare
1857 1305 2119 1371 nitantur,

520 1391 664 1463 quod
694 1391 773 1447 eis
810 1392 1040 1448 veritate
1066 1402 1312 1464 negatur.
1343 1394 1479 1449 Cum
1502 1393 1676 1459 laicis,
1711 1394 1875 1449 etiam
1904 1394 2123 1465 religio-

519 1480 618 1547 sis,
649 1479 1119 1552 disponendarum
1150 1482 1524 1538 Ecclesiarum
1578 1482 1666 1537 vel
1712 1482 2119 1538 ecclesiastica-

522 1584 639 1623 rum
671 1585 854 1625 rerum
882 1570 1061 1624 omnis
1092 1570 1325 1627 facultas
1352 1571 1420 1625 ab
1450 1570 1713 1641 apostolis
1742 1571 2117 1641 prohibeatur,

519 1657 863 1713 manifestum
894 1667 974 1713 est
1008 1660 1148 1730 quod
1180 1659 1259 1715 eis
1291 1660 1606 1715 investitura
1638 1667 1874 1731 negatur
1901 1659 1971 1714 ab
2000 1659 2117 1730 ipsa

520 1747 779 1814 Veritate,
816 1762 848 1803 a
879 1747 1093 1803 Christo
1123 1748 1399 1817 videlicet,
1432 1748 1525 1819 qui
1555 1748 1610 1802 in
1641 1748 1903 1819 apostolis
1928 1748 2119 1821 loque-

519 1835 699 1933 batur.
741 1834 906 1905 Quod
934 1844 1118 1892 autem
1150 1837 1398 1893 Christus
1428 1837 1484 1891 in
1502 1837 1766 1908 apostolis
1783 1837 1996 1893 locutus
2025 1838 2114 1905 sit,
2147 1874 2198 1933 Β

518 1924 718 1980 Paulus
745 1925 1026 1995 apostolus
1057 1926 1257 1981 asserit
1286 1926 1510 1982 dicens:
1543 1927 1640 1981 An
1663 1929 2116 1998 emperimentum

521 2012 641 2082 ejus
662 2015 937 2085 quceritis,
960 2015 1056 2087 qui
1078 2017 1137 2070 in
1154 2031 1241 2070 me
1264 2016 1517 2088 loquitur
1563 2015 1858 2071 Christus?
1887 2015 1963 2087 (II
1993 2017 2113 2082 Cor,

522 2116 643 2168 xm,
675 2103 753 2171 3.)
811 2102 946 2157 Cum
982 2102 1153 2175 igitur
1183 2104 1434 2159 Christus
1461 2104 1665 2159 veritas
1695 2105 1781 2166 sit,
1831 2105 1972 2160 sicut
1999 2106 2117 2176 ipse

522 2188 693 2245 dixit:
728 2191 835 2263 Ego
865 2208 991 2248 sum
1012 2195 1221 2249 veritas
1251 2194 1435 2264 (Joan.
1468 2210 1582 2259 XIV,
1612 2195 1685 2263 5),
1718 2209 1820 2249 nec
1850 2210 2115 2265 unquam,

522 2278 643 2349 Ego
674 2294 791 2334 sum
819 2281 1177 2348 consuetudo,
1239 2281 1441 2337 dixerit
1477 2299 1491 2345 ;
1546 2282 1636 2354 qui
1669 2282 2006 2337 Christianus
2036 2290 2119 2338 est

523 2366 815 2435 Christum,
847 2377 900 2424 et
929 2369 1022 2441 qui
1049 2386 1153 2425 rex
1182 2378 1285 2441 est,
1319 2372 1530 2443 Regem
1561 2386 1777 2443 regum,
1810 2371 1985 2442 ipsam
2021 2372 2117 2427 sci-

524 2453 653 2512 licet
680 2457 983 2524 veritatem,
1014 2468 1294 2529 sequatur,
1327 2475 1458 2526 non,
1515 2459 1993 2515 consuetudinem.
2057 2460 2119 2514 ln

525 2542 914 2601 ecclesiasticis
936 2547 1393 2617 possessionibus,
1409 2548 1776 2620 quamvisnec
1804 2549 1859 2603 in
1880 2548 2115 2621 legibus,

523 2646 629 2689 nec
656 2632 711 2687 in
743 2634 1050 2690 canonibus
1076 2635 1401 2704 inveniatur,
1432 2644 1609 2692 tamen
1640 2645 1869 2708 propter
1886 2638 2119 2693 scanda-

522 2727 633 2784 lum
664 2737 718 2785 et
747 2729 997 2787 schisma
1024 2732 1322 2804 vitandum,
1357 2735 1482 2790 talis
1520 2736 1687 2804 284
1718 2736 1941 2805 regibus
1968 2735 2120 2792 inve-

525 2831 715 2889 stitura
736 2836 1068 2903 conceditur,
1101 2844 1159 2893 ut
1186 2852 1294 2893 nec
1320 2837 1422 2908 ipsi
1478 2845 1707 2909 propter
1737 2839 1842 2894 hoc
1867 2847 2113 2909 pereant,

523 2936 625 2977 nec
654 2930 846 2979 sancta
871 2924 1124 2982 Ecclesia
1149 2927 1532 2982 detrimentum
1574 2927 1831 2997 patiatur.
1877 2928 2117 2983 Investi-

521 3010 695 3060 turam
724 3023 821 3077 per
850 3008 1063 3083 virgam
1093 3018 1146 3066 et
1200 3011 1459 3066 annulum
1489 3011 1758 3082 accipere,
1823 3010 1930 3065 nisi
1959 3026 1989 3068 a
2017 3027 2117 3068 suo

522 3102 932 3164 consecratore,
964 3098 1304 3153 manitestnm
1349 3108 1433 3154 est
1462 3115 1585 3155 esse
1615 3101 1959 3165 damnosum,
1992 3101 2117 3172 quia

524 3182 657 3239 nulli
685 3184 828 3242 laico
855 3185 984 3243 licet
1010 3187 1104 3242 illa
1133 3188 1399 3244 Ecclesia
1419 3197 1765 3244 sacramenta
1794 3189 1950 3254 dare,
1977 3189 2116 3245 sicut

522 3272 572 3326 ei
600 3288 709 3329 non
738 3274 864 3331 licet
891 3276 1211 3348 episcopum
1238 3292 1597 3333 consecrare.
1656 3278 1765 3333 Res
1796 3277 1962 3333 etiam
1991 3293 2113 3349 qua

524 3361 694 3416 semel
722 3362 987 3421 Ecclesia
998 3365 1136 3421 data
1156 3374 1306 3433 sunt,
1326 3381 1492 3437 rcges
1513 3366 1708 3422 iterum
1741 3382 1839 3421 eas
1857 3366 2008 3433 dare,
2028 3367 2114 3421 vel

524 3448 592 3505 de
619 3449 756 3520 ipsis
810 3452 1091 3518 investire,
1153 3469 1258 3510 nec
1316 3455 1518 3509 debent
1573 3470 1676 3511 nec
1727 3454 2116 3510 convenienter

523 3543 771 3608 possunt.
803 3542 940 3596 Nam
969 3542 1132 3599 alicui
1162 3542 1294 3599 dare
1323 3542 1469 3614 quod
1499 3543 1683 3609 habet,
1713 3551 1763 3599 et
1792 3544 1860 3598 de
1893 3544 1995 3599 hoe
2026 3543 2113 3597 in-

524 3626 728 3682 vestire
757 3628 993 3701 aliquem
1023 3631 1169 3702 quod
1199 3631 1290 3687 ille
1304 3632 1420 3701 jam
1449 3634 1618 3698 tenet,
1667 3631 2002 3702 superﬂuum
2032 3639 2117 3687 est

525 3730 579 3781 et
624 3740 855 3794 vanum;
913 3743 1020 3783 non
1066 3736 1251 3785 tamen
1306 3728 1521 3785 videtur
1575 3729 1954 3785 criminosum.
1986 3730 2114 3785 Alia

520 3811 708 3885 utique
732 3818 818 3871 est
843 3816 1185 3886 investitura,
1222 3834 1344 3890 qua
1373 3818 1696 3889 episcopum
1750 3817 1979 3889 perﬁcit,
2012 3818 2116 3873 alia

521 3917 652 3959 vero
681 3919 801 3977 qua
824 3905 1143 3977 episcopum
1168 3906 1355 3977 pascit.
1395 3906 1495 3961 Illa
1523 3922 1588 3962 ex
1646 3906 1833 3962 divino
1854 3906 1976 3975 jure
2009 3908 2114 3961 ha-

524 3990 699 4060 betur,
730 3992 829 4049 ista
856 4010 923 4050 ex
946 3995 1073 4063 jure
1126 3996 1392 4050 humano.
1434 3995 1701 4050 Subtrahe
1725 3995 1815 4064 jus
1844 3996 2111 4062 divinum,

522 4080 874 4151 spiritualiter
900 4083 1189 4155 episcopus
1218 4099 1326 4138 non
1346 4093 1575 4140 creatur.
1602 4084 1869 4140 Subtrahe
1893 4084 1984 4152 jus
2008 4086 2114 4138 hu-

522 4184 765 4237 manum,
796 4172 1177 4242 possessiones
1234 4172 1446 4239 amittit,
1474 4172 1671 4243 quibus
1694 4172 1814 4242 ipse
1842 4187 2112 4242 corpora-

524 4257 650 4313 liter
699 4267 1062 4315 sustentatur.
1100 4261 1221 4317 Non
1273 4260 1421 4316 enim
1475 4260 1860 4332 possessiones
1887 4260 2115 4315 haberet

522 4345 789 4413 Ecclesia,
823 4347 928 4402 nisi
955 4348 1058 4403 sibi
1087 4365 1116 4403 a
1143 4350 1373 4422 regibus
1398 4350 1758 4416 donarentur,
1801 4357 1851 4404 et
1882 4349 1950 4404 ab
1980 4349 2114 4421 ipsis

522 4450 632 4489 non
661 4435 881 4507 quidem
909 4436 1107 4492 divinis
1136 4439 1515 4507 sacramentis,
1548 4439 1645 4494 sed
1667 4437 2114 4509 possessionibus

521 4524 760 4580 terrenis
810 4524 1219 4584 investirenlur.
1256 4529 1333 4582 Ex
1358 4528 1480 4595 jure
1508 4526 1701 4583 divino
1740 4526 1962 4598 regibus
1992 4527 2111 4599 qui-

521 4612 644 4669 dem
675 4621 728 4669 et
754 4613 1171 4685 imperatoribus
1227 4616 1604 4685 dominamur;
1649 4616 1783 4687 ipsis
1832 4623 2014 4671 tamen
2045 4632 2111 4672 ex

518 4702 712 4759 eodem
734 4704 876 4773 jure,
908 4703 1037 4775 quia
1068 4703 1262 4759 Christi
1293 4704 1513 4760 Domini
1543 4713 1685 4772 sunt,
1718 4706 1982 4761 honorem
2015 4704 2112 4760 de-

518 4792 709 4848 bemus
734 4800 788 4848 et
816 4792 1203 4861 reverentiam,
1251 4793 1393 4849 sicut
1423 4794 1548 4849 dicit
1603 4794 1897 4865 Apostolus
1928 4811 1943 4848 :
2004 4797 2111 4849 Re-

515 4899 636 4954 gem
685 4884 1025 4939 reueremini
1074 4883 1290 4951 (IPetr.
1339 4897 1400 4951 ιι,
1432 4883 1542 4952 '77).
1602 4884 1683 4938 Ex
1732 4882 1868 4955 jure
1923 4888 2108 4937 autem

515 4971 751 5027 humano
780 4976 989 5027 tantum
1034 4971 1143 5027 illis
1185 4971 1469 5038 debemus,
1501 4978 1765 5043 quantum
1794 4969 2111 5043 possessio-

514 5076 614 5116 nes
641 5060 936 5133 diligimus,
967 5060 1164 5133 quibus
1185 5061 1254 5115 ab
1284 5060 1439 5131 ipsis,
1472 5061 1558 5116 vel
1586 5075 1619 5115 a
1647 5061 1969 5131 parentibus
1998 5058 2113 5115 suis

512 5148 763 5206 Ecclesia
791 5150 964 5205 ditata
985 5157 1039 5205 et
1092 5149 1348 5205 investita
1402 5148 1767 5222 dignoscitur.
1836 5150 1991 5206 Unde
2025 5153 2089 5206 Β.

512 5238 849 5310 Augustinus
874 5255 1043 5309 super
1069 5239 1337 5295 Joannem
1367 5238 1445 5294 sic
1471 5238 1713 5311 loquitur
1746 5256 1757 5291 :
1801 5263 1823 5285 α
1860 5238 1986 5295 Noli
2015 5240 2109 5295 di-

516 5340 660 5382 cere.
694 5325 837 5395 Quid
864 5327 999 5383 mihi
1059 5334 1112 5383 et
1141 5327 1306 5400 regi?
1331 5327 1475 5397 Quid
1504 5327 1601 5382 tibi
1647 5336 1697 5383 et
1731 5328 2113 5399 possessioni?

517 5421 658 5477 Nam
684 5439 785 5494 per
808 5423 940 5495 jura
984 5440 1177 5497 regum
1209 5427 1376 5496 285
1407 5424 1788 5497 possessiones
1826 5427 2110 5483 habentur.

518 5521 582 5576 Si
614 5538 746 5578 vero
773 5522 995 5591 dixeris,
1027 5524 1172 5594 Quid
1201 5526 1331 5581 mihi
1361 5534 1416 5582 et
1443 5526 1560 5600 regi
1580 5527 1610 5580 ?
1638 5526 1751 5582 noli
1793 5527 1904 5597 jam
1926 5527 2113 5584 dicere

517 5611 895 5679 possessiones
925 5619 1064 5678 tuas,
1098 5612 1227 5685 quia
1243 5615 1309 5670 ad
1340 5614 1457 5687 ipsa
1478 5615 1621 5684 jura,
1656 5615 1853 5687 quibus
1882 5631 2111 5688 posses-

518 5706 703 5764 siones
733 5709 1099 5780 possidentur,
1132 5713 1474 5769 renuntiasti.
1522 5715 1997 5778 Namsecundum
2021 5716 2113 5785 jus

517 5793 901 5867 imperatorum
930 5798 1182 5870 possides
1235 5807 1467 5856 terrena.
1521 5802 1677 5857 Tolle
1724 5802 2114 5873 imperatorum

519 5877 659 5948 jura,
688 5881 811 5952 quis
837 5882 1005 5938 audet
1021 5882 1227 5949 dicere,
1255 5884 1378 5940 Mea
1403 5894 1490 5939 est
1529 5884 1623 5939 illa
1651 5886 1809 5953 villa,
1841 5896 1935 5944 aut
1961 5889 2116 5944 Meus

2228 602 2479 659 defendis
2508 601 2666 658 villas
2685 604 2713 655 ‘?
2741 601 2943 668 divino,
2967 616 3041 657 an
3070 602 3301 657 humano
3319 602 3347 656 ?
3379 600 3635 674 Divinum
3659 599 3768 668 jus
3791 600 3853 654 in

2230 691 2524 763 Scripturis
2550 691 2837 757 habemus,
2862 692 3159 747 humanum
3184 690 3274 760 jus
3291 690 3346 745 in
3366 688 3584 762 legibus
3612 705 3847 762 regum.

2230 780 2386 839 Unde
2416 780 2646 852 quisque
2700 779 2962 851 possidet,
2996 779 3143 852 quod
3181 778 3442 851 possidet,
3492 793 3684 833 nonne
3710 778 3851 847 jure

2230 871 2469 925 humano
2486 870 2514 922 ?
2536 885 2664 923 nam
2688 869 2809 938 jure
2840 867 3024 924 divino
3047 885 3060 924 :
3088 869 3321 925 Domini
3341 872 3424 924 est
3448 872 3607 923 terra
3634 870 3695 922 et
3712 867 3850 939 ple-

2231 967 2433 1022 nitudo
2452 968 2571 1038 ejus
2592 967 2769 1038 (Psal.
2800 981 2962 1032 xxm,
2985 966 3064 1036 1).
3096 970 3369 1037 Pauperes
3385 973 3438 1020 et
3456 964 3654 1020 divites
3682 963 3849 1018 Deus

2231 1065 2301 1121 de
2331 1080 2442 1120 uno
2472 1065 2584 1121 luto
2616 1064 2762 1131 fecit,
2796 1073 2847 1120 et
2865 1064 3063 1121 divites
3090 1068 3146 1119 et
3193 1079 3458 1135 pauperes
3510 1078 3626 1118 una
3677 1071 3847 1118 terra

2232 1162 2533 1226 supportat.
2565 1155 2698 1209 Jure
2727 1162 2908 1210 tamen
2924 1155 3162 1210 humano
3191 1152 3364 1209 dicis:
3397 1154 3525 1208 Hac
3553 1166 3682 1206 mea
3702 1151 3846 1205 villa

2230 1249 2334 1309 est,
2366 1243 2487 1300 hac
2514 1242 2709 1298 domus
2740 1258 2879 1310 mea,
2910 1242 2999 1298 hic
3019 1258 3214 1298 servus
3232 1257 3387 1297 meus
3412 1247 3516 1297 est.
3538 1242 3671 1296 Jure
3693 1255 3843 1311 ergo

2228 1341 2493 1408 humano,
2516 1340 2638 1408 jure
2690 1339 3102 1410 imperatorum,
3137 1340 3352 1411 quare?
3402 1338 3527 1409 quia
3549 1337 3673 1408 ipsa
3701 1336 3843 1405 jura

2228 1429 2467 1483 humana
2495 1443 2593 1499 per
2620 1427 2981 1499 imperatores
3008 1435 3061 1483 et
3092 1442 3253 1499 reges
3309 1425 3494 1483 saculi
3522 1426 3675 1480 Deus
3710 1425 3844 1479 dis-

2226 1526 2413 1580 tribuit
2439 1524 2703 1582 Ecclesia
2759 1541 2898 1581 sua.
2943 1549 2964 1573 η
2999 1525 3230 1580 Possunt
3277 1524 3459 1596 itaque
3489 1522 3612 1578 sine
3641 1521 3839 1578 oﬁ‘en-

2227 1615 2379 1670 sione
2404 1613 2580 1685 leges,
2615 1620 2737 1685 post
2767 1614 3087 1669 electionem
3120 1611 3436 1669 canonicam
3453 1619 3505 1667 et
3533 1624 3838 1668 consecra-

2227 1702 2447 1769 tionem,
2476 1719 2577 1772 per
2627 1701 3001 1756 investituram
3057 1701 3300 1773 regalem
3351 1699 3407 1754 in
3436 1699 3837 1756 ecclesiasticis

2225 1791 2672 1861 possessionibus
2700 1790 3133 1857 concessionem,
3166 1789 3426 1845 auxilium
3455 1796 3508 1845 et
3534 1788 3831 1844 defensio-

2228 1904 2353 1943 nem
2375 1888 2632 1959 episcopo
2652 1887 2805 1954 dare,
2832 1887 2974 1958 quod
2994 1886 3234 1959 quolibet
3256 1886 3417 1960 signo
3440 1885 3639 1942 factum
3653 1885 3832 1941 exsti'

2226 1977 2371 2044 terit,
2402 1977 2520 2049 regi
2552 1975 2640 2031 vel
2670 1974 2931 2047 pontiﬁci,
2965 1992 3062 2031 seu
3114 1975 3394 2032 catholica
3422 1972 3547 2030 ﬁdei
3575 1989 3689 2029 non
3724 1990 3829 2029 no-

2227 2076 2391 2130 cebit.
2454 2075 2627 2130 Voluit
2681 2075 2857 2130 bonus
2908 2074 3174 2130 Dominus
3230 2080 3281 2127 et
3329 2073 3586 2145 magister
3632 2078 3829 2126 noster

2226 2163 2474 2219 Christus
2509 2162 2840 2234 spiritualem
2889 2161 3128 2233 gladium
3164 2169 3217 2216 et
3246 2160 3577 2216 materialem
3608 2175 3738 2215 esse
3768 2158 3824 2212 in

2227 2260 2547 2316 defensione
2578 2260 2860 2316 Ecclesia.
2894 2258 3052 2329 Quod
3084 2259 3129 2314 si
3158 2258 3297 2314 alter
3322 2263 3388 2312 ab
3417 2258 3587 2313 altero
3618 2264 3823 2311 retun-

2226 2348 2391 2413 ditur,
2443 2350 2549 2404 hoc
2606 2348 2665 2402 iit
2720 2357 2909 2403 contra
2931 2346 3075 2402 illius
3133 2346 3481 2402 voluntatem.
3508 2346 3621 2400 IIac
3648 2359 3820 2401 occa-

2227 2446 2380 2502 sione
2402 2448 2470 2503 de
2528 2462 2702 2519 regno
2728 2446 2932 2517 justitia
2989 2445 3209 2513 tollitur,
3245 2452 3296 2499 et
3324 2459 3425 2515 pax
3457 2442 3524 2498 de
3543 2442 3812 2505 Ecclesia,

2227 2536 2484 2591 scandala
2516 2535 2849 2591 suscitantur
2879 2543 2932 2590 et
2961 2534 3268 2600 schismata,
3326 2540 3379 2589 et
3423 2530 3481 2586 ﬁt
3507 2530 3817 2586 animarum

2226 2631 2458 2702 perditio
2490 2631 2649 2686 simul
2680 2638 2734 2687 et
2764 2647 3076 2703 corporum.
3099 2631 3164 2685 Et
3180 2630 3306 2686 dum
3324 2644 3547 2701 regnum
3567 2634 3623 2682 et
3643 2627 3813 2697 286

2227 2733 2616 2800 sacerdotium,
2649 2749 2812 2788 unum
2842 2733 2911 2788 ab
2939 2732 3129 2798 altero,
3163 2732 3532 2804 impugnatur,
3588 2728 3815 2801 pericli-

2226 2829 2369 2877 tatur
2387 2829 2693 2894 utrumque.
2725 2823 2862 2876 Nam
2892 2837 2988 2877 rex
3019 2829 3071 2877 et
3091 2821 3372 2877 Romanus
3395 2817 3655 2890 pontifex,
3686 2833 3809 2874 cum

2226 2936 2367 2976 unus
2395 2929 2588 2976 contra
2615 2921 2805 2987 alium,
2855 2920 2990 2975 alter
3047 2935 3150 2991 pro
3201 2918 3356 2991 regni
3397 2916 3806 2982 consuetudine,

2225 3009 2362 3065 alter
2390 3024 2492 3080 pro
2522 3009 2783 3065 Ecclesia
2814 3008 3064 3064 libertate
3092 3007 3338 3079 erigitur,
3376 3021 3607 3079 regnum
3661 3004 3811 3060 illam

2224 3106 2676 3162 consuetudinem
2703 3106 2957 3161 obtinere
2984 3120 3089 3161 nec
3143 3111 3341 3176 potest,
3372 3117 3476 3159 nec
3506 3102 3726 3174 poterit,
3757 3108 3812 3155 et

2145 3228 2195 3289 Ο
2222 3194 2471 3250 Ecclesia
2498 3210 2612 3249 sua
2641 3193 2907 3249 libertatis
2936 3192 3130 3248 amittit
3157 3192 3476 3264 plurimum.
3538 3192 3648 3247 Rex
3679 3205 3809 3261 pra-

2224 3291 2374 3340 terea
2400 3291 2754 3339 sacrosancta
2774 3282 3160 3340 communione
3187 3282 3390 3353 pariter
3404 3289 3455 3336 et
3467 3280 3618 3351 regia
3637 3278 3811 3352 digni-

2222 3380 2339 3428 tate
2367 3372 2639 3443 privatur;
2671 3387 2706 3426 a
2732 3371 2980 3428 Romano
3040 3386 3170 3426 vero
3198 3368 3451 3441 pontiﬁce
3498 3366 3691 3439 multis.
3717 3367 3806 3440 qui

2224 3469 2329 3524 sibi
2358 3469 2566 3525 servire
2594 3469 2919 3534 debuerant,
2938 3468 3267 3524 necessitate
3289 3473 3521 3539 cogente
3539 3465 3799 3521 servitur:

2224 3574 2277 3623 et
2306 3568 2399 3640 qui
2455 3581 2488 3622 a
2534 3566 2789 3638 pontiﬁce
2844 3566 3129 3623 docendus
3184 3573 3320 3632 erat,
3378 3571 3433 3620 et
3471 3562 3748 3619 ducendus
3772 3578 3804 3616 a

2223 3680 2373 3738 rege,
2404 3681 2501 3720 rex
2532 3673 2585 3719 et
2612 3663 2854 3735 pontifex
2889 3664 3151 3736 populum
3181 3662 3454 3734 sequitur.
3509 3661 3683 3717 Habet
3709 3677 3802 3716 au-

2221 3762 2333 3809 tem
2363 3754 2613 3809 Ecclesia
2639 3768 2854 3824 pacem,
2887 3761 2938 3808 et
2995 3768 3228 3825 regnum
3268 3752 3559 3821 justitiam:
3609 3750 3803 3806 habeat

2220 3859 2315 3898 rex
2346 3842 2814 3909 consuetudinem,
2852 3843 2947 3896 sed
2979 3841 3200 3907 bonam,
3226 3855 3335 3895 non
3365 3856 3526 3911 quam
3558 3839 3700 3894 male:
3722 3855 3803 3893 re.

2222 3932 2418 4003 poscit,
2453 3931 2551 3986 sed
2581 3946 2743 4003 quam
2775 3946 2942 4001 supra
2971 3930 3205 3985 diximus
3261 3929 3651 3985 investituram.
3697 3929 3800 3983 Ha-

2224 4030 2349 4085 beat
2374 4028 2623 4084 Ecclesia
2654 4034 2806 4082 suam
2837 4027 3163 4096 libertatem,
3222 4026 3321 4082 sed
3349 4041 3683 4096 summopere
3710 4041 3798 4080 ca—

2224 4134 2369 4193 veat,
2400 4141 2469 4180 ne
2497 4126 2627 4181 dum
2656 4125 2821 4180 nimis
2854 4124 3174 4189 emunxerit,
3206 4123 3383 4178 eliciat
3398 4122 3798 4196 sanguinen1,et

2221 4224 2350 4278 dum
2381 4222 2688 4296 rubiginem
2719 4223 2787 4279 de
2820 4239 2945 4278 vase
2975 4229 3203 4278 conatur
3231 4220 3477 4288 eradere,
3508 4235 3603 4274 vas
3628 4220 3795 4291 ipsum

2221 4318 2523 4393 frangatur.
2551 4321 2666 4376 Hoc
2683 4328 2763 4375 est
2780 4320 3112 4391 pracipuum
3138 4317 3467 4385 discretioni,
3482 4318 3791 4386 membrum,

2176 4450 2182 4456 ι
2220 4426 2291 4465 ne
2316 4409 2439 4481 quis
2473 4408 2716 4481 qualibet
2746 4409 2960 4465 actione
2989 4406 3250 4464 Ecclesia
3291 4423 3324 4462 a
3352 4406 3543 4462 Satana
3570 4406 3794 4462 circulu-

2223 4498 2500 4555 veniatur.
2539 4498 2693 4553 Tunc
2718 4496 2861 4553 enim
2893 4512 2925 4552 a
2955 4498 3155 4551 Satana
3214 4496 3336 4567 quis
3366 4495 3789 4562 circumvenitur,

2228 4594 2449 4668 quando
2476 4594 2577 4650 sub
2607 4593 2791 4666 specie
2843 4593 3065 4663 justitia
3086 4592 3236 4648 illum
3262 4608 3362 4664 per
3391 4592 3605 4647 nimiam
3634 4599 3683 4647 tr
3702 4592 3794 4648 sti-

2220 4692 2350 4746 tiam
2380 4691 2561 4761 perire
2598 4690 2884 4763 contingit,
2915 4690 3007 4761 qui
3029 4689 3199 4761 potuit
3228 4688 3446 4744 liberari
3502 4704 3600 4760 per
3626 4689 3678 4742 in
3697 4690 3791 4744 lul-

2220 4780 2463 4853 gentiam
2479 4822 2492 4834 .
2530 4780 2834 4835 Pratereat
2851 4780 3023 4835 bonus
3036 4786 3088 4833 et
3110 4778 3378 4834 discretus
3400 4777 3682 4850 Augustini
3700 4778 3787 4832 sin

2222 4869 2457 4940 epistola
2485 4868 2553 4923 ad
2580 4869 2994 4923 Parmenianum
3017 4867 3145 4923 dicit
3175 4867 3260 4922 vix
3291 4874 3381 4921 aut
3408 4880 3671 4937 nunquam
3704 4882 3787 4921 ex-

2221 4955 2737 5012 communicandum
2767 4972 2891 5011 eum
2920 4971 3041 5010 esse
3072 4953 3161 5026 qui
3192 4954 3246 5008 in
3274 4951 3419 5009 nfalo
3442 4967 3601 5023 opere
3628 4953 3680 5007 oi
3698 4953 3785 5007 sti-

2221 5061 2401 5108 natam
2432 5053 2828 5109 multitudinem
2859 5053 3025 5108 habet
3064 5067 3270 5108 secum.
3293 5052 3435 5105 Nam
3473 5049 3676 5105 tolerab
3697 5050 3787 5105 lius

2220 5151 2435 5209 videtur
2461 5152 2554 5207 uni
2585 5167 2834 5222 parcere,
2867 5166 2939 5206 ne
2970 5150 3025 5205 in
3055 5149 3303 5206 Ecclesia
3319 5149 3553 5205 schisma
3580 5163 3678 5204 sem
3697 5150 3787 5203 ine-

2220 5248 2308 5296 tur
2334 5240 2722 5312 plurimorum.
2762 5241 2830 5296 Et
2899 5238 3249 5295 beatissimus
3304 5239 3493 5294 doctor
3516 5244 3569 5293 et
3595 5252 3678 5292 ma
3697 5245 3786 5309 rtyr

2223 5342 2528 5414 Cyprianus
2559 5341 2785 5409 asserit,
2820 5341 3052 5397 dicens:
3092 5341 3251 5409 287
3287 5338 3532 5395 Schisma
3574 5354 3675 5394 non
3716 5348 3787 5395 est

2225 5439 2532 5495 faciendum
2560 5438 2776 5494 etiamsi
2804 5438 2858 5493 in
2889 5437 3088 5494 eadem
3123 5436 3246 5503 ﬁde,
3280 5443 3333 5492 et
3360 5435 3415 5490 in
3440 5435 3623 5491 eadem
3640 5443 3676 5489 ῑι
3697 5436 3787 5492 adi-

2224 5527 2371 5583 tione
2397 5543 2507 5583 non
2536 5532 2857 5598 permaneat
2884 5525 2976 5598 qui
3006 5524 3238 5582 recedit.
3277 5523 3345 5579 Et
3361 5522 3611 5579 Salomon
3634 5524 3674 5579 ir
3698 5525 3787 5581 Ec-

2223 5615 2473 5671 clesiaste
2506 5617 2813 5672 :Scindens
2827 5617 2982 5687 ligna
2999 5613 3420 5687 periclitabitur
3440 5614 3502 5667 in
3513 5614 3608 5680 eis,
3630 5614 3673 5668 si
3697 5631 3785 5669 ex-

2223 5713 2427 5770 ciderit
2443 5716 2664 5785 ferrum
2684 5715 2887 5785 (Eecle.
2915 5730 2965 5777 κ,
2990 5712 3066 5784 9).
3083 5711 3220 5767 Item
3241 5710 3296 5765 in
3320 5709 3542 5766 Exodo:
3568 5712 3627 5766 in
3646 5712 3674 5765 ά
3697 5730 3786 5767 mm

2223 5819 2343 5858 una
2364 5804 2724 5867 comedetur;
2746 5819 2861 5861 non
2882 5802 3121 5872 eiicietis
3144 5799 3210 5856 de
3230 5798 3389 5855 domo
3411 5810 3672 5871 carnem;
3697 5818 3788 5857 ira:

2229 5891 2404 5951 Exod.
2438 5907 2533 5960 xit,
2564 5892 2683 5963 L6).
2738 5891 2821 5947 Ex
2877 5890 3080 5963 quibus
3128 5888 3317 5947 verbis
3357 5886 3632 5959 colligitur
3697 5906 3787 5946 tum
