3910 6416
182 411 281 466 221

1496 406 1863 464 OPUSCULA
1923 439 1990 449 —
2020 411 2142 464 VII.

3375 401 3480 453 222

172 548 290 588 non
334 530 923 587 excommunicandum
954 546 1076 586 esse
1105 529 1196 592 qui
1227 529 1628 584 multitudinem
1676 530 1780 584 ha-
1810 530 1864 591 Α
1894 531 2050 598 mitti,
2081 530 2191 586 nisi
2220 530 2276 585 in
2305 545 2366 586 ea
2386 536 2590 584 tantum
2620 527 2975 594 necessitate,
3007 524 3099 581 ubi
3142 523 3365 579 timetur
3414 536 3483 576 ne

173 623 269 676 bet
302 635 510 685 Stcum,
544 637 612 674 ne
657 619 784 672 dum
832 636 997 674 unum
1043 620 1314 692 corrigere
1361 619 1602 684 nitimur,
1654 636 1782 690 per—

177 710 316 764 ditio
368 708 424 762 fit
469 709 785 762 multorum.
863 710 976 764 lloc
1047 708 1210 764 etiam
1284 708 1646 778 Hieronymus
1718 707 1786 761 ad

175 798 539 869 Augustinum
590 795 797 864 scribit,
845 795 1036 852 dicens
1087 797 1253 868 quod,
1305 799 1602 852 secundum
1651 796 1787 850 bea-

175 896 358 940 torum
389 883 758 956 apostoloru~n
793 885 946 940 Petri
979 893 1031 940 et
1070 886 1216 938 Pauli
1265 886 1634 956 prudentiam,
1669 884 1786 938 dis-

174 975 664 1046 pensationemque
693 973 1000 1038 honestam,
1037 974 1336 1045 aliquando
1388 973 1505 1028 fieri
1557 988 1787 1028 necesse

175 1070 259 1115 est
305 1062 452 1133 quod
499 1062 624 1130 jure
669 1062 1105 1132 reprehenditur,
1159 1078 1226 1116 ne
1272 1061 1595 1118 Christiana
1641 1059 1789 1132 plebi

177 1151 502 1205 scandalum
563 1149 796 1204 oriatur.
866 1151 1005 1204 Nam
1055 1159 1280 1220 propter
1326 1159 1531 1205 metum
1579 1150 1789 1204 Judao—

176 1254 319 1304 rum,
353 1253 424 1293 ne
458 1236 570 1308 ipsi
605 1237 1133 1304 scandalizarentur,
1165 1248 1217 1293 et
1248 1239 1463 1306 Paulus,
1497 1247 1619 1310 post
1659 1253 1786 1294 con-

181 1326 525 1392 versionem,
559 1326 903 1381 Timotheum
933 1326 1316 1382 circumcisum
1368 1327 1513 1392 fecit,
1575 1334 1624 1382 et
1673 1343 1786 1382 ca-

183 1415 466 1469 remonias
495 1414 660 1470 etiam
687 1415 928 1470 exercuit
958 1414 1289 1482 Judaorum,
1315 1424 1367 1470 et
1398 1417 1586 1471 Petrus
1607 1415 1788 1486 coegit

183 1504 464 1573 quosdam
534 1503 828 1557 Judaizare
895 1503 1202 1574 gentilium,
1257 1511 1486 1575 uterque
1568 1512 1789 1558 sanctus

179 1590 460 1661 apostolus
489 1590 752 1645 simulans
783 1607 846 1645 se
897 1592 1093 1645 veteris
1142 1591 1282 1663 legis
1327 1599 1602 1663 praecepta
1658 1607 1784 1646 ser-

184 1695 416 1745 vare,ne
446 1680 538 1750 qui
570 1679 758 1733 fideles
789 1695 852 1734 ex
881 1680 1218 1735 Judaisfacti
1243 1680 1459 1736 fuerant
1479 1689 1787 1751 susceptam

181 1768 422 1822 veritatis
453 1768 697 1822 notitiam
746 1767 1099 1822 scandalizati
1154 1777 1439 1839 negarent.
1500 1769 1772 1824 Fecerunt

1895 621 2224 690 periclitetur
2253 618 2408 685 fides,
2441 627 2491 674 et
2520 618 2653 673 illud
2698 626 2822 689 post
2861 616 3082 672 modum
3137 611 3474 682 corrigatur.

1893 711 2028 764 Nam
2059 709 2150 780 qui
2181 708 2319 762 mala
2340 707 2541 764 faciunt
2560 715 2613 762 ut
2634 708 2854 762 veniant
2877 707 3040 771 bona,
3064 705 3262 758 horum
3279 700 3482 771 justam

1894 814 2016 853 esse
2044 797 2445 852 damnationem
2478 795 2673 851 Paulus
2704 795 2984 866 apostolus
3028 797 3390 863 protestetur.
3426 787 3484 842 Si

1896 889 2020 958 quis
2050 901 2179 941 vero
2209 886 2363 940 aliter
2391 885 2444 938 in
2474 885 2726 940 Ecclesia
2757 881 3192 954 dispensationes
3211 878 3356 942 facit,
3391 891 3486 929 ra-

1897 974 2026 1030 tioni
2050 973 2214 1028 simul
2245 982 2300 1028 et
2329 973 2546 1028 veritati
2593 971 2940 1039 contradicit,
2997 984 3098 1024 nec
3156 969 3331 1022 solum
3391 965 3480 1018 l'u-

1896 1079 2112 1118 cernam
2137 1063 2419 1118 ardentem
2450 1077 2556 1116 non
2587 1061 2772 1127 habet,
2805 1075 2996 1115 verum
3036 1057 3204 1112 etiam
3257 1054 3485 1108 aliorum

1896 1151 2155 1207 ardentes
2175 1148 2713 1222 exstinguit.Etideo
2726 1165 2834 1204 non
2862 1155 3012 1204 recte
3041 1145 3239 1201 dicitur
3285 1141 3485 1200 Christi

1898 1240 2150 1306 vicarius,
2178 1240 2274 1295 sed
2307 1239 2414 1294 dux
2445 1247 2526 1295 est
2558 1254 2829 1295 cacorum
2861 1237 2977 1308 ipse
2999 1250 3200 1291 cacus.

2634 1391 2730 1443 Vl.

1975 1530 2100 1578 QU£
2130 1530 2254 1568 TﬂlA
2287 1529 2545 1568 ECCLESIA
2567 1526 2920 1568 SPECIALITER
2945 1522 3160 1562 HABEBE
3192 1520 3394 1572 DEBET,

2400 1619 2472 1656 ΑΟ
2500 1617 2726 1656 ΕυΜῡΕΝ
2761 1614 2934 1653 ΡᾹΡΑΜ
2947 1638 2962 1652 .

1963 1717 2212 1773 Ecclesia
2231 1733 2447 1788 semper
2474 1717 2757 1782 catholica,
2792 1714 2988 1781 libera,
3047 1719 3102 1766 et
3155 1717 3304 1765 casta
3360 1723 3484 1763 esse

1894 1807 2077 1862 debet.
2110 1806 2408 1868 Catholica.
2440 1806 2566 1878 quia
2596 1821 2696 1860 nec
2727 1803 2888 1859 vendi
2936 1801 3118 1868 debet,
3172 1812 3274 1854 nec
3322 1796 3429 1852 emi
3467 1815 3480 1861 ;

175 1857 282 1965 him
313 1855 1329 1965 iiiiﬁ'ﬁ‘foimff,,‘Pfi’eric?’d',9‘,Pia
1381 1857 1783 1965 comp‘as's‘ione’
1820 1884 1868 1945 B
1898 1895 2087 1961 libera,
2119 1894 2241 1965 quia
2271 1855 2522 1948 sacdlalri
2552 1891 2806 1964 potestati
2855 1907 2963 1944 non
3015 1855 3182 1943 debet
3237 1883 3434 1952 subjici
3468 1901 3480 1946 ;

180 1960 291 1998 non
319 1942 664 1999 simulatione
693 1942 896 2009 fallaci,
931 1945 1182 2014 quamvis
1214 1947 1395 2016 legem
1427 1953 1549 2015 post
1600 1947 1780 2001 Evan-

177 2031 381 2104 gelium
408 2048 518 2087 non
541 2047 668 2087 esse
696 2032 1024 2087 servandam
1054 2033 1275 2088 minime
1306 2033 1637 2089 dubitarent.
1675 2033 1780 2090 Ubi

179 2121 512 2176 beatissima
570 2121 692 2174 vita
748 2119 845 2174 viri
922 2120 1301 2191 intelliguntur
1377 2138 1486 2176 non
1559 2121 1783 2194 quidem

177 2216 554 2263 commutasse
587 2208 889 2276 consilium,
924 2209 1020 2262 sed
1049 2209 1116 2262 ad
1159 2211 1348 2264 horam
1387 2226 1484 2281 pro
1542 2211 1779 2265 aliorum

178 2297 366 2351 salute
395 2312 506 2352 sua
538 2296 796 2352 doctrina
829 2296 1172 2351 sententiam.
1198 2298 1252 2352 Si
1295 2299 1362 2352 de
1382 2299 1640 2369 prasenti
1663 2313 1782 2353 ma-

179 2385 318 2439 teria
347 2384 525 2438 minus
555 2384 640 2440 vel
672 2384 826 2438 aliter
855 2384 984 2452 dixi,
1019 2401 1180 2456 quam
1232 2386 1413 2453 debui,
1466 2386 1785 2457 ignorantia

177 2473 494 2544 deputetur,
527 2479 580 2528 et
608 2471 960 2544 indulgeatur
988 2473 1420 2530 misericorditer
1453 2493 1466 2538 ;
1514 2475 1564 2530 si
1602 2484 1786 2531 autem

177 2563 340 2629 bene,
373 2561 611 2634 benigne
639 2560 984 2632 suscipiatur,
1021 2570 1074 2617 et
1104 2564 1429 2619 observetur
1462 2563 1780 2635 diligenter.

844 2754 1008 2822 288
1052 2755 1120 2808 V-

320 2930 389 2969 AD
419 2927 689 2969 CALIXTUI
719 2928 913 2984 PAPAM,
946 2929 1222 2977 QUALITER
1251 2930 1308 2967 IN
1345 2929 1649 2971 Εοοιεειλδί

514 3027 989 3067 DlSPENSATlONES
1019 3029 1168 3069 NE!“
1198 3027 1439 3067 DEBENT.

246 3171 700 3243 Dispensasiones
729 3171 1023 3243 aliquando
1063 3171 1117 3226 in
1176 3171 1426 3228 Ecclesia
1507 3170 1784 3227 facienda

176 3269 318 3325 sunt,
349 3242 460 3316 non
490 3260 708 3332 quidem
737 3242 926 3316 amore
959 3261 1228 3331 pecuniae,
1265 3261 1353 3316 vel
1383 3259 1626 3332 quolibet
1683 3261 1783 3313 hu-
1815 3242 1862 3304 C

177 3364 340 3404 mano
369 3349 576 3416 favore,
611 3350 707 3405 sed
739 3349 829 3420 pia
844 3357 897 3404 et
921 3349 1267 3406 misericordi
1287 3349 1607 3404 intentione.
1633 3349 1784 3404 Tunc

176 3439 320 3492 enim
348 3453 381 3493 a
409 3447 629 3509 pastore
665 3439 932 3494 Ecclesia
964 3438 1302 3509 dispensatio
1335 3438 1423 3508 pia
1465 3445 1517 3493 et
1569 3436 1783 3491 miseri-

176 3526 410 3581 corditer
437 3526 549 3581 fieri
578 3527 836 3592 creditur,
871 3541 995 3581 cum
1037 3527 1244 3598 aliquid
1292 3527 1472 3580 minus
1533 3524 1778 3596 perfecte

177 3615 248 3669 ad
283 3623 497 3685 tempus
549 3615 610 3668 tit
640 3615 712 3669 ab
742 3615 834 3668 illo
881 3615 966 3669 vel
1015 3614 1134 3670 fieri
1162 3615 1507 3686 permittitur,
1542 3629 1650 3668 non
1686 3631 1785 3669 vo-

179 3701 387 3756 luntate
435 3717 553 3768 sua,
614 3701 709 3755 sed
740 3699 974 3755 aliorum
1033 3701 1380 3765 necessitate,
1434 3717 1502 3756 ne
1541 3701 1596 3755 in
1638 3701 1775 3772 ipsis

175 3790 432 3844 videlicet
481 3787 617 3844 fides
676 3789 978 3843 Christiana
1034 3790 1393 3860 periclitetur.
1455 3789 1545 3845 Sic
1601 3789 1769 3861 igitur

179 3878 435 3933 facienda
485 3885 568 3931 est
624 3877 960 3947 dispensatio
1016 3877 1084 3932 ab
1144 3879 1410 3943 Ecclesia,
1456 3886 1513 3932 ut
1568 3893 1785 3948 semper

177 3967 306 4021 fidei
335 3974 534 4020 nostra
566 3966 765 4020 veritas
793 3965 1116 4031 instruatur,
1152 3975 1202 4020 et
1237 3967 1282 4020 si
1332 3967 1462 4038 quid
1511 3967 1668 4021 aliter
1714 3967 1782 4021 ad

175 4059 370 4111 hurom
428 4055 624 4110 factum
681 4053 840 4108 fuerit
896 4054 978 4109 vel
1037 4055 1409 4126 permissum,
1472 4063 1782 4128 opportuno

177 4154 426 4214 tempore
456 4143 789 4214 corrigatur.
831 4143 941 4196 Hac
971 4143 1213 4199 discreta
1243 4152 1295 4198 et
1322 4151 1516 4200 sancta
1555 4144 1783 4214 dispen-

179 4232 393 4288 satione
424 4232 509 4286 usi
571 4239 700 4285 sunt
754 4231 897 4285 beati
950 4231 1184 4302 apostoli
1244 4233 1432 4286 Petrus
1489 4239 1542 4286 et
1591 4232 1782 4288 Paulus

178 4329 406 4392 prOpter
435 4327 638 4374 metum
665 4320 998 4384 Judaorum,
1031 4336 1098 4375 ne
1121 4321 1224 4391 ipsi
1253 4321 1780 4376 scandalizarentur.

176 4410 316 4464 Nam
349 4408 539 4463 Paulus
571 4417 691 4476 post
721 4407 1140 4463 conversionem
1163 4409 1508 4463 Timotheum
1539 4409 1779 4464 circum-

179 4497 358 4553 cisum
391 4497 516 4552 fecit
545 4504 598 4552 et
618 4499 975 4551 caeremonias
997 4497 1158 4551 etiam
1181 4496 1778 4562 exercuitJudaorum;

180 4593 235 4642 et
265 4586 461 4639 Petrus
490 4583 669 4653 coegit
692 4583 959 4654 quosdam
978 4585 1268 4640 Judaizare
1289 4585 1594 4656 gentilium.
1617 4586 1777 4641 Uter-
1816 4598 1866 4657 D

179 4689 285 4746 que
331 4680 552 4728 sanctus
610 4671 893 4743 apostolus
951 4673 1213 4727 simulans
1271 4689 1330 4728 se
1387 4673 1589 4729 veteris
1642 4673 1785 4745 legis

176 4769 456 4834 praecepta
484 4774 725 4826 servare,
754 4776 824 4815 ne
872 4761 963 4831 qui
1021 4759 1212 4816 fideles
1269 4777 1333 4816 ex
1393 4762 1600 4817 Judais
1659 4761 1784 4818 facti

179 4851 416 4916 fuerant,
467 4857 784 4919 susceptam
831 4849 1076 4904 veritatis
1125 4849 1377 4905 notitiam
1436 4849 1786 4906 scandalizati

179 4947 461 5010 negarent.
497 4939 766 4993 Fecerunt
794 4937 898 4991 hoc
927 4938 1103 4992 sancti
1143 4938 1378 5008 apostoli
1437 4939 1785 4995 misericordi

180 5035 234 5084 et
261 5028 350 5098 pia
375 5027 776 5098 compassione,
794 5042 902 5080 non
922 5027 1276 5081 simulatione
1299 5026 1508 5094 fallaci;
1533 5029 1782 5098 quamvis

179 5118 355 5186 legem
378 5126 498 5186 post
515 5115 876 5188 Evangelium
898 5131 1006 5170 non
1030 5131 1152 5170 esse
1177 5116 1513 5171 servandam
1562 5116 1786 5171 minime

181 5203 512 5259 dubitarent.
555 5205 655 5260 Ubi
682 5203 1008 5258 beatissima
1056 5203 1182 5260 vita
1243 5204 1346 5258 viri
1404 5203 1786 5276 intelliguntur

182 5309 289 5348 non
319 5293 538 5363 quidem
558 5299 928 5347 commutasse
965 5293 1130 5361 289
1172 5291 1482 5359 consilium,
1551 5293 1648 5348 sed
1714 5291 1786 5348 ad

186 5383 370 5437 horam
403 5396 504 5451 pro
535 5381 765 5436 aliorum
797 5381 972 5435 salute
998 5397 1112 5435 sua
1133 5381 1396 5436 doctrina
1420 5381 1776 5437 sententiam.

185 5470 321 5523 Nam
351 5483 516 5537 super
545 5469 649 5524 hoc
681 5467 826 5537 quod
856 5466 960 5537 ipsi
989 5475 1041 5522 et
1071 5468 1164 5522 alii
1195 5468 1355 5522 aliter
1413 5468 1677 5533 fecerant,
1733 5477 1786 5524 et

185 5573 244 5611 se
271 5564 321 5611 et
350 5556 486 5610 alios
519 5563 708 5625 postea
737 5563 1116 5611 correxerunt.
1163 5558 1394 5611 Possunt
1429 5557 1592 5610 etiam
1617 5565 1669 5611 et
1693 5557 1786 5613 de-

188 5646 309 5701 bent
357 5642 980 5716 fieri‘dispcnsationes,
1043 5646 1242 5716 quibus
1305 5645 1677 5700 Ecclesiarum
1735 5655 1787 5702 et

186 5731 646 5788 monasteriorum
727 5733 1154 5788 consuetudines
1243 5735 1614 5803 immutantur,
1687 5736 1786 5791 sed

188 5823 273 5876 ubi
307 5819 644 5890 postponitur
672 5819 850 5873 minus
881 5821 1100 5887 bonum,
1135 5829 1192 5876 ut
1237 5823 1382 5892 quod
1444 5831 1525 5878 est
1582 5822 1784 5878 melius

191 5911 515 5965 instituatur.
557 5909 617 5962 In
634 5907 785 5964 nullo
808 5916 988 5965 autem
1012 5909 1215 5967 malum
1239 5909 1356 5966 ﬁeri
1376 5911 1541 5968 debet
1561 5911 1646 5969 vel
1660 5927 1787 5982 per-

1889 1990 2060 2047 casta,
2095 1983 2218 2054 quia
2250 1982 2560 2036 nullatenus
2594 1981 2756 2035 debet
2803 1977 3128 2032 muneribus
3182 1970 3482 2042 corrumpi.

1890 2070 2116 2139 Quando
2130 2070 2270 2124 enim
2290 2070 2534 2125 Ecclesia
2557 2069 2809 2125 venditur
2837 2067 2923 2121 vel
2945 2065 3163 2127 emitur,
3191 2069 3486 2118 evacuatur

1891 2158 2044 2223 fides,
2079 2158 2200 2229 quia
2229 2159 2374 2229 quod
2404 2156 2831 2228 incomparabile
2863 2155 3061 2210 factum
3107 2159 3190 2207 est
3249 2166 3281 2206 a
3337 2150 3477 2215 Deo,

1889 2248 1957 2301 ab
1986 2247 2203 2302 homine
2232 2246 2538 2317 comparari
2560 2262 2720 2316 posse
2740 2246 3058 2300 aestimatur.
3092 2242 3368 2295 Praeterea
3390 2236 3482 2308 qui

1892 2336 2073 2391 vendit
2121 2335 2444 2400 Ecclesiam,
2495 2334 2752 2404 cupidum
2794 2332 2991 2387 Judam
3059 2329 3336 2392 imitatur;
3394 2323 3486 2396 qui

1891 2433 2068 2480 autem
2105 2426 2268 2493 290
2296 2424 2424 2479 emit
2452 2423 2623 2490 illam,
2656 2421 2939 2476 Judaicam
2986 2417 3267 2473 avaritiam
3317 2421 3488 2469 secta-

1893 2520 2002 2567 tur.
2044 2513 2214 2566 Judas
2247 2512 2432 2583 utique
2461 2511 2756 2583 cupiditate
2787 2507 3026 2564 vendidit
3065 2505 3336 2562 Christum
3395 2502 3486 2573 qui

1893 2610 1977 2657 est
2003 2609 2165 2672 caput
2194 2601 2477 2666 Ecclesia,
2511 2599 2757 2656 etJudai
2777 2596 3005 2652 avaritia
3028 2600 3279 2650 emerunt
3299 2591 3476 2646 illum.

1894 2690 2126 2758 Quando
2156 2705 2286 2746 vero
2315 2688 2563 2745 Ecclesia
2593 2687 2842 2744 saeculari
2872 2683 3126 2758 potestati
3175 2679 3477 2750 subjicitur,

1893 2795 2015 2850 qua
2044 2786 2168 2834 ante
2197 2777 2418 2833 domina
2463 2784 2594 2842 erat,
2639 2775 2840 2831 ancilla
2885 2772 3117 2830 efficitur
3153 2788 3168 2839 ;
3217 2777 3270 2826 et
3323 2783 3488 2840 quam

1894 2867 2141 2922 Christus
2171 2866 2435 2922 Dominus
2463 2865 2687 2921 dictavit
2715 2864 2770 2918 in
2815 2878 2998 2928 cruce,
3052 2867 3106 2916 et
3157 2857 3316 2929 quasi
3363 2871 3492 2926 pro-

1894 2955 2024 3026 priis
2053 2954 2306 3009 manibus
2336 2955 2405 3009 de
2449 2953 2721 3025 sanguine
2777 2967 2876 3006 suo
2940 2947 3184 3019 scripsit,
3245 2947 3486 3002 chartam

1898 3043 2164 3101 libertatis
2223 3042 2441 3098 amittit.
2518 3043 2669 3097 Hanc
2717 3039 2863 3096 enim
2910 3036 3183 3093 libertatis
3239 3035 3490 3090 chartam

1897 3133 2141 3189 Christus
2165 3131 2460 3186 vindicavit
2488 3129 2543 3184 in
2571 3144 2755 3194 cruce,
2780 3137 2829 3183 et
2851 3143 2964 3182 sua
2986 3141 3206 3195 sponsa
3229 3121 3494 3178 Ecclesia

1899 3237 1997 3292 per
2026 3220 2381 3290 semetipsum
2412 3219 2581 3284 dedit,
2613 3225 2671 3273 ut
2700 3216 2949 3272 homines
2979 3213 3116 3269 alios
3159 3227 3257 3282 per
3304 3225 3495 3280 pecca-

1891 3314 2004 3364 tum
2045 3308 2216 3364 factos
2247 3307 2451 3363 diaboli
2482 3321 2694 3370 servos,
2729 3305 2853 3374 ipsa
2878 3303 3050 3358 libera
3078 3301 3287 3356 liberos
3319 3307 3372 3353 et
3395 3297 3495 3352 Dei

1894 3397 2035 3451 filios
2067 3397 2296 3466 faceret,
2319 3403 2372 3451 et
2393 3411 2544 3460 suos,
2561 3394 2653 3467 qui
2671 3393 2773 3448 sibi
2803 3392 3100 3464 diligenter
3115 3387 3409 3451 servirent,
3441 3392 3496 3440 et

1894 3494 2149 3555 tanquam
2181 3487 2338 3541 bona
2367 3485 2524 3540 matri
2555 3483 2737 3540 devoti
2759 3482 2852 3536 filii
2877 3479 3154 3535 humiliter
3174 3475 3485 3532 obedirent.

1891 3574 2048 3630 Tunc
2078 3575 2242 3629 etiam
2264 3572 2522 3630 Ecclesia
2561 3571 2788 3628 castitas
2846 3568 3065 3624 omnino
3124 3564 3480 3638 periclitatur,

1889 3678 2015 3719 cum
2043 3663 2406 3733 corrumpitur
2435 3663 2550 3732 ipsa
2580 3659 2897 3716 muneribus
2929 3666 2980 3713 et
3011 3673 3077 3712 ex
3109 3661 3255 3711 casta
3286 3659 3340 3710 et
3371 3651 3490 3707 vir-

1891 3753 2020 3824 gine
2050 3767 2248 3822 sponsa
2281 3751 2516 3819 Domini,
2554 3749 2712 3822 quasi
2743 3747 2939 3802 mulier
2967 3745 3186 3816 publica
3213 3740 3489 3798 veraciter

1891 3839 2035 3897 facta
2061 3839 2419 3911 dignoscitur.
2454 3840 2570 3895 Hoc
2598 3838 2742 3894 enim
2777 3844 2860 3892 est
2889 3833 3167 3906 pr0prium
3221 3829 3485 3886 meretri-

1891 3929 1990 3994 cis,
2022 3937 2079 3984 ut
2106 3945 2321 3999 semper
2349 3928 2450 3982 sub
2480 3927 2652 3999 pretio
2685 3925 2984 3996 redigatur.
3039 3923 3168 3977 Hac
3211 3919 3310 3974 tria
3370 3933 3492 3988 qua

1891 4018 2151 4088 diximus,
2185 4017 2407 4088 proprie
2461 4015 2684 4088 propria
2733 4013 2986 4071 Ecclesia
3029 4011 3230 4066 habere
3275 4007 3436 4062 debet
3473 4024 3488 4071 ;

1892 4122 2124 4178 quorum
2172 4121 2338 4161 unum
2396 4105 2443 4160 si
2499 4103 2748 4170 defuerit,
2809 4103 2946 4158 falso
3021 4098 3242 4156 nomine
3291 4093 3492 4151 dicitur

1891 4209 2094 4266 sponsa
2124 4193 2323 4249 Christi
2356 4209 2368 4263 ;
2405 4210 2525 4264 quae
2554 4193 2699 4249 velut
2732 4189 3039 4262 paralytica
3067 4189 3230 4257 jacet,
3265 4199 3372 4239 nec
3423 4182 3492 4236 li-

1889 4283 2076 4354 gandi,
2111 4297 2213 4337 nec
2242 4281 2488 4338 solvendi
2510 4288 2832 4352 potestatem
2861 4277 3047 4333 habet.
3069 4275 3211 4330 Nam
3239 4271 3489 4328 Christus

1890 4380 2078 4442 pastor
2090 4371 2271 4426 bonus
2294 4385 2546 4440 sponsam
2572 4369 2789 4425 fidelem
2811 4366 3024 4440 quarit,
3045 4361 3260 4433 respuit
3283 4359 3483 4414 inﬁde-

1891 4459 2020 4523 lem,
2056 4459 2284 4513 liberam
2317 4457 2420 4512 sibi
2469 4457 2656 4525 sociat,
2706 4455 2890 4529 adjicit
2947 4451 3221 4516 ancillam,
3283 4455 3489 4505 castam

1895 4543 2092 4615 diligit,
2127 4543 2244 4598 odit
2271 4549 2605 4613 corruptam.

2647 4680 2761 4732 VII.

2328 4807 2487 4876 291
2523 4819 2593 4858 na
2624 4820 2764 4858 mea
2793 4817 3078 4859 rwnsms.

1898 4940 2176 5064 Go/i'ridus
2215 4939 2631 4995 Vindocinensis
2663 4937 2998 4993 monasterii
3022 4935 3256 4992 humilis
3276 4950 3490 5000 servus,

1965 5012 2191 5064 (ilcctis
2219 5011 2281 5064 in
2315 5010 2540 5064 Christo
2590 5009 2884 5064 discipulis
2937 5008 3229 5062 Ilamelino
3270 5010 3328 5060 et
3372 5007 3490 5060 An-

1965 5007 2191 5065 dilcctis
2219 5011 2281 5064 in
2315 5010 2540 5065 Christo
2590 5009 2884 5079 discipulis
2937 5008 3242 5079 Ilamelino
3270 5010 3328 5060 et
3372 5007 3491 5060 An-

1965 5082 2129 5140 dreae.
2165 5084 2305 5136 bona
2330 5082 2620 5153 principia
2650 5078 2800 5135 sorte
2831 5081 3053 5135 meliori
3073 5078 3412 5132 terminare.

1967 5204 2148 5259 Multis
2178 5219 2242 5259 ac
2273 5203 2506 5258 diversis
2535 5203 2743 5259 actibus
2773 5202 2961 5258 saculi
3007 5200 3244 5264 deditus,
3309 5199 3493 5255 fratri-

1897 5293 2015 5356 bus,
2052 5309 2190 5364 quos
2228 5309 2363 5348 mea
2422 5291 2814 5362 imperfectioni
2871 5291 3056 5344 divina
3096 5289 3349 5360 patientia
3406 5305 3493 5344 re-

1893 5381 2106 5449 gendos
2135 5380 2429 5449 commisit,
2469 5381 2625 5454 loqui
2654 5380 2739 5435 vel
2768 5380 3012 5435 scribere
3035 5395 3155 5449 qua
3184 5377 3362 5433 debeo
3385 5394 3493 5432 non

1894 5485 2142 5540 possum.
2179 5471 2388 5526 Justum
2436 5477 2618 5524 tamen
2663 5475 2743 5524 est
2796 5467 2938 5522 velle
2994 5466 3169 5539 magis
3226 5468 3492 5537 prodesse

1897 5574 2058 5629 quam
2089 5573 2327 5629 praeesse
2360 5575 2374 5622 ;
2407 5573 2508 5612 nec
2537 5565 2815 5628 pastorem
2848 5556 3112 5612 Ecclesia
3135 5555 3293 5612 decet
3312 5555 3496 5610 minus

1897 5649 1964 5702 de
1995 5647 2168 5701 salute
2199 5646 2500 5699 animarum
2529 5661 2690 5716 quam
2718 5645 2787 5700 de
2811 5661 2992 5700 rerum
3021 5644 3496 5700 administratione

1899 5752 2021 5791 esse
2053 5735 2368 5791 sollicitum.
2407 5734 2583 5799 Unde,
2619 5734 2745 5790 licet
2777 5734 2996 5789 animus
3044 5749 3198 5789 meus
3237 5747 3338 5803 pro
3393 5747 3495 5786 sua

1897 5824 2290 5880 consuetudine
2321 5822 2466 5879 circa
2496 5822 2600 5876 alia
2628 5829 2963 5885 versaretur,
2998 5822 3174 5887 vobis,
3206 5836 3343 5892 quos
3367 5835 3494 5888 spe-

1896 5913 2104 5971 cialiter
2131 5912 2322 5984 diligo,
2354 5911 2603 5983 quaedam
2651 5911 2719 5967 ad
2768 5909 3202 5968 consolationem
3247 5913 3490 5962 vestram
