3910 6416
484 417 587 469 2‘23

1485 413 1818 470 GOFFRIDI
1856 413 2147 470 ABBATIS
2187 415 2760 474 VINDOCINENSIS.

3712 426 3837 480 224

485 536 808 610 religiosum
834 538 1040 593 credidi
1073 554 1182 595 uon
1212 547 1408 594 tacere.
1442 538 1509 592 Et
1539 538 1795 609 quoniam
1829 537 1898 593 de
1941 554 2079 596 con-
2109 543 2157 604 A
2193 544 2667 601 mortiﬁcationem
2697 545 2937 602 indicant
2966 546 3218 604 vitiorum
3249 568 3264 615 ;
3297 566 3397 621 per
3439 565 3673 615 aurum,
3747 549 3824 602 ﬁ-

486 626 763 683 solatione
792 635 973 682 vestra
1005 628 1285 699 proposui,
1317 644 1414 683 vos
1460 627 1731 682 salubrius
1781 628 2077 696 consolari,

486 723 573 778 vel
603 722 877 781 adiﬁcare
898 740 1009 779 non
1038 724 1214 790 valeo,
1253 740 1422 796 quam
1453 724 1499 778 si
1528 739 1698 795 pauca
1718 725 1787 780 de
1807 725 2079 796 pluribus,

486 828 607 884 qua
641 812 697 867 in
727 813 898 868 veteri
929 812 1053 886 lege
1084 813 1224 869 facta
1253 822 1640 882 memorantur,
1674 822 1869 869 vestrae
1898 814 2082 870 humi-

488 911 625 969 litati
646 911 908 966 studeant
937 912 1201 968 revelare.
1253 913 1332 967 De
1382 912 1465 966 his
1515 919 1693 967 autem
1735 929 1857 984 qua
1904 913 2084 984 palam

486 1004 626 1061 sunt,
660 1003 712 1050 et
741 995 896 1050 valde
924 997 1179 1051 omnibus
1212 997 1353 1062 trita,
1412 996 1687 1052 disserere
1738 996 2082 1067 superfluum

484 1092 762 1161 astimavi,
793 1093 920 1165 quia
949 1101 1001 1148 et
1033 1093 1249 1148 fastiditi
1270 1110 1305 1146 η
1340 1093 1685 1149 auditoribus
1713 1101 1999 1167 generant,
2028 1102 2081 1151 et

482 1198 576 1237 eos
608 1180 910 1251 culpabiles
931 1182 1186 1239 exhibent
1230 1184 1296 1239 de
1346 1187 1682 1253 contemptu.
1755 1183 1852 1238 Illa
1900 1190 2082 1239 tamen

485 1268 712 1340 proferri
744 1286 970 1325 necesse
1003 1279 1083 1325 est
1113 1288 1232 1343 qua
1264 1279 1315 1327 et
1343 1287 1373 1325 a
1405 1272 1562 1327 vobis
1592 1270 1807 1342 possint
1829 1271 2081 1343 intelligi,

484 1376 535 1422 et
563 1369 685 1423 vita
713 1376 912 1425 vestra
941 1370 1330 1425 convenienter
1356 1370 1552 1440 aptari.
1596 1369 1768 1441 Igitur
1801 1377 1925 1440 post
1970 1371 2079 1425 He-

483 1455 760 1511 braorum
824 1458 893 1512 de
950 1458 1187 1529 Egypto
1270 1458 1680 1529 profectionem,
1741 1466 1865 1528 post
1918 1458 2085 1512 maris

484 1543 651 1598 Rubri
681 1544 989 1611 transitum,
1034 1553 1157 1614 post
1202 1546 1582 1617 Egyptiorum
1642 1546 2081 1613 exstinctionem,

485 1638 614 1709 quid
668 1639 933 1694 Dominus
986 1640 1056 1694 ad
1114 1642 1338 1711 Moysen
1391 1641 1461 1695 ad
1516 1656 1737 1696 suorum
1796 1641 2085 1695 utilitatem

482 1735 822 1807 praeceperit,
851 1736 1146 1809 diligenter
1174 1737 1508 1794 audiendum
1538 1746 1639 1806 est,
1702 1739 1864 1807 292
1922 1747 2087 1809 atque

483 1841 803 1897 memoriter
832 1842 1199 1897 retinendum.
1240 1842 1378 1898 Dicit
1410 1843 1592 1914 itaque
1623 1843 1841 1913 Moyses
1869 1843 1938 1898 ad
1963 1842 2089 1897 uni-

485 1953 552 1993 ve
570 1954 704 1992 'sum
734 1939 1016 2009 populum,
1045 1946 1099 1993 ut
1131 1942 1506 2011 unusquisque
1535 1956 1633 2010 pro
1666 1940 1874 1995 viribus
1893 1939 2087 1995 confe-

482 2041 612 2080 rens
641 2025 851 2082 faceret
881 2027 1311 2083 tabernaculum.
1344 2027 1572 2083 Collatio
1595 2028 1817 2099 quidem
1852 2026 1948 2081 illa
1970 2043 2078 2082 non

483 2114 667 2170 debuit
697 2113 809 2170 ﬁeri
840 2115 1081 2187 qualibet
1108 2118 1415 2183 coactioue,
1442 2117 1538 2171 sed
1570 2124 1872 2187 spontenea
1889 2116 2087 2171 volun-

481 2220 614 2271 tate.
647 2216 733 2271 Ait
752 2232 990 2289 namque
1012 2219 1165 2273 Deus
1181 2218 1251 2273 ad
1277 2220 1523 2289 Moysen,
1541 2225 1600 2273 ut
1614 2219 2090 2289 unusquisque,st-

483 2312 574 2360 cut
594 2305 768 2359 visum
783 2304 945 2361 fuerit
965 2306 1119 2361 cordi
1132 2322 1319 2377 suo,ea
1333 2305 1531 2362 oﬂ'erat
1548 2322 1667 2378 qua
1689 2307 1757 2361 ad
1779 2314 2090 2362 construen-

482 2391 611 2448 dum
635 2394 1042 2449 tabernaculum
1065 2404 1189 2449 sunt
1217 2395 1534 2449 necessaria
1583 2395 1787 2464 (Exod.
1825 2409 1960 2460 xxv,
1991 2393 2078 2462 2).

486 2482 545 2534 In
573 2480 764 2551 primis
794 2482 1011 2553 quidem
1039 2483 1109 2537 de
1139 2484 1498 2539 Hebraorum
1546 2499 1611 2538 ex
1654 2484 1890 2553 Egypto
1938 2498 2077 2553 pro-

484 2567 741 2636 fectione,
789 2569 858 2624 de
899 2571 1065 2625 maris
1107 2572 1359 2636 transitu,
1421 2571 1491 2626 de
1545 2571 1922 2644 Egyptiorum
1981 2585 2084 2625 ex-

485 2656 773 2713 stinctione
784 2659 1115 2715 mentionem
1134 2659 1255 2725 feci,
1288 2668 1343 2715 et
1357 2658 1612 2731 quoniam
1633 2660 1738 2714 ista
1758 2658 2089 2731 quibusdam

486 2746 675 2802 clausa
697 2753 842 2814 sunt,
861 2762 928 2803 ea
945 2764 1195 2804 reserare
1215 2748 1363 2818 utile,
1381 2749 1496 2804 imo
1514 2747 1899 2804 necessarium
1928 2746 2078 2802 duxi.

486 2844 748 2913 Quamvis
777 2845 921 2899 enim
951 2845 1171 2901 realiter
1201 2846 1399 2900 fuerint
1428 2847 1546 2901 hac
1574 2845 1774 2909 omnia,
1810 2845 1980 2901 latent
2003 2852 2088 2899 ta-

485 2949 611 2989 men
638 2933 691 2987 in
734 2934 872 3004 ipsis
920 2934 1310 3004 mysteriorum
1365 2935 1610 3004 pretiosa
1661 2934 1912 2990 monilia.
1984 2935 2089 2989 Per

484 3023 773 3096 Egyptum
804 3039 1037 3094 nanque,
1078 3024 1130 3078 in
1165 3039 1293 3095 qua,
1342 3023 1489 3078 velut
1537 3023 1825 3092 Dominus,
1885 3023 2091 3078 Pharao

482 3118 903 3191 principabatur,
932 3137 1175 3191 praesens
1203 3120 1484 3188 saculum,
1518 3121 1672 3189 cujus
1700 3119 1962 3190 princeps
1993 3126 2077 3174 est

482 3207 733 3275 Satanas,
764 3208 1116 3281 designatur.
1156 3210 1327 3279 Hujus
1356 3209 1619 3280 principis
1648 3207 2087 3263 infelicissimum

481 3296 813 3352 dominatum
840 3298 1127 3363 Hebraeus,
1159 3313 1259 3369 per
1290 3313 1453 3369 quem
1485 3297 1732 3369 signatur
1763 3296 1941 3352 ﬁdelis
1974 3312 2080 3367 po-

482 3384 660 3455 pulus,
693 3385 1177 3456 proﬁciscendo,id
1206 3393 1289 3441 est
1320 3385 1683 3457 proﬁciendo.
1718 3386 1912 3457 Moyse
1943 3385 2083 3441 duce

485 3482 761 3553 sapienter
813 3482 1038 3538 devitat.
1094 3482 1199 3551 Qui
1246 3483 1503 3555 :Egypto,
1565 3482 1823 3553 prasenti
1872 3482 2085 3537 scilicet

484 3569 687 3626 aaculo
717 3571 1007 3637 renuntiat,
1042 3578 1097 3626 et
1145 3587 1302 3625 suum
1357 3570 1727 3643 legislatorem
1783 3570 2081 3635 Christum,

487 3658 602 3727 ejus
650 3658 970 3714 inharendo
1021 3659 1317 3725 mandatis,
1366 3658 1666 3714 dilectione
1712 3659 2086 3730 amplectitur,

490 3762 670 3818 neque
688 3747 921 3818 amplius
947 3748 1095 3803 audit
1127 3763 1319 3804 vocem
1367 3748 1668 3803 alienorum
1722 3748 2088 3819 malignorum

492 3849 746 3906 videlicet
770 3849 1086 3922 spirituum,
1117 3850 1216 3906 sed
1243 3865 1423 3914 suam,
1453 3865 1560 3923 qua
1602 3849 1735 3905 dicit
1766 3867 1778 3902 ε
1816 3850 1921 3917 Qui
1950 3850 2092 3905 mihi

490 3940 805 4007 ministrat,
821 3954 911 3996 me
935 3940 1395 4011 sequatuonan.
1418 3954 1532 4004 xxi,
1555 3939 1669 4008 26).
1696 3940 1845 3992 Mare
1865 3938 2088 4009 quidem

489 4039 755 4108 Rubrum,
796 4039 943 4113 quod
973 4039 1218 4095 Hebrais
1250 4038 1348 4094 fuit
1368 4039 1701 4110 prasidium,
1736 4045 1788 4093 et
1820 4037 2089 4110 IEgyptiis

495 4127 643 4183 dedit
670 4128 966 4193 interitum,
1000 4144 1144 4199 aqua
1172 4128 1532 4197 baptismatis,
1575 4129 1661 4183 vel
1707 4125 2086 4198 lacrymabilis

488 4229 809 4300 pcnnitentia
834 4230 1176 4301 intelligitur.
1202 4229 1358 4298 Quod
1381 4229 1586 4286 idcirco
1622 4229 1842 4283 rubrum
1863 4228 2083 4294 dicitur,

489 4318 612 4389 quia
641 4325 696 4373 et
723 4317 778 4372 in
810 4318 1132 4389 baptismate
1163 4318 1363 4373 Christi
1390 4318 1663 4391 sanguine
1709 4325 2083 4382 consecratur,

490 4423 543 4471 et
569 4415 625 4470 in
651 4415 987 4487 lacrymabili
1017 4415 1338 4487 panitentia
1353 4416 1649 4487 aliquando
1664 4431 1835 4487 usque
1860 4415 1930 4469 ad
1952 4430 2085 4469 san-

488 4504 712 4577 guinem
739 4504 1035 4573 oculorum,
1070 4520 1473 4575 nonnumquam
1506 4514 1691 4560 autem
1732 4505 1894 4573 293
1919 4518 2093 4574 usque

489 4607 559 4662 ad
588 4606 772 4662 carnis
807 4606 1224 4662 maceratiouem
1271 4608 1611 4677 pervenitur.
1648 4607 1705 4660 In
1752 4606 1857 4661 hoc
1903 4605 2087 4676 itaque
2118 4605 2170 4665 D

489 4695 623 4751 mari
646 4694 953 4751 adversarii
985 4694 1159 4750 nostri
1190 4695 1424 4767 .Egyptii
1454 4693 1814 4759 suﬁ‘ocantur,
1866 4693 1991 4765 quia
2035 4701 2089 4748 et

487 4802 589 4857 per
617 4785 967 4857 baptismum,
1022 4792 1075 4839 et
1131 4800 1231 4855 per
1282 4783 1661 4855 paenitentiam
1718 4782 2089 4852 lacrymarum

488 4895 707 4959 peccata
735 4897 788 4944 et
815 4887 1045 4944 crimina
1073 4895 1280 4953 nostra,
1316 4902 1437 4958 qua
1467 4886 1604 4941 inter
1664 4901 1765 4941 nos
1815 4892 1871 4940 et
1919 4887 2089 4941 Deum

488 4986 761 5049 separant,
795 4975 1211 5033 mortiﬁcantur.
1244 4975 1699 5041 Tabernaculum,
1756 4974 1900 5030 unde
1940 4974 2091 5046 laqui

487 5080 730 5135 maxime
757 5079 921 5151 coepi,
950 5079 1181 5150 pellibus
1209 5086 1262 5133 et
1292 5077 1483 5135 ciliciis
1532 5077 1880 5133 extrinsecus
1920 5075 2093 5131 fuisse

490 5177 824 5241 coopertum,
859 5168 1187 5223 intrinsecus
1213 5182 1340 5223 vero
1371 5182 1507 5223 auro
1546 5175 1600 5222 et
1651 5173 1906 5238 argento,
1976 5180 2093 5222 are

490 5264 651 5329 atque
670 5256 941 5330 lapidibus
970 5256 1242 5329 pretiosis,
1277 5255 1570 5327 multisque
1596 5254 1737 5322 aliis,
1772 5256 1840 5310 de
1890 5254 2093 5326 quibus

491 5357 782 5415 dicendum
807 5376 906 5430 per
926 5359 1141 5432 singula
1172 5359 1549 5416 necessarium
1581 5358 1746 5414 modo
1778 5373 1884 5413 non
1933 5357 2094 5413 arbi-

492 5453 620 5515 tror,
650 5448 884 5519 legimus
912 5448 1253 5504 adornatum.
1289 5449 1346 5503 ln
1385 5446 1747 5504 tabernaculo
1778 5450 1942 5502 etiam
1982 5454 2098 5501 erat

492 5548 901 5617 candelabrum,
932 5559 988 5605 et
1014 5566 1137 5605 arca
1165 5552 1234 5606 de
1262 5550 1425 5623 lignis
1447 5550 1605 5605 setim
1656 5549 1926 5605 fabricata
1966 5568 1980 5613 ;
2044 5556 2097 5603 et

492 5636 627 5691 intra
657 5653 859 5704 arcam,
895 5646 948 5692 ut
979 5638 1194 5711 legitur,
1253 5639 1361 5705 lex,
1418 5648 1471 5694 et
1530 5654 1751 5703 manna,
1815 5646 1868 5693 et
1929 5638 2089 5710 virga

490 5734 675 5790 Aaron
704 5735 1128 5792 continebantur
1158 5738 1343 5805 (Hebr.
1383 5752 1464 5804 IX,
1514 5737 1595 5804 4).
1653 5735 2096 5791 Tabernaculum

494 5821 765 5893 signiﬁcat
791 5823 1119 5890 Ecclesium,
1152 5825 1633 5895 congregationem
1656 5824 2099 5893 videlicetjusto-

496 5923 617 5963 rum
648 5929 662 5975 ς
692 5910 868 5982 pelles
892 5919 946 5967 et
974 5910 1168 5981 cilicia,
1191 5912 1389 5981 quibus
1406 5912 1756 5968 extrinsecus
1781 5913 2095 5982 tegebatur,

2190 645 2309 712 des,
2341 663 2440 717 per
2486 655 2795 719 argentum,
2850 649 3122 706 confessio
3173 669 3186 718 ;
3238 652 3292 706 in
3357 667 3469 707 are
3524 651 3831 709 fortitudo

2190 735 2522 805 exprimitur,
2582 737 2636 791 in
2693 736 2960 808 lapidibus
3034 739 3292 810 pretiosis
3362 740 3607 811 pretiosa
3682 739 3830 794 vita

2190 831 2407 878 aeterna
2436 825 2791 897 designantur
2818 826 3063 898 eloquia.
3119 827 3179 882 In
3223 827 3561 884 candelabro
3629 827 3823 883 bona

2190 920 2501 976 intentionis
2531 923 2817 978 manifesta
2845 924 3092 994 Operatio
3114 924 3451 998 intelligitur.
3476 926 3582 980 Per
3599 940 3823 981 arcam

2190 1011 2474 1075 memoria,
2506 1027 2604 1081 per
2634 1010 2786 1084 ligna
2814 1013 2970 1067 setim
3005 1012 3396 1083 munditia,per
3415 1013 3599 1085 legem
3627 1028 3820 1067 man-

2191 1097 2311 1151 data
2341 1099 2440 1153 Dei
2471 1098 2777 1169 signantur.
2816 1101 3011 1156 Manna
3039 1116 3168 1157 vero
3198 1101 3412 1173 pietatis
3433 1101 3817 1157 dulcedinem

2191 1198 2421 1255 dicimus
2455 1217 2467 1253 :
2502 1200 2601 1256 sed
2629 1202 2861 1274 virgam,
2893 1202 3195 1274 disciplina
3227 1202 3600 1258 severitatem.
3638 1202 3815 1257 Prao

2192 1288 2323 1360 cipit
2351 1289 2619 1360 benignus
2651 1291 2795 1346 Deus
2823 1291 2879 1345 in
2911 1291 3033 1364 lege
3089 1307 3209 1358 sua,
3250 1307 3347 1362 pro
3391 1298 3582 1347 nostra
3632 1290 3819 1345 utili-

2190 1384 2318 1443 tate,
2350 1394 2459 1433 non
2488 1393 2586 1449 pro
2614 1395 2709 1434 sua
2738 1380 3079 1447 necessitate,
3133 1388 3191 1434 ut
3239 1379 3691 1445 tabernaculum,
3752 1378 3815 1433 id

2191 1490 2272 1538 est
2297 1483 2740 1540 sanctificationis
2769 1486 3179 1552 habitationem,
3225 1486 3280 1541 ei
3317 1486 3611 1541 faciamus.
3676 1485 3799 1539 Ubi

2191 1586 2328 1627 vero
2358 1572 2618 1627 habitatio
2666 1574 2770 1629 ista
2828 1573 3077 1630 facienda
3133 1573 3203 1629 sit
3253 1574 3336 1630 vel
3392 1572 3801 1640 construenda,

2193 1668 2473 1739 Scriptura
2511 1670 2767 1737 insinuat,
2801 1688 2927 1728 cum
2966 1672 3098 1728 dicit
3155 1689 3167 1727 :
3232 1675 3554 1743 Prwparate
3615 1671 3809 1726 corda

2194 1762 2379 1813 vestra
2398 1760 2630 1816 Domino
2660 1762 2710 1829 (I
2742 1763 2866 1833 Reg.
2894 1776 2988 1826 vn,
3025 1763 3106 1831 3).
3147 1760 3323 1816 Corda
3362 1760 3544 1832 utique
3596 1766 3807 1815 nostra

2195 1846 2415 1902 domino
2443 1863 2837 1918 praparamus,
2868 1849 2913 1903 si
2943 1848 3047 1903 sibi
3076 1865 3139 1905 ea
3184 1846 3529 1919 receptacula
3552 1846 3798 1912 munda,

2198 1945 2363 2014 294
2392 1961 2513 2017 qua
2541 1946 2710 2016 digne
2738 1946 3039 2003 inhabitare
3069 1946 3262 2018 possit.
3295 1946 3631 2003 exhibemus.
3660 1945 3804 1999 Haec

2194 2032 2358 2087 etiam
2388 2034 2730 2105 receptacula
2758 2051 2868 2090 non
2896 2036 3010 2091 vult
3039 2035 3141 2089 sibi
3163 2035 3406 2089 exhiberi
3425 2049 3548 2090 cum
3594 2031 3799 2105 aliqua

2195 2121 2531 2188 difﬁcultate,
2564 2124 2663 2178 sed
2691 2138 2815 2179 cum
2844 2123 2993 2179 omni
3014 2123 3319 2179 devotionis
3337 2121 3626 2177 hilaritate.
3658 2121 3795 2175 Mul-

2198 2231 2309 2277 tum
2345 2223 2611 2279 discretus
2639 2225 3006 2297 omnipotems
3045 2225 3329 2291 Dominus,
3364 2239 3471 2279 non
3502 2223 3651 2278 velut
3682 2223 3796 2277 im-

2196 2329 2458 2392 portunus
2487 2330 2728 2390 exactor,
2761 2338 2793 2377 a
2823 2322 2980 2379 nobis
3010 2323 3180 2395 exigit
3210 2338 3331 2395 qua
3360 2338 3465 2379 non
3495 2321 3792 2384 habemus,

2198 2436 2299 2476 nec
2312 2421 2428 2490 ejus
2450 2420 2629 2491 jussio
2648 2438 2749 2477 nos
2774 2422 2878 2476 sibi
2900 2420 3261 2496 cogitofferre
3279 2420 3423 2494 quod
3439 2420 3638 2475 debeat
3661 2434 3793 2475 esse

2200 2522 2527 2577 contrarium
2547 2522 2705 2578 cordi
2726 2530 2932 2577 nostro.
2979 2522 3217 2578 Pellibus
3238 2521 3507 2594 siquidem
3526 2527 3583 2576 et
3601 2520 3799 2576 ciliciis

2198 2609 2608 2666 tabernaculum
2633 2610 2971 2667 extrinsecus
2985 2611 3125 2666 bene
3143 2610 3395 2683 tegimus,
3419 2626 3537 2666 cum
3555 2608 3796 2665 exterius

2201 2707 2252 2754 et
2270 2699 2496 2754 inferius
2517 2707 2791 2768 nostrum,
2815 2715 3032 2756 carnem
3056 2699 3261 2756 scilicet
3281 2706 3543 2765 nostram,
3568 2697 3643 2752 ita
3665 2713 3791 2752 cum

2197 2800 2339 2855 vitiis
2356 2807 2409 2855 et
2429 2801 2886 2872 concupiscentiis
2907 2800 3317 2868 mortiﬁcamus,
3340 2807 3398 2854 ut
3412 2814 3508 2856 cor
3521 2807 3764 2854 nostrum
3776 2840 3790 2863 ,

2200 2889 2344 2960 quod
2372 2889 2781 2945 tabernaculum
2812 2890 2912 2944 Dei
2940 2889 3159 2957 dicitur,
3201 2889 3320 2959 ejus
3366 2887 3641 2945 illecebris
3683 2887 3790 2941 mi-

2197 2980 2341 3033 nime
2370 2986 2770 3050 corrumpatur.
2807 2978 3085 3034 Ornamus
3115 2975 3515 3034 tabernaculum
3553 2991 3712 3039 auro,
3746 2974 3789 3029 si

2199 3092 2335 3145 pura
2365 3084 2417 3130 et
2447 3076 2662 3147 integra
2701 3073 2839 3132 ﬁdes
2870 3084 2949 3131 est
2979 3075 3035 3130 in
3064 3076 3232 3131 corde
3264 3081 3469 3129 nostro.
3501 3072 3660 3129 Fides
3692 3087 3784 3127 au-

2201 3172 2305 3219 tem
2343 3180 2480 3236 pura
2510 3173 2562 3220 et
2589 3164 2801 3237 integra
2829 3166 2947 3219 hac
2972 3173 3075 3230 est,
3109 3172 3173 3219 ut
3232 3164 3439 3218 Patrem
3487 3170 3537 3217 et
3597 3161 3783 3216 Filium

2120 3258 2168 3316 Β
2198 3260 2250 3307 et
2280 3252 2540 3323 Spiritum
2570 3262 2820 3309 sanctum
2851 3269 3018 3307 unum
3049 3254 3221 3308 Deum
3255 3259 3309 3307 et
3340 3250 3778 3318 Dominumesse,

2198 3350 2316 3405 sine
2346 3349 2528 3423 aliqua
2558 3350 2921 3416 hasitatione,
2963 3351 3060 3405 sed
3116 3366 3239 3406 cum
3300 3347 3444 3404 omni
3491 3347 3777 3403 dilectione

2198 3438 2517 3495 credamus.
2549 3440 2698 3496 Licet
2724 3440 2868 3494 enim
2901 3438 3140 3494 Trinitas
3167 3438 3234 3493 sit
3266 3437 3320 3492 in
3350 3436 3612 3508 personis,
3667 3450 3773 3489 una

2201 3528 2315 3583 sola
2375 3536 2588 3596 natura,
2633 3543 2742 3583 una
2801 3527 2916 3584 sola
2972 3526 3276 3583 substantia
3326 3534 3409 3581 est
3458 3523 3686 3579 deitatis.
3719 3525 3780 3578 Et

2200 3629 2449 3700 quamvis
2481 3628 2623 3683 alius
2654 3628 2722 3683 sit
2755 3630 2933 3693 Pater,
2965 3629 3105 3683 alius
3147 3628 3331 3693 Filius,
3381 3625 3517 3681 alius
3554 3624 3777 3696 Spiritus

2200 3726 2440 3786 sanctus,
2473 3733 2583 3773 non
2608 3723 2789 3773 tamen
2821 3717 2967 3773 aliud
3002 3718 3173 3783 Pater,
3214 3715 3357 3770 aliud
3397 3714 3577 3783 Filius,
3631 3714 3772 3768 aliud

2199 3813 2433 3886 Spiritus
2462 3822 2704 3879 sanctus,
2758 3816 2856 3870 sed
2914 3816 3073 3869 Pater
3116 3822 3170 3868 et
3226 3812 3386 3868 Filius
3443 3819 3493 3866 et
3551 3810 3769 3882 Spiritus

2199 3912 2417 3960 sanctus
2447 3912 2558 3959 tres
2588 3904 2807 3975 quidem
2841 3910 2964 3958 sunt
3012 3918 3280 3974 persona,
3334 3908 3389 3955 ut
3436 3900 3679 3967 diximus,
3726 3908 3774 3955 et

2200 4003 2316 4057 ista
2346 4010 2455 4058 tres
2499 4018 2769 4074 persona,
2795 4019 2934 4057 unus
2963 4009 3046 4057 est
3086 4002 3253 4068 Deus,
3287 3999 3443 4054 unius
3488 3998 3645 4053 solius
3684 4013 3772 4052 na—

2201 4100 2353 4158 tura,
2385 4092 2545 4147 unius
2576 4091 2745 4148 solius
2774 4090 3091 4146 substantia
3122 4099 3284 4162 atque
3316 4087 3586 4143 essentia.
3615 4087 3678 4141 Et
3706 4103 3769 4141 ne

2200 4190 2254 4244 in
2281 4190 2545 4245 creatrice
2574 4190 2815 4246 omnium
2836 4197 3213 4245 creaturarum
3229 4185 3506 4250 Trinitate,
3539 4185 3620 4241 cui
3644 4184 3765 4239 nihil

2201 4299 2286 4347 est
2316 4290 2675 4362 impossibile,
2708 4290 2914 4363 aliquid
2944 4290 3071 4346 huic
3114 4288 3240 4344 ﬁdei
3283 4286 3606 4344 contrarium
3644 4302 3763 4342 seno

2200 4380 2417 4446 tiamus,
2440 4379 2495 4434 in
2515 4379 2767 4434 humanis
2787 4379 2950 4435 etiam
2973 4378 3233 4434 creaturis
3253 4391 3462 4441 eorum,
3494 4390 3606 4446 qua
3630 4373 3759 4430 dicta

2202 4476 2346 4527 sunt.
2371 4468 2782 4523 similitudinem
2812 4468 3101 4522 habemus.
3134 4468 3192 4520 In
3223 4465 3354 4537 ipsis
3391 4463 3581 4519 etenim
3624 4477 3764 4518 crea-

2203 4558 2333 4613 turis
2363 4555 2609 4628 quadam
2638 4556 3009 4622 inveniuntur,
3036 4572 3155 4627 qua
3177 4554 3301 4610 licet
3324 4552 3423 4607 tria
3445 4551 3570 4617 sint,
3615 4553 3759 4620 295

2203 4656 2255 4703 et
2282 4646 2711 4718 unumquodque
2737 4662 2925 4702 eorum
2957 4645 3238 4717 propriam
3267 4644 3322 4698 in
3351 4658 3412 4697 se
3439 4639 3624 4698 habeat
3648 4656 3763 4710 per-

2200 4759 2391 4799 sonam
2419 4758 2603 4809 unam,
2635 4743 2991 4814 eamdemque
3012 4750 3266 4797 naturam
3296 4740 3509 4806 habent,
3538 4746 3584 4793 et
3610 4750 3753 4790 unam

2203 4832 2565 4903 eamdemque
2597 4832 2975 4886 substantiam.
3010 4830 3309 4885 Veniamus
3345 4828 3521 4899 itaque
3560 4825 3622 4880 ad
3647 4823 3755 4879 fon-

2203 4925 2333 4981 tem,
2368 4924 2420 4971 et
2450 4916 2613 4971 fontis
2641 4917 2813 4970 rivum
2841 4915 3286 4971 consideremus:
3321 4927 3513 4985 aquam
3531 4911 3675 4966 etiam
3700 4910 3756 4962 ab

2205 5023 2440 5086 utroque
2470 5015 2881 5085 procedentem,
2916 5014 3058 5085 quod
3091 5012 3347 5069 videlicet
3368 5020 3602 5081 stagnum
3619 5022 3756 5064 voca-

2205 5124 2311 5181 tur,
2338 5116 2692 5171 nihilominus
2721 5115 3026 5170 videamus.
3061 5115 3208 5171 Ecce
3245 5112 3468 5182 fontem,
3502 5110 3673 5173 rivum,
3709 5110 3754 5162 et

2205 5209 2481 5273 stagnum,
2515 5207 2626 5255 tres
2658 5214 2928 5270 personas
2956 5199 3267 5254 invenimus
3299 5215 3313 5251 :
3347 5205 3400 5253 et
3422 5196 3537 5253 licet
3555 5195 3649 5249 sint
3664 5202 3752 5248 tres

2203 5305 2475 5360 persona,
2511 5303 2620 5343 una
2648 5292 2835 5344 tamen
2866 5295 2947 5343 est
2976 5304 3131 5359 aqua,
3174 5295 3227 5341 et
3264 5303 3418 5358 aqua
3448 5300 3545 5340 una
3578 5283 3752 5337 eadem-

2204 5395 2309 5449 que
2340 5386 2535 5433 natura
2567 5385 2731 5448 atque
2761 5377 3087 5432 substantia.
3127 5378 3427 5447 Argentum
3451 5374 3516 5428 ad
3541 5372 3750 5428 decorem

2203 5466 2550 5523 tabernaculi
2580 5465 2885 5532 offerimus,
2917 5480 3044 5520 cum
3075 5481 3175 5535 per
3222 5479 3407 5519 veram
3460 5471 3511 5517 et
3545 5468 3750 5516 sanctam

2206 5556 2655 5611 coufessionnem
2675 5555 2886 5610 animas
2915 5562 3133 5609 nostras
3162 5553 3234 5608 ab
3273 5551 3423 5608 omni
3472 5550 3750 5622 contagione

2206 5644 2417 5716 peccati
2449 5652 2501 5699 et
2530 5643 2777 5699 criminis
2806 5644 3156 5698 mandamus.
3194 5641 3303 5697 Sed
3339 5641 3449 5704 ubi,
3483 5648 3532 5695 et
3576 5639 3669 5703 cui,
3710 5645 3751 5692 et

2209 5733 2431 5804 quando
2464 5732 2742 5790 confessio
2765 5732 2883 5803 ipsa
2913 5730 3024 5799 ﬁat,
3059 5731 3203 5787 scire
3223 5730 3501 5785 debemus.
3520 5726 3746 5783 Ubi?non

2209 5821 2355 5892 apud
2388 5822 2696 5888 haereticos,
2717 5820 2860 5876 sicut
2879 5836 3027 5892 sape
3046 5819 3204 5887 solet,
3232 5817 3352 5874 ﬁeri
3372 5817 3469 5873 sed
3487 5817 3535 5870 in
3550 5814 3749 5872 Ecclesia

2209 5910 2470 5966 catholica
2525 5925 2969 5983 unumquemque
3017 5908 3379 5966 Christianum
3440 5919 3643 5962 necesse
3685 5912 3751 5961 est
