3910 6468
201 482 306 537 ’225

1525 475 1908 534 OPUSCULA.
1941 509 2008 520 —
2039 479 2139 533 IX.

3401 497 3505 552 226

191 602 459 658 conﬁteri.
492 603 634 659 Cui?
671 618 770 658 suo
801 601 1006 674 pastori
1036 599 1325 672 praecipue,
1359 600 1403 654 si
1435 608 1612 655 tamen
1655 603 1777 656 talis
1818 602 1870 660 A
1903 604 2005 658 hoc
2037 620 2270 676 namque
2303 605 2485 672 irasci,
2519 607 2795 682 indignari
2837 611 3129 683 debemus,
3164 625 3220 671 ut
3268 635 3361 675 eos
3416 624 3504 694 qui

193 700 276 746 est
305 691 416 756 ille,
450 693 538 763 qui
570 708 668 746 sua
695 702 746 746 et
774 692 951 745 aliena
982 690 1213 745 vulnera
1243 703 1438 744 curare
1480 689 1612 746 sciat
1658 707 1785 763 ger-

190 795 354 834 mana
393 782 672 847 charitate,
707 797 814 835 non
844 796 946 850 per
977 778 1312 850 superbiam,
1347 777 1607 850 detegere
1629 789 1792 850 etpu—

190 869 412 925 blicare.
441 869 676 938 Quando
699 871 726 923 ?
755 870 881 923 dum
911 867 1060 921 salus
1114 866 1367 936 corporis
1407 876 1610 934 manet,
1662 869 1791 922 dum

189 972 290 1011 sua
319 957 547 1028 quisque
578 959 748 1012 utitur
799 963 1089 1027 potestate.
1150 955 1274 1008 Non
1335 955 1540 1010 debent
1614 957 1796 1010 homi-

191 1059 309 1109 nes,
344 1053 402 1100 ut
441 1047 821 1112 conﬁteantur,
875 1051 1196 1114 exspectare
1257 1059 1370 1098 suae
1429 1043 1549 1098 vitae
1606 1053 1783 1099 extre-

192 1149 340 1187 mum
371 1134 535 1202 diem,
569 1134 826 1206 quoniam
856 1133 947 1204 qui
979 1147 1153 1202 usque
1183 1131 1237 1184 in
1270 1129 1432 1186 ﬁnem
1489 1131 1800 1187 confessio-

190 1237 319 1276 nem
349 1221 622 1292 differunt,
645 1224 731 1278 vix
751 1230 842 1277 aut
867 1236 1144 1292 nunquam
1168 1220 1492 1290 perveniunt
1529 1220 1598 1275 ad
1649 1220 1800 1275 salu-

191 1317 321 1364 tem.
357 1312 437 1365 De
468 1311 666 1366 talibus
689 1311 839 1366 enim
868 1309 1068 1365 dicitur
1097 1309 1150 1362 in
1180 1308 1393 1378 psalmo
1419 1327 1430 1362 :
1465 1311 1604 1365 Cum
1642 1311 1792 1366 Deus

187 1399 465 1454 occideret
481 1403 738 1466 eos,tunc
757 1399 1083 1470 quaerebant
1105 1412 1234 1452 eum
1257 1397 1661 1466 (Psalmxxvn,
1686 1398 1803 1466 34).

187 1487 278 1540 ίΕε
308 1486 468 1542 etiam
502 1488 557 1540 in
587 1487 940 1542 tabernaculo
971 1501 1096 1542 cum
1127 1499 1262 1540 auro
1295 1492 1349 1540 et
1375 1493 1603 1558 argento
1661 1484 1802 1541 soli-

187 1574 402 1641 damus,
437 1576 481 1630 si
510 1576 564 1629 in
593 1576 699 1629 ﬁde
729 1583 782 1630 et
801 1574 1149 1630 confessione
1171 1573 1368 1628 Christi
1408 1572 1573 1629 fortes
1630 1590 1801 1646 usque

187 1663 260 1718 ad
290 1663 452 1718 tinem
486 1663 645 1734 hujus
675 1664 800 1718 vitae
857 1679 1297 1734 perseveramus.
1361 1662 1551 1718 Multo
1600 1662 1802 1734 quippe

190 1751 486 1822 pretiosior
499 1760 578 1807 est
609 1751 743 1808 ﬁdes
779 1753 941 1821 296
963 1759 1122 1822 atque
1153 1749 1444 1820 confessio,
1460 1751 1504 1804 si
1524 1767 1646 1806 cum
1669 1751 1800 1823 ipsis

189 1847 385 1895 contra
415 1841 652 1896 adversa
683 1841 868 1896 omnia
916 1839 1087 1894 fuerit
1142 1838 1323 1909 operis
1381 1837 1671 1894 fortitudo.
1739 1841 1795 1893 In

1910 691 2226 762 delinquunt
2259 694 2327 748 ad
2358 695 2808 766 satisfactionem,
2843 718 2949 757 non
2973 705 3042 759 ad
3065 691 3507 777 desperationem

1910 795 2292 850 provocemus.
2326 784 2448 838 Non
2479 785 2622 839 enim
2654 787 2705 841 in
2735 788 3183 860 destructionem,
3241 797 3378 853 sicut
3434 799 3508 854 ait

1908 868 2223 938 Apostolus,
2272 870 2365 925 sed
2395 871 2447 926 in
2468 873 2882 933 aediﬁcationem
2903 880 3052 936 missi
3075 887 3327 952 sumus(l
3344 887 3366 940 I
3383 887 3504 944 Cor.

1908 971 1965 1020 x,
1991 957 2066 1024 8).
2093 957 2298 1014 Cuncta
2321 976 2475 1031 ergo,
2511 961 2722 1034 fratres,
2749 983 2869 1036 quae
2886 969 3120 1040 agimus,
3141 972 3283 1040 justa
3306 974 3508 1045 pietate

1909 1053 1961 1136 et
1989 1045 2078 1136 pia
2110 1047 2395 1104 severitate
2426 1052 2628 1120 pariter
2659 1052 2940 1120 faciamus,
2973 1065 3030 1112 ut
3063 1067 3120 1113 et
3148 1069 3344 1116 cmtera
3390 1079 3508 1136 qum

1907 1132 1975 1186 de
1999 1133 2348 1192 tabernaculo
2391 1138 2537 1193 dicta
2586 1149 2731 1210 sunt,
2784 1145 3135 1202 nihilominus
3184 1132 3504 1219 retinentes,

1907 1227 2156 1277 sanctum
2183 1232 2234 1278 et
2255 1225 2656 1283 immaculatum
2691 1232 3092 1290 tabernaculum
3113 1237 3345 1294 efﬁcime
3377 1257 3506 1297 rea-

1911 1326 2050 1375 mur,
2085 1321 2372 1382 prmstante
2392 1317 2624 1374 Domino
2647 1329 2831 1376 nostro
2853 1324 2983 1378 Jesu
3001 1324 3241 1392 Christo,
3279 1329 3368 1399 qui
3399 1329 3506 1384 im-

1912 1414 2115 1455 mensae
2136 1401 2348 1471 pietatis
2373 1413 2423 1458 et
2447 1422 2673 1461 summae
2688 1410 2912 1477 justitim
2938 1414 3100 1482 298
3139 1415 3272 1470 vivit
3319 1424 3372 1472 et
3417 1433 3506 1472 re-

1911 1495 2042 1557 gnat
2074 1489 2218 1544 Deus
2249 1507 2371 1546 cum
2407 1495 2560 1550 Patre
2593 1504 2645 1551 et
2677 1497 2880 1568 Spiritu
2931 1509 3117 1558 sancto
3158 1520 3254 1574 per
3303 1513 3509 1560 aeterna

1911 1576 2110 1632 saecula
2137 1579 2486 1638 saeculorum.
2528 1587 2720 1640 Amen.

2640 1764 2786 1818 VIII.

185 1928 420 1984 aediﬁcio
468 1929 810 1984 tabernaculi
859 1928 1071 1999 lapides
1094 1927 1365 1997 pretiosos
1416 1927 1675 1998 ponimus
1739 1935 1791 1982 et
1822 1954 1875 2013 Β
1907 1909 2387 2013 Ωυξγῗωθζῗτῗξξίδ
2419 1917 2551 2013 (ἔσω
2575 1919 2964 1974 δοΝΗΜΑΉθν
2999 1923 3132 1971 Qu")
3154 1924 3503 1966 ‘NF'BMORUM

183 2017 586 2088 componimus,
622 2034 745 2073 cum
777 2017 947 2074 verba
1008 2022 1213 2072 sanctae
1271 2017 1665 2071 exhortationis
1723 2015 1792 2070 ad

185 2106 419 2162 invicem
453 2107 803 2177 proponimus
852 2113 1014 2176 atque
1062 2104 1402 2173 exponimus.
1447 2104 1623 2160 Debet
1651 2103 1791 2158 enim

183 2203 322 2258 alter
350 2203 504 2258 alteri
535 2203 858 2274 exponendo
888 2216 1201 2272 pr0ponere
1230 2200 1322 2255 ubi
1369 2200 1485 2266 fuit,
1531 2201 1621 2256 ubi
1679 2209 1782 2268 est,

185 2291 284 2346 ubi
314 2307 423 2346 non
453 2299 551 2356 est,
587 2299 639 2346 et
668 2291 759 2346 ubi
793 2290 915 2345 erit.
952 2289 1053 2346 Ubi
1085 2288 1208 2354 fuit,
1242 2289 1496 2344 videlicet
1521 2289 1575 2343 in
1621 2305 1784 2359 para-

186 2380 332 2447 diso,
368 2380 421 2434 in
453 2379 804 2435 beatitudinis
835 2379 975 2445 loco,
1002 2377 1097 2432 ubi
1126 2379 1272 2433 omni
1303 2377 1569 2432 munditia
1619 2378 1797 2432 abun-

192 2481 367 2537 dabat
395 2496 460 2537 ac
488 2481 793 2544 sanctitate,
828 2488 879 2535 et
911 2483 1200 2550 perpetua,
1236 2479 1340 2534 nisi
1372 2479 1588 2549 primus
1635 2481 1797 2535 homo

191 2577 501 2639 peccasset,
535 2567 817 2622 fruebatur
845 2566 1402 2628 immortalitate;uhi
1455 2574 1536 2620 est
1586 2566 1794 2638 utique,

197 2658 254 2710 in
284 2657 388 2712 hoc
416 2656 641 2722 mundo,
692 2656 790 2710 sub
843 2655 978 2727 jugo
1036 2671 1245 2726 asperae
1297 2653 1646 2724 conditionis,
1700 2656 1796 2716 ubi

199 2758 443 2830 quotidie
473 2758 528 2811 in
558 2757 680 2813 lacu
706 2756 939 2813 miseriae
965 2765 1226 2824 versatur,
1281 2764 1336 2810 et
1382 2757 1436 2810 in
1490 2757 1606 2811 luto
1665 2757 1798 2813 fecis

192 2847 290 2903 ubi
347 2862 458 2901 non
506 2855 608 2913 est,
668 2845 722 2900 in
772 2861 843 2900 ea
900 2845 1130 2901 scillicet
1201 2844 1402 2900 mentis
1481 2845 1793 2912 devotione,

193 2951 302 3007 qua
331 2935 477 2990 beati
505 2933 757 3006 apostoli,
791 2942 1055 3004 martyres
1085 2941 1137 2988 et
1168 2933 1526 2989 confcssores
1558 2943 1787 2990 sanctae-

193 3040 304 3097 que
334 3024 578 3095 virgines
611 3024 784 3078 Deum
814 3039 876 3078 ac
907 3022 1198 3078 Dominum
1251 3031 1501 3077 nostrum
1558 3023 1794 3077 multum

193 3113 496 3184 benignum
525 3113 712 3168 Jesum
738 3112 1067 3178 dilexerunt,
1087 3120 1140 3166 et
1159 3127 1264 3182 pro
1286 3117 1405 3179 ejus
1426 3127 1614 3167 amore
1634 3129 1793 3166 mun-

196 3202 328 3258 dum
358 3216 478 3257 cum
510 3215 609 3256 suo
636 3200 772 3255 flore
803 3199 1020 3270 penitus
1049 3208 1530 3271 contempserunt;
1564 3201 1654 3254 ubi
1676 3201 1792 3267 erit,

1974 1999 2198 2052 UNCTIO,
2232 2002 2364 2048 QUID
2391 2005 2656 2046 CORPORIS
2685 2009 2754 2047 ET
2785 2011 3080 2051 SANGUINIS
3114 2013 3332 2052 CHRISTI
3365 2014 3503 2052 PER-

1977 2088 2169 2128 CEPTIO
2200 2091 2258 2130 IN
2282 2092 2455 2132 ANIMA
2485 2095 2814 2136 CIIRISTIANA
2844 2099 3204 2140 OPERENTUR.

1978 2215 2035 2267 In
2068 2214 2412 2285 baptismate,
2446 2236 2544 2290 per
2572 2221 2826 2292 Spiritum
2849 2234 3096 2282 sanctum
3130 2229 3284 2284 datur
3304 2231 3497 2286 remis—

1907 2301 1988 2356 sio
2017 2312 2390 2373 peccatorum.
2425 2309 2483 2362 In
2515 2311 2946 2381 conﬁrmatione,
2979 2315 3222 2387 Spiritus
3280 2328 3502 2376 sanctus

1906 2390 2162 2446 invitatur
2188 2403 2246 2448 ut
2275 2398 2479 2464 veniat,
2513 2407 2564 2453 et
2593 2399 2812 2456 domum
2838 2403 3031 2474 ipsam,
3063 2423 3225 2477 quam
3291 2410 3497 2463 sancti-

1910 2477 2107 2550 ﬁcavit,
2140 2483 2419 2551 inhabitet,
2455 2489 2659 2543 muniat
2717 2499 2769 2544 et
2823 2491 3105 2548 defendat.
3172 2496 3279 2564 Ipsi
3336 2497 3501 2551 etiam

1907 2571 2135 2640 apostoli
2157 2582 2276 2642 post
2294 2574 2620 2645 baptismum
2639 2588 2966 2649 acceperunt
2985 2582 3238 2652 Spiritum
3255 2593 3506 2640 sanctum

1907 2675 2067 2730 quem
2091 2660 2143 2714 in
2167 2660 2286 2731 ipso
2302 2663 2571 2734 baptismo
2577 2666 2688 2735 jam
2704 2678 3035 2739 acceperant
3051 2671 3102 2724 in
3125 2673 3505 2728 remissionem

1908 2754 2288 2818 peccatorum.
2351 2755 2692 2824 Acceperunt
2734 2757 2930 2812 iterum
2999 2759 3254 2830 Spiritum
3325 2771 3379 2816 et
3451 2763 3506 2816 in

1908 2836 1996 2891 die
2026 2838 2404 2908 Pentecostes,
2439 2843 2504 2897 ad
2537 2843 2698 2898 totius
2727 2845 2939 2900 virtutis
2971 2856 3022 2902 et
3080 2849 3320 2904 scientiae
3378 2865 3504 2921 per-

1906 2923 2216 2983 fectionem.
2249 2928 2372 2984 Haec
2402 2929 2566 3001 igitur
2594 2932 2779 2988 ultima
2801 2935 3140 2992 conﬁrmatio
3171 2935 3285 2992 ﬁeri
3328 2938 3499 3005 jube-

1905 3021 1991 3068 tur
2012 3015 2080 3068 ab
2104 3016 2393 3087 episc0pis,
2411 3019 2482 3072 ad
2509 3020 2667 3075 totius
2687 3022 3040 3092 perfectionis
3073 3025 3501 3082 similitudinem.

1909 3101 2044 3170 Qua:
2076 3105 2278 3160 idcirco
2302 3105 2418 3161 ﬁeri
2452 3107 2674 3176 jubetur
2705 3110 2756 3164 in
2806 3111 3002 3178 fronte,
3051 3114 3182 3185 quia
3227 3114 3506 3184 perfecto-

1904 3208 2027 3247 rum
2057 3202 2157 3259 est,
2194 3210 2304 3250 non
2350 3195 2403 3248 in
2434 3197 2671 3266 occulto,
2704 3200 2806 3254 sed
2847 3201 2902 3254 in
2959 3202 3253 3258 manifesto
3310 3203 3509 3258 Christi

194 3291 251 3345 in
276 3291 386 3357 illo,
423 3290 664 3361 inquam,
698 3289 858 3344 valde
888 3289 1172 3344 tremendo
1194 3288 1284 3344 die
1308 3289 1518 3357 judicii,
1545 3289 1636 3344 ubi
1667 3305 1791 3345 ver-
1821 3310 1870 3373 ρ
1899 3296 2102 3373 ῐξοῐηθῐι
2129 3299 2350 3373 semper
2378 3285 2607 3341 habere.
2647 3288 2894 3358 Apostoli
2925 3290 3132 3360 utique,
3211 3299 3509 3363 antequam

198 3388 282 3442 bis
295 3388 365 3442 ad
382 3387 712 3458 loquendum
730 3386 1048 3457 compositis
1060 3403 1220 3442 nemo
1238 3387 1798 3461 alterum:protegere,

187 3485 280 3544 vel
310 3485 462 3558 quasi
490 3484 627 3539 tueri
654 3484 1078 3554 praesumpserit,
1135 3484 1226 3540 ubi
1282 3485 1538 3556 iniquitas
1597 3486 1800 3542 verbo-

187 3591 309 3630 rum
341 3573 734 3644 compositione
766 3573 1003 3628 colorari
1035 3589 1143 3628 non
1174 3574 1393 3644 poterit,
1431 3573 1523 3628 ubi
1564 3575 1698 3629 nulli
1741 3591 1800 3631 se

189 3679 457 3720 excusare
484 3663 570 3717 vel
600 3661 894 3733 quidquam
923 3662 1202 3719 occultare
1234 3662 1437 3728 licebit,
1470 3663 1563 3718 ubi
1585 3663 1653 3718 de
1680 3663 1802 3734 ipsa

189 3750 522 3809 conscientia
550 3758 836 3805 accusator
863 3751 1130 3821 procedet
1179 3758 1230 3806 et
1280 3751 1457 3807 testis.
1512 3751 1593 3806 Ibi
1650 3760 1798 3808 certe

193 3840 365 3896 semel
412 3837 660 3894 accusari
706 3837 840 3892 nihil
895 3839 993 3893 erit
1052 3838 1196 3893 aliud
1249 3855 1408 3910 quam
1465 3841 1799 3896 aeternaliter

193 3928 564 3985 condemnari.
594 3926 997 3982 Candelabrum
1028 3928 1098 3982 ad
1127 3928 1396 3983 honorem
1457 3928 1800 3985 tabernaculi

193 4016 539 4081 fabricamus,
573 4029 696 4070 cum
729 4015 886 4070 bonae
934 4015 1253 4070 intentionis
1309 4016 1614 4072 manifestis
1665 4034 1798 4088 ope-

192 4107 346 4162 ribus
362 4104 484 4160 aliis
505 4103 761 4160 bonitatis
781 4105 1031 4176 exempla
1055 4105 1800 4163 monstramus.Collocamus

193 4197 358 4252 etiam
387 4194 442 4248 in
481 4193 833 4249 tabernaculo
882 4209 1090 4262 arcam,
1152 4194 1368 4267 quando
1432 4195 1503 4249 ad
1562 4209 1645 4261 ea,
1682 4213 1801 4267 quae

192 4293 297 4350 Dei
322 4299 468 4360 sunt,
501 4299 742 4347 nostram
767 4292 1105 4364 applicamus
1135 4293 1482 4349 memoriam.
1523 4295 1684 4364 297
1713 4294 1799 4350 Id-

191 4384 344 4440 circo
371 4399 501 4438 arca
531 4382 598 4437 de
631 4381 796 4453 lignis
827 4383 1005 4452 setim,
1039 4399 1162 4455 quae
1195 4381 1547 4454 imputribilia
1568 4383 1800 4451 sunt,di-

191 4472 339 4528 citur
370 4471 656 4542 fabricata,
688 4472 816 4545 quia
845 4472 1110 4527 memoria
1158 4479 1350 4528 nostra
1399 4471 1795 4544 corruptionis,

189 4561 280 4616 vel
308 4561 592 4630 cujuslibet
622 4561 964 4634 turpitudinis
1000 4561 1153 4617 locus
1183 4577 1306 4616 esse
1339 4577 1448 4618 non
1481 4561 1664 4627 debet,
1698 4561 1798 4616 scd

190 4648 358 4705 totius
385 4651 662 4706 munditiae
719 4649 1031 4716 armarium,
1088 4658 1138 4704 et
1193 4650 1458 4706 castitatis
1515 4649 1784 4723 sigillum.

192 4741 337 4794 Area
367 4754 583 4810 quoque
613 4739 750 4793 intra
782 4755 840 4793 se
885 4737 1065 4808 legem
1119 4739 1436 4808 perhibetur
1493 4739 1792 4806 continere,

196 4827 326 4898 quia
352 4833 546 4883 nostra
575 4843 727 4883 mens
761 4834 811 4882 et
843 4825 1109 4881 memoria
1135 4826 1317 4881 divina
1347 4827 1607 4882 mandata
1651 4829 1798 4883 assi-

196 4915 475 4971 duedebet
494 4917 810 4972 observare.
837 4916 1034 4970 Manna
1073 4923 1347 4986 prmterea
1378 4916 1431 4969 in
1460 4932 1590 4972 arca
1620 4917 1801 4973 conti-

195 5019 358 5067 netur
385 5020 436 5067 et
465 5012 618 5084 virga
643 5032 657 5080 ;
681 5029 808 5067 nam
831 5011 1114 5067 memoriae
1134 5019 1339 5068 nostrae
1364 5021 1416 5068 et
1437 5014 1803 5084 pietasinesse

198 5100 380 5166 debet,
410 5117 518 5173 qua
545 5101 776 5156 humiles
808 5109 861 5156 et
882 5108 1220 5167 mansuetos,
1254 5108 1312 5155 ut
1344 5101 1399 5154 in
1430 5101 1626 5157 melius
1670 5117 1804 5173 pro-

199 5189 398 5255 ﬁciant,
432 5190 686 5246 convenit
715 5190 1027 5256 obsecrari,
1062 5197 1115 5244 et
1159 5189 1466 5260 disciplinae
1515 5191 1801 5258 severitas,

199 5289 304 5344 qua
332 5275 601 5344 superbos
632 5282 684 5330 et
706 5274 943 5329 immites
967 5273 1173 5346 corrigi
1191 5289 1421 5329 necesse
1441 5283 1523 5329 est
1546 5282 1599 5329 et
1621 5275 1807 5330 incre-

199 5362 342 5432 pari.
381 5361 656 5419 Correctio
694 5363 918 5436 quidem
967 5370 1148 5417 nostra
1201 5363 1288 5418 vel
1342 5363 1643 5435 increpatio
1696 5380 1806 5418 non

199 5466 322 5508 cum
349 5451 432 5506 ira
461 5460 513 5508 et
541 5452 919 5525 indignatione
952 5450 1071 5506 ﬁeri
1100 5451 1282 5517 debet,
1328 5451 1426 5507 sed
1477 5467 1602 5508 cum
1653 5460 1808 5507 tran-

201 5539 489 5612 quillitate.
530 5541 675 5597 Licet
706 5542 852 5597 enim
881 5541 1229 5596 extrinsecus
1261 5541 1551 5612 disciplina
1602 5541 1805 5607 saeviat,

203 5643 299 5684 cor
327 5644 546 5700 semper
575 5629 798 5700 plenum
825 5630 897 5685 sit
927 5629 1217 5686 charitate.
1282 5629 1577 5686 Sciendum
1627 5637 1810 5686 tamen

204 5724 307 5782 est,
339 5717 471 5787 quia
497 5717 936 5788 delinquentibus
971 5719 1267 5791 aliquando
1295 5719 1462 5775 irasci
1515 5735 1810 5790 possumus

207 5813 261 5862 et
288 5805 580 5876 indignari.
611 5806 722 5861 Sed
768 5807 961 5862 iterum
1009 5823 1122 5864 non
1173 5807 1436 5864 oblivioni
1485 5808 1811 5864 tradendum

209 5901 292 5951 est
318 5894 445 5967 quia
472 5893 551 5949 ira
583 5902 786 5964 nostra,
810 5897 897 5952 vel
919 5896 1243 5969 indignatio,
1271 5897 1494 5952 ultionis
1530 5898 1811 5954 exsecutio

213 6000 338 6042 esse
367 6000 476 6041 non
507 5983 688 6055 debet,
724 5985 820 6040 sed
853 5985 1027 6058 magis
1059 5985 1413 6042 absolutionis
1431 5987 1698 6059 operatio.
1723 5987 1810 6044 Ad

1824 4697 1877 4757 D

1914 3370 2018 3426 hac
2048 3372 2306 3428 unctione
2335 3382 2671 3444 ungerentur
2691 3385 2743 3432 et
2762 3385 2951 3434 sancto
2983 3378 3186 3449 Spiritu
3217 3378 3508 3435 conﬁrma-

1912 3468 2113 3526 rentur,
2147 3461 2390 3516 nondum
2420 3462 2642 3533 perfecti
2675 3475 2852 3531 erant,
2884 3466 3061 3522 adhuc
3111 3467 3392 3535 timebant,
3453 3477 3510 3522 et

1910 3548 2150 3603 nondum
2183 3550 2383 3605 Christi
2415 3567 2611 3607 nomen
2644 3553 2698 3608 in
2729 3554 2906 3610 fronte
2950 3556 3242 3628 gerebant.
3293 3558 3351 3611 In
3401 3573 3508 3611 un-

1911 3637 2089 3694 ctione
2119 3642 2300 3695 autem
2332 3639 2668 3697 inﬁrmorum
2699 3643 2854 3698 datur
2879 3644 3069 3699 iterum
3104 3661 3200 3715 per
3244 3645 3505 3716 Spiritum

1911 3733 2156 3781 sanctum
2188 3729 2438 3785 remissio
2469 3740 2842 3800 peccatorum,
2876 3741 2933 3786 ut
2965 3749 3143 3805 neque
3172 3734 3225 3787 in
3257 3735 3384 3801 vita,
3413 3750 3510 3789 ne-

1911 3831 2014 3885 que
2045 3815 2097 3868 in
2131 3826 2302 3871 morte
2331 3817 2475 3873 desit
2503 3819 2827 3875 Christianis
2858 3821 3058 3876 Christi
3097 3822 3496 3878 misericordia.

1912 3903 1968 3956 In
2003 3906 2354 3975 perceptione
2384 3923 2515 3963 vero
2543 3909 2792 3980 corporis
2840 3918 2892 3964 et
2947 3910 3231 3982 sanguinis
3287 3911 3504 3966 Domini

1909 3992 2092 4046 anima
2121 3993 2432 4051 Christiana
2464 4007 2687 4053 sanatur
2719 4001 2884 4068 299
2916 4014 2947 4053 a
2979 3999 3200 4054 vulnere
3226 4000 3498 4067 vitiorum,

1910 4089 1963 4136 et
1989 4081 2318 4138 reformatur
2346 4085 2401 4138 in
2432 4090 2634 4141 statum
2680 4087 2870 4142 salutis
2926 4095 3165 4154 mternze,
3223 4096 3278 4142 et
3333 4105 3501 4143 unum

1911 4184 2033 4225 cum
2063 4171 2278 4228 Christo
2301 4189 2497 4246 corpus
2520 4174 2776 4232 efficitur.

2662 4355 2759 4411 IX.

2218 4513 2351 4561 QUID
2385 4514 2470 4554 SIT
2501 4514 2848 4555 SACRAMENTI
2894 4513 3182 4554 ITERATIO.

1981 4649 2060 4702 lbi
2090 4647 2383 4705 reiteratur
2413 4657 2834 4716 sacramentum,
2881 4649 2976 4706 ubi
3019 4651 3251 4721 idipsum
3309 4647 3504 4705 iterum

1909 4737 2088 4807 datur,
2115 4739 2268 4810 quasi
2298 4739 2444 4810 quod
2478 4739 2827 4810 prius'datum
2851 4747 2951 4805 est,
2976 4747 3162 4810 postea
3190 4755 3356 4810 posse
3387 4739 3505 4794 dari

1911 4827 2190 4883 credatur.
2233 4827 2395 4883 Verbi
2425 4827 2620 4899 gratia,
2653 4827 2698 4882 si
2730 4828 2925 4899 aliquis
2945 4827 3274 4900 baptizatus,
3307 4828 3503 4883 iterum

1910 4917 1964 4970 in
1995 4915 2150 4988 aquis
2179 4915 2522 4988 baptismatis
2551 4923 2904 4987 mergeretur
2933 4932 2994 4972 ea
3025 4916 3320 4971 intentione
3350 4923 3408 4970 ut
3435 4917 3504 4971 ab

1912 5004 2162 5077 originali
2193 5013 2244 5060 et
2274 5004 2394 5060 aliis
2425 5005 2663 5076 peccatis
2695 5005 3013 5060 solveretur.
3039 5004 3220 5059 Aliter
3242 5005 3385 5060 enim
3399 5020 3510 5060 non

1914 5094 2299 5164 rebaptizatur,
2330 5095 2492 5149 etiam
2523 5094 2566 5148 si
2596 5093 2869 5150 multoties
2900 5093 3096 5165 aliquis
3126 5093 3283 5164 aquis
3327 5094 3506 5165 bapti-

1914 5183 2102 5238 smatis
2132 5183 2542 5256 submergatur.
2580 5183 2683 5238 Ubi
2714 5199 2845 5239 vero
2865 5191 3086 5254 propter
3115 5182 3262 5236 aliud
3286 5190 3338 5237 et
3358 5182 3506 5238 aliud

1914 5270 2094 5341 datur,
2125 5287 2233 5327 non
2265 5271 2490 5327 iteratur
2519 5280 2942 5339 sacramentum,
2977 5271 3074 5327 sed
3133 5271 3385 5326 tribuitur
3439 5272 3509 5328 ad

1915 5359 2129 5414 virtutis
2159 5369 2531 5432 augmentum.
2570 5360 2832 5429 Quamvis
2852 5361 2996 5415 enim
3025 5360 3176 5431 prius
3205 5360 3259 5415 in
3279 5359 3508 5428 vertice,

1917 5455 1971 5503 et
2001 5455 2187 5518 postea
2207 5449 2262 5502 in
2291 5448 2468 5504 fronte
2496 5450 2660 5505 homo
2690 5449 2984 5505 chrismate
3009 5457 3261 5522 ungatur,
3294 5465 3400 5504 non
3431 5458 3513 5505 ta-

1916 5552 2042 5592 men
2071 5536 2294 5592 iteratur
2322 5538 2626 5593 chrismatis
2657 5546 3079 5607 sacramentum,
3113 5539 3256 5611 quia,
3310 5547 3367 5595 ut
3414 5556 3512 5595 su-

1916 5626 2100 5696 perius
2129 5625 2384 5691 diximus,
2415 5635 2642 5698 pr0pter
2671 5627 2824 5683 aliud
2855 5635 2906 5683 et
2937 5627 3081 5684 aliud
3133 5627 3191 5682 ﬁt
3222 5649 3239 5696 ;
3285 5628 3424 5685 sicut
3462 5637 3516 5684 et

1918 5715 2230 5786 baptismus
2260 5713 2480 5770 minime
2509 5715 2757 5784 iteratur,
2789 5715 2950 5771 etiam
2982 5716 3027 5771 si
3055 5716 3352 5772 multodies
3389 5726 3514 5788 post

1920 5804 2250 5876 baptismum
2281 5804 2435 5876 aquis
2466 5803 2810 5874 baptismatis
2838 5819 3213 5876 aspergamur.
3263 5806 3510 5862 Inunctio

1920 5893 2265 5950 inﬁrmorum
2295 5907 2554 5966 magnum
2585 5901 2988 5949 sacramentum
3011 5902 3114 5961 est,
3149 5899 3202 5949 et
3223 5894 3345 5949 ideo
3362 5893 3514 5949 nulla

1921 5990 2004 6040 est
2034 5983 2244 6041 ratione
2276 5981 2608 6040 iterandum.
2675 5982 2823 6041 Sicut
2880 5982 3023 6040 enim
3080 5991 3276 6041 caetera
3333 5997 3517 6038 sacra-
