3910 6424
450 421 556 483 227

1440 420 1777 480 GOFFRIDI
1812 422 2103 481 ABBATIS
2152 424 2700 486 VINDOCINENSIS

3656 432 3767 488 228

451 555 633 603 menta
664 564 763 618 per
793 547 1070 618 apostolos
1120 546 1431 603 Christiana
1486 548 1685 620 religio
1739 549 2048 620 suscepisse
2080 553 2134 613 Α
2164 557 2268 605 tur.
2308 552 2430 607 Non
2452 552 2597 607 enim
2627 553 2830 609 faceret
2859 552 3025 621 illam,
3056 553 3102 607 si
3140 553 3411 625 repulsam
3442 570 3550 609 non
3598 563 3761 626 pate-

451 635 706 703 creditur,
742 636 809 691 ita
838 645 890 691 et
918 637 1059 692 istud
1090 637 1400 707 suscepisse
1432 637 1500 691 ab
1532 637 1835 708 apostolica
1882 638 2052 692 tradi-

447 725 597 781 tione
626 725 846 780 minime
876 725 1172 782 dubitatur.
1195 724 1371 781 Omne
1403 729 1586 781 autem
1604 735 2054 782 sacramentuma

449 814 648 885 Spiritu
678 822 867 869 sancto
896 830 995 884 per
1023 813 1288 869 doctores
1316 822 1554 881 sanctos,
1591 814 1644 868 in
1677 814 1875 886 quibus
1934 815 2052 887 ipse

450 902 706 973 loquitur,
738 902 922 957 iterari
951 902 1290 972 prohibetur,
1312 902 1517 958 idcirco
1561 901 1817 959 videlicet
1846 919 1912 959 ne
1942 920 2052 960 me-

449 990 629 1046 dicina
657 998 837 1046 sancta
868 990 1179 1055 vilesceret,
1214 999 1266 1044 et
1298 991 1478 1045 minus
1500 990 1646 1045 utilis
1679 998 1845 1057 esset,
1879 994 2048 1062 300

450 1095 570 1151 qua:
595 1086 743 1134 tanto
770 1079 950 1151 magis
980 1078 1212 1135 salubris
1234 1088 1335 1147 est,
1362 1087 1565 1152 quanto
1585 1079 1763 1135 minus
1801 1088 2049 1137 contem-

448 1167 650 1240 ptibilis
677 1168 967 1225 invenitur.

1194 1347 1273 1402 Χ.

447 1522 518 1562 DE
556 1521 1013 1562 PROIISSIONIBUS
1052 1521 1191 1568 QUAS
1232 1521 1336 1560 PRO
1395 1520 1880 1573 CONSECRATIONE,
1945 1521 2046 1561 SUB

483 1618 700 1659 NOMINE
719 1618 1134 1671 PROPESSIONIS,
1164 1616 1406 1658 ABBATES
1436 1618 1678 1658 FAClUNT
1707 1617 2008 1660 EPISCOPIS.

516 1766 665 1820 Deus
694 1772 747 1820 et
774 1764 1042 1821 Dominus
1072 1772 1261 1820 noster
1275 1765 1437 1819 Jesus
1469 1763 1713 1820 Christus
1761 1765 1815 1819 in
1855 1765 2045 1820 Evan-

446 1853 521 1909 lio
552 1860 736 1910 monet
762 1862 817 1909 et
846 1853 975 1909 dicit
1006 1871 1018 1907 :
1058 1852 1256 1909 Gratis
1288 1854 1612 1926 accepistis,
1674 1856 1858 1925 gratis
1913 1854 2043 1909 date

445 1942 670 2014 (Matth.
699 1958 813 2010 xv1,
847 1942 899 2014 8)
931 1960 944 1997 :
978 1950 1032 1998 et
1058 1942 1203 2014 quod
1232 1917 1435 1997 monet.
1449 1917 1642 2009 verbo,
1674 1917 1840 1997 —facto
1886 1957 2042 1998 com-
2070 1917 2124 1976 Β

445 2032 640 2103 plevit.
676 2033 801 2103 Ipse
830 2031 980 2087 enim
1033 2031 1205 2103 gratis
1258 2046 1369 2085 non
1419 2030 1643 2097 creavit,
1703 2038 1757 2085 et
1813 2030 2050 2085 redemit

446 2119 852 2176 misericordia.
892 2118 1017 2175 Suis
1046 2119 1228 2191 itaque
1258 2118 1604 2174 sermonibus
1633 2126 1842 2188 monet,
1874 2126 1927 2174 et
1956 2119 2051 2174 do-

452 2216 540 2264 cet
568 2208 847 2279 operibus,
871 2223 1102 2263 munera
1133 2223 1255 2275 sua,
1287 2215 1492 2264 sanctte
1507 2206 1764 2263 videlicet
1780 2206 2047 2263 Ecclesiae

448 2303 806 2363 sacramenta,
836 2304 889 2353 et
918 2296 1091 2369 gratis
1120 2295 1293 2366 accipi
1322 2296 1523 2351 debere
1571 2303 1626 2351 et
1672 2294 1844 2367 gratis
1900 2294 2043 2365 dari,

450 2385 575 2458 quia
602 2384 730 2441 licet
749 2384 938 2439 haberi
957 2384 1190 2455 possint,
1227 2400 1336 2440 non
1355 2391 1784 2455 possunttamen
1820 2399 2044 2454 compa-

450 2473 562 2529 rari
590 2473 735 2529 dona
754 2472 989 2543 Spiritus
1020 2473 1191 2529 sancti
1225 2488 1240 2541 ;
1267 2480 1322 2528 et
1350 2473 1653 2529 haereticus
1683 2489 1806 2529 esse
1835 2472 2046 2528 ratione

452 2570 507 2617 et
531 2561 847 2618 auctoritate
869 2561 1230 2627 convincitur,
1278 2561 1372 2632 qui
1420 2562 1569 2632 quod
1617 2561 2047 2632 incomparabile

452 2649 656 2706 factum
687 2658 769 2706 est
796 2666 827 2705 a
858 2651 993 2716 Deo,
1034 2649 1209 2706 credit
1243 2649 1329 2706 vel
1352 2649 1569 2706 actione
1587 2650 1854 2721 praedicat
1883 2665 2046 2720 posse

454 2738 762 2810 comparari
790 2738 855 2793 ab
884 2738 1125 2794 homine.
1161 2737 1288 2793 Ideo
1320 2739 1507 2794 Simon
1526 2739 1721 2809 Magus
1762 2738 2048 2795 haereticus

454 2827 625 2883 factus
651 2836 753 2894 est,
787 2827 908 2899 quia
940 2827 1145 2883 donum
1174 2826 1275 2883 Dei
1305 2843 1365 2883 se
1393 2843 1558 2899 posse
1613 2828 1904 2884 aestimavit
1950 2844 2047 2898 pe-

455 2916 616 2973 cunia
643 2915 953 2987 possidere.
990 2916 1112 2971 Non
1142 2923 1223 2971 est
1251 2915 1436 2987 utique
1492 2917 1922 2973 venundandum
1961 2916 2047 2972 vel

454 3004 744 3062 emendum
773 3004 1037 3061 Ecclesia:
1064 3004 1352 3076 quodlibet
1410 3013 1841 3072 sacramentum,
1901 3003 2048 3076 quod

452 3102 536 3150 est
559 3094 762 3149 donum
791 3092 961 3149 sancti
990 3092 1239 3164 Spiritus,
1281 3108 1354 3148 ex
1381 3107 1510 3165 quo,
1542 3101 1596 3149 et
1624 3093 1678 3148 in
1710 3109 1837 3165 quo,
1868 3100 1921 3149 et
1947 3107 2049 3164 per

451 3199 610 3255 quem
642 3182 825 3238 divina
851 3181 1114 3254 mysteria
1135 3182 1258 3251 jure
1289 3181 1659 3249 celebrantur,
1693 3190 1748 3238 et
1796 3189 2049 3253 peccato-

450 3288 571 3327 rum
602 3271 758 3327 datur
786 3271 1057 3338 remissio,
1082 3278 1135 3326 et
1180 3270 1302 3327 sine
1329 3287 1435 3344 quo
1464 3271 1614 3327 nulla
1672 3270 2044 3327 sanctiﬁcatur
2071 3297 2120 3359 Ο

449 3361 676 3418 oblatio.
709 3360 881 3434 Igitur
907 3359 1283 3416 Ecclesiarum
1313 3367 1367 3415 et
1412 3360 1695 3415 hominum
1748 3373 2043 3416 consecra-

452 3450 648 3519 tiones,
663 3449 779 3505 sive
799 3448 1235 3517 benedictiones,
1251 3447 1473 3504 omnino
1493 3449 1661 3521 gratis
1686 3447 1803 3504 ﬁeri
1822 3448 2043 3515 debent,

451 3555 555 3596 nec
582 3538 823 3610 quolibet
850 3537 1071 3611 ingenio
1100 3552 1206 3609 pro
1241 3537 1562 3607 hujusmodi
1596 3537 1737 3594 facto
1767 3537 2048 3610 quidpiam

453 3629 722 3701 exigatur,
749 3643 819 3683 ne
863 3626 992 3683 dum
1048 3627 1185 3682 falsa
1243 3626 1507 3698 quaeritur
1560 3626 1859 3694 beatitudo,
1918 3640 2049 3683 vera

451 3716 675 3772 miseria
701 3715 1031 3772 inveniatur.
1071 3715 1207 3772 Sunt
1235 3715 1455 3787 quidam
1499 3715 1745 3787 episcopi
1801 3715 1898 3788 qui
1945 3730 2047 3786 pro

452 3807 616 3876 301
652 3805 1123 3862 benedictionibus
1149 3804 1424 3871 abbatum,
1456 3805 1557 3859 sub
1586 3804 1805 3860 nomine
1836 3804 2049 3877 profes-

451 3896 640 3965 sionis,
668 3896 738 3952 ab
755 3896 833 3951 eis
855 3894 1099 3967 exigunt,
1118 3893 1264 3965 quod
1282 3900 1363 3949 est
1381 3893 1702 3949 Christianae
1718 3892 2047 3965 professioni

451 3987 609 4043 valde
637 3984 986 4043 contrarium.
1020 3984 1158 4039 Nam
1189 3998 1312 4038 cum
1342 3981 1614 4053 professio
1646 3982 1751 4038 alia
1776 3983 1834 4036 in
1864 3982 2047 4040 divina

451 4075 611 4131 laude
640 4075 725 4140 sit,
785 4074 891 4128 alia
944 4088 1041 4143 pro
1099 4079 1450 4143 peccatorum
1511 4071 1887 4143 depositione,
1942 4071 2048 4127 ista

449 4163 672 4220 laudem
695 4162 799 4218 Dei
827 4176 938 4220 non
967 4160 1112 4227 facit,
1148 4160 1245 4215 sed
1277 4159 1487 4228 minuit,
1519 4176 1624 4217 nec
1653 4160 1881 4232 deponit
1910 4176 2044 4231 pec-

451 4261 594 4319 cata,
627 4252 726 4309 sed
756 4250 999 4322 apponit.
1032 4250 1146 4305 Nec
1176 4265 1350 4305 sacrm
1380 4248 1509 4305 ﬁdei
1565 4248 1839 4320 professio
1893 4258 2046 4306 recto

449 4341 670 4398 nomine
697 4340 924 4406 dicetur,
958 4338 1057 4394 sed
1086 4338 1425 4395 exsecranda
1440 4338 1752 4410 promissio,
1786 4355 1907 4411 qua:
1926 4338 2043 4395 cla—

453 4448 548 4489 ves
577 4428 842 4486 Ecclesiae
871 4428 1101 4501 agitare,
1134 4432 1188 4483 et
1217 4428 1435 4484 unicum
1463 4442 1531 4484 ac
1588 4427 1869 4499 singulare
1928 4427 2044 4497 ejus

451 4520 648 4577 ostium
677 4517 880 4575 violare
909 4524 1157 4573 conatur.
1197 4518 1308 4571 Ista
1345 4532 1523 4589 neque
1562 4516 1817 4585 veritate,
1863 4532 2042 4589 neque

450 4609 773 4667 auctoritate
803 4608 1045 4676 inventa,
1077 4604 1175 4662 sed
1203 4604 1593 4662 consuetudine
1650 4613 1703 4661 et
1758 4605 2040 4661 hominum

448 4700 737 4773 cupiditate
764 4704 998 4769 reperta,
1030 4695 1229 4767 triplici
1279 4710 1488 4768 genere
1545 4694 1799 4750 Simonia
1853 4703 2040 4751 contra

448 4798 696 4847 sanctam
723 4785 1020 4844 Ecclesiam
1046 4783 1339 4854 jaculatur,
1401 4782 1661 4856 quoniam
1712 4782 1955 4839 Simonia
2010 4799 2044 4840 a

445 4881 653 4954 lingua,
691 4875 929 4934 Simonia
953 4891 986 4931 a
1014 4888 1202 4939 manu,
1236 4872 1479 4929 Simonia
1509 4873 1580 4927 ab
1640 4871 1910 4943 obsequio
1967 4871 2043 4927 ibi

448 4968 819 5027 committitur.
850 4966 949 5020 Est
976 4980 1007 5019 a
1035 4963 1243 5035 lingua,
1274 4977 1396 5019 cum
1427 4960 1645 5033 publice
1675 4961 2045 5018 recitaturilla

446 5058 740 5132 promissio
771 5075 786 5123 ;
819 5053 932 5110 ﬁta
961 5069 1146 5119 manu,
1181 5052 1398 5124 quando
1428 5050 1636 5118 charta,
1663 5065 1772 5123 qua
1806 5051 2046 5107 contine-

448 5157 551 5217 tur,
583 5148 781 5218 scripta
814 5144 1039 5216 ponitur
1067 5157 1234 5213 super
1258 5140 1432 5195 altare
1464 5158 1478 5203 ;
1512 5137 1571 5194 ﬁt
1627 5139 1697 5195 ab
1754 5138 2042 5211 obsequio,

448 5252 570 5294 cum
583 5237 763 5307 ipsum
784 5232 925 5289 male
944 5230 1278 5304 promissum
1316 5226 1677 5300 subjectionis
1721 5228 2044 5301 obsequium

449 5333 718 5381 servatur.
753 5322 856 5393 Qui
885 5322 966 5377 sic
992 5320 1107 5393 agit
1136 5318 1368 5375 forsitan
1421 5317 1553 5374 dicit
1584 5333 1599 5372 :
1653 5318 1762 5373 Pro
1811 5316 2043 5372 benedi-

447 5411 625 5468 ctione
653 5426 761 5467 non
792 5424 976 5481 quaero
1005 5407 1292 5480 pecuniam
1323 5423 1336 5461 :
1372 5405 1482 5461 imo
1509 5404 1645 5461 satis
1674 5404 1908 5476 amplius
1934 5405 2046 5460 exi-

448 5501 546 5574 git,
580 5500 708 5572 quia
732 5498 970 5555 hominis
990 5512 1311 5569 personam.
1370 5493 1521 5551 Sicut
1567 5494 1749 5550 anima
1795 5494 1919 5564 plus
1966 5499 2051 5550 est

450 5603 614 5661 quam
643 5603 864 5659 corpus,
894 5587 963 5642 ita
990 5602 1188 5658 corpus
1218 5584 1379 5640 simul
1411 5592 1466 5640 et
1494 5582 1698 5650 anima,
1732 5590 1840 5639 tota
1886 5582 2046 5639 vide-

447 5677 574 5736 licet
592 5677 827 5734 hominis
857 5691 1095 5748 persona
1133 5675 1303 5730 multo
1359 5672 1483 5745 plus
1537 5680 1622 5729 est
1679 5688 1842 5744 quam
1897 5672 2046 5742 ejus-

447 5766 707 5837 pecunia.
744 5765 942 5821 Divina
970 5763 1096 5837 lege
1118 5772 1169 5820 et
1200 5762 1489 5819 manifesta
1518 5762 1737 5818 ratione
1783 5762 2048 5833 probatur

451 5855 583 5925 quia
606 5853 914 5910 benedictio
941 5852 1166 5907 minime
1191 5852 1351 5907 datur
1379 5851 1550 5924 gratis
1578 5864 1742 5923 quam
1789 5850 2048 5922 praecedit

452 5942 663 5999 abbatis
691 5942 782 5998 illa
808 5939 1159 6015 proscriptio,
1191 5947 1248 5995 ut
1275 5938 1422 6011 quod
1451 5938 1727 5995 desiderat
1772 5953 2044 6012 assequa—

2069 4658 2122 4718 D

2162 648 2335 694 retur.
2375 639 2511 695 Illud
2544 641 2702 695 etiam
2734 642 2878 714 quod
2906 642 3106 697 bonum
3137 651 3218 698 est
3258 640 3315 697 ﬁt
3362 642 3753 714 perniciosum,

2159 742 2284 783 cum
2314 728 2647 799 promittitur
2675 746 2782 785 non
2810 729 2971 799 bene,
3009 730 3095 786 vel
3124 730 3263 786 male
3281 732 3595 803 suscipitur.
3614 733 3755 787 Nam

2157 816 2389 886 pecunia
2419 833 2583 888 quam
2633 818 2819 874 Simon
2868 820 3060 891 Magus
3107 819 3298 875 obtulit
3353 822 3517 889 302
3573 821 3755 887 Petro,

2154 904 2297 959 bona
2324 904 2542 977 quidem
2572 915 2707 975 erat,
2742 907 2838 963 sed
2859 907 2985 979 quia
3014 907 3157 963 male
3186 908 3380 964 obtulit
3410 907 3579 978 illam,
3603 909 3758 964 dam-

2153 1001 2312 1048 natus
2341 1009 2371 1048 a
2404 995 2563 1050 Petro
2588 995 2933 1066 praedicatur.
2964 997 3034 1051 Et
3072 997 3196 1052 ideo
3253 1011 3354 1052 nec
3408 997 3753 1071 evangelica,

2152 1098 2255 1138 nec
2282 1083 2566 1149 canonica,
2603 1084 2701 1140 sed
2731 1084 3073 1140 navicaluria
3098 1093 3181 1140 est
3219 1084 3312 1140 illa
3366 1102 3487 1157 quae
3541 1086 3757 1142 dicitur

2154 1170 2483 1240 benedictio,
2517 1188 2699 1243 quam,
2732 1190 2853 1245 quae
2882 1174 3016 1230 falso
3038 1173 3256 1230 nomine
3287 1182 3528 1243 vocatur,
3542 1175 3751 1246 profes-

2153 1258 2238 1314 sio
2268 1260 2546 1331 praecedit,
2582 1261 2697 1317 sive
2726 1262 3104 1334 subsequitur.
3147 1262 3225 1316 Ibi
3254 1262 3521 1331 venditur,
3584 1262 3755 1317 simul

2153 1355 2206 1403 et
2234 1346 2433 1403 emitur
2461 1348 2698 1418 primum
2726 1349 2989 1405 Ecclesia:
3030 1355 3446 1405 sacramentum.
3504 1348 3754 1413 Christus

2153 1435 2352 1491 etenim
2382 1437 2589 1507 primus
2621 1438 2723 1492 hoc
2786 1446 3184 1493 sacramentum
3242 1454 3342 1508 per
3398 1436 3751 1508 semetipsum

2151 1523 2299 1591 fecit,
2325 1526 2796 1582 consecrationem
2828 1525 3039 1582 scilicet
3058 1526 3448 1597 apostolorum.
3480 1527 3753 1582 Praeterea

2152 1612 2438 1669 sciendum
2468 1622 2570 1685 est,
2602 1631 2706 1672 nec
2735 1613 3000 1671 oblivioni
3030 1614 3373 1682 tradendum,
3426 1615 3569 1687 quod
3621 1615 3751 1687 qui—

2150 1716 2382 1775 cumque
2403 1703 2533 1759 emit
2548 1703 2871 1769 Ecclesium,
2893 1703 3201 1760 Iudaeorum
3224 1702 3528 1775 perﬁdiam,
3563 1707 3618 1759 et
3654 1703 3754 1776 qui

2150 1791 2334 1846 vendit
2360 1808 2503 1858 eam,
2535 1792 2865 1848 traditorem
2895 1793 3090 1847 Iudam
3120 1793 3383 1849 imitatur.
3429 1791 3604 1847 Judaei
3661 1800 3750 1847 et-

2148 1879 2291 1933 enim
2315 1879 2587 1936 Christum
2608 1881 2806 1936 emisse
2826 1889 3150 1947 noscuntur,
3176 1881 3268 1953 qui
3290 1889 3369 1936 est
3382 1888 3538 1953 caput
3556 1881 3750 1936 Eccle-

2156 1966 2270 2035 siae,
2302 1975 2356 2023 et
2384 1985 2505 2025 eum
2536 1969 2851 2025 vendidisse
2878 1969 3044 2024 Judas
3071 1970 3297 2025 minime
3327 1970 3616 2024 dubitatur.
3640 1968 3749 2037 Qui

2155 2072 2287 2111 vero
2317 2073 2418 2128 pro
2446 2057 2631 2113 divino
2662 2057 2921 2130 mysterio
2950 2074 3143 2113 munus
3175 2058 3361 2131 exigit,
3394 2056 3544 2113 Giezi
3565 2057 3750 2128 sequi-

2155 2156 2244 2205 tur
2271 2150 2599 2223 discipulum
2630 2151 2839 2219 Elizaei,
2871 2160 2923 2208 et
2950 2153 3198 2207 Naaman
3230 2151 3353 2223 Syri
3374 2150 3582 2222 lepram
3609 2165 3752 2207 con-

2156 2239 2430 2311 sequitur.
2470 2240 2707 2295 Caveant
2739 2240 2912 2312 igitur
2949 2240 3192 2311 episcopi
3241 2248 3295 2295 et
3347 2239 3592 2305 abbates,
3654 2239 3753 2309 qui

2154 2326 2278 2383 ideo
2306 2328 2562 2383 dicuntur
2590 2329 2787 2384 Christi
2807 2328 3015 2396 vicarii,
3054 2328 3307 2400 quoniam
3364 2326 3566 2383 Christi
3620 2340 3746 2382 cre-

2154 2417 2358 2472 duntur
2386 2434 2550 2487 agere
2580 2417 2753 2484 vices,
2784 2433 2853 2472 ne
2883 2424 3077 2473 contra
3107 2415 3308 2472 Christi
3349 2416 3747 2480 auctoritatem,

2155 2505 2245 2576 qui
2277 2506 2445 2579 gratis
2470 2506 2662 2563 tribuit
2691 2515 2745 2562 et
2772 2506 2889 2575 ejus
2916 2519 3125 2571 vocem,
3159 2505 3249 2577 qui
3279 2504 3452 2577 gratis
3478 2503 3596 2559 dari
3622 2518 3749 2559 mo-

2155 2601 2249 2648 net
2280 2602 2332 2649 et
2360 2595 2624 2666 pramipit,
2656 2594 3003 2666 cupiditatem
3034 2594 3150 2650 sive
3178 2592 3621 2650 consuetudinem
3652 2608 3749 2647 se-

2154 2692 2409 2754 quantur,
2442 2699 2549 2756 qua
2577 2682 2715 2739 ﬁdes
2745 2683 3025 2751 Ecclesia},
3057 2683 3295 2749 libertas,
3327 2689 3384 2737 et
3411 2682 3627 2738 castitas
3665 2681 3747 2736 si-

2154 2772 2267 2827 mul
2294 2773 2679 2844 corrumpitur.
2713 2773 2835 2829 Non
2857 2771 3208 2829 mediocriter
3254 2771 3439 2843 utique
3481 2769 3745 2840 delinquit

2154 2860 2460 2932 episcopus,
2496 2861 2602 2915 nisi
2631 2863 2805 2934 gratis
2834 2860 3047 2917 dederit
3081 2878 3095 2923 ;
3128 2867 3180 2917 et
3209 2859 3395 2925 abbas,
3427 2857 3533 2913 nisi
3571 2858 3748 2930 gratis

2155 2950 2444 3021 acceperit,
2476 2950 2725 3005 similiter
2754 2958 2969 3022 peccat,
3005 2949 3130 3020 quia
3160 2948 3447 3005 facientem
3476 2954 3527 3003 et
3576 2946 3745 3002 obse-

2157 3046 2412 3111 quentem
2440 3053 2539 3111 par
2565 3054 2724 3110 poena
2754 3038 3082 3108 constringit
3109 3056 3125 3105 ;
3158 3044 3211 3093 et
3240 3036 3446 3093 facinus
3473 3049 3613 3106 quos
3654 3034 3747 3089 in-

2157 3127 2364 3199 quinat,
2395 3134 2576 3200 arquat
2604 3128 2833 3199 (Luem,
2864 3127 2967 3183 lib.
3006 3142 3060 3193 v,
3093 3130 3256 3191 290.)

2797 3307 2965 3375 303
3008 3306 3105 3360 ΧΙ-

2152 3471 2227 3512 DE
2258 3471 2396 3512 ILLIS
2426 3472 2521 3519 QUI
2548 3471 2607 3511 1N
2638 3471 2899 3512 CAPITULO
2943 3470 3283 3511 INOBDINATE
3330 3467 3581 3509 CLAMENT
3613 3472 3626 3522 ;
3680 3468 3748 3509 ET

2346 3575 2419 3615 DE
2449 3575 2543 3614 HIS
2574 3574 2667 3621 QUI
2694 3575 2768 3615 IBI
2797 3574 3136 3615 lNORDINATE
3165 3572 3553 3614 BESPONDENT.

2225 3716 2382 3787 Saepe
2406 3714 2550 3771 inter
2578 3717 2878 3773 monachos
2908 3715 3105 3788 agitur,
3143 3722 3200 3770 ut
3229 3730 3327 3786 per
3367 3729 3480 3781 eos,
3538 3711 3627 3784 qui
3678 3713 3747 3768 de

2153 3804 2273 3859 aliis
2304 3804 2359 3858 in
2390 3804 2627 3876 capitulo
2658 3805 2933 3860 clamores
2965 3804 3190 3871 faciunt,
3221 3812 3273 3858 et
3328 3819 3429 3874 per
3470 3801 3613 3868 illos,
3673 3801 3745 3858 de

2156 3893 2359 3966 quibus
2388 3893 2656 3949 clamores
2714 3892 2865 3961 ﬁunt,
2927 3894 3230 3948 animorum
3288 3891 3740 3963 perturbationes,

2153 3983 2325 4039 verba
2353 3998 2560 4050 amara,
2595 3983 2970 4039 contentiones
3000 3988 3311 4048 nascantur,
3370 3988 3590 4052 propter
3638 3979 3745 4036 hoc

2154 4072 2405 4141 maxime,
2440 4072 2584 4144 quod
2608 4073 2664 4126 hi
2694 4071 2787 4144 qui
2843 4080 3182 4138 accusantur,
3243 4070 3459 4126 modum
3511 4084 3743 4141 respon-

2155 4161 2344 4228 sionis,
2377 4168 2430 4217 et
2453 4160 2507 4214 hi
2539 4160 2627 4232 qui
2650 4168 2927 4227 accusant,
2960 4160 3178 4216 modum
3203 4155 3559 4215 accusationis
3580 4157 3745 4230 igno-

2154 4257 2300 4310 rant.
2338 4250 2478 4304 Nam
2512 4265 2635 4305 cum
2659 4266 2724 4305 ex
2782 4250 2908 4306 odio
2964 4248 3176 4320 peccati
3232 4256 3284 4303 et
3340 4264 3405 4302 ex
3458 4245 3743 4303 dilectione

2153 4338 2330 4394 fratris
2362 4338 2577 4410 culpam
2634 4345 2844 4393 tantum
2897 4338 3178 4394 notiticare
3234 4336 3473 4392 debeant
3509 4335 3600 4407 qui
3653 4349 3744 4391 ac-

2153 4436 2364 4495 cusant,
2395 4444 2506 4484 non
2538 4428 2609 4483 ita
2638 4427 2852 4492 faciunt,
2890 4428 2987 4483 sed
3015 4427 3288 4482 minantur
3334 4433 3387 4480 et
3443 4425 3739 4495 increpant.

2151 4518 2231 4572 Illi
2260 4524 2442 4573 autem
2474 4517 2565 4589 qui
2595 4518 2971 4589 increpantur,
3004 4532 3125 4572 cum
3156 4514 3467 4588 patientiam
3523 4512 3739 4582 Christi,

2152 4606 2279 4678 quia
2307 4605 2601 4661 Christiani
2631 4614 2756 4661 sunt
2786 4613 2838 4661 et
2874 4605 3150 4672 monachi,
3207 4602 3407 4658 imitari
3462 4601 3739 4667 deberent,

2151 4695 2243 4768 qui
2272 4710 2457 4751 coram
2497 4694 2757 4751 tondente
2788 4710 2896 4750 non
2931 4694 3146 4765 aperuit
3193 4708 3256 4748 os
3310 4708 3487 4758 suum,
3543 4706 3644 4745 nec
3691 4690 3744 4745 in

2151 4800 2251 4839 sua
2278 4784 2535 4855 passione
2564 4792 2757 4840 contra
2787 4798 2915 4838 suos
2945 4789 3300 4839 accusatores
3319 4780 3516 4852 impios
3531 4786 3581 4836 et
3596 4793 3743 4834 men-

2151 4873 2319 4930 daces
2349 4873 2520 4928 verba
2549 4872 2945 4930 contumeliosa
2975 4871 3285 4942 protulisse,
3318 4869 3419 4925 sed
3445 4867 3633 4939 judici,
3686 4883 3743 4923 se

2150 4961 2277 5017 licet
2307 4961 2507 5030 injuste
2532 4961 2825 5033 judicanti,
2849 4960 3119 5032 patienter
3148 4958 3498 5030 respondisse
3525 4955 3739 5028 legitur,

2154 5050 2301 5121 quod
2331 5049 2577 5105 Christus
2605 5049 2727 5106 fecit
2758 5049 2939 5105 facere
2968 5048 3314 5117 erubescunt,
3368 5054 3419 5102 et
3472 5044 3744 5104 Christum

2155 5145 2207 5193 et
2237 5138 2353 5208 ejus
2409 5138 2719 5209 exemplum
2773 5153 3087 5209 nomenque
3144 5135 3529 5201 Christianum,
3587 5148 3742 5188 suum

2155 5227 2317 5283 etiam
2344 5227 2749 5293 monachatum,
2783 5242 3012 5282 summae
3042 5223 3297 5281 videlicet
3327 5220 3637 5279 humilitatis
3666 5221 3744 5275 si—

2154 5332 2344 5388 gnum,
2379 5315 2779 5372 obliviscuntur
2802 5318 2858 5371 et
2886 5315 3055 5370 verba
3110 5312 3344 5385 superba
3401 5319 3455 5366 et
3511 5307 3743 5381 litigiosa

2155 5412 2343 5461 contra
2365 5421 2460 5461 eos
2490 5411 2817 5477 praeparant,
2850 5402 2941 5475 qui
2972 5402 3042 5459 de
3088 5402 3223 5473 ipsis
3253 5401 3547 5473 loquuntur
3587 5404 3745 5468 atque

2154 5493 2315 5549 malis
2343 5494 2617 5565 prioribus
2644 5494 2830 5564 pejora
2855 5493 3175 5563 jungentes,
3207 5504 3337 5545 suos
3366 5487 3570 5545 similes
3598 5484 3747 5555 adju-

2154 5590 2304 5638 tores
2333 5582 2606 5648 invocant,
2637 5580 2794 5652 quasi
2823 5579 3147 5651 iniuriarum
3177 5578 3404 5634 ultores.
3435 5574 3609 5644 Unde,
3631 5574 3745 5629 Deo

2157 5680 2398 5737 auctore,
2450 5670 2722 5743 quomodo
2767 5669 2856 5726 vel
2902 5668 3011 5736 cui,
3070 5666 3165 5723 ﬁlii
3224 5675 3277 5723 et
3328 5665 3527 5721 fratres
3583 5660 3750 5719 nostri

2155 5762 2326 5831 304
2358 5759 2414 5815 in
2443 5759 2681 5831 capitulo
2710 5758 2952 5816 accusati
2985 5755 3343 5829 respondere,
3375 5762 3430 5811 et
3465 5752 3557 5826 qui
3594 5767 3743 5809 accu-

2156 5858 2280 5905 sant
2311 5848 2584 5921 quomodo
2614 5863 2870 5905 accusare
2899 5846 3155 5915 debeant,
3183 5843 3444 5902 ordinare
3469 5841 3741 5898 volumus.

2160 5938 2494 5995 Ordinamus
2524 5937 2726 6010 itaque,
2757 5946 2811 5994 et
2838 5935 3144 5994 ordinando
3173 5934 3274 5991 sub
3301 5932 3522 5991 nomine
3550 5936 3753 5989 sancta.-
