3910 6390
200 416 304 467 2ὶ9

1510 403 1884 465 OPUSCULA.
1924 442 1993 452 —-
2031 408 2154 467 XIV

3386 424 3489 476 230

200 534 524 590 obedientia
568 534 910 605 praecipimus
936 542 994 588 ut
1048 535 1181 589 alter
1200 534 1418 589 alterius
1471 536 1685 605 culpam
1716 534 1794 589 sic
1821 540 1877 600 Α
1906 537 2096 591 sitione
2126 537 2466 609 proposuisti,
2526 537 2666 593 circa
2694 554 2781 592 me
2810 538 2978 595 multa
3032 549 3154 596 sunt
3186 557 3199 611 ;
3231 550 3283 597 et
3309 551 3492 600 contra

200 623 256 677 in
285 624 517 692 capitulo
550 622 786 678 notiﬁcet
825 631 1086 692 quatenus
1115 639 1237 677 eum
1266 623 1460 678 minari
1515 639 1624 677 non
1646 639 1793 693 pra-

199 719 397 781 sumat,
431 728 531 766 nec
588 712 846 782 increpet.
901 712 950 765 Is
1001 727 1130 766 vero
1162 712 1251 781 qui
1309 719 1584 768 accusatus
1638 711 1799 766 fuerit

200 800 455 856 adversus
484 816 638 853 suum
679 807 1039 854 accusatorem
1078 799 1257 857 verbis
1313 800 1640 869 quibuslibet
1690 814 1798 854 non

199 889 509 957 contendat,
540 888 636 941 sed
685 889 826 942 unde
857 896 1134 943 accusatur
1177 888 1276 944 soli
1305 888 1508 957 abbati,
1567 889 1653 945 vel
1682 889 1798 958 ejus

198 977 367 1046 priori
396 977 669 1031 humiliter
722 985 880 1046 atque
910 978 1171 1032 veraciter
1222 977 1561 1047 respondeat.
1620 976 1799 1031 Liceat

199 1066 490 1134 unicuique
562 1065 653 1135 qui
729 1074 1006 1121 accusatur
1058 1073 1149 1120 aut
1231 1066 1504 1120 humiliter
1585 1065 1796 1136 culpam

201 1168 516 1224 agnoscere,
556 1154 642 1209 vel
671 1154 715 1207 si
744 1154 1027 1225 culpabilis
1083 1155 1305 1209 minime
1355 1155 1532 1221 fuerit,
1582 1170 1639 1208 se
1690 1169 1798 1207 non

200 1242 473 1309 audacter,
531 1241 626 1296 sed
690 1244 957 1313 patienter
1029 1260 1305 1299 excusare.
1389 1242 1797 1299 Ordinationem

201 1331 381 1398 istam,
405 1347 438 1384 a
466 1331 579 1384 Deo
602 1331 778 1400 potius
806 1347 967 1399 quam
996 1347 1027 1386 a
1054 1331 1212 1386 nobis
1240 1346 1335 1401 pro
1380 1346 1510 1401 pace
1532 1338 1587 1385 et
1622 1330 1799 1400 quiete

200 1419 501 1473 animarum
532 1427 587 1473 et
627 1434 910 1489 corporum
970 1419 1193 1474 fratrum
1222 1427 1525 1475 nostrorum
1577 1419 1795 1487 factam,

199 1507 245 1559 si
277 1507 395 1576 quis
422 1507 652 1563 scienter
706 1507 1007 1575 violaverit,
1038 1515 1234 1577 prater
1286 1507 1630 1576 praesentium
1688 1507 1801 1577 pla-

199 1611 302 1667 gas
358 1596 654 1666 virgarum,
712 1603 919 1666 septem
983 1595 1303 1651 continuatis
1358 1596 1550 1651 diebus
1596 1594 1798 1664 absque

200 1683 535 1755 indulgentia
562 1683 713 1739 cibus
741 1684 790 1739 ei
820 1683 974 1740 detur
1004 1684 1347 1740 solummodo
1377 1684 1531 1756 panis
1544 1692 1763 1753 ctaqua.

932 1831 1056 1886 XII.

401 1970 525 2019 QUE
560 1970 686 2010 TRIA
722 1970 1054 2012 PASTORIBUS
1091 1970 1285 2011 INESSB
1323 1969 1593 2010 DBBEANT.

271 2077 581 2133 Pastoribus
610 2077 865 2133 Ecclesia
895 2078 995 2133 tria
1039 2079 1343 2149 speciliater
1369 2078 1543 2133 inesse
1573 2078 1790 2147 debent,

196 2166 405 2237 justitia
458 2166 726 2236 videlicet,
768 2166 1015 2222 discretio
1063 2174 1117 2221 et
1167 2167 1523 2238 providentia.
1582 2169 1794 2223 Unum-

202 2270 473 2325 quemque
504 2255 669 2326 igitur
709 2254 1132 2325 dispensatorem
1185 2256 1436 2311 Ecclesia
1491 2256 1548 2309 in
1590 2255 1795 2326 judicio

196 2343 404 2412 justum
436 2358 552 2398 esse
600 2342 771 2411 decet,
804 2343 1089 2398 discretum
1148 2343 1201 2397 in
1231 2352 1519 2414 pracepto,
1553 2343 1606 2397 in
1663 2360 1797 2399 con-

201 2432 322 2487 silio
353 2431 661 2503 providum.
696 2430 889 2485 Tribus
919 2432 1031 2486 istis
1069 2432 1338 2503 pracipuc
1368 2440 1550 2503 pastor
1602 2432 1798 2487 Eccle-

199 2521 295 2576 sia
348 2528 399 2575 et
456 2520 757 2575 animarum
814 2521 989 2589 saluti,
1050 2528 1104 2575 et
1157 2536 1441 2591 corporum
1500 2521 1799 2576 necessitati

200 2608 455 2681 prodesse
502 2616 696 2678 potest.
742 2608 899 2678 Quod
953 2609 995 2663 si
1054 2626 1217 2663 unum
1276 2610 1495 2665 istorum
1550 2608 1796 2679 defuerit,

200 2705 393 2752 catera
445 2696 550 2752 duo
603 2706 695 2752 aut
746 2698 942 2767 minus,
974 2705 1067 2752 aut
1109 2698 1242 2751 nihil
1301 2699 1510 2769 penitus
1557 2706 1797 2768 prosunt.

201 2770 368 2838 305
401 2787 541 2841 Nam
597 2787 640 2840 si
692 2787 832 2858 juste
876 2786 1083 2856 judicet
1136 2794 1336 2857 pastor,
1389 2794 1441 2842 et
1521 2785 1804 2841 indiscrete

201 2874 498 2946 pracipiat,
531 2874 646 2946 ipsa
672 2875 957 2930 indiscreta
986 2875 1277 2947 praceptio
1308 2876 1472 2930 etiam
1497 2875 1627 2945 justi
1650 2874 1802 2945 judi-

1905 632 1956 679 te
1984 625 2149 679 multa
2179 642 2301 680 mea
2326 627 2470 681 mala
2502 641 2514 695 ;
2549 634 2601 681 et
2629 627 2772 696 quod
2794 636 2875 682 est
2901 630 3367 703 culpagravioris,
3383 649 3491 688 non

1905 730 1991 767 me
2019 729 2171 768 reum
2203 714 2491 784 aliquando
2531 731 2664 786 pure
2693 716 2967 772 confessus
2994 735 3132 788 sum,
3183 736 3284 775 nec
3310 737 3491 777 meum

1905 802 2041 856 bene
2063 804 2260 874 agnovi
2290 810 2496 858 reatum
2525 804 2571 874 -ι-
2598 804 2771 859 Nullis
2799 806 3228 874 pracedentibus
3254 810 3340 866 vel
3367 810 3493 882 suti-

1904 890 2250 959 sequentibus
2278 892 2482 946 meritis
2512 898 2564 945 te
2602 892 2875 947 custodem
2907 894 3158 951 Ecclesia
3213 913 3349 952 mea
3377 896 3493 952 fieri

1905 978 2143 1048 permisi,
2166 987 2220 1033 et
2274 987 2561 1050 pastorem.
2594 982 2638 1051 -ί-
2669 981 2733 1034 Et
2790 981 2888 1036 ista
2926 982 3163 1053 quidem,
3219 986 3495 1041 Miserator

1906 1074 1959 1121 et
1978 1067 2293 1137 Misericors,
2339 1068 2560 1124 veritate
2619 1068 2958 1140 amplector;
2991 1070 3084 1126 sed
3131 1080 3235 1127 tua
3289 1075 3492 1129 miseri-

1906 1155 2122 1221 cordia,
2156 1163 2209 1210 et
2236 1157 2567 1211 miserationi
2620 1164 2905 1227 utrumque
2960 1158 3235 1231 confiteor,
3265 1170 3319 1217 et
3369 1171 3492 1219 ante

1908 1244 2088 1312 fuisse,
2122 1252 2173 1299 et
2200 1252 2387 1313 postea
2442 1261 2558 1301 esse
2587 1262 2673 1299 me
2714 1234 2965 1303 miserum
3021 1258 3359 1318 peccatorem
3393 1266 3406 1322 ;
3441 1260 3495 1307 et

1908 1333 1996 1402 qui
2017 1334 2364 1389 vehementer
2393 1334 2579 1389 timere
2611 1334 2805 1403 debeo,
2868 1352 2935 1391 ne
2965 1353 3031 1391 ex
3059 1346 3272 1408 pastore
3307 1339 3492 1410 lupum

1908 1438 2014 1490 me,
2039 1422 2277 1491 fecerim,
2311 1431 2363 1478 et
2396 1439 2462 1478 ex
2493 1423 2711 1478 custode
2768 1424 3049 1479 latronem.
3083 1427 3258 1481 Meam
3312 1427 3493 1499 itaque

1907 1510 2178 1565 miseriam
2212 1527 2318 1566 non
2378 1512 2604 1579 occulto,
2661 1520 2715 1566 et
2770 1519 2914 1568 tuam
2947 1529 3128 1583 quare
3184 1514 3494 1572 misericor-

1907 1598 2073 1668 diam,
2107 1599 2511 1671 omnipotentia
2541 1608 2593 1655 et
2620 1600 2809 1672 gratia
2837 1602 3135 1659 immensa.
3170 1604 3283 1659 Tua
3311 1603 3494 1677 igitur,

1908 1688 2070 1753 Deus,
2103 1688 2278 1759 gratia
2307 1704 2414 1758 qua
2442 1688 2613 1744 factus
2650 1706 2789 1757 sum,
2812 1697 2865 1744 et
2893 1706 2998 1761 qua
3017 1709 3135 1746 sum
3185 1691 3496 1764 redemptus

1908 1776 2292 1845 misericordia,
2368 1777 2476 1831 mei
2548 1778 2728 1831 miseri
2777 1785 2830 1833 et
2882 1781 3176 1849 peccatoris
3219 1781 3492 1853 miserere,

1726 1870 1731 1875 ’
1820 1901 1873 1962 Β
1909 1872 1962 1920 et
1987 1864 2331 1919 beatitudinis
2377 1865 2518 1920 illius
2564 1865 2784 1921 latronis
2811 1883 2899 1921 me
2938 1869 3254 1939 participem
3311 1869 3493 1939 facito,

1902 1953 1986 2009 cui
2015 1953 2257 2022 pendens
2286 1952 2340 2007 in
2396 1969 2550 2009 cruce
2596 1953 2997 2014 dixistizﬂodie
3020 1973 3242 2014 mecum
3285 1960 3399 2015 eris
3426 1959 3490 2013 in

1900 2041 2163 2114 paradiso
2193 2042 2345 2113 (Luc.
2364 2058 2528 2111 χχιιι,
2562 2044 2673 2114 43).

2525 2221 2693 2290 307
2736 2221 2886 2279 XIV.

1905 2393 2026 2433 ΑιιΑ
2066 2394 2322 2433 ΓΝΥΕΟΤῙΟ
2359 2394 2575 2433 CONTRA
2613 2394 2989 2450 PECCATORBH,
3030 2397 3099 2437 ΕΤ
3136 2397 3492 2440 PIENITENTIS

2331 2482 2662 2524 PECCATORIS
2707 2484 3045 2526 CONSOLATIO
3054 2512 3066 2525 .

1980 2620 2248 2687 Peccator,
2280 2636 2531 2693 agnosce,
2565 2629 2618 2676 et
2643 2622 3014 2691 poenitentiam
3045 2639 3167 2696 age,
3210 2640 3316 2693 qua
3344 2640 3490 2695 pra-

1907 2710 2211 2778 sumptione
2232 2718 2418 2766 contra
2447 2711 2753 2766 Creatorem
2799 2718 2945 2766 tuum
3003 2719 3056 2766 et
3082 2712 3497 2785 Redemptorem

1909 2797 2085 2869 egisti,
2109 2814 2269 2868 quam
2302 2799 2479 2869 tepide
2507 2806 2560 2854 et
2590 2801 2931 2872 negligenter
2956 2800 3011 2855 in
3032 2809 3216 2857 sancto
3247 2817 3311 2857 ac
3346 2818 3497 2857 sacro

1909 2886 2094 2941 ordine
2124 2886 2288 2959 longo
2317 2894 2557 2959 tempore
2604 2888 2803 2945 vixisti.
2846 2889 3010 2945 Serve
3046 2889 3265 2959 inutilis,
3320 2891 3496 2946 recole

202 2963 269 3018 cii
299 2963 399 3018 erit
441 2963 746 3019 destructio.
796 2962 954 3032 Quod
1019 2964 1060 3017 si
1093 2964 1317 3019 discreta
1373 2963 1706 3034 praceperit,
1754 2969 1807 3017 et
1906 2973 2171 3029 beneﬁcia
2222 2975 2342 3042 Dei,
2403 2982 2457 3030 et
2501 2976 2686 3047 dilige.
2742 2976 3002 3047 Appende
3030 2985 3251 3048 peccata
3296 2986 3386 3034 tua
3440 2979 3497 3034 in

200 3052 403 3121 injuste
431 3051 774 3123 judicavcrit,
807 3052 1005 3123 injusta
1055 3058 1107 3106 et
1126 3052 1307 3121 iniqua
1337 3051 1661 3121 adjudicatio
1716 3049 1808 3106 ﬁet
1910 3070 2165 3132 quantum
2196 3063 2430 3134 appendi
2460 3070 2700 3134 possunt,
2741 3072 2795 3119 et
2824 3081 3142 3134 expavesce.
3200 3066 3361 3121 Miser
3388 3067 3496 3122 Ec.

202 3140 448 3195 discreta
477 3141 856 3212 praceptionis
885 3140 1173 3211 corruptio.
1199 3140 1257 3195 Si
1289 3155 1419 3196 vero
1455 3138 1804 3210 etjustejudi-
1911 3152 2087 3207 οιρείω
2115 3159 2313 3207 sancta;
2359 3152 2620 3221 minister,
2678 3159 2845 3207 tracta
2873 3152 3017 3224 apud
3065 3162 3112 3209 ιε
3142 3153 3270 3224 quid
3324 3153 3500 3210 bonus

200 3229 403 3285 caverit
431 3236 483 3284 et
511 3228 739 3284 discreti?
765 3228 1105 3301 ΡΓωοΘΡθΓίῐν
1137 3227 1193 3317 in
1221 3228 1646 3317 QODSiIioﬁutem
1675 3227 1797 3317 ³ηξῂ
1827 3254 1878 3317 C
1910 3241 2173 3296 Dominus
2192 3240 2378 3296 fecerit
2417 3240 2533 3310 tibi,
2562 3248 2615 3296 et
2654 3248 2707 3296 tu
2728 3241 2857 3311 quid
2886 3241 3057 3297 fecisti
3088 3261 3100 3297 :
3130 3242 3300 3298 multa
3352 3242 3497 3299 bona

203 3333 416 3372 marum
449 3317 706 3388 providus
743 3317 966 3371 minime
1021 3316 1199 3385 fuerit,
1231 3315 1538 3386 improvida
1592 3315 1799 3371 consilii

205 3404 563 3476 praecipitatio
594 3405 695 3460 erit
749 3412 801 3459 et
849 3405 978 3474 justi
1030 3404 1219 3474 judicii
1258 3411 1312 3459 et
1364 3404 1605 3458 discreta
1649 3420 1797 3473 pra-

203 3494 466 3563 ceptionis
494 3492 792 3549 dissolutio.
852 3494 929 3548 Ea
960 3500 1179 3564 propter
1231 3508 1667 3562 unumquemque
1704 3509 1799 3562 pa-

200 3591 400 3637 storem
428 3581 679 3637 Ecclesia
710 3582 907 3636 habere
939 3588 1151 3651 oportet
1176 3588 1230 3635 et
1273 3581 1328 3635 in
1354 3581 1558 3651 judicio
1594 3582 1797 3637 verita-

203 3679 331 3739 tem,
364 3678 418 3725 et
443 3670 784 3725 dilectionem
815 3670 871 3724 in
900 3678 1188 3742 pracepto,
1221 3677 1275 3725 et
1302 3669 1359 3724 in
1386 3669 1608 3725 consilio
1654 3670 1798 3726 solli-

202 3758 515 3814 citudinem.

923 3873 1073 3929 XIII.

202 4019 462 4060 INVBCTIO
518 4019 610 4059 DEI
667 4019 882 4059 CONTRA
930 4018 1308 4072 PECCATORBM,
1353 4018 1422 4058 ΕΤ
1465 4019 1795 4062 PBCCATORIS

415 4108 715 4149 CONFBSSIO
771 4109 1072 4149 PRBCANTIS
1128 4108 1578 4151 HISBRICORDIAM.

274 4218 436 4274 Miser
462 4220 647 4287 homo,
679 4233 783 4291 ego
814 4225 864 4273 te
896 4218 997 4274 feci
1026 4218 1092 4273 de
1124 4218 1255 4287 luto,
1287 4226 1341 4273 et
1367 4234 1533 4289 usque
1563 4217 1632 4273 ad
1661 4216 1796 4273 ima-

201 4308 386 4379 ginem
417 4314 469 4362 et
498 4307 901 4362 similitudinem
929 4323 1107 4363 meam
1150 4307 1456 4365 sublimavi.
1488 4308 1533 4377 -ξ-
1561 4308 1641 4362 Ita
1694 4313 1791 4376 est,

201 4398 349 4451 Bone
382 4411 395 4465 ;
427 4396 542 4451 sola
572 4404 660 4450 tua
687 4396 863 4467 gratia
917 4412 984 4451 ex
1016 4396 1194 4468 fragili
1248 4396 1376 4451 satis
1405 4395 1630 4450 materia
1684 4395 1794 4449 im-

201 4485 483 4539 mortalem
515 4492 568 4540 et
594 4491 872 4553 atomum,
905 4486 949 4538 si
979 4501 1088 4540 non
1117 4501 1445 4555 peccassem,
1476 4500 1564 4540 me
1593 4484 1793 4540 factum

199 4589 470 4645 cognosco
496 4574 543 4644 σι-
572 4574 755 4628 Tanta
810 4573 999 4645 gratia
1027 4574 1286 4645 ingratus,
1317 4575 1489 4630 factus
1542 4591 1599 4629 es
1654 4589 1790 4629 con-

200 4670 433 4731 temptor
479 4661 821 4716 obedientia.
853 4663 898 4732 +
929 4662 1020 4717 Sic
1065 4668 1163 4730 est,
1196 4662 1409 4732 Sancte,
1440 4669 1500 4717 ut
1553 4662 1743 4718 asseris
1774 4677 1788 4731 ;

196 4752 375 4805 locum
405 4749 529 4805 dedi
556 4750 821 4807 inventori
878 4766 1014 4816 mea
1040 4751 1291 4807 miseria.
1320 4753 1368 4822 -ι-
1397 4752 1541 4806 Deus
1594 4758 1648 4806 et
1675 4751 1790 4806 Do-

194 4839 374 4893 minus
391 4854 490 4908 pro
522 4846 571 4894 te
601 4854 755 4896 servo
785 4840 990 4910 peccati
1019 4839 1189 4895 factus
1215 4856 1333 4894 sum
1390 4855 1535 4909 caro,
1568 4845 1622 4895 et
1648 4855 1715 4893 ex
1736 4855 1793 4895 a-

194 4928 343 4983 nima
370 4927 617 4983 rationali
646 4934 700 4982 et
754 4943 913 4983 carne
970 4928 1238 4999 perfectus
1292 4929 1475 4984 homo.
1533 4928 1579 4997 ’Ξε
1633 4926 1791 4997 Quod

191 5014 476 5088 proﬁteris,
541 5015 798 5071 Conditor
854 5017 959 5088 pie,
1020 5024 1071 5072 et
1098 5017 1213 5087 ipse
1262 5016 1550 5088 proﬁteor;
1583 5024 1637 5071 et
1689 5018 1793 5073 hoc

191 5104 394 5159 factum
425 5112 506 5159 est
530 5121 598 5159 ne
637 5104 890 5175 perirem,
940 5120 1044 5176 ego
1073 5113 1344 5175 peccator.
1374 5105 1420 5176 -ι-
1447 5105 1621 5174 Super
1673 5106 1790 5160 hac

189 5194 394 5263 omnia,
426 5198 581 5247 natus
608 5192 675 5247 de
707 5193 925 5261 femina,
958 5201 1165 5265 captus,
1196 5194 1411 5267 ligatus,
1456 5192 1786 5263 verberatus,

188 5281 386 5337 multas
419 5290 473 5336 et
491 5281 814 5352 multiplices
841 5298 1028 5351 passus
1056 5282 1298 5353 injurias,
1351 5282 1558 5338 occisus
1603 5282 1785 5352 etiam,

190 5378 251 5424 ut
295 5370 393 5425 Dei
424 5371 593 5440 306
653 5369 823 5425 ﬁlium
877 5377 929 5424 te
975 5371 1210 5425 facerem
1266 5372 1357 5441 qui
1412 5370 1612 5426 diaboli
1671 5387 1789 5426 eras

187 5458 542 5529 mancipium.
574 5459 620 5527 -ί-
659 5457 833 5513 Credo
877 5459 1157 5526 veraciter,
1190 5460 1448 5531 Benigne,
1509 5458 1652 5529 quod
1698 5459 1785 5514 lo-

187 5547 386 5616 queris,
416 5546 512 5600 sed
540 5546 797 5600 sustinere
836 5546 929 5601 vix
985 5548 1161 5615 valeo,
1194 5547 1448 5603 confusus
1503 5563 1626 5603 mea
1672 5563 1787 5602 ma-

185 5649 299 5706 gna
342 5641 396 5689 et
435 5634 601 5707 longa
639 5634 940 5705 iniquitate.
968 5636 1200 5707 +Multa
1236 5642 1289 5690 et
1345 5635 1513 5691 multa
1563 5635 1705 5690 circa
1735 5643 1786 5691 te

185 5737 311 5777 mea
338 5721 483 5777 bona
517 5742 528 5778 :
553 5723 721 5778 multa
750 5731 804 5778 et
831 5725 999 5779 multa
1027 5732 1213 5780 contra
1240 5740 1329 5779 me
1358 5732 1479 5779 sunt
1508 5731 1598 5779 tua
1617 5724 1779 5779 mala.

181 5810 232 5880 οξ-
261 5810 380 5864 Ulla
416 5810 642 5880 ratione,
685 5811 972 5883 Altissime,
1004 5829 1205 5885 negare
1260 5828 1369 5869 non
1426 5829 1644 5887 possum
1694 5820 1784 5870 tua

180 5898 352 5956 verba
380 5914 510 5957 vera
529 5915 663 5972 esse,
696 5900 821 5972 quia
849 5909 902 5958 et
926 5909 1013 5958 tua
1040 5902 1204 5975 bona,
1236 5904 1373 5961 sicut
1424 5920 1554 5963 vera
1585 5917 1782 5975 propo-

1906 3330 2129 3386 contulit
2176 3329 2292 3398 tibi,
2331 3336 2384 3384 et
2442 3338 2495 3384 tu
2549 3330 2717 3386 multa
2761 3330 2906 3386 mala
2959 3331 3290 3386 commisisti.
3347 3333 3499 3388 Hanc

1905 3418 2314 3474 retributionem
2343 3418 2457 3488 ipse
2489 3425 2540 3474 te
2567 3434 2677 3474 non
2714 3418 2912 3487 docuit,
2938 3434 3037 3473 nec
3067 3426 3120 3473 tu
3148 3418 3217 3474 ab
3264 3419 3370 3475 alio
3419 3420 3496 3475 sic

1906 3506 2087 3562 doceri
2121 3506 2372 3561 debuisti.
2432 3506 2656 3561 Debitor
2709 3506 2808 3561 Dei
2837 3514 2891 3560 et
2919 3506 2992 3561 tui
3044 3505 3317 3579 deceptor,
3372 3523 3493 3561 me-

1905 3602 2086 3650 mento
2106 3595 2545 3665 promissionum,
2586 3610 2719 3665 quas
2772 3610 2982 3651 summo
3011 3595 3245 3652 Domino
3299 3597 3495 3666 sapius

1905 3684 2096 3753 fecisti,
2131 3691 2183 3739 et
2212 3700 2322 3739 non
2349 3682 2491 3740 bene
2543 3685 2777 3738 tenuisti.
2811 3686 2931 3754 Ipse
2959 3683 3186 3739 multum
3230 3683 3496 3754 patienter

1905 3780 1954 3827 te
1983 3772 2075 3827 diu
2103 3773 2452 3844 exspectavit,
2485 3780 2537 3827 et
2566 3779 2618 3827 tu
2648 3772 3015 3841 contempsisti
3048 3787 3062 3841 ;
3096 3773 3209 3844 ipse
3258 3780 3309 3830 te
3334 3789 3494 3832 voca-

1903 3861 1998 3930 vit,
2031 3868 2083 3916 et
2103 3869 2276 3929 vocat,
2315 3868 2368 3915 et
2400 3868 2452 3915 tu
2482 3860 2549 3916 ad
2573 3861 2747 3930 ipsum
2777 3860 2953 3915 redire
3008 3861 3225 3917 noluisti
3252 3875 3267 3931 ;
3298 3862 3411 3932 ipse
3444 3869 3491 3918 te

1903 3949 2199 4022 fugientem
2227 3949 2481 4019 sequitur,
2513 3965 2621 4004 non
2649 3956 2869 4021 propter
2896 3957 3113 4020 peccata
3169 3956 3259 4004 tua
3297 3966 3490 4021 perse-

1904 4038 2098 4107 quitur,
2151 4045 2222 4105 et,
2269 4045 2330 4092 ut
2366 4037 2435 4092 ad
2480 4054 2603 4092 eum
2665 4037 2965 4105 revertaris,
3022 4044 3246 4107 paterno
3301 4037 3492 4095 affectu

1901 4126 2190 4193 blanditur,
2222 4126 2407 4181 dicens
2438 4145 2450 4181 :
2484 4127 2619 4183 Nolo
2634 4130 2879 4182 mortem
2907 4127 3236 4198 peccatoris,
3254 4126 3351 4183 sed
3368 4131 3492 4184 tan-

1904 4220 2027 4271 tum
2046 4216 2344 4288 paeniteat,
2377 4218 2433 4271 et
2457 4215 2636 4271 vitam
2656 4216 3263 4288 consequaturwzech.
3281 4231 3489 4285 χχχιιι,

1905 4306 2015 4375 11).
2047 4307 2271 4359 Iterator
2298 4304 2691 4375 peccaminum,
2723 4303 3003 4359 recordare
3032 4305 3257 4359 extremi
3279 4305 3488 4376 judicii,

1903 4401 1956 4448 et
1984 4400 2183 4463 quanta
2212 4393 2286 4448 ibi
2318 4393 2494 4449 futura
2515 4393 2583 4447 sit
2609 4392 2785 4465 gloria
2813 4401 3138 4462 sanctorum,
3169 4400 3223 4448 et
3274 4394 3491 4450 miseria

1901 4482 2212 4554 impiorum,
2270 4481 2363 4536 ubi
2419 4498 2520 4537 nec
2574 4482 2720 4538 mala
2774 4481 2955 4538 anima
3010 4482 3191 4552 aliqua
3218 4500 3286 4537 ex
3340 4491 3489 4556 parte

1902 4569 2104 4625 bonum
2135 4569 2390 4637 inveniet,
2422 4586 2522 4625 nec
2548 4569 2693 4626 bona
2720 4570 2942 4625 malum.
2983 4570 3089 4626 Vas
3114 4570 3327 4639 penitus
3355 4587 3487 4642 pec-

1904 4658 2035 4715 catis
2081 4659 2432 4729 confractum,
2483 4658 2798 4730 ingemisce,
2857 4658 2986 4713 dum
3041 4658 3184 4726 licet,
3214 4660 3374 4728 308
3434 4668 3489 4715 et

1901 4747 2029 4802 dum
2114 4747 2422 4815 induciaris,
2511 4746 2927 4818 lacrymabiliter
2989 4747 3186 4819 plange
3228 4747 3488 4817 quidquid

1898 4843 2084 4892 contra
2109 4836 2407 4908 benignum
2429 4836 2623 4905 Deum,
2664 4852 2727 4892 ac
2751 4835 3063 4904 Dominum,
3123 4842 3403 4907 corruptus
3454 4853 3489 4892 a

1899 4926 2117 4996 Satana,
2148 4925 2464 4996 perpetrasti
2497 4939 2512 4994 ;
2536 4932 2754 4980 ettuam
2784 4940 3039 4995 magnam
3061 4924 3332 4980 miseriam
3361 4941 3488 4981 con-

1896 5014 2070 5083 ﬁtens,
2103 5015 2220 5085 ejus
2246 5030 2503 5087 magnam
2532 5012 2955 5072 misericordiam
2990 5013 3477 5083 humiliterquare.

1896 5104 2019 5158 Non
2046 5103 2167 5174 plus
2194 5103 2357 5158 homo
2412 5109 2665 5172 peccator
2691 5101 2943 5173 desperes
2987 5101 3053 5156 de
3109 5101 3488 5173 tuaimperfe-

1896 5192 2091 5260 ctione,
2125 5206 2286 5261 quam
2316 5189 2628 5260 paenitendo
2658 5205 2954 5261 prasumas
2997 5188 3065 5244 de
3093 5189 3289 5261 pietate
3344 5190 3487 5246 illius

1896 5280 1987 5349 qui
2017 5288 2067 5335 te
2104 5279 2335 5334 redemit
2381 5277 2744 5335 inastimabili
2798 5278 3073 5333 charitate.
3130 5278 3384 5335 Miserum
3435 5286 3485 5335 te

1895 5368 2104 5438 quarit,
2136 5383 2244 5423 non
2290 5367 2475 5438 abjicit
2520 5368 2712 5439 plenus
2764 5366 3152 5435 misericordia,
3213 5367 3484 5422 inﬁrmum

1894 5472 2003 5512 non
2029 5457 2235 5528 respuit
2263 5455 2605 5527 omnipotens
2632 5455 2928 5511 medicina.
2965 5455 3130 5527 Optat
3184 5455 3490 5512 misericors

1891 5545 2307 5601 misericorditer
2347 5546 2545 5601 misero
2628 5543 2935 5613 subvenire,
2982 5560 3050 5599 ne
3102 5544 3306 5615 justum
3341 5545 3485 5616 juste

1892 5634 2169 5707 contingat
2214 5633 2469 5689 miserum
2524 5633 2905 5690 condemnare.
2938 5633 3123 5688 Pastor
3166 5633 3256 5688 ille
3312 5631 3490 5689 bonus

1890 5723 2085 5779 lassam
2114 5730 2168 5778 et
2193 5722 2486 5779 sauciatam
2514 5738 2674 5779 ovem
2703 5736 2812 5777 non
2839 5719 3123 5792 abjecisse,
3154 5721 3248 5776 sed
3277 5722 3490 5778 vexisse

1890 5812 2087 5885 legitur
2118 5827 2132 5883 ;
2165 5828 2265 5868 nec
2292 5812 2501 5870 vexisse
2530 5812 2725 5881 solum,
2764 5826 2953 5888 verum
2982 5811 3145 5867 etiam
3203 5810 3342 5864 mori
3371 5825 3488 5866 ma-

1890 5902 2008 5973 luit,
2040 5918 2201 5973 quam
2249 5901 2342 5958 illa
2378 5900 2847 5959 moreretur.Hac
2902 5899 3003 5959 Dei
3058 5896 3485 5956 misericordiam
