3910 6396
487 369 583 424 231

1505 358 1835 416 GOFFRJDI
1875 356 2158 413 ABBATIS
2198 357 2742 415 V'INDOCINENSIS

3695 359 3804 411 232

487 493 703 564 sapiunt
731 498 786 546 et
804 489 1081 562 pietatem,
1128 495 1182 541 et
1209 486 1474 557 peccaturi
1531 485 1866 540 occasionem
1924 482 2084 538 aufe-
2112 483 2166 544 A
2197 501 2282 539 ras
2303 485 2420 554 quis
2449 483 2637 553 estqui
2669 489 2720 536 tu
2750 481 2895 549 fecit,
2929 479 3128 550 etquid
3185 495 3280 552 pro
3315 488 3362 534 te
3401 480 3546 546 fecit,
3579 485 3636 533 et
3669 477 3802 549 quid

489 589 614 636 runt
641 578 984 651 desperandi.
1011 577 1130 632 Vult
1161 575 1303 630 enim
1334 573 1597 629 Dominus
1630 574 1794 629 vitam
1827 578 2084 642 peccato-

488 671 580 737 ris,
613 685 721 724 non
751 675 978 722 mortem
1013 680 1027 732 ;
1060 664 1236 733 perire
1283 669 1584 732 peccatum,
1635 677 1742 716 non
1773 659 2078 715 hominem.

490 757 642 814 Unde
672 755 958 826 unicuique
988 751 1256 826 peccaturi
1287 750 1353 804 de
1382 765 1582 822 magna
1620 748 1839 804 Domini
1869 748 2090 802 misera-

492 848 634 902 tione
659 843 1047 916 indulgentiam
1105 855 1322 910 sperare
1378 839 1521 907 licet,
1581 838 1623 891 si
1661 855 1718 892 se
1775 835 2090 908 cognoverit

490 941 848 1006 peccatorem,
883 938 936 985 et
964 931 1072 984 suis
1099 929 1362 999 proximis
1389 927 1724 998 compatiens
1771 925 1837 980 de
1869 930 2088 996 peccato

491 1023 748 1094 paenitere
776 1019 1021 1076 voluerit.
1057 1018 1136 1072 En
1169 1033 1273 1088 ego
1304 1031 1420 1070 sum
1466 1015 1574 1081 ille,
1607 1016 1728 1068 Jesu
1760 1014 1866 1084 pie,
1904 1028 2085 1082 quem,

493 1127 597 1165 non
619 1110 753 1164 meis
783 1108 1004 1174 meritis,
1037 1106 1130 1161 sed
1162 1113 1250 1160 tua
1306 1104 1481 1176 gratia
1509 1103 1642 1169 sola,
1677 1101 1930 1157 Ecclesia
1988 1109 2090 1155 tua

490 1200 913 1270 qualemcunque
964 1204 1232 1266 pastorem
1263 1200 1356 1248 aut
1382 1191 1597 1248 voluisti
1629 1189 1764 1259 ﬁeri,
1813 1197 1906 1245 aut
1958 1203 2089 1258 per-

490 1287 675 1342 misisti
699 1301 720 1355 i;
756 1294 810 1341 et
836 1301 1017 1354 quem,
1049 1283 1170 1338 licet
1199 1282 1501 1352 indignum,
1535 1279 1603 1334 ad
1625 1278 1853 1349 pastoris
1887 1276 2090 1334 vocasti

494 1376 753 1444 ofﬁcium,
785 1374 960 1444 perire
1018 1388 1124 1426 non
1178 1371 1322 1424 sinas
1381 1388 1394 1424 :
1455 1369 1548 1423 sed
1581 1368 1719 1422 inter
1745 1374 1939 1422 catera
1985 1372 2090 1420 tua

489 1465 680 1538 gratia
739 1463 883 1518 dona
930 1460 1103 1515 tribue
1161 1468 1219 1514 ut
1272 1475 1358 1513 me
1434 1457 1697 1514 veraciter
1753 1461 2090 1527 peccatorem

496 1569 814 1626 agnoscens,
877 1557 1166 1619 antequam
1214 1547 1280 1602 de
1329 1546 1578 1617 prasenti
1633 1545 1745 1600 vita
1800 1543 1974 1612 tollar,
2023 1543 2093 1597 de

491 1641 723 1716 peccatis
760 1641 896 1695 meis
925 1638 1020 1692 tibi
1068 1637 1232 1709 digne
1261 1633 1588 1690 satisfaciam
1619 1653 1630 1688 :
1665 1640 1719 1687 et
1758 1631 2094 1703 quotiescun-

491 1748 596 1802 que
626 1731 795 1801 309
829 1727 1117 1798 cujuslibet
1146 1725 1324 1780 fratris
1378 1723 1484 1778 mei
1515 1729 1794 1794 peccatum
1851 1719 2092 1786 audiero,

495 1837 602 1876 non
633 1817 866 1890 superbe
893 1817 1189 1886 increpem,
1221 1812 1314 1867 sed
1373 1810 1687 1882 compatiar,
1737 1817 1790 1864 et
1843 1807 2090 1878 quamvis

493 1909 618 1965 odio
651 1907 880 1963 habeam
911 1911 1213 1977 peccatum,
1248 1901 1422 1972 ipsum
1454 1907 1635 1956 tamen
1664 1897 1886 1970 diligam
1901 1911 2090 1968 pecca-

497 2007 688 2053 torem.
745 1996 828 2051 Sit
873 1993 1006 2048 mihi
1061 2007 1275 2063 semper
1311 2005 1419 2046 non
1475 1988 1690 2044 modica
1719 1986 1786 2041 de
1815 1991 2094 2057 peccatore

500 2085 824 2158 compassio,
857 2089 909 2137 et
935 2088 1121 2137 contra
1158 2085 1436 2151 peccatum
1492 2076 1769 2132 moderata
1815 2071 2092 2128 correctio-

492 2175 646 2230 Absit
695 2181 752 2228 ut
805 2171 931 2227 odio
997 2168 1172 2250 culpa
1229 2167 1404 2238 perire
1431 2165 1627 2220 faciam
1652 2163 1776 2234 jura
1831 2168 2036 2216 natura
2077 2161 2090 2213 l

492 2266 696 2320 Natura
740 2259 885 2315 enim
943 2249 1182 2312 humana
1229 2253 1330 2309 sibi
1399 2252 1666 2324 indulgeri
1725 2249 1934 2320 quarit,
1985 2263 2094 2303 non

497 2354 636 2407 ultra
665 2349 888 2405 modum
919 2345 1087 2418 aﬁligi
1120 2359 1134 2414 ;
1162 2352 1215 2400 et
1261 2343 1387 2414 quia
1423 2340 1704 2397 satis’cito
1730 2355 1827 2410 per
1853 2355 1910 2393 se
1948 2336 2093 2392 labi-

501 2449 603 2508 tur,
638 2455 757 2494 eam
788 2437 921 2508 erigi
981 2449 1198 2490 necesse
1235 2439 1333 2501 est,
1391 2446 1500 2486 non
1555 2427 1878 2484 conculcari.
1937 2424 2093 2495 Quod

500 2537 578 2586 est
606 2526 806 2582 diaboli
838 2525 892 2579 in
940 2523 1156 2578 homine
1203 2522 1347 2575 Deus
1401 2519 1574 2589 perire
1633 2517 1834 2582 faciat;
1868 2523 1921 2570 et
1949 2513 2094 2584 quod

502 2633 656 2672 suum
706 2623 802 2683 est,
836 2620 1013 2671 servet
1059 2627 1125 2666 ne
1183 2616 1384 2681 pereat.
1417 2610 1461 2662 Α
1488 2605 1706 2662 diabolo
1763 2604 1922 2676 culpa
1993 2609 2090 2668 est,

501 2713 744 2762 creatura
798 2720 831 2758 a
885 2702 1020 2757 Deo.
1069 2699 1265 2754 Divina
1317 2697 1497 2767 itaque
1541 2693 1840 2750 moderatio
1897 2693 1950 2746 in
2007 2707 2093 2744 me

504 2811 656 2850 suam
723 2792 883 2848 etiam
916 2787 1180 2861 justitiam
1257 2791 1536 2857 temperet,
1587 2799 1674 2852 ne,
1759 2781 1887 2836 dum
1944 2779 2096 2850 quasi

505 2899 689 2940 amore
715 2879 936 2952 justitia
961 2878 1175 2948 culpam
1233 2873 1480 2947 persequi
1508 2872 1714 2940 videor,
1735 2869 1911 2940 perire
1959 2884 2096 2924 con-

503 2974 676 3044 tingat
728 2976 1062 3038 creaturam;
1113 2973 1166 3020 et
1217 2965 1260 3018 si
1317 2979 1478 3034 quem
1525 2959 1824 3032 disciplina
1871 2957 2098 3016 vinculis

503 3079 592 3116 me
621 3061 790 3133 ligare
819 3055 1125 3129 contigerit,
1157 3069 1268 3109 non
1296 3068 1418 3107 mea
1456 3049 1769 3106 auctoritate
1800 3063 1924 3102 eum
1981 3061 2102 3118 pre-

503 3167 670 3219 mam,
703 3148 798 3203 sed
817 3147 1044 3219 dignum
1076 3143 1272 3199 faciam
1330 3139 1690 3196 absolutione.
1747 3137 1968 3193 Nullum
1999 3134 2098 3189 sub

507 3255 669 3294 manu
699 3252 822 3291 mea
849 3250 949 3304 per
993 3231 1217 3288 nimiam
1266 3229 1532 3284 tristitiam
1590 3227 1765 3299 perire
1803 3223 2100 3295 contingat,
2133 3210 2184 3274 Ο

501 3328 596 3383 sed
625 3342 812 3382 omnes
841 3323 1020 3394 potius
1054 3337 1152 3392 per
1177 3317 1571 3391 indulgentiam
1613 3315 1831 3372 valeant
1859 3311 2098 3367 liberari.

505 3415 664 3486 Quod
691 3416 806 3486 ipse
835 3419 1090 3485 praestare
1121 3408 1380 3481 digneris,
1430 3407 1554 3460 Jesu
1591 3405 1677 3476 pie
1706 3411 1759 3459 et
1801 3403 1963 3470 bone,
2013 3399 2105 3470 qui

506 3521 628 3561 cum
676 3505 830 3558 Patre
880 3508 932 3556 et
980 3499 1184 3571 Spiritu
1221 3503 1406 3552 sancto
1462 3509 1658 3565 regnas
1704 3499 1757 3547 et
1811 3488 2106 3546 dominaris

507 3610 606 3665 per
631 3591 826 3648 sacula
854 3591 968 3644 sine
997 3586 1102 3642 ﬁne
1132 3601 1402 3641 mansura.
1427 3585 1618 3638 Amen.

1057 3725 1064 3732 ’
1128 3746 1298 3816 31o
1339 3744 1458 3798 xv.

515 3909 859 3954 LAMENTATIO
898 3905 1175 3947 CUJUSDAI
1206 3898 1538 3942 PBCCA’I‘ORIS
1567 3894 1898 3937 ACCUSANTIS
1936 3893 2000 3933 SE
2039 3890 2108 3932 ΕΤ

1138 3994 1160 4031 J
1167 3989 1475 4033 UDICANTIS.

578 4125 700 4182 Non
727 4130 930 4178 tantum
979 4133 1067 4173 me
1124 4123 1284 4171 terret
1335 4111 1534 4168 misera
1577 4110 1690 4168 vita
1741 4123 1884 4176 mea,
1942 4119 2109 4176 quan-

512 4222 620 4273 tum
655 4222 851 4269 terrere
878 4208 1099 4264 deberet
1131 4225 1144 4260 :
1178 4219 1306 4260 nam
1335 4203 1518 4260 anima
1548 4216 1690 4268 mea,
1747 4204 1972 4269 propter
1997 4209 2111 4249 sor-

511 4303 664 4358 didas
686 4297 1040 4370 cogitationes
1086 4309 1209 4348 suas
1257 4308 1290 4346 a
1343 4287 1488 4344 ﬁdeli
1541 4286 1716 4343 amico
1769 4284 1998 4355 dejecta,
2057 4288 2112 4335 et

511 4389 714 4449 crudeli
737 4387 980 4457 subjecta
1009 4382 1250 4451 inimico,
1285 4380 1414 4434 dum
1444 4378 1595 4448 pium
1645 4376 1920 4431 Pastorem
1949 4371 2110 4425 dese-

513 4483 635 4549 ruit,
656 4480 794 4534 facta
817 4482 896 4531 est
917 4471 1099 4545 prada
1129 4471 1277 4542 lupo,
1311 4475 1361 4524 et
1393 4483 1514 4538 qua
1534 4473 1657 4522 ante
1715 4464 1890 4518 fuerat
1915 4475 2113 4533 sponsa

513 4568 726 4635 Christi,
759 4582 816 4620 se
848 4564 902 4619 in
958 4561 1267 4618 servitutem
1299 4556 1511 4628 redegit
1565 4551 1889 4609 Antichristi.
1946 4550 2115 4620 Pepe-
2139 4592 2194 4654 D

511 4661 581 4716 rit
606 4659 784 4729 itaque
832 4651 1074 4709 adultera
1130 4647 1395 4703 tristitiam
1425 4653 1480 4700 et
1531 4641 1914 4700 verecundiam
1969 4639 2105 4707 Deo,

510 4727 876 4823 gaudiumque
925 4739 1143 4794 diabolo
1200 4745 1358 4806 atque
1415 4733 1719 4790 victoriam.
1778 4730 1825 4786 Ο
1881 4727 2106 4782 multum

511 4815 782 4910 peccatrix
811 4840 866 4886 et
885 4829 1111 4884 multum
1142 4825 1331 4881 infelix
1383 4823 1565 4878 anima
1591 4836 1715 4876 mea
1745 4820 1758 4874 l
1792 4834 1888 4874 cur
1929 4815 2108 4886 pessi-

512 4903 630 4984 iuas
655 4921 1010 4997 cogitationes
1037 4913 1350 4986 concepisti,
1383 4910 1578 4982 quibus
1607 4907 1790 4982 ignem
1848 4903 2106 4971 libidinis,

511 4996 886 5077 immunditia,
919 5015 973 5064 et
1027 5003 1268 5061 avaritia
1325 4999 1616 5074 prudenter
1661 5004 1715 5052 et
1739 4996 1970 5052 scienter
2023 5008 2112 5048 ac-

513 5102 756 5172 eendisti,
787 5097 982 5170 quibus
1013 5095 1175 5150 etiam
1221 5091 1444 5163 jugiter,
1503 5095 1557 5142 et
1601 5101 1711 5142 non
1766 5082 2112 5139 mediocriter

515 5171 758 5258 cendisti,
783 5186 980 5259 quibus
1035 5183 1199 5237 etiam
1249 5179 1472 5252 jugiter,
1529 5183 1719 5231 etnon
1773 5171 2115 5228 mediocriter

517 5279 777 5346 exarsisti,
808 5283 863 5331 et
892 5283 940 5330 te
969 5273 1236 5346 gehenna
1273 5267 1492 5340 ignibus
1547 5270 1806 5336 perpetuo
1862 5275 2111 5316 cremen-

517 5370 642 5424 dam
662 5363 924 5422 tradidisti
955 5363 984 5416 ‘.'
1011 5361 1204 5415 Nonne
1226 5357 1455 5429 legeras,
1487 5361 1540 5408 et
1584 5350 1816 5424 legendo
1847 5349 2110 5415 audieras,

519 5457 629 5512 imo
657 5457 867 5526 legeras
922 5458 975 5505 et
1029 5448 1370 5504 intellexeras
1433 5441 1748 5513 Apostolum
1795 5439 2062 5494 dicentem
2099 5455 2110 5492 :

523 5545 665 5613 Quia
683 5525 870 5601 cumis
885 5539 1222 5612 fornicator,
1243 5538 1346 5591 aut
1363 5531 2039 5597 immundm,autavarus
2051 5525 2116 5581 in

525 5648 698 5705 regno
719 5629 930 5688 Christi
948 5631 1005 5684 et
1023 5625 1119 5682 Det
1129 5640 1244 5684 non
1258 5622 1424 5680 habet
1449 5619 1836 5677 hereditatem
1849 5614 1877 5669 ?
1891 5615 2112 5705 (Epiies.

523 5703 682 5790 vati)
722 5715 975 5773 Habebas
1030 5712 1213 5782 utique
1269 5709 1431 5776 unde,
1487 5709 1530 5762 si
1587 5706 1866 5773 voluisses,
1920 5703 2119 5758 utiliter

524 5809 760 5881 cogitare
790 5804 1072 5876 potuisses,
1103 5800 1314 5856 scilicet
1340 5795 1605 5852 beneﬁcia
1632 5794 1752 5862 Dei,
1811 5800 1865 5847 et
1891 5790 2035 5862 quod
2066 5798 2120 5845 tu

527 5879 711 5952 contra
745 5891 922 5968 egisti.
963 5887 1274 5946 Meminisse
1319 5884 1519 5939 etenim
1549 5892 1602 5939 et
1645 5882 1882 5954 cogitare
1912 5879 2120 5935 debue-

2195 581 2249 628 tu
2309 572 2500 640 fecisti,
2559 578 2614 625 et
2661 571 2874 640 qualem
2935 577 2986 624 tu
3045 576 3093 624 te
3151 568 3342 635 fecisti,
3391 575 3664 639 quatenus
3713 574 3806 620 aut

2195 678 2380 717 amore
2409 660 2678 716 Creatoris
2709 659 2802 728 tui,
2835 666 2929 714 aut
2967 658 3156 713 timore
3187 657 3379 712 inferni
3435 671 3668 728 peccare
3700 654 3805 708 de-

2195 751 2426 818 sisteres,
2457 757 2510 803 et
2541 746 2684 818 quod
2716 763 2748 802 a
2779 755 2829 801 te
2889 746 3055 816 impie
3112 753 3290 801 actum
3320 753 3416 814 est,
3476 742 3806 816 panitendo

2196 839 2439 907 detleres,
2473 844 2530 892 ut
2557 837 2602 890 si
2637 839 2741 906 31
2761 839 2799 905 1
2835 850 2945 890 non
2971 834 3156 904 requie
3193 835 3376 906 digna,
3407 849 3554 888 esses
3599 832 3804 886 saltem

2196 927 2372 983 aliena
2402 943 2432 982 a
2463 941 2642 998 pana.
2675 925 2980 996 Benigenus
3009 924 3152 979 Deus
3178 931 3232 978 et
3257 923 3517 977 Dominus
3541 921 3661 992 ipse
3697 929 3802 986 est,

2198 1015 2287 1086 qui
2319 1015 2431 1071 sola
2461 1015 2635 1085 gratia
2667 1021 2715 1068 te
2756 1012 2882 1067 fecit
2911 1028 3032 1068 cum
3063 1027 3170 1066 non
3200 1027 3360 1075 esses,
3417 1017 3664 1064 sanctam
3699 1008 3806 1061 sci-

2199 1113 2322 1167 licet
2349 1121 2402 1166 et
2431 1111 2810 1179 immortalem,
2842 1111 2885 1164 si
2915 1125 3022 1165 non
3055 1117 3238 1181 postea
3267 1109 3484 1178 propria
3510 1107 3803 1163 voluntate

2199 1225 2494 1281 peccasses.
2533 1209 2674 1262 Nam
2721 1206 2794 1260 ibi
2842 1214 3053 1262 mortua
3111 1204 3272 1272 fuisti,
3295 1203 3387 1258 ubi
3434 1202 3502 1258 ab
3550 1217 3618 1256 eo
3671 1218 3801 1272 pec-

2199 1297 2370 1354 cando
2407 1296 2688 1363 recessisti,
2747 1295 2862 1366 ipse
2910 1303 3086 1350 tamen
3141 1301 3200 1348 ut
3243 1292 3462 1363 majoris
3515 1289 3805 1346 charitatis

2199 1395 2426 1451 vinculis
2453 1401 2504 1449 te
2524 1393 2626 1449 sibi
2671 1393 2969 1464 colligaret,
3011 1407 3132 1462 qua
3177 1405 3469 1446 recesseras
3492 1388 3564 1444 ab
3593 1404 3686 1458 eo,
3751 1397 3804 1442 et

2199 1500 2356 1563 capta
2395 1508 2514 1547 eras
2534 1509 2566 1546 a
2596 1490 2834 1559 diabolo,
2894 1497 2964 1568 te
2998 1489 3243 1557 redemit,
3275 1503 3374 1543 nec
3419 1486 3802 1558 qualecunque

2200 1590 2429 1663 pretium
2461 1605 2558 1661 pro
2590 1597 2678 1644 tua
2705 1587 3098 1659 redemptione,
3129 1585 3223 1641 sed
3254 1583 3525 1656 proprium
3577 1581 3799 1639 Fillium

2200 1689 2385 1758 dedit;
2418 1687 2512 1742 tibi
2546 1687 2764 1757 quidem
2795 1692 2984 1740 natura
3013 1692 3068 1738 et
3094 1683 3314 1740 veritate
3371 1680 3542 1736 carnis
3597 1688 3654 1734 et
3685 1679 3802 1735 ani-

2201 1801 2305 1840 ma
2352 1784 2604 1850 similem,
2644 1782 2739 1836 sed
2794 1781 2988 1837 virtute
3035 1786 3087 1834 et
3142 1775 3526 1848 omnipotentia
3582 1774 3802 1831 deitatis

2200 1875 2362 1946 longe
2394 1872 2736 1926 dissimilem.
2777 1870 2844 1924 Ει
2863 1870 2988 1940 quia
3023 1875 3305 1936 utrumque
3335 1873 3385 1920 te
3413 1863 3632 1934 quidem
3694 1865 3802 1932 pri-

2201 1978 2349 2017 mum
2381 1969 2433 2017 et
2453 1961 2655 2016 sociam
2687 1975 2902 2014 carnem
2960 1955 3258 2026 corrupisse
3287 1954 3384 2008 Dei
3432 1951 3599 2007 Filius
3627 1967 3801 2023 agno-

2203 2059 2298 2126 vit,
2354 2065 2413 2112 ut
2456 2064 2741 2126 utrumque
2815 2053 3120 2120 redimeret,
3177 2059 3456 2118 utrumque
3537 2047 3799 2116 suscepit.

2206 2159 2344 2214 Ecce
2375 2172 2472 2228 pro
2508 2163 2558 2210 te
2589 2154 2761 2208 factus
2815 2159 2893 2206 est
2923 2153 3085 2206 homo
3140 2150 3300 2204 Deus.
3333 2147 3520 2202 Factus
3576 2151 3660 2199 est
3677 2159 3797 2197 ser-

2206 2274 2306 2314 vus
2335 2255 2596 2311 Dominus
2624 2269 2722 2323 pro
2769 2251 2980 2306 ancilla.
3012 2249 3114 2304 Pro
3146 2256 3194 2303 te
3225 2247 3396 2303 factus
3447 2253 3526 2299 est
3554 2251 3796 2299 creatura

2203 2356 2440 2421 Creator,
2474 2352 2702 2425 pretium
2734 2359 2836 2408 tua
2866 2347 3252 2418 redemptionis
3305 2346 3416 2414 ipse
3444 2341 3792 2413 Redemptor.

2209 2444 2255 2500 Ο
2286 2443 2472 2499 infelix
2495 2441 2674 2498 anima
2704 2455 2845 2504 mea,
2879 2437 3102 2510 indigna
3156 2434 3357 2506 requie,
3381 2440 3434 2488 et
3461 2431 3627 2504 digna
3681 2445 3795 2500 per-

2209 2541 2430 2608 ditione,
2462 2554 2716 2611 agnosce,
2749 2535 2926 2603 crede,
2975 2541 3028 2588 et
3056 2532 3144 2605 pie
3173 2529 3424 2587 conﬁtere
3470 2543 3590 2599 qua
3620 2542 3721 2598 pro
3752 2533 3796 2578 te

2211 2630 2424 2698 misera,
2449 2629 2559 2682 imo
2607 2624 2908 2680 miserrima
2953 2624 3096 2677 Deus
3151 2619 3397 2676 sustinuit
3422 2617 3478 2672 in
3503 2632 3660 2671 carne
3720 2631 3796 2669 as-

2210 2718 2466 2789 sumpta!
2518 2717 2819 2785 Conceptus
2889 2709 3155 2781 siquidem
3194 2709 3250 2762 in
3305 2705 3521 2778 Virgine
3605 2711 3794 2766 matre,

2211 2807 2407 2863 comite
2438 2813 2492 2860 et
2519 2808 2842 2875 cooperante
2873 2799 3074 2871 Spiritu
3103 2804 3284 2853 sancto
3339 2794 3636 2862 eodemque
3665 2790 3796 2844 duce

2212 2895 2460 2968 virgineo
2517 2909 2762 2966 egressus
2817 2889 2884 2944 de
2933 2897 3081 2944 utero
3147 2884 3419 2957 speciosus
3462 2881 3636 2936 forma
3689 2894 3797 2948 pra

2212 2992 2337 3048 ﬁliis
2365 2991 2667 3058 hominum,
2700 3004 2873 3045 novus
2927 2987 3090 3042 homo
3119 2981 3265 3040 venit
3318 2981 3373 3034 in
3402 2977 3681 3043 mundum,
3731 2975 3800 3029 ibi

2213 3098 2313 3152 pro
2369 3089 2417 3136 te
2474 3079 2670 3134 multas
2715 3075 2931 3132 modico
2973 3082 3211 3144 tempore
3266 3085 3451 3142 passus
3479 3064 3720 3137 injurias.
3755 3062 3796 3118 Ο

2214 3171 2384 3240 impia
2413 3165 2732 3235 etcrudelis,
2766 3163 2981 3236 quando
3010 3159 3238 3233 superbe
3267 3166 3320 3214 et
3345 3155 3554 3212 sordide
3601 3153 3797 3225 cogita-

2209 3269 2328 3336 bas,
2350 3267 2442 3322 ubi
2471 3271 2585 3320 erat
2605 3263 2868 3319 memoria
2897 3258 3198 3316 Dominica
3222 3253 3481 3328 passionis
3508 3259 3562 3308 et
3581 3249 3752 3306 crucis
3770 3250 3795 3301 ?

2212 3367 2304 3422 ubi
2331 3365 2519 3438 spinea
2567 3378 2768 3419 corona
2821 3359 2981 3431 capiti
3041 3355 3114 3412 tui
3143 3352 3407 3410 Creatoris
3458 3347 3622 3404 inﬁxa
3646 3348 3676 3400 εν
3705 3345 3794 3400 ubi

2213 3466 2331 3536 ejus
2357 3465 2520 3520 chara
2547 3461 2713 3517 facies
2739 3457 3000 3530 sanguine
3047 3451 3340 3526 proﬂuente
3371 3449 3533 3519 312
3588 3445 3654 3500 de
3711 3457 3793 3498 ca-

2214 3555 2324 3626 pite
2355 3558 2629 3610 cruentato
2659 3546 2908 3604 suffusa?
2927 3543 3020 3599 ubi
3050 3543 3311 3616 ligatura,
3351 3536 3542 3608 quibus
3592 3547 3691 3603 pro
3747 3539 3791 3583 te.

2215 3653 2375 3707 nimis
2393 3647 2676 3706 crudeliter
2696 3645 2893 3716 ligatus
2915 3648 2996 3697 est
3013 3639 3135 3710 pius
3162 3645 3216 3692 et
3259 3633 3474 3690 humilis
3499 3630 3742 3687 Salvator
3767 3628 3792 3680 ‘3

2215 3746 2308 3804 ubi
2339 3749 2513 3819 alapa
2540 3743 2844 3815 palmarum
2875 3739 2904 3792 ξ’
2933 3737 3026 3792 ubi
3074 3735 3250 3807 plaga
3277 3732 3567 3819 virgarum,
3601 3733 3652 3782 et
3703 3740 3793 3795 pu-

2215 3853 2447 3912 gnorum
2478 3835 2631 3902 ictus,
2665 3838 2720 3885 et
2771 3827 3058 3899 impiorum
3097 3831 3254 3894 sputa
3305 3818 3625 3882 Judaorum,
3677 3827 3792 3882 qua

2215 3900 2315 3998 pro
2343 3934 2392 3980 te
2415 3900 2664 3980 sustinuit
2690 3923 3000 3974 mansuetus
3035 3912 3364 3981 Redemptor
3389 3908 3418 3960 ‘2
3445 3905 3536 3960 ubi
3564 3919 3690 3958 crux
3745 3900 3790 3953 ei

2217 3989 2469 4086 imposita
2498 4011 2567 4067 ad
2607 4005 2958 4080 opprobrium
3003 4003 3138 4074 ejus,
3172 4000 3227 4054 in
3257 4013 3361 4068 qua
3387 4003 3441 4051 et
3493 3993 3602 4065 ipse
3622 3989 3790 4047 cruci-

2217 4079 2354 4160 ﬁxus
2383 4109 2464 4158 est
2491 4101 2519 4154 ‘?
2549 4079 2791 4154 ubiiloca
2821 4095 3094 4150 clavorum
3125 4091 3155 4143 ‘?
3185 4087 3278 4143 ubi
3333 4083 3578 4158 poculum
3606 4079 3741 4134 tellis
3766 4079 3792 4130 9

2217 4193 2310 4249 ubi
2339 4193 2478 4249 latus
2505 4189 2694 4245 lancea
2748 4183 3078 4256 perforatum
3106 4179 3135 4232 ‘?
3161 4178 3290 4232 Hac
3319 4173 3501 4230 omnia
3551 4167 3720 4225 credis
3746 4175 3793 4220 et

2217 4289 2476 4347 discredis
2502 4302 2516 4358 ;
2541 4282 2810 4342 conﬁteris
2837 4289 2893 4336 et
2949 4275 3212 4333 difﬁteris.
3235 4271 3419 4329 Credis
3461 4266 3639 4335 corde,
3657 4280 3788 4358 con-

2218 4379 2384 4435 ﬁteris
2435 4353 2527 4433 ore
2561 4390 2576 4445 ;
2639 4371 2735 4428 sed
2782 4367 3040 4426 discredis
3085 4373 3138 4420 et
3191 4359 3432 4416 dilﬁteris
3473 4353 3788 4445 operatione.

2219 4468 2400 4524 Habes
2427 4443 2610 4534 itaque
2627 4460 2811 4528 ﬁdem,
2861 4457 2956 4512 sed
2985 4461 3270 4511 mortuam.
3303 4451 3439 4504 Nam
3493 4443 3790 4534 ﬁdesmor-

2225 4567 2314 4614 tua
2341 4563 2423 4612 est
2448 4530 2564 4610 sine
2594 4550 2693 4607 Dei
2731 4547 3038 4604 dilectione.
3071 4543 3128 4599 Si
3183 4538 3356 4596 credis
3377 4543 3552 4591 etnon
3602 4530 3788 4602 diligis,

2216 4645 2493 4702 diabolum
2524 4639 2768 4697 imitaris.
2812 4634 2995 4693 Credit
3027 4632 3174 4688 enim
3202 4626 3466 4693 diabolus,
3523 4629 3576 4677 et
3624 4619 3791 4674 Domi-

2218 4751 2346 4792 num
2377 4730 2677 4798 conﬁtetur,
2737 4734 2792 4782 et
2845 4723 3102 4795 quoniam
3153 4717 3306 4774 illum
3327 4730 3436 4770 non
3478 4710 3664 4781 diligit,
3695 4723 3785 4761 nec

2217 4825 2304 4880 vel
2333 4822 2492 4878 unius
2521 4815 2779 4874 momenti
2833 4810 3130 4868 remedium
3188 4805 3368 4872 habet,
3416 4809 3469 4858 et
3511 4798 3613 4853 ﬁne
3655 4803 3789 4851 caret

2219 4925 2336 4994 ejus
2375 4919 2719 4992 supplicium.
2752 4914 2799 4970 Ο
2829 4907 3226 4994 inverecunda,
3256 4900 3490 4994 sordida,
3523 4910 3741 4994 nequam
3773 4892 3784 4948 l

2219 4983 2585 5069 veracia-{sic
2612 5003 2790 5078 egisti.
2841 4997 3124 5057 Credidisti
3145 4993 3381 5065 quidem,
3429 4995 3483 5043 et
3507 4983 3672 5072 adhuc
3691 4983 3786 5036 for-

2220 5111 2358 5166 sitan
2379 5106 2550 5164 credis
2581 5119 2596 5174 ;
2629 5103 2725 5158 sed
2762 5102 2934 5156 Deum
2981 5094 3204 5150 minime
3253 5085 3502 5144 dilexrsti.
3551 5080 3710 5151 Quem
3747 5079 3784 5132 si

2221 5197 2520 5263 dilexisses,
2581 5191 2786 5250 odisses
2833 5187 3015 5256 utique
3069 5179 3365 5245 diabolum,
3435 5181 3489 5229 et
3531 5176 3783 5263 acceptam

2223 5286 2467 5342 notitiam
2505 5257 2754 5338 veritatis
2779 5275 3069 5348 diligenter
3096 5269 3406 5333 observans,
3445 5275 3544 5317 nec
3570 5257 3780 5330 primam

2222 5384 2384 5438 ﬁdem
2414 5381 2618 5437 irritam
2673 5376 2911 5442 fecisses,
2953 5387 3051 5426 nec
3095 5364 3405 5423 secundam.
3460 5354 3785 5414 Abrenuntia—

2222 5487 2378 5530 veras
2406 5466 2670 5540 siquidem
2701 5461 2920 5519 diabolo
2948 5460 3004 5514 in
3041 5455 3360 5528 baptismate
3391 5463 3406 5519 ;
3438 5447 3492 5501 in
3519 5443 3786 5499 monastica

2225 5580 2404 5630 autem
2444 5567 2799 5641 professione,
2858 5560 3076 5618 diabolo
3133 5553 3290 5611 simul
3345 5558 3399 5607 et
3449 5545 3657 5605 saeculo.
3695 5542 3785 5599 Sed

2221 5677 2336 5748 jam
2392 5688 2492 5728 nec
2545 5669 2720 5742 prima
2773 5663 3040 5737 professio
3089 5667 3176 5715 tua
3232 5656 3346 5711 Deo
3382 5657 3538 5724 grata
3572 5648 3785 5716 erit,ne.c

2227 5775 2484 5844 secunda,
2508 5772 2634 5844 quia
2661 5767 2956 5842 perjurium
2985 5763 3187 5836 pariter
3209 5749 3520 5815 commisisti
3567 5759 3618 5805 et
3643 5749 3785 5806 sacri-

2230 5875 2455 5950 legium.
2477 5869 2801 5942 Perjurium,
2841 5865 2969 5921 dum
3026 5857 3170 5934 quod
3212 5857 3326 5914 Deo
3373 5853 3653 5927 juraveras
3701 5862 3788 5903 non
