3910 6464
94 428 212 494 233‘

1450 422 1829 501 OPUSCULA.
1860 476 1933 488 —
1950 425 2121 501 Xvn.

3315 440 3419 513 234

96 563 305 619 enuisti
331 583 343 619 :
394 562 756 633 sacrilegium,
813 552 942 618 dum
1015 555 1085 633 ei,
1135 562 1220 619 cui
1286 569 1337 618 te
1391 561 1706 636 devoveras,
1735 571 1794 633 Α
1820 568 2045 626 crimina
2076 577 2181 625 tua.
2212 570 2309 626 His
2336 578 2517 628 tamen
2548 562 2799 632 omnibus
2828 568 3004 650 major
3023 556 3110 635 est
3139 579 3237 636 Dei
3259 562 3423 639 mise'

112 653 411 707 abstulisti.
449 650 617 728 313
648 650 782 720 Quae
810 667 921 708 non
976 660 1029 709 te
1071 652 1262 721 solam,
1314 668 1501 708 verum
1555 653 1717 708 etiam

106 764 339 804 carnem
382 750 583 806 sociam
643 750 716 804 ita
770 751 1032 806 voluntati
1087 759 1141 805 et
1186 749 1461 821 cupiditati
1519 751 1717 822 turpis-

56 838 238 890 ‘simi
321 846 374 892 et
454 838 735 893 fmdissimi
802 838 1130 909 corruptoris
1201 839 1514 909 exposuisti,
1573 838 1719 909 quod

56 938 58 959 ι
107 926 370 982 universa
404 927 475 981 tui
506 927 747 995 corporis
800 928 1047 983 membra
1084 942 1213 983 vasa
1241 927 1492 984 vitiorum
1523 927 1713 982 fecisti.

56 1026 57 1029 ‘
107 1014 157 1069 Ο
191 1015 427 1086 superba
459 1023 511 1068 et
568 1014 769 1083 inflata,
827 1017 981 1085 cujus
1000 1016 1145 1071 bona
1175 1031 1340 1086 opera
1376 1031 1484 1071 non
1512 1016 1717 1087 sprevi-

107 1114 222 1166 sti‘?
254 1114 369 1167 Tua
398 1128 546 1181 vero,
579 1129 700 1181 quae
728 1113 818 1169 vix
849 1114 1072 1184 aliquid,
1105 1115 1190 1171 vel
1221 1130 1359 1185 pene
1408 1115 1541 1167 nihil
1570 1112 1719 1169 boni-

56 1200 59 1235 ί
108 1202 237 1254 tatis
288 1201 578 1269 habebant,
636 1217 852 1272 semper
906 1202 1225 1257 admirando
1281 1200 1528 1257 laudasti.
1581 1203 1714 1257 Cum

56 1300 59 1341 γ
108 1290 316 1345 millies
344 1291 613 1344 etmillies
641 1298 731 1344 aut
768 1291 1094 1362 cogitatione
1128 1291 1261 1361 sola,
1285 1297 1375 1345 aut
1393 1291 1719 1362 cogitatione

56 1386 57 1421 ἒ
106 1379 277 1433 simul
305 1387 356 1433 et
384 1379 595 1434 actione
626 1379 815 1433 fuisses
871 1388 1140 1450 Corrupta,
1174 1388 1225 1434 te
1263 1380 1413 1449 quasi
1444 1380 1715 1436 coloribus

108 1468 373 1522 castitatis
427 1466 710 1540 pingebas,
771 1474 824 1522 et
887 1483 1010 1522 cum
1065 1467 1497 1523 immundissima
1553 1484 1713 1536 esses,

56 1586 57 1617 ς
108 1557 314 1627 pudica
337 1556 443 1611 dici
496 1555 793 1627 gaudebas.
854 1554 1012 1624 Quod
1070 1556 1114 1610 si
1176 1555 1466 1626 aliquando
1490 1564 1540 1611 te
1567 1573 1714 1611 ream

105 1643 375 1700 conﬁtens
417 1644 668 1711 accusati,
729 1643 958 1699 auditori
989 1644 1184 1715 potius,
1229 1660 1337 1700 non
1367 1645 1481 1700 Deo
1512 1646 1716 1700 auctori

106 1735 328 1804 placere
376 1732 740 1788 desiderabas.
800 1732 936 1787 Filia
991 1732 1215 1801 diaboli,
1249 1732 1501 1789 violatrix
1532 1735 1716 1806 templi

105 1823 347 1890 Spiritus
374 1822 562 1890 sancti,
596 1821 725 1892 quid
762 1820 830 1875 de
861 1828 911 1875 te
971 1821 1171 1888 dicam,
1223 1822 1334 1875 imo
1390 1821 1519 1891 quid
1549 1822 1714 1894 digne

1823 658 2073 715 ricordia.
2105 659 2463 732 Omnipotens
2484 671 2562 718 est
2590 664 2752 733 Deus,
2784 667 2906 735 pius
2963 674 3042 724 est
3068 670 3221 741 cujus
3247 674 3420 727 omni-

1826 748 2064 820 potentia
2092 755 2145 802 ct
2172 749 2344 820 pietas
2372 751 2636 809 immensa
2683 757 2956 812 neminem
2988 761 3189 829 patitur
3214 761 3414 833 despe-

1824 853 1942 892 rare
2022 837 2392 906 poenitentem.
2470 843 2717 913 Agnosce
2813 845 2977 918 igitur
3053 848 3416 909 infirmitatem

1827 931 1998 993 tuam;
2029 923 2281 981 conﬁtere
2315 934 2364 981 te
2391 930 2610 999 propria
2641 932 2920 1003 iniquitate
2948 935 3259 995 damnatam
3291 948 3343 996 et
3372 945 3415 996 si

1824 1012 1895 1067 ad
1922 1013 2181 1083 piscinam
2206 1015 2475 1071 salutaris-
2511 1034 2685 1089 aquai,
2744 1022 2798 1076 in
2856 1039 3017 1093 quam
3067 1029 3293 1100 angelus
3313 1032 3421 1087 Do-

1824 1100 1956 1155 mini
1977 1101 2355 1173 descendebat,
2390 1108 2621 1176 propriis
2646 1110 2877 1179 pedibus
2897 1128 3003 1167 non
3028 1124 3183 1184 potes
3214 1120 3416 1189 venire,

1823 1190 2012 1245 saltem
2030 1190 2190 1247 boum
2218 1192 2507 1250 voluntatis
2561 1199 2837 1269 gressibus
2864 1203 3078 1273 accede,
3113 1214 3166 1260 et
3191 1210 3233 1263 si
3262 1212 3416 1266 voci-

1829 1278 1990 1333 ferari
2018 1280 2104 1334 vel
2158 1280 2303 1350 loqui
2353 1298 2459 1338 non
2514 1293 2686 1355 potes,
2745 1291 3007 1359 respirare
3055 1302 3109 1349 et
3153 1299 3421 1367 suspirare

1824 1366 1998 1421 adhuc
2026 1375 2196 1437 potes.
2256 1371 2480 1442 Respira
2541 1375 2777 1447 tandem,
2834 1385 2887 1433 et
2915 1397 2981 1436 ex
3040 1384 3229 1441 intimo
3248 1366 3422 1445 corde

1824 1456 2050 1524 suspira,
2074 1463 2126 1509 et
2154 1457 2395 1513 fortassis
2448 1461 2686 1519 inveniet
2743 1474 2792 1521 te
2846 1470 3085 1527 Christus
3140 1479 3417 1548 suspiran-

1827 1549 1953 1611 tem,
1985 1545 2075 1614 qui
2104 1546 2378 1603 hominem
2407 1549 2626 1621 triginta
2681 1562 2801 1611 octo
2832 1572 3001 1615 annos
3029 1562 3083 1616 in
3114 1545 3420 1625 inﬁrmitate

1823 1630 2112 1729 habentem
2168 1633 2413 1729 invenit,
2449 1646 2502 1692 et
2558 1648 2662 1696 tua:
2717 1643 3012 1703 inﬁrmitati
3064 1659 3416 1729 compatiens,

1824 1728 1983 1790 prout
2038 1721 2158 1789 pius
2198 1730 2251 1778 et
2290 1724 2559 1797 benignus
2603 1736 2896 1804 consuevit,
2938 1738 3078 1794 dicet
3135 1721 3271 1799 tibi:

1824 1824 1967 1907 sane
1986 1810 2113 1878 ﬁeri
2132 1811 2161 1864 ‘.’
2180 1812 2362 1907 (Joan.
2474 1817 2556 1887 6.)
2587 1816 2744 1887 Quod
2771 1823 2814 1877 si
2845 1826 3117 1884 miseriam
3153 1841 3205 1887 et
3234 1836 3418 1907 impo-

102 1920 298 1965 contra
330 1920 379 1965 te
409 1910 698 1981 proferam,
731 1925 851 1980 quae
881 1925 1019 1980 pene
1049 1918 1098 1965 te
1148 1917 1335 1978 totam,
1379 1911 1465 1964 vel
1494 1912 1711 1980 penitus
1739 1930 1793 1991 Β
1827 1898 2044 1996 Eligam
2076 1906 2218 1996 tua")
2258 1902 2530 1996 humiliter
2575 1909 2819 1967 confessa
2850 1912 3031 1981 fueris,
3073 1926 3127 1973 et
3162 1898 3417 1996 omniin)-

106 2017 281 2063 totam
311 2008 569 2062 abstulisti
601 2009 734 2075 Deo,
765 2014 819 2061 et
846 2006 1344 2062 contulistidiabolo
1369 2006 1397 2059 ἵν
1418 2007 1707 2075 Memento,

101 2099 346 2168 captiva,
379 2112 485 2167 quo
514 2097 685 2166 pretio
708 2096 851 2149 fuisti
880 2096 1179 2167 redempta,
1207 2096 1358 2166 cujus
1385 2096 1567 2168 sponsi
1602 2096 1716 2152 fue-

104 2188 183 2240 ris
237 2201 454 2255 sponsa,
518 2201 679 2255 quam
730 2185 970 2256 pulchra,
1026 2200 1187 2254 quam
1255 2194 1438 2240 sancta
1495 2202 1617 2239 cum
1649 2201 1713 2240 eo

100 2291 328 2345 semper
380 2276 683 2342 mansisses,
742 2274 785 2327 si
850 2274 899 2327 ei
956 2272 1116 2329 ﬁdem
1162 2289 1374 2329 scrvare
1431 2275 1709 2330 voluisses.

102 2366 383 2419 Memento
437 2364 598 2418 etiam
651 2361 813 2429 unde,
874 2370 927 2416 et
981 2378 1087 2431 quo
1117 2361 1374 2416 cecidisti.
1421 2362 1712 2417 Vocatione

102 2454 295 2522 utique
324 2460 377 2505 et
405 2452 664 2506 electione
695 2451 793 2505 Dei
822 2460 995 2520 usque
1020 2450 1089 2504 ad
1145 2452 1339 2505 coelum
1371 2450 1706 2521 ascenderas,

102 2550 160 2596 et
192 2543 248 2595 in
278 2540 545 2595 infernum
575 2540 839 2595 corruisti.
891 2538 937 2594 Ο
967 2554 1130 2608 quam
1162 2540 1452 2610 pessimam
1510 2548 1707 2596 sortem

101 2632 297 2685 sortita
339 2646 415 2698 es,
476 2645 597 2698 qua:
652 2628 1078 2683 crudelissimum
1134 2628 1504 2683 damnatorem
1560 2636 1708 2683 tuum

102 2727 312 2789 secuta,
366 2719 523 2772 totius
570 2718 823 2772 bonitatis
879 2725 1150 2771 auctorem
1210 2717 1503 2787 reliquisti!
1565 2719 1709 2773 Deus

104 2818 249 2875 tuus,
297 2808 557 2863 Dominus
614 2814 750 2875 tuus,
808 2805 1067 2861 Conditor
1104 2814 1156 2860 et
1184 2806 1511 2878 Redemptor
1566 2815 1703 2876 tuus,

103 2897 346 2966 amplius
377 2912 538 2966 quam
570 2895 805 2965 seipsum
839 2894 933 2949 tibi
990 2893 1234 2950 conferre
1261 2910 1370 2949 non
1400 2895 1589 2965 potuit,
1620 2896 1705 2952 vel

100 2986 320 3041 melius.
352 2985 589 3039 Primum
645 2983 863 3053 quidem
910 2982 1125 3053 quando
1184 2991 1235 3037 te
1264 2982 1407 3050 fecit,
1436 2983 1530 3037 tibi
1559 2983 1707 3039 dedit

99 3077 365 3145 seipsum.
391 3074 579 3128 Postea
607 3088 729 3126 cum
787 3079 1007 3143 peccato
1061 3071 1271 3142 perdita
1328 3087 1488 3141 esses,
1515 3088 1572 3127 se
1602 3079 1705 3129 tum

97 3163 494 3233 redemptionis
524 3161 624 3237 31
643 3159 694 3237 4
726 3160 949 3216 contulit
1000 3160 1252 3230 pretium.
1283 3161 1363 3215 Tu
1410 3168 1551 3216 certe
1580 3177 1704 3231 pec-

96 3263 257 3329 casti,
292 3262 406 3332 ipse
466 3260 537 3314 tui
592 3258 964 3328 paenitentiam
1013 3257 1142 3311 fecit
1194 3257 1420 3330 peccati.
1479 3255 1525 3314 Ο
1556 3258 1702 3312 mul-
1733 3281 1783 3347 ο

96 3362 214 3408 tum
256 3350 501 3421 ingrata!
559 3347 840 3418 abnegasti
894 3345 1191 3418 benignum
1248 3345 1691 3416 Redemptorem,

95 3448 192 3517 qui
224 3461 323 3515 pro
354 3453 423 3515 te,
475 3460 542 3499 ne
592 3443 814 3513 perires,
873 3449 1113 3498 mortuus
1167 3450 1264 3511 est,
1298 3449 1353 3497 et
1402 3441 1696 3497 terribilem

92 3535 378 3591 inimicum
414 3541 581 3601 tuum,
632 3532 721 3603 qui
751 3547 850 3601 per
877 3531 1090 3603 linguas
1135 3530 1461 3601 Iudaeorum,
1495 3538 1548 3586 et
1571 3547 1694 3587 ma-

94 3642 202 3680 nus
229 3623 457 3677 militum
485 3637 609 3677 eum
657 3620 940 3688 interfecit,
982 3620 1075 3674 tibi
1119 3620 1411 3675 Dominum
1460 3620 1692 3692 elegisti.

97 3714 305 3770 Sancto
353 3711 501 3766 fonte
549 3709 678 3764 olim
707 3708 1059 3776 exstinxeras,
1119 3715 1173 3764 et
1215 3710 1446 3778 suscepti
1493 3708 1697 3764 ordinis

93 3801 382 3858 sanctitate
431 3799 750 3854 exstinctum
807 3797 1154 3867 contriveras,
1215 3813 1375 3868 quem
1429 3796 1497 3852 ad
1547 3805 1692 3852 tuam

92 3905 418 3973 perpetuam
484 3910 700 3966 pernam
753 3893 1029 3965 peccando
1089 3894 1372 3951 suscitasti.
1441 3893 1693 3964 Quandiu

93 4005 223 4046 cum
252 3987 396 4041 bono
429 3986 541 4040 Deo
588 3991 641 4039 et
680 3984 771 4055 pio
826 3983 1061 4039 Domino
1118 3983 1284 4051 fuisti,
1335 3999 1454 4039 eras
1508 3991 1693 4039 contra

92 4076 375 4133 diabolum
405 4073 575 4141 fortis,
606 4078 660 4127 et
710 4071 903 4127 debilis
928 4079 1114 4127 contra
1160 4079 1210 4127 te
1248 4079 1362 4127 erat
1396 4071 1642 4129 diabolus
1672 4087 1688 4143 ;

96 4176 153 4224 tu
182 4180 333 4233 sana,
364 4163 455 4218 ille
508 4160 785 4230 inﬁrmus;
840 4168 895 4216 tu
941 4160 1180 4231 domina,
1237 4161 1327 4216 ille
1381 4177 1584 4217 servus.
1625 4162 1694 4216 At

91 4263 383 4328 postquam
412 4251 481 4307 ab
511 4266 575 4306 eo
604 4250 884 4317 recessisti,
917 4249 1008 4320 qui
1036 4256 1088 4305 te
1140 4265 1239 4305 sua
1265 4248 1507 4306 bonitate
1533 4265 1689 4306 crea-

92 4345 194 4412 vit,
222 4349 276 4397 et
331 4339 720 4395 inaestimabilis
774 4337 1048 4393 charitatis
1097 4337 1386 4394 dilectione
1438 4337 1686 4409 redemit,

91 4439 284 4489 contra
337 4437 406 4498 te,
465 4428 682 4498 spiritus
733 4426 1105 4483 fornicationis
1162 4427 1334 4483 erexit
1396 4434 1577 4498 caput,
1636 4435 1690 4483 et

92 4523 238 4578 intra
263 4518 444 4573 vicera
474 4525 562 4572 tua
588 4532 648 4572 se
700 4522 899 4572 tortum
956 4514 1236 4571 immersit.
1296 4514 1379 4570 lbi
1417 4516 1688 4585 pessimus

93 4608 390 4667 fornicator
412 4605 557 4661 fmda
583 4606 808 4660 nimium
865 4603 1157 4675 pollutione
1216 4612 1267 4660 te
1312 4605 1605 4675 maculans,
1637 4613 1690 4661 et

101 4696 174 4754 ad
206 4704 256 4751 te
284 4711 405 4751 cum
456 4692 797 4748 multitudine
849 4692 1160 4748 daemonum
1209 4693 1407 4763 sepius
1462 4694 1685 4763 intrans,

93 4780 265 4838 fetida
292 4780 347 4833 in
395 4787 445 4834 te
500 4778 729 4850 vestigia
756 4775 1059 4847 dereliquit.
1092 4778 1277 4849 Itaque
1315 4792 1525 4835 veneno
1556 4777 1687 4833 libi-

92 4870 241 4925 dinis
266 4868 620 4941 impregnata
647 4865 937 4936 concepisti
963 4865 1227 4935 dolorem,
1278 4873 1330 4921 et
1356 4865 1690 4936 iniquitatem

92 4957 371 5031 peperisti.
402 4956 611 5011 Talium
639 4955 935 5026 conjugum
991 4961 1072 5009 est
1091 4961 1273 5026 partus
1300 4962 1687 5038 monstrubsus,

96 5046 388 5115 horribilis,
414 5044 598 5115 turpis,
630 5042 957 5099 immundus.
1018 5043 1113 5099 Vae
1160 5042 1254 5097 tibi
1303 5043 1518 5114 misera,
1571 5060 1691 5115 quae

94 5133 177 5189 tui
204 5130 448 5188 vilissimi
500 5129 640 5186 servi
697 5128 892 5184 ancilla
940 5127 1083 5183 facta
1137 5143 1213 5197 es,
1256 5135 1311 5184 et
1355 5128 1693 5185 fornicatoris

96 5219 314 5294 pessimi
344 5218 679 5275 concubina!
717 5216 764 5273 Ο
794 5216 916 5275 vilis
937 5215 1080 5271 facta
1118 5215 1298 5286 nimis,
1331 5216 1423 5272 ubi
1451 5233 1636 5287 speras
1664 5220 1693 5273 ?

97 5308 230 5381 quid
247 5307 570 5379 exspectas?
595 5306 775 5376 jacere
806 5305 863 5359 in
914 5304 1163 5361 sordibus
1217 5312 1297 5361 est
1332 5305 1644 5363 damnabile
1675 5322 1689 5377 ;

95 5413 290 5470 sugere
316 5397 383 5452 de
418 5394 666 5451 sordibus
694 5401 774 5450 est
828 5394 933 5451 tibi.
977 5393 1329 5465 impossibile.
1386 5394 1487 5450 Dic
1516 5396 1672 5464 mihi,

56 5504 57 5537 i
96 5488 143 5544 si
176 5485 330 5554 nosti,
360 5502 392 5541 a
422 5500 529 5556 quo
558 5483 656 5538 tibi
708 5481 1011 5552 consilium,
1069 5498 1167 5554 per
1212 5497 1371 5553 quem
1403 5483 1690 5555 auxilium,

55 5589 60 5625 ε
98 5582 171 5640 ad
198 5598 356 5652 quem
393 5581 665 5652 refugium
692 5581 721 5634 ‘?
774 5580 896 5635 Non
948 5580 1097 5635 vales
1143 5562 1398 5635 accedere
1436 5577 1505 5635 ad
1561 5596 1693 5636 san-

56 5696 61 5729 l
100 5680 234 5739 ctos,
271 5671 397 5740 quia
425 5670 592 5742 ligata
629 5685 704 5738 es,
740 5680 859 5724 =nec
905 5667 1157 5739 invocare
1220 5681 1332 5737 eos,
1392 5669 1519 5738 quia
1546 5677 1697 5726 muta

55 5794 63 5835 ι
102 5777 179 5817 es.
210 5757 368 5828 Quod
420 5758 465 5812 si
516 5756 678 5812 etiam
739 5756 833 5811 tibi
888 5755 1034 5825 loqui
1092 5755 1469 5827 dignarentur;
1504 5755 1690 5841 V315

56 5904 67 5937 ν
98 5873 212 5920 non
238 5854 450 5913 audires
468 5869 580 5921 eos,
611 5853 739 5923 quia
753 5851 915 5937 surda
942 5867 1018 5909 es.
1034 5848 1176 5937 Quid
1196 5852 1404 5909 facies?
1431 5853 1577 5925 quod
1597 5853 1695 5910 tibi

55 5998 65 6041 ί
97 5941 400 6006 remedium
426 5937 672 5996 invenies
690 5937 720 5991 ‘2
776 5934 944 5993 Multa
978 5942 1031 5995 et
1057 5935 1225 5993 multa
1245 5944 1367 5995 sunt
1392 5946 1615 6013 peccata
1641 5945 1696 5999 et

311 6037 552 6097 ΡΑτιοι..
579 6033 780 6101 CLVII.

2072 1986 2297 2081 ﬁrmiter
2350 1992 2575 2048 credens
2631 2003 2920 2069 agnoveris
2946 2021 3120 2079 suam,
3163 1984 3413 2081 quodiilli

1819 2073 2160 2171 exhibuit,_et
2189 2076 2283 2171 tibi
2306 2080 2603 2153 exhibebit,
2639 2094 2691 2139 et
2721 2089 2864 2157 quod
2886 2073 3417 2171 Mariaabiagdalenaa

1823 2163 2121 2233 poenitenti,
2154 2173 2207 2219 et
2232 2167 2484 2238 lacrymis
2512 2183 2734 2242 peccata
2763 2178 3033 2237 conﬁtenti
3064 2163 3289 2247 minime
3318 2211 3412 2249 ne-

1819 2249 1988 2341 gavit,
2024 2267 2122 2305 nec
2156 2252 2248 2307 tibi
2280 2256 2519 2327 negabit.
2555 2259 2638 2330 Et,
2691 2265 2781 2334 qui
2839 2267 3109 2338 leprosum
3139 2280 3417 2341 mundavit

1821 2337 2100 2407 humilem,
2160 2357 2377 2398 omnem
2410 2346 2615 2418 lepram
2670 2337 3007 2422 peccatorum
3040 2371 3093 2417 et
3131 2337 3415 2428 criminum

1821 2431 2028 2481 tuorum
2077 2430 2359 2519 mundabit
2388 2449 2401 2503 ;
2434 2443 2488 2489 et
2543 2445 2592 2492 te
2619 2443 2768 2509 quasi
2827 2451 3237 2515 quatriduanum
3266 2479 3418 2519 mor-

1821 2519 1986 2609 tuum,
2019 2516 2179 2609 etiam
2202 2518 2319 2609 jam
2349 2521 2622 2593 fetentem,
2673 2527 2740 2584 de
2792 2536 3038 2603 sepulcro
3079 2516 3416 2609 miserianet

1916 2603 2027 2703 luto
2085 2606 2241 2703 facis
2297 2612 2595 2684 suscitabit,
2630 2625 2684 2671 et
2738 2594 2874 2679 solvi

1816 2692 2053 2787 Christus
2084 2696 2347 2790 Dominus
2402 2711 2598 2773 noster,
2658 2709 2747 2777 qui
2805 2692 3411 2791 imm—ensepietatiset

1811 2781 2216 2872 omnipotentiae
2262 2784 2422 2853 Deus,
2479 2789 2614 2844 vivit
2667 2801 2721 2846 et
2773 2808 2964 2870 regnat
3008 2781 3133 2861 cuni
3162 2781 3324 2868 Patre

1815 2864 2015 2966 ﬁpiritu
2088 2879 2291 2941 sancto,
2352 2891 2451 2944 per
2526 2881 2709 2937 omnia
2783 2864 2978 2946 sicula
3058 2864 3397 2966 saesulorumv.‘

2441 3104 2610 3185 316
2642 3111 2786 3170 XVI.

2354 3263 2553 3307 ORATIO
2580 3270 2653 3310 AD
2664 3264 2861 3317 ἰεςυι

1875 3397 2158 3500 {esu‘bone
2187 3411 2241 3500 et
2269 3403 2375 3500 pie,
2405 3409 2504 3464 Fili
2534 3413 2631 3500 Dei
2668 3417 2776 3475 vivi
2832 3429 2884 3477 et
2909 3423 3102 3500 David,
3127 3439 3176 3490 te
3204 3437 3371 3499 adoro

1807 3484 2065 3587 telaudo,
2089 3496 2150 3588 te
2176 3492 2441 3564 gloriﬁco.
2475 3499 2595 3556 Tibi
2623 3507 2975 3581 omnipotenti
2988 3484 3393 3590 menige};

1802 3589 1926 3678 meo
1954 3578 2227 3678 piissimo,
2246 3598 2459 3678 summo
2488 3597 2542 3643 et
2568 3607 2696 3648 vero
2727 3578 3021 3673 Sacerdoti,
3053 3578 3394 3678 et,

1804 3669 2038 3767 tissimae
2073 3669 2230 3766 matri
2267 3672 2450 3767 niurias
2503 3684 2719 3751 semper
2762 3687 2978 3762 virgini,
3010 3669 3090 3753 et
3141 3669 3392 3767 omnibus

1799 3756 1997 3867 sanctis
2025 3756 2145 3826 tuis,
2177 3759 2434 3867 copﬁteor
2462 3781 2548 3821 me
2578 3771 2803 3829 multum
2838 3756 3093 3841 miserum
3122 3756 3391 3867 et

1801 3847 2077 3958 toorfmtet
2130 3847 2343 3916 qualem
2393 3859 2445 3907 tu
2501 3859 2659 3913 nosti.
2719 3862 2868 3921 Sicut
2912 3872 3047 3928 meis
3074 3847 3388 3958 meritus}:-

1792 3928 2010 3986 stiﬁcari
2040 3949 2138 3989 nec
2164 3950 2403 4009 possum,
2435 3957 2535 3998 nec
2559 3950 2732 4020 potui,
2764 3954 2841 4010 sic
2867 3963 2957 4014 tua
2993 3974 3047 4017 m

1796 4019 2028 4113 ricordia
2054 4037 2140 4077 me
2168 4038 2329 4093 posse
2353 4028 2549 4087 salvari
2574 4036 2850 4113 proﬁteor,

1798 4108 1981 4163 tudine
2017 4126 2347 4181 praesumens
2397 4116 2453 4172 in
2480 4127 2550 4176 .te
2600 4131 2833 4194 speravi.

1797 4195 2100 4302 desperare,
2132 4200 2259 4302 quia
2285 4202 2440 4260 aliter
2465 4208 2577 4302 vixi
2624 4229 2785 4283 quam
2816 4218 3014 4283 debui:
3043 4195 3140 4287 sed

1795 4294 2411 4402 i‘“.“€i‘13“i‘°i‘i’i’_“9.m‘f
2439 4300 2751 4402 ,δεδυθτετθ
2793 4326 2903 4370 non
2930 4322 3146 4397 Patitur.
3180 4294 3381 4402 qua};

1795 4377 1865 4433 de
1892 4379 2042 4482 cmlis
2068 4380 2407 4482 deposuitad
2437 4394 2622 4462 terras,
2654 4411 2721 4452 ne
2747 4377 2999 4470 perirem.
3033 4377 3361 4482 Saliujmufa;

1794 4484 1997 4568 quaeso,
2024 4469 2262 4583 benigne
2315 4476 2459 4547 Jesu,
2507 4496 2727 4579 servum»
2759 4469 2944 4564 ίιιιωη,
2976 4469 3386 4583 quom-QE}:

1794 4565 1910 4615 raVi
1940 4565 1995 4673 in
2024 4565 2110 4658 tet;
2151 4568 2205 4616 et
2232 4577 2421 4673 omnes
2447 4569 2539 4638 qui
2558 4577 2783 4642 speratis
2839 4581 2897 4636 in
2923 4565 3099 4655 ipsum
3120 4565 3385 4673 oratepro

1716 4645 1770 4706 D
1795 4661 1904 4748 me,
1934 4653 2010 4715 ut,
2041 4647 2085 4701 si
2114 4652 2319 4748 nonad
2346 4670 2582 4748 praesens
2631 4666 2817 4735 requie
2845 4645 3059 4745 dignus,

1796 4741 1997 4791 aeterna
2023 4750 2206 4811 poena,
2226 4741 2345 4811 ipso
2374 4745 2678 4822 miserante,
2709 4741 2928 4815 alienus
2943 4741 3205 4826 inveniar.

2509 4950 2679 5009 XVII.

2192 5081 2391 5124 ORATIO
2418 5087 2490 5127 AD
2517 5090 2742 5139 HATERI
2775 5097 2991 5143 DOMINI.

2087 5212 2135 5269 Ο
2161 5216 2330 5273 Maria
2356 5221 2613 5296 gloriosa,

2014 5297 2161 5359 Jesse
2187 5307 2369 5375 proles
2393 5327 2679 5387 generosa,

2018 5391 2120 5450 Per
2142 5412 2305 5467 quam
2320 5401 2436 5458 ~fuit
2462 5420 2608 5462 mors
2635 5404 2909 5489 damnata,

2015 5483 2190 5554 Atque
2216 5488 2326 5545 vita
2352 5503 2600 5564 reparata
2624 5501 2635 5553 ι

2091 5574 2255 5648 Virgo
2283 5593 2498 5650 semper
2523 5588 2757 5656 pretiosa
2792 5592 2892 5672 31
2914 5596 2986 5675 7,

2019 5669 2194 5742 Super
2214 5688 2407 5731 omnes
2432 5682 2711 5756 speciosa;

2019 5763 2187 5852 Stella
2212 5769 2393 5841 maris,
2417 5773 2538 5844 caeli
2565 5788 2743 5852 pom,

2017 5851 2105 5909 Ex
2134 5872 2241 5926 qua
2269 5861 2472 5917 mundo
2499 5863 2594 5922 lux
2622 5877 2703 5925 est
2731 5851 2870 5932 orta.

2094 5943 2380 6020 Templum
2405 5967 2617 6013 sacrum
2645 5957 2956 6029 Salvatoris.
