3910 6418
1570 359 1903 430 corvum:
1928 353 2213 425 ωΑτιε
2237 350 2785 424 VINDOCNENSIS

752 504 1042 582 Refugium
1071 504 1384 580 peccatoris,

756 596 941 654 Mundi
972 595 1134 666 salus,
1163 610 1309 652 mors
1334 590 1564 665 peccati.

752 687 963 744 Summi
992 685 1131 742 facta
1162 699 1356 757 parens
1386 681 1517 738 nati.

819 774 953 845 Qum
979 772 1148 831 ﬁlium
1177 772 1345 829 habes
1370 785 1579 843 regem,

750 862 855 934 Qui
883 861 1124 918 divinam
1153 858 1302 916 dedit
1325 859 1508 931 legem
1538 875 1552 916 :

750 954 830 1009 Tu
857 958 1046 1020 mater,
1070 956 1127 1006 tu
1154 964 1354 1020 sponsa
1379 947 1501 1017 Dei,

752 1040 857 1097 Mei
887 1038 1172 1095 miserrere
1223 1037 1339 1094 rei.‘

823 1124 903 1180 De
927 1120 1193 1180 convallle
1220 1121 1604 1194 lacrymarum,

746 1213 966 1272 Pressus
993 1210 1137 1273 mole
1154 1218 1521 1283 peccatorum,

746 1301 829 1360 Ad
850 1310 902 1358 te
931 1300 1130 1369 clamo,
1160 1300 1327 1373 Virgo
1360 1299 1470 1371 pia,

745 1392 832 1450 Sis
858 1390 992 1447 mihi
1021 1388 1152 1458 dux,
1183 1395 1345 1460 atque
1372 1387 1480 1444 via.

814 1483 991 1555 Quem
1021 1493 1078 1541 tu
1103 1481 1389 1539 benedicta
1415 1480 1581 1555 regis,

741 1570 1008 1630 Observat
1032 1576 1305 1642 praecepta
1330 1568 1486 1642 legis,

742 1661 918 1717 Deum
946 1666 1112 1729 amat,
1142 1658 1317 1715 Deum
1346 1656 1535 1726 credit,

738 1751 1029 1823 Nunquam
1055 1746 1125 1805 ab
1153 1746 1246 1804 illo
1274 1745 1495 1804 recedit.

810 1839 979 1911 Rege,
1012 1851 1214 1909 queso,
1236 1851 1324 1892 me
1352 1836 1630 1906 miserum,

738 1927 1087 1986 Sanctissima
1114 1926 1422 1996 mulierum,

737 2019 809 2075 Ut
833 2015 1033 2074 divinae
1060 2031 1272 2072 memor
1287 2015 1427 2089 legis

741 2106 857 2163 Sim
886 2102 955 2162 ad
983 2104 1121 2161 velle
1151 2104 1337 2177 magni
1364 2105 1535 2179 regis.

811 2194 917 2266 Qui
944 2210 1043 2266 per
1069 2208 1225 2249 suam
1243 2193 1581 2265 charitatem,

739 2285 962 2343 Prestet
989 2282 1124 2338 mihi
1152 2282 1453 2339 castitatem
1485 2301 1498 2339 :

740 2375 808 2432 Et
833 2371 1066 2431 mundus
1092 2370 1162 2428 ab
1191 2370 1341 2427 omni
1367 2369 1547 2442 sorde,

739 2463 898 2521 Hunc
924 2460 1151 2533 diligam
1174 2474 1311 2532 puro
1339 2457 1524 2516 corde.

810 2549 912 2607 Hic
938 2549 1092 2620 cujus
1119 2555 1200 2604 est
1224 2563 1440 2621 semper
1465 2564 1602 2619 esse,

739 2639 853 2697 Scit
876 2635 1007 2709 quid
1034 2635 1166 2692 mihi
1194 2636 1264 2692 sit
1287 2651 1509 2695 necesse
1538 2654 1553 2695 :

741 2729 920 2785 leam
946 2723 1048 2781 scit
1065 2722 1452 2796 inﬁmitatem,

742 2816 919 2888 Quam
944 2820 1098 2870 sanet
1125 2829 1223 2885 per
1243 2813 1520 2885 pietatem.

814 2905 910 2961 Est
934 2903 1052 2960 hac
1077 2918 1201 2958 mea
1219 2900 1521 2973 inﬁrmitas,

741 2996 1024 3051 Peccatum
1053 2998 1107 3047 et
1130 2991 1421 3062 iniquitas:

744 3083 847 3160 31
866 3080 916 3158 8
948 3080 1184 3137 Cicatrix
1210 3080 1319 3137 mei
1348 3079 1602 3151 vulneris,

743 3178 1042 3239 Obduratio
1070 3177 1304 3235 sceleris.

808 3268 999 3329 Morbo
1028 3267 1236 3339 peccati
1263 3268 1519 3341 langueo,

735 3358 841 3432 Qui
868 3373 959 3415 me
986 3364 1136 3414 curet
1173 3372 1284 3415 non
1314 3356 1492 3414 habeo
1522 3375 1537 3414 :

741 3458 875 3517 Sola
900 3453 1146 3512 miwreri
1173 3453 1283 3511 mei

726 3548 920 3607 Potest
943 3542 1215 3602 medicina
1239 3543 1361 3600 Dei.

809 3635 1045 3693 Peccans
1069 3630 1251 3703 corde,
1281 3644 1511 3706 peccans
1535 3647 1633 3691 ore

737 3723 952 3784 necessi
980 3739 1015 3781 a
1043 3724 1294 3781 Creatore
1324 3737 1339 3780 :

738 3813 850 3873 Sed
872 3828 1123 3871 succurre
1150 3811 1286 3868 mihi
1312 3826 1431 3883 reo,

734 3909 903 3967 Nater
924 3905 1061 3979 ejus,
1092 3912 1278 3962 sancta
1302 3905 1489 3981 V'mgo.

808 4001 919 4059 Fac
941 3999 1074 4057 mihi
1105 3998 1419 4073 propitium,

734 4097 911 4174 Quem
937 4096 1169 4173 genuisti
1197 4096 1392 4155 Filium
1424 4115 1437 4155 :

738 4192 842 4251 Pro
870 4208 959 4249 me
988 4188 1132 4263 apud
1159 4190 1337 4263 ipsum
1362 4206 1478 4260 ora,

737 4278 1187 4341 E‘succurresine
1205 4294 1378 4339 mora.

808 4370 915 4442 Qui
942 4369 1231 4442 assumpsit
1255 4383 1357 4426 cex
1388 4375 1441 4425 te
1467 4382 1693 4426 carnem

740 4458 1008 4519 Exaudiat
1034 4466 1182 4514 tuam
1211 4472 1427 4531 precem
1459 4472 1474 4529 ;

734 4547 884 4607 Nihil
912 4544 1010 4604 tibi
1036 4542 1348 4621 denegabit,

735 4638 910 4710 Quem
938 4636 1181 4694 mamilla
1196 4644 1286 4693 tua
1313 4635 1481 4709 pavit.

806 4728 878 4785 Et
900 4726 988 4784 cui
1016 4726 1157 4784 inter
1180 4724 1448 4783 ctmabula

735 4819 910 4877 Chala
936 4814 1129 4872 dedisti
1158 4814 1361 4884 oscula,

731 4905 1005 4979 Quidquid
1034 4905 1185 4962 illum
1213 4904 1451 4978 petieris,

730 4998 1027 5070 Impetrare
1051 5000 1272 5066 poteris.

799 5087 947 5143 Deus
970 5099 1107 5156 puer
1135 5099 1203 5141 ex
1234 5090 1284 5139 te
1315 5097 1491 5153 natus,

735 5175 803 5232 Et
827 5174 993 5231 Filius
1011 5171 1170 5230 nobis
1188 5171 1364 5229 datus.

730 5262 950 5321 Munda!
974 5276 1074 5319 sua
1097 5262 1318 5334 pietate,

736 5353 822 5410 Me
850 5351 920 5412 ab
947 5352 1094 5410 omni
1121 5350 1423 5425 iniquitate.
1452 5351 1651 5413 Amen.

1227 5514 1429 5576 XVIII.

836 5653 1061 5701 amns
1088 5655 1160 5703 DE
1188 5657 1239 5701 8.
1266 5656 1437 5701 mu
1463 5648 1821 5702 ιιΛαῢΑιηΑ.

1123 5756 1207 5815 Ad
1224 5771 1506 5834 vesperae.

737 5873 905 5939 laris
931 5878 1265 5955 paenitean

2160 494 2220 558 Α

2151 1851 2206 1915 Β

2154 3218 2206 3285 C

2460 490 2712 549 Formula
2739 491 2920 564 lapsis,
2950 506 3074 566 spes
3097 490 3298 561 venis,

2458 580 2566 659 31
2582 581 2632 659 9
2655 581 2725 638 Ut
2749 596 2851 638 nos
2875 590 3062 639 auctor
3088 580 3351 639 bonitatis

2454 680 2574 736 Jam
2602 679 2840 752 sepultos
2863 680 2920 735 in
2946 678 3184 752 peccatis

2456 768 2771 839 Resuscitet,
2800 768 3003 825 obtine.

2526 856 2637 913 Ora
2659 872 2760 927 pro
2786 857 3023 928 peccatis
3050 855 3269 928 nostris,

2452 943 2747 1002 Justiﬁcata
2761 946 3056 1017 peccatrix,

2454 1033 2534 1090 Eo
2554 1035 2750 1090 mentis
2775 1034 2950 1091 studio

2454 1120 2578 1194 Quo
2595 1131 2816 1193 (eterna,
2839 1124 2989 1195 vivo,
3009 1138 3136 1181 vero

2453 1209 2778 1284 Supplicasti
2801 1212 3052 1268 Domino.

2523 1300 2775 1374 lrrigavit
2801 1307 2872 1372 te,
2900 1300 3090 1371 Maria,

2453 1402 2646 1459 Christi
2673 1402 2887 1473 pietatis
2904 1403 3068 1460 unda.

2454 1489 2559 1559 Qui
2590 1498 2642 1547 te
2666 1490 2800 1548 lavit
2816 1492 2866 1547 ei
2895 1491 3193 1562 mundavit,

2450 1579 2566 1635 Nos
2591 1578 2776 1636 abluat
2802 1596 2837 1636 a
2860 1580 3098 1653 peccatis

2450 1667 2735 1725 Charitatis
2757 1669 2952 1741 gratia.

2520 1756 2657 1813 Ilaec
2683 1755 2896 1813 inﬁrma
2922 1756 2992 1813 ad
3021 1756 3289 1817 medicum

2449 1844 2625 1914 Venit,
2658 1862 2905 1916 quaerens
2930 1846 3230 1903 remedium
3264 1863 3280 1918 ;

2446 1934 2821 2006 Prosternitur,
2852 1951 2963 1992 non
2988 1936 3224 2008 loquitur

2447 2021 2555 2079 Sed
2583 2023 2833 2096 lacrymis
2859 2022 3172 2081 conﬁtetur:

2459 2109 2552 2168 Sic
2577 2113 2692 2185 agit
2720 2112 3018 2186 negotium.

2519 2201 2716 2257 Plenus
2742 2200 3112 2258 misericordia

2448 2291 2554 2347 Dat
2578 2289 2820 2346 medicus
2845 2291 3113 2348 remedia.

2445 2378 2609 2435 Nulla
2636 2378 2841 2450 respuit
2866 2378 3092 2437 vulnera

2446 2464 2803 2537 Omnipotens
2830 2466 3099 2522 medicina
3132 2485 3147 2523 :

2446 2556 2516 2611 At
2543 2554 2657 2613 vult
2685 2552 2863 2610 cordis
2890 2553 3098 2611 intima.

2519 2640 2689 2701 Oﬂ'ert
2714 2643 2833 2699 haec
2854 2643 3251 2715 paenitentiam,

2444 2727 2547 2784 Hic
2573 2727 2784 2784 confert
2811 2726 3205 2801 indulgentiam
3233 2745 3254 2785 τ

2447 2817 2621 2889 Fugat
2649 2822 2856 2888 septem
2884 2815 3154 2874 daemonia

2420 2905 2765 2979 Septiformis
2789 2905 3094 2975 clementia,

2444 3007 2490 3062 Α
2516 3019 2775 3063 conversa
2797 3003 3020 3062 femina.

2518 3093 2809 3150 Poenientis
2834 3091 3053 3150 devotio

2447 3184 2793 3240 Peccatorum
2811 3181 3055 3239 remissio

2453 3272 2572 3329 Fiat
2600 3261 2777 3341 nobis,
2807 3286 3019 3327 summo
3048 3270 3182 3340 Deo,

2450 3360 2556 3432 Qui
2584 3369 2665 3417 est
2689 3368 2871 3417 nostra
2897 3358 3217 3433 redemptio,

2449 3451 2606 3523 Laus,
2638 3450 2812 3507 honor
2835 3454 2888 3505 et
2912 3447 3106 3523 gloria.
3136 3450 3334 3506 Amen.

2736 3646 2905 3729 320
2930 3650 3011 3708 Ad
3035 3648 3359 3710 Νοοιιινηω

2517 3794 2686 3852 Neria
2706 3791 2954 3866 quaedam
2970 3792 3189 3851 nomine

2443 3883 2764 3959 Magdalena
2789 3883 3132 3958 cognomine,

2443 3978 2568 4031 Arte
2595 3971 2814 4029 seducta
2840 3968 3167 4044 daemonum,

2446 4061 2719 4119 Peccatrix
2744 4058 2845 4117 fuit
2870 4061 3113 4117 nimium.

2516 4150 2652 4221 Quae
2678 4149 2856 4223 specie
2885 4150 3157 4219 intumuit,

2447 4239 2514 4296 Et
2541 4238 2765 4310 turpiter
2790 4237 3089 4307 succubuit,

2447 4327 2708 4402 Superbe
2732 4327 2929 4384 mentis
2962 4327 3091 4384 vitio

2446 4414 2606 4475 Venit
2631 4417 2806 4474 carnis
2832 4416 3101 4489 corruptio

2518 4506 2733 4564 Crimen
2752 4505 2969 4580 quipem
3000 4510 3079 4562 est
3106 4503 3335 4577 gravius

2445 4595 2657 4666 Mentis,
2688 4595 2784 4652 sed
2811 4594 2986 4652 carnis
3013 4594 3216 4666 turpius
3241 4609 3256 4664 ;

2440 4687 2581 4743 Dum
2604 4684 2807 4758 turpius
2833 4682 3064 4753 erubuit,

2442 4781 2602 4855 Quod
2637 4789 2717 4839 est
2743 4781 2962 4856 gravius
2988 4777 3183 4836 timuit.

2511 4867 2716 4943 Qumrit
2740 4870 2935 4927 ancilla
2960 4868 3271 4938 Dominum,

2441 4961 2607 5033 Optat
2631 4959 2844 5018 inﬁrma
2871 4955 3139 5019 medicum
3171 4972 3187 5030 ;

2441 5050 2649 5109 Obtulit
2677 5050 2789 5108 hac
2815 5047 3155 5122 obsequium,

2441 5139 2544 5196 Hic
2569 5138 2794 5197 contulit
2819 5135 3136 5208 remedium,

2509 5226 2734 5285 Miriﬁca
2761 5226 3017 5301 potentia,

2442 5319 2512 5381 Et
2528 5320 2742 5395 pietatis
2767 5320 2961 5394 gratia,

2443 5410 2579 5481 Quae
2605 5410 2662 5466 in
2681 5409 2783 5465 ista
2808 5406 3104 5483 peccatrice

2444 5506 2650 5569 Vulnus
2677 5507 2891 5566 sanavit
2913 5507 3154 5571 vulnere.

2517 5597 2706 5656 Gloria
2728 5596 2798 5653 sit
2824 5596 2966 5653 Patri
2992 5610 3227 5673 summo,

2444 5695 2583 5753 Laus
2611 5695 2731 5769 ejus
2774 5695 3063 5770 Uuigenio,

2441 5781 2632 5844 Honor
2658 5783 2879 5861 Spiritui
2904 5791 3109 5858 sancto,

2438 5865 2706 5951 Trinitati,
2735 5872 2829 5935 uni
2853 5873 2991 5938 Deo.
3018 5876 3211 5939 Ama.

3785 356 3860 421 ξπ
