3910 6482
538 579 602 636 Ιη
632 571 936 634 matutinis
955 568 1255 633 Laudibus.
1738 569 1797 632 Α

397 671 466 726 Et
493 669 720 725 miseras
751 673 803 723 et
832 666 1064 722 miseros

330 761 500 815 Vocat
528 759 676 814 Deus
703 757 1046 822 misericors,

337 849 542 904 Omnes
571 847 643 902 ad
672 845 1066 918 paenitentiam.

339 935 498 1012 321
544 937 608 990 Et
639 935 922 1006 pollicetur
949 932 1191 989 veniam.

414 1035 768 1102 Contemptor
797 1028 1132 1102 poenitentiae

342 1121 503 1179 Solus
532 1129 614 1177 est
642 1137 704 1175 ex
713 1135 836 1191 pcrs
866 1118 1040 1174 veniae
1064 1134 1078 1171 :

341 1212 537 1266 Factor
565 1207 951 1264 misericordiae

341 1299 570 1366 Christe,
602 1298 776 1352 nostri
799 1295 1089 1350 miserere.

415 1390 690 1443 Immensa
717 1394 810 1441 tua
840 1383 1052 1439 bonitas

346 1477 529 1532 Mariae
561 1475 710 1532 dedit
739 1474 1012 1545 lacrymas
1047 1489 1060 1525 :

349 1566 452 1621 Per
481 1564 848 1636 lacrymarum
878 1560 1105 1617 fluvium

351 1654 580 1710 Fluxum
611 1651 888 1708 restrinxit
917 1649 1224 1706 criminum.

426 1743 556 1798 Haac
586 1741 803 1797 subdita
832 1735 1146 1804 daemoniis,

361 1835 535 1904 Atque
565 1830 749 1886 dedita
779 1827 940 1895 vitiis,

1545 431 1922 503 SERMONES
1935 477 1947 498 .

3309 417 3418 496 2'38

2035 566 2081 621 Α
2110 570 2161 620 te
2187 562 2339 636 prius
2368 552 2616 619 obtinuit.

2019 652 2293 724 Quidquid
2318 651 2412 707 tibi
2442 651 2704 719 exhibuit,

2103 744 2148 796 Λ
2178 750 2229 797 te
2260 741 2442 798 cordis
2473 739 2845 814 compunctio,

2039 831 2108 885 Et
2135 830 2459 900 capillorum
2493 831 2679 896 tersio,

2038 919 2106 974 Et
2133 918 2330 990 pedum
2362 919 2651 985 osculatio,

2039 1009 2108 1063 Et
2135 1007 2397 1078 unguenti
2421 1005 2637 1062 effusio.

2114 1097 2306 1151 Totum
2319 1103 2423 1152 tua:
2442 1095 2676 1166 pietatis,

2047 1183 2204 1253 Quod
2237 1184 2364 1242 fecit
2390 1185 2508 1240 haec
2539 1199 2640 1256 pro
2668 1183 2928 1255 peccatis,

2049 1271 2206 1341 Quod
2236 1287 2333 1344 pro
2363 1273 2565 1329 nostris
2593 1271 2874 1329 faciamus.

2051 1363 2152 1429 Da,
2186 1361 2293 1434 pie,
2324 1377 2394 1417 ne
2423 1376 2738 1434 pereamus.

2123 1451 2240 1506 Deo
2271 1450 2442 1516 Patri,
2482 1460 2533 1506 et
2562 1451 2719 1519 Filio,

2053 1537 2281 1608 Spiritui
2307 1538 2593 1610 paraclito,

2059 1627 2263 1694 Honor,
2287 1627 2478 1694 virtus,
2512 1635 2564 1683 et
2593 1625 2775 1699 gloria

2062 1716 2122 1770 In
2153 1715 2486 1787 sempiterna
2516 1715 2744 1771 saecula.
2782 1716 2981 1772 Amen.

201 2033 3393 2062 Mm

1360 2169 2232 2322 GOFFRIDI

1139 2470 1432 2528 ABBATIS
1462 2467 2013 2529 VINDOCINENSIS
2042 2471 2108 2526 B.
2166 2466 2427 2526 PRISCE
2459 2469 2880 2528 CARDINALIS

1449 2675 2148 2782 SERMONES.

693 2995 928 3053 SERMO
957 2996 1231 3054 PRIMUS.

631 3156 687 3196 1N
708 3154 1038 3197 NATIVITATE
1065 3151 1265 3196 DOHINI
1279 3177 1292 3193 ο

241 3292 436 3360 Hodie,
465 3289 829 3359 dilectissimi,
864 3289 1192 3346 venerabilis
1223 3294 1275 3345 et
1306 3285 1634 3344 universalis
1667 3301 1764 3342 re—

167 3383 303 3457 gina
356 3381 676 3456 angelorum
731 3389 783 3436 et
835 3378 1113 3435 hominum
1168 3377 1328 3450 virgo
1385 3375 1568 3443 Maria,
1607 3391 1769 3447 quem

169 3471 346 3528 verbo
379 3469 629 3541 concepit
658 3469 932 3542 angelico,
966 3468 1157 3525 clauso
1186 3477 1342 3523 utero
1362 3475 1548 3521 natum
1567 3464 1768 3520 mundo

167 3560 339 3617 edidit
369 3560 736 3615 Salvatorem.
775 3557 821 3613 0
844 3573 967 3614 cum
998 3556 1199 3629 gaudio
1231 3564 1284 3612 et
1315 3555 1422 3611 fide
1452 3553 1771 3610 admiranda

166 3649 456 3704 nativitasl
492 3649 634 3704 Ecce
663 3647 858 3701 mulier
886 3645 1005 3701 sine
1061 3645 1206 3701 coitu
1237 3644 1493 3714 concipit.
1545 3641 1770 3716 gravida

169 3739 292 3794 sine
323 3738 582 3809 gravitate
612 3735 864 3801 efﬁcitur,
895 3734 1033 3806 parit
1059 3734 1178 3790 sine
1206 3731 1420 3802 dolore,
1450 3732 1615 3804 virgo
1636 3745 1768 3786 san-

170 3836 263 3884 cta
291 3834 413 3881 ante
442 3832 676 3897 partum,
709 3824 768 3879 in
823 3831 978 3895 partu
1026 3822 1181 3896 virgo
1223 3821 1482 3886 sanctior,
1534 3819 1770 3876 sanctis-

171 3915 318 3971 sima
359 3913 516 3986 virgo
562 3921 686 3984 post
739 3920 970 3984 partum,
1005 3911 1120 3967 haec
1169 3911 1286 3968 sola
1314 3909 1552 3964 laetitiam
1582 3905 1773 3962 matris

170 4003 337 4060 simul
366 4003 612 4059 obtinere
659 4001 871 4067 meruit,
905 4007 958 4055 et
1012 3999 1247 4072 gloriam
1304 3997 1664 4070 virginitatis:
1701 3995 1773 4050 de

171 4094 334 4162 cujus
364 4091 527 4148 castis
583 4089 905 4157 visceribus,
958 4089 1103 4143 Deus
1153 4088 1318 4143 homo
1365 4086 1545 4143 factus
1575 4083 1646 4140 ad
1674 4099 1775 4138 nos

173 4181 348 4251 venit,
381 4181 436 4234 in
465 4177 586 4234 sinu
617 4177 862 4250 Virginis
919 4175 1106 4231 matris
1166 4177 1330 4232 beata
1356 4175 1529 4230 ubera
1577 4172 1778 4245 quibus

173 4272 270 4344 pie
299 4269 638 4324 nutriebatur
661 4265 829 4342 324
860 4263 1009 4320 filiali
1038 4264 1326 4320 dicletione
1359 4271 1618 4336 appetere
1662 4277 1776 4317 non

1786 3007 1838 3064 B
1868 2997 2006 3054 tiens
2029 2999 2252 3065 misero,
2283 3013 2353 3054 ne
2380 2997 2546 3054 miser
2574 2996 2629 3054 in
2685 2997 2909 3056 miseria
2927 3005 3260 3068 remaneret,
3289 2996 3462 3058 mise-

1872 3087 2168 3144 ricordiam
2223 3087 2368 3154 fecit,
2435 3095 2488 3143 et
2515 3088 2606 3159 qui
2635 3088 2791 3158 prius
2832 3097 3154 3159 peccantem
3205 3089 3464 3162 angelum

1872 3176 2022 3243 juste
2049 3175 2424 3242 damnaverat,
2451 3175 2522 3230 ab
2543 3190 2610 3232 eo
2666 3175 2950 3232 seductum
2979 3176 3263 3232 hominem
3297 3177 3462 3233 mise-

1875 3263 2166 3320 ricorditer
2194 3262 2461 3335 respexit.
2527 3263 2773 3320 Peccavit
2825 3263 3076 3337 angelus,
3128 3272 3182 3321 et
3211 3279 3242 3320 a
3270 3265 3386 3321 Deo
3415 3265 3469 3320 in

1878 3359 2142 3407 aeternum
2172 3353 2498 3407 damnatur:
2530 3351 2781 3423 peccavit
2816 3353 3000 3420 homo,
3021 3360 3075 3409 et
3095 3353 3244 3408 Deus
3275 3353 3328 3408 in
3361 3360 3471 3409 tan-

1877 3448 1990 3496 tum
2017 3440 2095 3495 illi
2123 3440 2461 3512 compatitur,
2495 3449 2554 3496 ut
2579 3457 2687 3498 non
2718 3441 2900 3497 solum
2928 3457 3030 3512 pro
3065 3441 3161 3498 illo
3191 3441 3308 3498 inca
3323 3442 3471 3498 rnari

1880 3546 1934 3594 et
1962 3539 2113 3603 nasci
2142 3539 2486 3612 dignaretur,
2519 3539 2616 3596 sed
2655 3539 2811 3597 mori.
2845 3539 2892 3595 Ο
2921 3538 3062 3595 mira
3092 3547 3146 3595 et
3184 3539 3472 3597 inenarra-

1879 3627 2003 3683 bilis
2033 3627 2180 3685 circa
2208 3628 2485 3684 hominem
2501 3627 2717 3683 Domini
2734 3627 2911 3698 pietas
2937 3627 3015 3684 l0
3046 3628 3203 3685 valde
3224 3629 3477 3686 districta

1882 3728 1979 3782 sed
2009 3726 2230 3782 omnino
2278 3727 2422 3795 justa
2468 3733 2657 3782 contra
2714 3726 2975 3798 angelum
3031 3727 3132 3783 Dei
3162 3729 3468 3785 severitas!

1879 3817 2070 3871 Justus
2099 3815 2285 3887 itaque
2307 3823 2362 3870 et
2389 3814 2511 3887 pius
2534 3814 2702 3890 325
2735 3815 3000 3870 Dominus
3030 3823 3084 3872 et
3101 3824 3293 3873 contra
3313 3833 3476 3889 ange-

1882 3914 1992 3968 lum
2021 3913 2138 3986 egit
2158 3912 2473 3980 severitate,
2497 3920 2549 3968 et
2567 3927 2701 3984 erga
2713 3912 2993 3969 hominem
3013 3913 3232 3985 pietatis
3253 3929 3474 3973 amore.

1884 4003 2123 4074 Uterque
2145 4002 2424 4073 peccando
2443 4010 2747 4067 corruerat,
2763 4002 2862 4058 sed
2895 4001 3152 4075 angelum
3172 4003 3242 4060 ad
3262 4018 3482 4076 pcenam

1885 4091 2033 4146 Deus
2062 4091 2340 4162 deputavit
2370 4098 2629 4147 aeternam
2691 4106 2920 4147 censura
2944 4092 3188 4163 justitiae,
3221 4101 3274 4149 et
3296 4095 3478 4151 homi-

1884 4206 2007 4245 nem
2066 4189 2346 4245 revocavit
2399 4189 2470 4244 ad
2527 4188 2763 4262 gloriam
2822 4189 3014 4247 intuitu
3053 4192 3469 4250 misericordiae.

1887 4277 2121 4334 Provida
2148 4294 2384 4350 namque
2440 4286 2494 4334 et
2549 4279 2858 4334 rationabili
2911 4280 3013 4336 Dei
3068 4281 3479 4354 dispensatione

178 4368 510 4439 dedignans.
543 4366 609 4421 Et
626 4381 746 4431 nos,
782 4363 991 4430 fratres,
1023 4362 1124 4418 Dei
1153 4370 1207 4418 et
1232 4361 1471 4418 hominis
1516 4359 1772 4449 nativitaf
1803 4365 1852 4431 ζ]
1883 4383 2062 4433 actum
2093 4383 2176 4431 εει
2204 4383 2262 4431 ιη
2300 4376 2454 4444 cujus
2481 4376 2685 4448 gradus
2742 4376 2914 4432 fuerat
2961 4377 3139 4447 amor,
3169 4380 3288 4449 eius
3317 4396 3480 4438 casus

179 4467 295 4514 tem
323 4455 610 4512 devotione
635 4453 978 4510 celebrantes
1013 4450 1365 4516 exsultemus,
1391 4450 1516 4523 quia
1535 4451 1653 4504 haec
1672 4447 1774 4504 Dei

181 4555 238 4602 et
267 4543 484 4600 Domini
512 4541 684 4599 nostri
713 4541 964 4598 nativitas
1002 4540 1274 4612 perditum
1321 4539 1444 4597 vitae
1474 4537 1776 4595 remedium

178 4633 494 4690 hominibus
525 4629 792 4694 reddidit;
820 4645 1021 4685 novum
1051 4628 1230 4684 intulit
1275 4628 1414 4686 coelo
1473 4627 1766 4699 gaudium.

181 4721 476 4794 Reparatio
504 4719 723 4791 generis
781 4718 999 4773 humani
1029 4717 1178 4775 facta
1207 4725 1290 4773 est
1345 4732 1496 4773 mors
1540 4714 1776 4788 peccati,

182 4811 392 4868 diaboli
419 4808 690 4877 confusio,
725 4807 1041 4880 exspoliatio
1070 4806 1284 4862 inferni.
1320 4807 1474 4873 Haec,
1531 4804 1776 4876 inquam,

181 4899 495 4965 ineffabilia,
529 4898 694 4952 chara
714 4896 955 4968 angelis,
988 4895 1298 4951 hominibus
1335 4893 1650 4950 necessaria
1678 4891 1782 4948 Dei

183 4988 436 5046 nativitas
489 4984 785 5053 hominem,
843 4985 1080 5056 primum
1138 4999 1358 5040 servum
1416 4981 1624 5038 diaboli
1683 4996 1783 5052 per

184 5075 574 5136 inobedientiae
629 5081 934 5144 peccatum,
995 5073 1226 5129 liberum
1296 5070 1469 5138 fecit;
1526 5085 1782 5141 eumque,

191 5167 339 5222 unde
365 5163 661 5230 ceciderat,
716 5161 932 5218 reduxit
987 5161 1057 5216 ad
1085 5160 1426 5232 paradisum,
1467 5175 1575 5214 non
1607 5159 1787 5213 minus

193 5254 386 5328 gloria:
409 5252 762 5317 obtinentem,
813 5265 979 5323 quam
1027 5258 1318 5321 antequam
1354 5254 1656 5319 peccasset,
1683 5246 1791 5301 ha-

194 5346 407 5399 buerat.
439 5341 520 5396 Ad
569 5339 931 5410 dejiciendum
985 5339 1257 5394 hominem
1297 5345 1490 5409 potens
1541 5335 1638 5391 fuit
1667 5334 1789 5390 ino-

194 5431 486 5488 bedientia:
515 5429 694 5501 culpa,
728 5429 826 5484 sed
855 5427 926 5483 ad
953 5427 1105 5483 illum
1134 5427 1462 5500 erigendum
1491 5424 1791 5480 Dominicas

194 5519 489 5578 nativitatis
519 5518 796 5589 potentior
821 5516 1027 5572 exstitit
1081 5517 1280 5589 gratia.
1332 5514 1508 5573 Valuit
1535 5512 1790 5585 equidem

196 5609 424 5666 inﬁcere
452 5605 660 5678 antiqui
707 5606 974 5678 serpentis
1025 5620 1302 5662 venenosa
1331 5603 1549 5669 astutia,
1580 5601 1676 5658 sed
1705 5601 1794 5656 in-

1881 4465 2038 4520 fieret
2065 4463 2332 4538 gravior;
2367 4471 2419 4520 et
2447 4466 2557 4536 qui,
2617 4464 2766 4521 nullo
2820 4465 2945 4535 alio,
2971 4467 3076 4522 nisi
3106 4468 3310 4540 seipso,
3344 4486 3480 4526 sua-

1881 4562 2042 4618 dente
2071 4561 2156 4619 vel
2211 4563 2536 4634 decipiente,
2594 4579 2700 4620 nec
2729 4579 2960 4620 carnem
2994 4566 3250 4637 portabat
3278 4568 3477 4624 huma-

1883 4679 2030 4734 nam,
2063 4664 2132 4720 de
2153 4681 2257 4736 qua
2289 4663 2541 4733 forsitan,
2564 4665 2690 4722 licet
2712 4666 2912 4736 injuste
2933 4668 3218 4724 materiam
3247 4685 3484 4741 peccan-

1886 4753 1941 4810 di
1968 4761 2155 4825 posset
2184 4755 2522 4822 contrahere,
2556 4755 2656 4811 sed
2686 4755 2805 4811 sola
2860 4756 3153 4829 iniquitate
3181 4759 3478 4830 superbiae,

1888 4868 2001 4906 suae
2027 4850 2350 4923 perditionis
2371 4849 2544 4907 factor
2601 4852 2699 4909 fuit
2756 4861 2808 4908 et
2837 4853 3064 4909 alterius
3120 4854 3316 4926 culpas,
3351 4856 3481 4911 dum

1888 4940 2054 4996 inillo
2082 4939 2344 5011 superbia
2364 4941 2502 5012 cepit
2535 4941 2764 5008 initium,
2797 4942 2916 5011 ejus
2979 4953 3196 4999 careret
3218 4943 3325 5002 fine
3357 4962 3489 5016 sup-

1891 5029 2132 5100 plicium,
2167 5043 2268 5086 nec
2297 5029 2408 5085 ulla
2437 5030 2696 5102 deinceps
2724 5031 2932 5087 ratione
2969 5032 3018 5087 ei
3050 5032 3244 5089 liceret
3275 5033 3486 5090 habere

1893 5133 2048 5190 spem
2075 5116 2269 5187 veniae,
2304 5117 2396 5190 qui
2445 5119 2694 5175 inventor
2747 5120 2947 5176 exstitit
2977 5127 3029 5176 et
3059 5129 3244 5177 manet
3292 5131 3492 5194 auctor

1896 5213 2056 5263 tanta}
2097 5207 2376 5278 nequitiae.
2449 5209 2622 5263 Homo
2682 5225 2809 5265 vero
2862 5209 3276 5278 inexcusabilis,
3359 5215 3494 5285 quia

1896 5296 2146 5368 peccavit
2173 5311 2273 5368 qer
2296 5296 2734 5367 inobedientiam,
2777 5305 2830 5354 et
2871 5299 3245 5372 interrogatus
3275 5302 3492 5374 culpam

1900 5383 2147 5442 confiteri
2201 5384 2432 5453 distulit,
2475 5386 2835 5455 dejectionem
2889 5389 3090 5444 meruit
3149 5397 3202 5446 et
3251 5391 3487 5452 ruinam.

1900 5483 1969 5537 Et
1997 5481 2087 5554 qui
2115 5491 2238 5538 ante
2268 5481 2321 5537 in
2350 5484 2605 5554 paradiso
2632 5485 2800 5540 solam
2834 5485 3223 5544 beatitudinem
3239 5498 3492 5558 noverat,

1902 5587 2027 5628 cum
2057 5588 2116 5627 se
2145 5587 2248 5643 per
2273 5580 2560 5642 peccatum
2588 5573 2805 5630 diabolo
2824 5575 3188 5648 mancipatum
3218 5589 3495 5650 cerneret,

201 5699 406 5756 fectum
433 5696 639 5752 curavit
666 5697 779 5750 nati
807 5694 1104 5751 Salvatoris
1133 5703 1442 5766 praepotens
1485 5689 1786 5747 medicina.
1824 5729 1878 5790 Β
1907 5677 1960 5726 θί
1975 5669 2240 5790 ξξνθνεαδ
2268 5669 2323 5723 in
2368 5669 2571 5790 ηπξυάο
2627 5671 2969 5740 experiretur
3027 5673 3302 5743 miserias.
3334 5673 3504 5730 ὺίωίᾶ

272 5788 280 5790 ξ
349 5787 358 5790 -
492 5785 528 5790 _
578 5783 588 5790 .
726 5785 739 5790 -
858 5785 868 5790 -
915 5783 926 5790 Α
1005 5783 1040 5790 --
1087 5789 1092 5790 ,
1158 5783 1169 5790 .
1330 5783 1339 5790 .
1440 5781 1453 5790 ι
1547 5781 1557 5790 ι
1717 5787 1726 5790 -
1914 5767 1964 5790 Ξ..
2000 5783 2020 5790 Α
2049 5766 2224 5790 ερει-ι-
2249 5781 2438 5790 ΔΑ-Δ--Α
2470 5784 2557 5790 ---ρ
2592 5768 2842 5790 -..2---μ
2896 5768 3202 5790 PA‘EASAAA_,,_
3245 5771 3359 5790 ﬁl-“
3382 5788 3395 5790 -
3421 5788 3497 5790 _,,-

204 5787 464 5845 Inimicus
492 5783 593 5838 Dei
621 5792 672 5839 et
725 5783 960 5839 hominis
989 5783 1240 5839 diabolus
1269 5781 1506 5838 miseriae
1545 5781 1798 5836 inventor

207 5875 437 5939 exstitit,
502 5871 604 5927 sed
666 5873 812 5928 Deus
858 5871 1026 5928 factor
1093 5871 1508 5928 misericordiae.
1559 5869 1654 5925 Ille
1711 5885 1808 5925 sua

209 5965 403 6026 fraude
430 5959 706 6019 hominem
763 5961 1024 6018 miserum
1086 5961 1361 6029 reddidit;
1401 5961 1550 6019 Deus
1577 5973 1807 6032 compa-

1914 5765 2226 5824 infelicitate
2247 5767 2560 5834 compulsus
2589 5768 2847 5824 amissam
2895 5768 3212 5828 felicitatem
3241 5771 3508 5844 plangere

1917 5866 2078 5938 cmpit
2108 5882 2403 5922 conversus
2432 5865 2499 5920 ad
2530 5865 2825 5938 lacrymas.
2892 5868 3161 5938 Gemebat
3180 5870 3344 5925 homo
3375 5885 3515 5925 reus

1919 5957 2021 6015 sub
2049 5971 2218 6014 onere
2246 5962 2446 6027 reatus,
2481 5967 2582 6014 nec
2610 5957 2727 6013 suis
2757 5957 3018 6031 lacrymis
3048 5974 3079 6015 a
3099 5965 3322 6030 peccato
3354 5957 3507 6014 vale-
