3910 6400
462 379 571 450 ω
1483 364 1828 441 comm
1864 362 2154 443 mearis
2189 364 2744 440 vmnocthNSIS
3693 374 3809 443 sto

461 516 557 572 bat
609 510 779 581 ablui,
837 507 966 586 quia
1008 500 1275 583 Iacrymas
1332 506 1478 565 illius
1529 508 1717 567 miseri
1764 509 2065 583 superabat
2090 517 2148 580 Α
2172 508 2507 566 nuntiemus.
2536 507 2787 567 Perfecto
2806 507 2933 566 odio
2960 507 3197 581 peccatis
3224 507 3551 567 renuntiare
3584 518 3703 579 est,
3742 527 3803 567 se

461 601 786 675 magnitudo
803 600 1038 673 peccati.
1084 597 1194 656 Sed
1237 598 1387 654 Deus
1441 612 1600 653 reum
1633 596 1851 656 salvere
1872 599 2065 656 volens
2177 598 2395 674 qualem
2426 598 2580 654 illum
2608 598 2757 654 Deus
2804 596 2930 655 fecit
2961 597 3128 674 328
3154 597 3401 670 diligere,
3449 606 3506 655 et
3555 598 3801 671 qualem

466 700 522 750 et
548 692 813 748 damnare
868 698 1092 756 reatum,
1153 687 1433 744 nuntiante
1491 686 1709 759 angelo,
1759 694 1811 743 et
1866 704 2057 760 super-

2176 696 2360 767 seipse
2390 694 2635 766 pacando
2667 694 2812 762 fecit,
2840 694 3044 751 odisse.
3105 694 3386 750 Ponamus
3415 704 3548 751 ante
3585 695 3799 752 faciem

466 775 723 835 veniente
752 773 955 846 Spiritu
988 780 1203 842 sancto,
1227 772 1283 827 in
1310 780 1523 828 uterum
1557 771 1797 844 Virginis
1823 772 2066 830 descen-
2174 783 2371 839 anima;
2392 790 2616 851 nostra,
2648 792 2703 839 et,
2730 783 2785 839 in
2814 784 3078 840 memoria
3108 782 3270 840 ﬁxum
3300 792 3597 840 teneamus
3621 800 3794 857 quam

466 865 572 933 dit;
602 863 741 921 etin
798 877 906 936 qua
935 877 1037 934 pro
1075 860 1298 917 homine
1354 866 1659 932 pateretur,
1692 876 1919 917 carnem
1968 876 2065 917 as-
2172 872 2480 928 admirabili
2538 872 2737 944 gratia,
2793 881 3082 945 antequam
3124 888 3391 929 essemus.
3451 874 3614 929 Deus
3687 889 3795 929 nos

467 960 724 1034 sumpsit.
763 959 811 1016 0
865 957 1153 1030 stupenda,
1191 965 1246 1014 et
1277 955 1445 1033 326
1504 954 1633 1014 fidei
1660 972 1726 1015 ac
1760 957 2067 1015 dilectionis
2170 960 2441 1028 condidit;
2475 959 2544 1016 de
2573 969 2774 1033 quanta
2802 960 3042 1028 miseria,
3074 969 3127 1017 et
3160 968 3361 1034 quanta
3398 964 3520 1031 ejus
3551 961 3793 1017 miseri-

466 1058 708 1118 hrachiis
735 1056 1115 1130 amplectenda
1142 1055 1470 1127 assumptio,
1524 1071 1627 1126 per
1653 1070 1819 1127 quam
1851 1054 2062 1112 factura
2169 1050 2357 1107 cordia
2385 1048 2603 1105 liberati
2634 1057 2826 1121 postea
2849 1066 3039 1106 sumus
3066 1068 3079 1114 ;
3109 1058 3164 1106 et
3193 1049 3362 1117 illum,
3382 1050 3476 1122 qui
3505 1050 3687 1106 hodie
3718 1052 3791 1106 de

467 1149 700 1223 Facturi,
730 1162 922 1212 natura
967 1164 1152 1211 creata
1190 1152 1376 1210 unitur
1402 1152 1685 1220 Creatori,
1737 1154 1905 1222 Deus,
1958 1168 2057 1225 pro

2168 1154 2267 1194 sua
2296 1137 2645 1195 sanctissima
2673 1138 2884 1210 virgine
2914 1146 3082 1195 matre
3110 1138 3357 1210 gloriosa
3394 1138 3577 1194 Maria
3615 1146 3789 1195 natus

2167 1236 2249 1285 est
2277 1227 2457 1294 nobis,
2490 1227 2615 1283 totis
2644 1226 2947 1284 visceribus
2992 1227 3312 1299 diligamus.
3350 1225 3456 1296 Qui
3484 1243 3619 1294 nos,
3649 1227 3787 1285 licet

2168 1332 2319 1382 reos,
2350 1322 2404 1372 et
2432 1315 2633 1388 diligit,
2655 1323 2710 1371 et
2738 1323 2954 1372 nostros
2973 1315 3087 1372 odit
3116 1323 3322 1372 reatus.
3345 1315 3498 1382 Quos
3510 1316 3645 1387 ipse
3663 1333 3786 1374 sum

2167 1399 2383 1471 pietatis
2438 1399 2617 1472 gratia
2671 1399 2938 1456 mundare
2991 1400 3246 1473 dignetur
3297 1400 3456 1456 Jesus
3507 1400 3783 1457 Christus

2166 1488 2313 1544 Deus
2340 1495 2393 1544 et
2422 1488 2686 1544 Dominus
2712 1496 2924 1554 noster,
2954 1489 3045 1546 cui
3074 1496 3157 1545 est
3182 1504 3306 1546 cum
3337 1490 3492 1545 Patre
3552 1497 3616 1546 et
3650 1490 3784 1562 Spi-

462 1241 683 1301 homine
702 1240 892 1311 homo,
905 1238 1222 1296 misericors
1250 1237 1481 1294 efﬁcitur
1498 1252 1600 1309 pro
1628 1238 1855 1305 misero,
1881 1239 2063 1307 justus

459 1347 560 1406 pro
613 1335 906 1404 peccatore
957 1328 1267 1397 damnatur,
1318 1326 1441 1399 pius
1486 1342 1591 1399 pro
1636 1326 1842 1399 impio!
1892 1328 1938 1385 Ο
1969 1330 2060 1383 in-

461 1417 803 1479 aestimabilia
831 1416 1029 1473 divinae
1043 1415 1262 1489 pietatis
1278 1415 1583 1483 miseratio,
1601 1431 1701 1489 per
1715 1432 1880 1489 quam
1899 1425 2062 1474 natus

457 1516 559 1575 Dei
590 1515 759 1573 Filius
785 1513 993 1571 mundo
1024 1511 1306 1585 apparuit;
1366 1520 1568 1571 etcum
1595 1522 1741 1571 esset
1789 1516 2063 1574 Dominus

455 1604 724 1673 omnium,
756 1611 812 1659 ut
840 1618 875 1660 a
898 1610 1075 1659 morte
1106 1617 1324 1659 servum
1355 1600 1671 1670 redimeret,
1725 1603 2060 1661 immortalis

458 1702 699 1752 mortem
719 1691 996 1764 suscepit;
1032 1690 1151 1757 sed,
1179 1690 1304 1764 quia
1334 1691 1508 1748 beatas
1537 1691 1666 1749 vita:
1686 1708 1834 1750 mors
1878 1694 2058 1750 domi-

453 1783 571 1841 nari
601 1782 864 1855 nequivit,
923 1780 1013 1837 die
1032 1779 1186 1837 tertia
1204 1780 1469 1836 Dominus
1524 1782 1845 1839 resurrexit.
1880 1783 2054 1839 Morte

455 1888 554 1929 sua
600 1870 852 1928 Salvator
899 1876 1089 1926 noster
1167 1868 1441 1926 hominem
1495 1870 1771 1927 suscitavit
1822 1881 2047 1943 peccato
2075 1875 2129 1935 Β

2167 1575 2267 1632 ritu
2292 1584 2480 1633 sancto
2507 1576 2686 1633 omnis
2714 1577 2889 1634 honor
2917 1584 2973 1633 et
2998 1575 3195 1649 gloria,
3228 1593 3326 1649 per
3352 1577 3536 1633 omnia
3556 1579 3780 1637 secula

2165 1665 2485 1723 saeculorum
2498 1706 2513 1720 .
2551 1668 2723 1723 Amen

2794 1855 3031 1914 SERMO
3070 1856 3144 1913 Il.

455 1968 754 2027 mortuum,
787 1974 1086 2030 resurgens
1113 1974 1144 2013 a
1172 1957 1402 2014 mortuis
1428 1973 1539 2014 non
1567 1958 1745 2015 solum
1775 1958 1854 2016 illi
1885 1976 2055 2032 para-

454 2050 639 2107 disum
674 2046 930 2114 reddidit,
962 2046 1061 2103 sed
1091 2045 1319 2104 contulit
1347 2046 1576 2104 coelum.
1614 2047 1925 2105 Incarnatio
1948 2050 2056 2104 ita-

456 2154 566 2211 que
599 2134 979 2208 Redemptoris
1030 2136 1223 2201 nostri,
1256 2134 1528 2202 nativitas,
1580 2152 1747 2205 mors,
1774 2144 1830 2193 et
1858 2154 2054 2194 resur-

458 2226 652 2293 rectio,
685 2231 886 2280 nostrae
942 2222 1132 2280 salutis
1187 2223 1433 2295 operatio
1486 2224 1606 2292 luit,
1663 2233 1718 2281 et
1772 2225 2057 2283 diabolicae

457 2314 586 2372 artis
614 2313 940 2370 destructio.
995 2312 1109 2368 Sua
1170 2319 1434 2385 praeterea
1489 2312 1867 2371 incarnatione
1895 2315 2057 2372 beni-

458 2428 604 2486 gnus
630 2411 792 2467 Iesus
823 2408 983 2467 nobis
1012 2409 1334 2467 humilitatis
1387 2412 1697 2485 exemplum
1737 2414 2047 2486 proposuit.

455 2499 630 2558 Natus
656 2513 935 2573 apparens
959 2499 1163 2556 mundo
1192 2507 1244 2555 et
1298 2500 1530 2573 loquens
1584 2502 1921 2571 hominibus,
1963 2520 2057 2559 sa-

456 2588 677 2663 pientim
704 2603 817 2644 sua:
845 2587 1093 2644 doctrina
1147 2604 1249 2644 nos
1305 2588 1547 2656 intruxit,
1604 2598 1780 2647 morte
1826 2607 1927 2649 sua
1954 2609 2057 2650 nos

460 2687 649 2746 docuit
664 2686 1021 2759 patientiam;
1068 2686 1490 2755 resurrectione,
1544 2686 1790 2747 invitavit
1841 2691 1909 2746 ad
1938 2691 2060 2764 glo-

459 2778 613 2836 riam.
655 2775 845 2849 Igitur,
877 2774 1215 2832 dilectissimi
1255 2775 1467 2847 fratres,
1500 2794 1624 2851 qum
1679 2796 1897 2836 sursum
1931 2789 2059 2836 sunt

461 2874 780 2949 diligamus,
811 2887 920 2929 non
949 2888 1076 2944 qum
1126 2887 1295 2946 super
1315 2882 1517 2931 terram
1543 2895 1558 2943 ;
1602 2884 1655 2932 et
1682 2878 1892 2934 sanctis
1918 2893 2057 2951 0pc-

463 2963 620 3021 ribus
649 2960 1070 3033 Redemptorem
1125 2969 1373 3018 nostrum
1417 2979 1709 3037 sequamur
1752 2966 1824 3022 ad
1854 2967 2059 3039 gaudia

464 3067 686 3117 eterna:
708 3057 1005 3124 felicitatis,
1036 3074 1144 3132 quo
1175 3073 1274 3116 nos
1303 3060 1421 3132 ipse
1450 3061 1506 3117 in
1525 3077 1691 3120 carne
1719 3073 1901 3122 nostra
1918 3083 2058 3139 prte-

460 3147 647 3216 cessit,
678 3156 731 3205 et
760 3155 918 3205 vocat
945 3147 1149 3205 sedens
1195 3148 1267 3206 ad
1304 3149 1585 3208 dexteram
1609 3153 1816 3209 Patris.
1874 3157 2053 3228 Ipsum

463 3236 630 3297 etiam
659 3250 762 3310 pro
780 3236 940 3292 nobis
967 3236 1108 3309 apud
1141 3237 1353 3294 Patrem
1381 3239 1726 3298 intercedere
1751 3250 1863 3300 toto
1891 3246 2059 3303 corde
2088 3234 2138 3300 C

463 3325 776 3394 credamus,
807 3324 955 3397 quia,
990 3324 1098 3381 nisi
1119 3325 1239 3395 ejus
1267 3326 1615 3385 sanctissima
1658 3330 2057 3392 intercessione

463 3431 517 3482 et
543 3422 739 3482 virtute
766 3422 1094 3492 muniamur,
1126 3423 1347 3480 diabolo
1363 3440 1473 3481 non
1501 3426 1748 3485 valemus
1775 3430 2057 3501 resistere,

464 3522 557 3596 qui
586 3519 733 3578 vires
761 3534 888 3575 suas
931 3520 1162 3577 mutavit
1193 3519 1362 3598 327
1396 3522 1639 3596 quidem,
1697 3542 1809 3584 non
1880 3529 2060 3587 amisit

464 3619 736 3690 deiectus.
773 3616 913 3674 Vere
942 3625 1063 3675 orat
1091 3633 1194 3691 pro
1249 3619 1409 3675 nobis
1463 3621 1733 3678 Dominus
1787 3624 1840 3681 in
1898 3643 2060 3685 carne

465 3731 625 3791 quam
656 3714 952 3788 assumpsit
978 3731 1077 3788 pro
1121 3715 1303 3773 nobis.
1334 3717 1450 3774 Nec
1480 3718 1809 3790 mirandum,
1835 3724 1879 3779 si
1913 3726 2059 3782 Patri

466 3820 566 3864 suo
594 3819 790 3879 preces
816 3802 1217 3878 prapitiationis
1244 3821 1346 3878 pro
1361 3805 1539 3864 salute
1566 3808 1801 3866 hominis
1821 3814 2060 3880 exhibet,

465 3895 559 3971 qui
587 3895 752 3953 homo
770 3892 891 3950 ﬁeri
919 3893 1111 3961 voluit,
1142 3909 1213 3951 ne
1270 3894 1435 3952 homo
1492 3897 1725 3968 periret.
1755 3901 1877 3957 Non
1909 3903 2061 3960 dedi-

464 3998 669 4068 gnatur
694 3991 819 4065 plus
838 3991 1103 4048 Dominus
1123 3990 1179 4048 in
1194 3991 1396 4051 coelum
1417 4002 1754 4067 assumptus,
1786 3997 2063 4058 hominem

455 4091 652 4164 iuvare
678 4089 735 4146 in
761 4088 945 4158 terris,
976 4105 1140 4163 quem
1195 4098 1247 4147 et
1272 4105 1306 4147 a
1332 4100 1561 4163 peccato
1616 4094 1882 4154 mundare
1930 4100 2062 4162 vult,

463 4186 517 4238 et
543 4192 733 4237 aecum
761 4193 994 4250 regnare
1031 4179 1087 4235 in
1135 4180 1311 4247 cmiis,
1363 4181 1624 4255 illumque
1674 4191 1824 4243 tanto
1870 4200 2062 4247 amere

460 4276 804 4351 amplecitur,
837 4283 896 4334 ut
922 4277 969 4334 si
998 4294 1125 4335 eum
1155 4279 1339 4339 adhuc
1393 4296 1498 4355 pro
1526 4281 1620 4340 illo
1673 4286 1814 4342 mori
1840 4287 2064 4357 justitiae

450 4377 578 4451 jura
605 4377 905 4452 exigerent,
961 4378 1180 4453 pietatis
1209 4380 1315 4438 sibi
1365 4381 1585 4441 viscera
1632 4401 1740 4444 non
1770 4387 2053 4449 deessent.

458 4467 583 4526 Non
626 4466 792 4524 debet
837 4467 1007 4526 homo
1049 4468 1347 4544 desperare
1392 4471 1463 4529 de
1502 4475 1724 4548 proprio
1761 4475 1941 4551 lapsu,
1974 4482 2064 4539 cui

453 4569 607 4663 Deus
631 4570 965 4663 compatitur
980 4578 1144 4631 tantm
1166 4574 1476 4633 dilectionis
1508 4577 1726 4648 affectu,
1752 4582 2054 4642 neciterum
2085 4598 2140 4663 ι)

455 4660 575 4719 sine
603 4660 802 4718 timore
831 4675 1081 4734 sperare,
1105 4679 1173 4722 ne
1203 4674 1386 4722 sumat
1414 4668 1759 4726 occasionem
1789 4676 2057 4744 peccandi

450 4759 523 4819 de
549 4759 904 4837 magniudine
958 4760 1369 4822 misericordiae.
1438 4765 1736 4839 Culpabilis
1765 4778 1848 4827 est
1895 4771 2058 4830 valde

449 4863 616 4924 humo
643 4864 758 4933 ille,
783 4863 894 4935 ille,
918 4864 1145 4939 inquam
1197 4866 1424 4926 omnino
1487 4869 1799 4945 culpabilis,
1857 4875 1949 4950 qui
1981 4877 2053 4934 de

446 4966 647 5040 pietate
664 4965 966 5025 Salvatoris
986 4983 1048 5026 se
1073 4967 1198 5027 facit
1222 4968 1467 5044 impium,
1496 4976 1553 5031 et
1587 4973 1711 5047 ejus
1731 4974 2056 5036 beneficium

444 5052 758 5115 dilectionis
783 5055 944 5114 vertit
971 5056 1028 5113 in
1055 5055 1359 5134 iniquitatis
1379 5071 1758 5136 augmentum.
1791 5067 2057 5125 Christia-

444 5165 531 5212 ne
559 5151 688 5212 fidei
702 5153 915 5223 obviat,
938 5163 990 5213 et
1006 5154 1240 5230 derogat
1274 5157 1485 5230 pietati,
1511 5159 1602 5233 qui
1621 5175 1962 5233 praesumens
1982 5165 2054 5223 de

446 5240 827 5301 misericordia
842 5242 945 5302 Dei
962 5242 1212 5303 securius
1231 5255 1451 5320 peccat,
1477 5248 1562 5306 vel
1581 5266 1681 5323 spe
1690 5253 1922 5325 agenda:
1939 5271 2055 5326 pm-

446 5338 688 5397 nitentiae
715 5350 941 5414 peccata
960 5343 1220 5402 cumulat.
1255 5344 1447 5403 Divina
1481 5347 1629 5404 enim
1658 5349 2050 5421 misericordia,

446 5432 503 5482 et
528 5426 869 5500 poenitentia,
919 5447 1043 5504 qua
1096 5432 1169 5490 ab
1215 5432 1308 5490 illa
1336 5434 1496 5492 nobis
1532 5444 1794 5511 tanquam
1823 5438 2053 5499 inﬁrmis

443 5522 745 5608 porrigitur
797 5525 1088 5597 medicina,
1146 5532 1395 5590 remedia
1435 5543 1562 5592 sunt
1597 5537 1884 5608 peccandi,
1941 5556 2054 5598 non

443 5606 814 5705 incitamenta.
844 5616 1051 5705 peccati
1062 5657 1089 5705 ._
1115 5617 1252 5705 Cum
1302 5622 1495 5682 timore
1513 5606 1715 5697 pariter
1740 5634 1795 5683 et
1842 5642 2049 5705 amore,

439 5691 638 5754 fratres
665 5696 992 5770 οιιινίεείωί,
1021 5701 1358 5764 admiremus
1385 5716 1442 5764 et
1468 5691 1793 5769 admirando
1841 5691 2052 5773 intelli-Z

441 5797 635 5853 gamus
660 5783 856 5843 collata
885 5789 1045 5846 nobis
1058 5788 1260 5849 divina
1281 5793 1589 5855 dilectionis
1615 5806 1674 5857 et
1703 5800 1900 5875 gratim
1929 5818 2053 5875 mu-

439 5888 582 5944 nera
604 5881 864 5960 pretiosa,
893 5890 951 5945 et
972 5886 1219 5962 peccatis
1277 5891 1483 5953 nostris
1507 5892 1752 5971 perfecto
1793 5899 1926 5963 odio
1950 5918 2048 5965 re-

2588 1999 2648 2040 ΙΝ
2670 1999 2998 2041 ΝΑτινιτΑτις
3027 2002 3222 2043 ΗΟΙΙΝΙ
3254 2001 3318 2042 ιι.

2232 2127 2428 2196 Hodie,
2461 2126 2824 2195 dilectissimi,
2883 2128 3260 2202 Redemptoris
3288 2130 3457 2186 nostri
3499 2130 3646 2188 facta
3677 2140 3764 2187 est

2164 2218 2417 2291 quadam
2468 2217 2740 2289 specialis,
2789 2225 2842 2273 et
2863 2218 3156 2288 singularis
3185 2218 3451 2290 operatio,
3479 2220 3606 2292 quia
3637 2220 3765 2290 ipse

2163 2314 2319 2362 natus
2348 2307 2520 2363 estde
2569 2313 2745 2362 matre
2771 2306 2891 2362 sine
2946 2314 3103 2378 patre
3132 2307 3185 2362 in
3234 2307 3454 2373 saecula,
3508 2309 3761 2381 quiante

2164 2394 2368 2452 saecula
2397 2395 2516 2450 sine
2564 2402 2739 2450 matre
2767 2394 2836 2450 de
2869 2394 3022 2451 Patre
3077 2405 3236 2451 natus
3268 2403 3370 2464 est,
3398 2395 3468 2452 ad
3521 2412 3627 2453 nos
3658 2414 3759 2454 ve-

2164 2483 2322 2539 niens
2351 2483 2419 2539 de
2449 2484 2609 2540 caelo.
2644 2484 2814 2538 Natus
2842 2490 2926 2537 est
2955 2483 3138 2555 itaque
3169 2482 3239 2540 de
3285 2482 3486 2540 femina
3515 2485 3756 2558 virgine,

2164 2572 2558 2644 omnipotentia
2599 2571 2897 2627 divinitatis
2950 2571 3196 2628 ordinem
3228 2580 3430 2628 natura;
3467 2580 3754 2647 transgre-

2162 2661 2342 2728 diens,
2376 2669 2429 2716 et
2458 2660 2723 2716 honorem
2783 2676 2897 2715 sum
2926 2660 3322 2716 honestissime
3349 2661 3555 2725 matris,
3588 2664 3755 2734 pudi-

2164 2750 2307 2807 citiae
2334 2757 2389 2806 et
2418 2749 2745 2822 virginitatis
2775 2748 2957 2820 sigillo
2984 2749 3328 2805 custodiens.
3374 2750 3496 2806 Non
3524 2760 3611 2807 est
3632 2753 3752 2823 jam

2164 2837 2400 2910 amplius
2428 2836 2649 2894 miseris
2688 2837 3094 2911 desperandum
3144 2837 3214 2893 de
3242 2838 3419 2905 veuia,
3466 2839 3513 2894 si
3540 2845 3750 2897 tantum

2164 2926 2538 2983 admissorum
2594 2925 2910 2998 pmniteant,
2971 2926 3169 2997 quibus
3224 2926 3385 2982 hodie
3413 2926 3469 2983 in
3510 2928 3750 2986 humana

2163 3031 2329 3073 carne
2359 3015 2598 3073 nascitur
2643 3015 2712 3070 de
2745 3014 2970 3087 Virgine
2995 3014 3401 3071 misericordia.
3439 3016 3612 3073 Hodie
3640 3034 3751 3075 me—

2162 3104 2344 3162 dicina
2374 3103 2443 3160 de
2471 3103 2612 3161 cmlo
2643 3104 2803 3159 datur
2857 3101 3077 3169 mundo,
3108 3118 3209 3174 per
3237 3119 3397 3176 quam
3426 3104 3650 3162 inﬁrma:
3700 3118 3753 3163 et

2164 3194 2507 3267 peccatrices
2538 3190 2705 3267 329
2737 3190 2933 3247 animae
2979 3197 3259 3253 sanantur.
3292 3198 3346 3246 et
3383 3190 3636 3247 damnata
3665 3202 3752 3249 at-

2166 3308 2273 3365 que
2318 3289 2460 3347 facta
2515 3288 2777 3346 deformis
2831 3296 3055 3361 peccato
3106 3288 3363 3345 humanm
3418 3290 3751 3349 conditionis

2164 3390 2377 3451 natura,
2409 3385 2464 3440 in
2490 3392 2687 3440 statum
2710 3383 2995 3456 pristinum
3052 3382 3398 3440 reformatur.
3463 3386 3634 3442 Hodie
3682 3388 3749 3444 de

2166 3475 2457 3548 splendida
2483 3473 2643 3531 stella
2662 3472 2848 3529 radius
2878 3472 3007 3528 satis
3034 3472 3370 3544 splendidior
3401 3473 3473 3530 ad
3501 3476 3751 3533 tenebras

2165 3558 2453 3633 processit,
2510 3557 2603 3631 qui
2648 3557 2781 3613 inibi
2818 3557 3125 3613 residentes
3152 3556 3399 3614 homines
3444 3574 3642 3631 magno
3698 3570 3751 3617 et

2165 3647 2476 3706 admirabili
2517 3645 2728 3718 fulgore
2761 3646 3048 3709 irradians,
3099 3645 3372 3702 honorans
3419 3657 3741 3721 creaturam,

2166 3746 2220 3795 et
2239 3752 2569 3794 consumens
2594 3735 2831 3805 culpam,
2865 3735 2935 3789 ad
2964 3734 3155 3805 patrias
3187 3734 3421 3791 caelestis
3450 3737 3747 3796 claritatem

2166 3820 2437 3896 provexit.
2470 3820 2618 3887 Haec,
2646 3818 2986 3875 dilectissimi
3018 3817 3229 3885 fratres,
3261 3819 3329 3876 de
3360 3822 3530 3877 nostri
3549 3822 3745 3881 Salva-

2168 3911 2299 3967 toris
2309 3907 2694 3981 omnipotentia
2715 3915 2770 3962 et
2794 3908 2995 3979 pietate
3013 3907 3305 3981 diligenter
3321 3909 3744 3983 considerantes,

2168 4015 2279 4056 non
2290 3998 2654 4069 desperemus
2678 3995 2859 4070 magis
2870 3995 2939 4052 de
2951 3997 3150 4053 nostris
3168 3998 3480 4055 excessibus
3498 4016 3655 4073 quam
3676 4004 3746 4062 de

2166 4088 2311 4145 illius
2330 4086 2571 4143 bonitate
2624 4084 2959 4157 poenitentes
3016 4101 3425 4156 praesumamus.
3456 4088 3745 4149 Fructuose

2171 4185 2258 4235 est
2292 4175 2471 4243 valde,
2505 4174 2603 4230 sed
2640 4173 2709 4230 de
2740 4173 2962 4229 Domini
2999 4173 3201 4247 pietate
3229 4178 3594 4250 praesumptio,
3626 4196 3744 4238 cum

2169 4266 2324 4340 prius
2340 4263 2655 4337 pmnitendo
2670 4270 2962 4319 accusatur
2978 4263 3155 4318 anima
3174 4272 3229 4319 et
3243 4274 3483 4334 sanatur,
3501 4269 3740 4339 proditur

2169 4362 2456 4429 peccatum
2471 4360 2524 4408 et
2539 4352 2773 4418 deletur,
2787 4359 2838 4407 et
2857 4350 2949 4424 qui
2965 4360 3088 4408 ante
3108 4360 3360 4424 peccator
3375 4356 3665 4427 exstiterat,
3680 4376 3743 4417 ex

2167 4447 2453 4517 peccatore
2472 4440 2650 4512 justus
2679 4438 2930 4497 efficitur.
2961 4440 3106 4495 Talis
3136 4456 3367 4514 namque
3396 4434 3737 4520 praesumptio

2167 4532 2422 4589 Judicem
2449 4529 2681 4603 mitigat,
2704 4544 2813 4585 non
2840 4537 3108 4601 provocat
3136 4530 3289 4600 cujus
3317 4540 3399 4587 est
3424 4532 3645 4593 intentio
3676 4538 3741 4593 ab

2168 4627 2529 4679 accensatore
2547 4618 2768 4675 diabolo
2789 4625 3098 4675 accusatum
3123 4619 3395 4676 hominem
3415 4620 3658 4696 liberare,
3672 4643 3739 4685 ne

2165 4726 2375 4793 pereat.
2410 4718 2475 4773 Et
2504 4718 2551 4774 si
2579 4715 2872 4789 aliquando
2903 4715 3023 4790 pius
3037 4716 3289 4774 dominus
3316 4719 3471 4775 nobis
3496 4731 3738 4792 peccato-

2166 4808 2319 4864 ribus
2343 4806 2642 4881 indignans
2669 4805 2941 4874 irascitur,
2975 4805 3044 4861 ad
3090 4807 3193 4863 hoc
3223 4805 3350 4864 facit
3374 4817 3429 4864 ut
3454 4825 3567 4867 suae
3593 4813 3735 4868 indi-

2164 4896 2437 4972 gnationis
2466 4903 2674 4953 terrore
2694 4910 2795 4951 nos
2825 4902 3110 4951 convertat
3136 4903 3190 4951 et
3218 4896 3335 4966 eius
3368 4896 3447 4953 ira
3490 4899 3577 4955 vel
3598 4901 3733 4958 indi-

2163 4986 2371 5061 gnatio,
2403 5001 2513 5042 non
2543 4982 2824 5041 exsecutio
2849 4984 3091 5051 ultionis,
3110 4984 3207 5041 sed
3219 4984 3390 5059 magis
3402 4997 3734 5058 peccatorum

2162 5082 2480 5134 nostrorum
2513 5073 2790 5130 absolutio
2816 5068 2929 5129 fiat.
2962 5074 3099 5130 Vere
3120 5073 3294 5130 bonus
3316 5083 3368 5131 et
3385 5076 3734 5151 benignusest

2161 5180 2263 5238 per
2302 5163 2488 5221 omnia
2518 5162 2804 5229 Dominus,
2840 5162 2996 5232 cujus
3023 5162 3502 5237 indignatioartem
3529 5167 3734 5225 exhibet

2161 5253 2267 5327 piae
2296 5260 2350 5310 et
2390 5250 2771 5324 compatientis
2796 5250 3020 5321 iustitiae
3055 5259 3109 5308 et
3136 5251 3253 5321 ejus
3287 5252 3369 5309 ira
3395 5262 3477 5309 est
3501 5257 3732 5327 operatio

2157 5343 2311 5415 juste
2341 5340 2683 5398 consulentis
2711 5339 3118 5398 misericordiae.
3178 5340 3347 5412 Hujus
3399 5343 3602 5415 piissmi
3630 5346 3730 5402 Re-

2162 5431 2466 5504 demptoris
2501 5430 2673 5487 nostri
2700 5437 2788 5486 est
2812 5430 3256 5503 incomparabilis
3274 5432 3525 5501 amicitia,
3541 5432 3731 5491 incom-

2163 5529 2551 5604 prehensibilis
2580 5528 2877 5601 patientia;
2906 5529 2997 5602 qui
3024 5529 3316 5598 hominem,
3339 5546 3437 5603 pro
3456 5547 3563 5605 quo
3610 5548 3729 5604 pas-

2171 5636 2267 5675 sus
2322 5623 2409 5676 est
2461 5627 2712 5682 mortem,
2746 5618 2991 5690 quotidie
3044 5627 3362 5692 peccantem
3404 5620 3619 5693 patitur,
3645 5621 3733 5679 diu

2160 5700 2335 5789 330
2367 5715 2667 5783 exspectat,
2696 5709 2771 5778 et,
2790 5716 2848 5764 ut
2875 5713 3174 5766 revertatur
3196 5707 3268 5765 ad
3295 5710 3490 5783 ipsum,
3519 5724 3624 5768 non
3645 5726 3732 5771 so-

2154 5805 2270 5868 lum
2299 5806 2536 5877 veniam,
2568 5806 2668 5866 scd
2696 5805 3009 5866 mercedem
3056 5806 3362 5881 pollicetur.
3391 5806 3603 5868 Homini
3637 5805 3730 5867 ita—

2163 5914 2270 5978 que
2297 5896 2567 5978 peccasti,
2596 5895 2696 5957 sed
2721 5897 3030 5974 pmnitenti,
3054 5912 3163 5961 non
3189 5897 3319 5978 quia
3340 5898 3606 5977 peccavit,
3635 5898 3726 5960 sed
