3910 6464
197 532 300 598 2H

1642 509 2042 582 SEMONES.

3380 507 3488 576 Si!

198 664 324 740 quia
353 659 620 739 paenituit,
654 659 918 724 Dominus
940 658 1206 740 indulget,
1239 656 1332 736 qui
1361 658 1405 718 si
1436 671 1544 717 non
1575 670 1795 730 peccas-
1820 640 1876 706 A
1907 659 2007 700 sua
2023 641 2264 740 quisque
2293 643 2465 740 utitur
2498 652 2792 722 potestate.
2858 644 2950 708 Ad
3003 644 3274 724 agendam
3318 644 3500 722 paeni-

199 765 304 823 set,
335 771 613 828 nunquam
645 756 910 829 paenitere
941 753 1011 812 de
1047 762 1274 828 peccato
1301 751 1567 825 potuisset
1591 755 1643 804 et
1665 744 1795 820 quid

200 855 468 902 creaturae
496 847 724 904 Creator
749 845 1061 911 dimitteret,
1093 861 1203 900 non
1231 845 1484 898 haberet.
1515 841 1610 896 Est
1631 836 1798 910 igitur

205 935 409 990 bonum
439 937 710 992 hominem
730 952 961 1008 peccare
974 935 1065 1009 qui
1081 934 1306 1006 poenitet
1332 933 1360 987 ?
1387 933 1529 994 Non,
1551 929 1794 1000 inquam.

203 1024 302 1079 scd
332 1024 536 1081 bonum
570 1034 653 1081 est
685 1041 816 1082 eum
869 1026 1133 1096 poenitere
1166 1023 1257 1096 qui
1291 1019 1558 1093 peccavit,
1607 1025 1661 1073 et
1691 1029 1796 1070 non

201 1119 417 1185 peccet.
448 1115 563 1170 Nec
617 1115 812 1170 iterum
841 1113 1204 1186 peccabimus,
1239 1119 1297 1167 ut
1317 1113 1462 1166 Deus
1503 1107 1750 1181 ignoscat
1782 1118 1796 1156 :

201 1210 364 1266 absit.
398 1212 504 1268 Sed
536 1219 756 1283 peccata
806 1228 927 1284 quae
955 1211 1202 1278 facimus,
1234 1218 1292 1265 ut
1340 1206 1542 1272 deleat,
1575 1200 1799 1260 confes-

203 1299 358 1355 sione
389 1300 701 1372 prodamus,
761 1308 813 1356 ct
857 1309 1106 1373 tegemus
1160 1296 1501 1370 poenitentia,
1559 1308 1628 1348 ne
1680 1289 1798 1361 ipse

201 1405 495 1469 agnoscat.
536 1398 843 1470 Aliquando
874 1407 1056 1454 tamen
1090 1398 1265 1453 bonus
1286 1405 1339 1452 et
1368 1395 1491 1466 pius
1513 1388 1796 1452 Dominus,

202 1485 275 1541 ad
303 1487 672 1543 ostensionem
715 1504 827 1544 suae
857 1488 1022 1543 bonus
1067 1485 1382 1550 voluntatis,
1443 1495 1550 1555 qua
1580 1490 1801 1548 semper

205 1575 353 1631 circa
380 1584 715 1646 peccatores,
780 1576 938 1649 quasi
973 1576 1212 1649 quodam
1272 1573 1347 1646 pii
1382 1571 1552 1628 Patris
1601 1565 1800 1622 aii'ectu

202 1663 393 1729 lueret,
428 1682 497 1720 ne
526 1667 596 1722 ad
623 1682 841 1738 poenam
875 1666 1049 1721 tradat
1075 1672 1340 1730 errantes,
1388 1676 1510 1718 cum
1544 1672 1664 1722 nos,
1708 1651 1800 1726 qui

208 1769 313 1810 nec
343 1753 504 1810 bonis
534 1756 673 1812 bene
703 1755 926 1820 utimur,
955 1755 1024 1811 de
1055 1753 1329 1809 medicina
1356 1756 1545 1807 nostra
1575 1743 1801 1801 facimus

207 1841 457 1915 plagam,
491 1844 608 1914 ipse
639 1845 707 1900 de
739 1844 965 1900 vulnere
981 1853 1172 1899 nostro
1202 1840 1358 1897 nobis
1371 1837 1590 1895 adhibet
1619 1829 1800 1887 medi-

208 1931 406 1988 cinam.
440 1934 522 1989 De
562 1934 829 1989 medicina
884 1933 1084 1989 etenim
1115 1940 1298 1987 nostra
1354 1925 1540 1982 miseri
1573 1931 1626 1979 et
1674 1917 1802 1975 insi—

1904 734 2126 792 tentiam
2162 751 2269 792 non
2299 734 2564 794 debemus
2588 747 2906 812 exspectare
2944 740 3065 798 vitm
3094 747 3297 797 nostrae
3326 747 3501 794 extre-

1905 840 2052 878 mum
2083 824 2227 880 diem
2253 827 2527 899 quoniam,
2553 828 2644 901 qui
2702 846 2876 904 usque
2905 831 2960 886 in
2991 839 3291 886 extremum
3353 827 3500 884 diem

1905 922 2278 993 ptrnitentiam
2311 923 2591 993 differunt,
2625 927 2712 982 vix
2751 936 2843 984 aut
2867 945 3141 1003 nunquam
3171 925 3505 1001 perveniunt

1908 1012 1976 1066 ad
2009 1012 2264 1068 salutem.
2327 1013 2409 1068 Fit
2431 1015 2750 1090 plerumque
2798 1018 2852 1073 in
2901 1018 3120 1074 miseris
3168 1016 3498 1084 hominibus,

1910 1115 2052 1188 quod
2085 1130 2270 1171 eorum
2302 1116 2413 1172 vita
2453 1135 2553 1190 per
2583 1119 2914 1192 voluptatem
2947 1120 3128 1178 carnis
3182 1117 3504 1192 expenditur

1908 1204 2006 1259 sed
2037 1219 2160 1260 cum
2180 1213 2405 1278 repente
2436 1207 2690 1281 voluptas
2707 1209 2824 1282 ipsa
2840 1209 3191 1275 subtrahitur,
3224 1224 3346 1268 cum
3367 1221 3496 1266 caro

1908 1304 2217 1363 infirmitate
2245 1308 2506 1379 atteritur,
2542 1324 2663 1366 cum
2689 1311 2801 1380 jam
2832 1311 3023 1382 egredi
3043 1311 3225 1367 anima
3252 1318 3502 1384 urgetur,

1910 1402 2034 1452 tunc
2060 1395 2216 1466 quasi
2245 1396 2317 1452 ad
2347 1396 2484 1454 bene
2537 1399 2826 1455 vivendum
2852 1400 3000 1456 salus
3028 1399 3229 1456 amissa
3283 1399 3352 1454 ab
3395 1397 3506 1454 illis

1908 1483 2219 1556 requiritur,
2243 1485 2437 1557 quibus
2465 1503 2565 1558 pro
2586 1489 2862 1560 voluptate
2892 1489 3043 1546 brevi
3065 1495 3332 1563 perpetua
3379 1503 3506 1559 pm-

1908 1587 1980 1628 na
2035 1573 2285 1630 debetur.
2353 1576 2432 1630 De
2487 1575 2682 1634 talibus
2709 1579 2852 1635 enim
2888 1577 3087 1636 dicitur
3141 1579 3198 1634 in
3241 1576 3505 1634 Psalmo:

1912 1660 2049 1718 Cum
2064 1663 2206 1720 Deus
2218 1664 2497 1722 occideret
2514 1669 2952 1741 eos,quterebant
2962 1684 3093 1726 eum
3109 1667 3504 1740 (Psal.t.xxvxt,

1909 1751 2020 1820 84).
2044 1751 2200 1808 Certe
2229 1753 2392 1808 nimis
2423 1755 2574 1812 tarde
2603 1764 2726 1812 ante
2773 1756 3043 1824 Judicem,
3103 1757 3196 1830 qui
3225 1755 3355 1812 facit
3381 1771 3506 1812 om-

1908 1839 1998 1895 nia
2020 1841 2186 1910 juste,
2211 1857 2365 1898 suam
2396 1843 2628 1916 quisque
2678 1861 2899 1902 causam
2931 1862 3205 1918 exponere
3261 1844 3505 1916 οωρενὶι.

1910 1944 2032 1985 cum
2064 1930 2117 1985 in
2146 1947 2206 1986 se
2252 1931 2518 2002 prolatam
2572 1933 2782 1989 tristem
2840 1943 2895 1991 et
2948 1934 3340 1990 immutabilem
3395 1948 3510 1990 suae

207 2020 424 2090 pientes
453 2023 823 2087 vulnerantur,
855 2038 978 2079 cum
1035 2022 1103 2078 de
1132 2017 1476 2083 abstinentia,
1509 2013 1596 2070 vel
1627 2007 1796 2083 quali-
1827 2000 1879 2061 Β
1910 2000 2277 2075 damnationis
2317 2023 2638 2078 sententiam
2719 2023 2789 2078 ab
2838 2023 2931 2080 illo
2974 2023 3296 2095 susceperit.
3342 2021 3516 2095 Igitur

211 2108 303 2165 bet
333 2111 530 2168 virtute
558 2121 763 2177 nostra,
789 2129 909 2184 quae
938 2110 1208 2167 medicina
1230 2124 1354 2164 esse
1380 2103 1567 2162 debuit
1582 2100 1798 2164 animae,

211 2201 578 2272 superbimus.
606 2201 715 2258 Sed
745 2200 1061 2257 misericors
1105 2208 1158 2255 et
1186 2197 1529 2266 omnipotens
1560 2193 1706 2246 Deus
1735 2186 1805 2241 de

221 2290 455 2347 vulnere
487 2299 676 2346 nostro
721 2289 1049 2346 medicinam
1081 2294 1358 2359 operatur,
1390 2299 1516 2340 cum
1560 2280 1614 2335 in
1643 2278 1805 2333 luxu-

212 2381 352 2436 riam
386 2387 726 2445 corruentes,
760 2395 870 2434 non
899 2377 1027 2450 quia
1057 2376 1126 2431 sit
1146 2375 1362 2430 luxuria
1382 2369 1635 2444 superbia
1683 2379 1810 2438 gra-

220 2471 359 2535 vior,
393 2469 492 2526 sed
519 2469 646 2540 quia
676 2468 884 2539 turpior
911 2482 1034 2524 esse
1062 2465 1294 2529 videtur,
1316 2478 1418 2518 nos
1443 2457 1684 2518 bumiliat
1716 2474 1731 2521 -,
1764 2457 1818 2508 et

222 2558 302 2615 sic
323 2559 377 2614 in
406 2559 566 2613 nobis
595 2557 792 2614 vulnus
822 2557 890 2612 de
921 2555 1147 2610 vulnere
1178 2560 1354 2608 sanat.
1415 2551 1523 2605 Iste
1551 2543 1821 2604 veraciter

216 2664 386 2703 verus
413 2655 467 2703 et
493 2647 687 2717 plenus
717 2645 934 2717 pietatis
967 2643 1270 2700 visceribus
1321 2640 1592 2705 medicus,
1621 2640 1823 2690 nostras

218 2734 519 2790 inﬁrmitati
563 2735 786 2792 omnino
841 2733 1194 2804 compatiens,
1212 2746 1313 2803 pro
1344 2725 1652 2785 exhibenda
1669 2719 1826 2778 nobis

217 2831 452 2889 infirmis
468 2833 699 2888 sanitate
722 2831 927 2887 nullum
947 2829 1115 2902 exigit
1143 2829 1377 2901 pretium
1405 2845 1419 2894 ;
1443 2826 1560 2891 sed,
1581 2822 1738 2901 331
1780 2818 1823 2874 Si

217 2939 435 2988 tantum
464 2938 532 2987 ab
565 2930 658 2987 illo
687 2930 869 2986 sanari
900 2929 1297 2996 desideramus,
1355 2924 1665 2982 mercedem
1696 2937 1825 2993 pro-

222 3020 407 3086 mittit,
432 3020 673 3091 seipsum
715 3019 970 3076 videlicet
1027 3025 1082 3072 et
1109 3016 1318 3072 tribuit.
1379 3013 1538 3070 Venit
1559 3012 1627 3068 de
1674 3010 1830 3066 caelis

225 3111 492 3167 ccelorum
507 3109 771 3166 Conditor
785 3108 1054 3164 hodierna
1090 3106 1262 3170 die,ut
1281 3120 1449 3177 supra
1474 3102 1728 3167 diximus,
1761 3100 1829 3156 de

225 3198 457 3272 Virgine
485 3207 656 3254 matre
686 3205 865 3263 natus,
900 3197 993 3269 qui
1022 3203 1210 3252 contra
1241 3193 1618 3265 superbientes
1647 3197 1700 3244 et
1729 3189 1830 3243 im-

222 3289 554 3361 poenitentes
575 3287 811 3360 angelos
850 3285 1176 3342 sententiam
1207 3283 1428 3355 protulit
1461 3277 1830 3336 damnationis

225 3336 282 3432 Et
311 3336 694 3448 pmnitentibu:
725 3375 899 3431 attulit
926 3336 1285 3430 absolutionis
1304 3371 1628 3427 remedium.
1659 3367 1826 3432 Licet,
1859 3351 1909 3416 Ο
1942 3346 2062 3394 iens
2093 3336 2363 3448 confieri:

222 3467 428 3522 fratres
458 3464 785 3532 charissimi,
813 3465 957 3520 hunc
994 3461 1421 3519 sacratissimum
1470 3459 1611 3516 diem
1643 3457 1696 3511 in
1714 3455 1828 3511 lau-

227 3555 357 3611 dem
383 3553 682 3611 Dominicas
710 3553 1009 3609 nativitatis
1041 3560 1211 3608 totum
1224 3551 1522 3606 debeamus
1551 3546 1833 3604 celebrare

223 3644 496 3708 festivum,
532 3650 586 3700 et
607 3643 662 3697 in
689 3643 792 3698 hac
821 3650 932 3697 tam
959 3641 1199 3710 jucunda
1216 3638 1566 3695 solemnitate
1611 3633 1825 3690 tristitia

229 3731 534 3803 temporali,
560 3747 657 3786 seu
678 3745 916 3786 maerore
936 3729 1143 3786 carnali
1159 3727 1304 3784 allici
1319 3743 1428 3783 non
1456 3731 1832 3798 oporteat,pro

230 3837 342 3892 quo
372 3820 536 3876 hodie
565 3827 724 3874 natus
765 3826 844 3874 est
877 3817 1150 3882 Christus,
1208 3815 1618 3880 Christianum;
1653 3821 1832 3868 tamen

229 3910 278 3964 si
307 3909 510 3980 placet,
542 3907 689 3979 quod
720 3907 848 3962 satis
879 3905 1096 3977 placere
1124 3905 1308 3971 debet,
1342 3903 1546 3977 aliquid
1614 3901 1700 3957 vel
1732 3915 1838 3971 pa-

231 4013 353 4054 rum
385 3997 670 4069 loquamur
689 3995 757 4051 de
795 3993 1132 4066 paenitentia,
1187 3994 1304 4049 sine
1325 4008 1434 4065 qua
1454 3989 1837 4063 peccatoribus

231 4099 383 4155 nulla
401 4105 629 4170 prosunt
682 4103 1043 4159 sacramenta,
1093 4096 1237 4151 nulla
1297 4095 1364 4150 ab
1385 4094 1465 4150 eis
1498 4093 1666 4166 digne
1694 4091 1836 4148 festa

233 4201 614 4259 celebrantur.
679 4199 939 4255 Dicamus
968 4197 1117 4271 prius
1171 4197 1304 4270 quid
1357 4204 1441 4253 est
1489 4194 1831 4268 poenitentia,

233 4319 345 4375 quo
383 4301 598 4376 agenda
639 4301 708 4356 sit
747 4300 942 4367 fructu,
993 4317 1100 4373 quo
1131 4308 1397 4371 tempore,
1430 4306 1480 4354 et
1512 4313 1614 4370 qua
1637 4295 1835 4352 mentis

231 4403 550 4459 intentione.
585 4402 905 4459 Ptenilentia
934 4410 1014 4458 est
1045 4402 1450 4473 praeteritorum
1479 4397 1702 4454 humilis
1731 4413 1824 4452 sa-

235 4491 473 4548 tisfactio
501 4498 874 4562 peccatorum,
908 4499 962 4546 et
991 4489 1362 4546 cavendorum
1418 4486 1645 4560 provida
1671 4484 1831 4542 solli-

235 4593 418 4650 citudo
448 4593 774 4659 futurorum,
810 4591 931 4646 linis
961 4600 1014 4648 et
1043 4592 1231 4648 odium
1260 4590 1409 4658 mali,
1441 4586 1830 4662 quoddamini-

236 4695 370 4751 tium
400 4703 454 4751 et
491 4711 642 4751 amor
659 4694 812 4750 boni.
847 4695 1077 4750 Fructus
1106 4693 1436 4764 paenitentiae
1458 4699 1541 4749 est
1570 4703 1826 4759 magnus,
1862 4694 1915 4757 1)

233 4797 380 4853 utilis
409 4798 615 4869 pariter
644 4804 697 4852 et
719 4795 1090 4853 necessarius.
1133 4797 1272 4852 Nam
1301 4793 1645 4868 poenitentia,
1684 4806 1834 4862 prae-

235 4900 468 4956 cedente
498 4899 738 4956 bonitate
768 4898 970 4965 divina,
994 4907 1048 4953 ut
1072 4898 1251 4967 justus
1293 4896 1405 4962 ﬁat,
1440 4895 1600 4951 vertit
1629 4908 1833 4966 pecca-

235 5010 415 5058 torem
451 5019 463 5066 ;
495 5002 769 5057 hominem
813 5017 847 5056 a
892 5000 1113 5056 diabolo
1169 5000 1392 5065 victum,
1451 4997 1652 5054 diaboli
1705 4996 1832 5052 facit

238 5103 520 5160 victorem.
562 5103 771 5158 Delicta
800 5101 1018 5159 lascivae
1070 5101 1365 5170 juventutis
1398 5102 1573 5156 Deum
1627 5098 1828 5154 memi-

236 5192 386 5247 nisse
440 5207 549 5246 non
588 5191 734 5257 sinit,
795 5206 898 5246 nec
953 5189 1291 5261 ignorantias
1340 5188 1584 5260 pueritiae
1620 5202 1634 5258 ;
1668 5201 1832 5242 senes

236 5281 399 5337 etiam
429 5279 596 5353 longa
606 5279 871 5351 peccandi
893 5279 1295 5335 consuetudine
1315 5279 1578 5349 deceptos
1597 5282 1827 5347 reparat,

237 5369 337 5424 sed
365 5368 555 5424 virtute
584 5368 763 5440 potius
817 5367 1032 5434 mentis,
1066 5382 1228 5439 quam
1289 5365 1534 5437 corporis
1559 5364 1820 5420 novitate.

241 5469 410 5546 332
468 5469 790 5525 l’oenitentia
841 5468 1111 5541 siquidem
1159 5483 1314 5524 more
1367 5465 1546 5523 ﬁdelis
1593 5465 1833 5523 ostiarius

236 5583 440 5640 gerens
468 5567 729 5634 officium,
760 5567 962 5624 ostium
1009 5566 1249 5638 paradisi
1301 5564 1652 5638 peccantibus
1681 5563 1833 5620 clau-

237 5681 380 5730 sum,
417 5664 635 5734 quando
663 5663 792 5728 vult,
813 5663 990 5736 aperit
1021 5681 1035 5728 ;
1066 5672 1118 5720 et
1149 5679 1286 5736 quos
1320 5662 1833 5735 pmnitentesagno-

239 5753 361 5813 scit,
395 5750 586 5822 recipit
628 5751 811 5807 intra:
844 5753 1250 5824 impmnitentes
1306 5767 1438 5808 vero
1492 5765 1595 5807 nec
1641 5767 1830 5822 prece,

237 5869 342 5910 nec
370 5851 546 5925 pretio
575 5851 776 5909 intrare
799 5853 1062 5923 permittit
1102 5853 1222 5920 sed,
1254 5853 1382 5925 quia
1428 5860 1657 5908 mortem
1703 5852 1836 5909 dile-

241 5962 453 6023 xerunt,
469 5969 566 6010 eos
593 5953 808 6026 penitus
854 5953 1092 6011 excludit
1117 5954 1301 6010 avita.
1344 5955 1462 6028 Ego
1505 5953 1722 6027 agenda
1755 5961 1837 6009 est

242 6052 558 6130 poenitentia
587 6059 832 6126 tempore
888 6069 996 6127 quo
1013 6052 1160 6109 salus
1188 6053 1432 6127 corporis
1460 6059 1662 6124 manet,
1723 6069 1830 6126 quo

1913 2107 2042 2161 dum
2073 2108 2219 2178 licet,
2251 2116 2305 2165 et
2327 2111 2558 2185 agenda:
2611 2113 2944 2183 pcenitentize
2985 2120 3201 2184 tempus
3257 2110 3513 2168 concedi-

1915 2202 2022 2261 tur,
2057 2213 2157 2252 nos
2185 2197 2345 2254 otiari
2370 2217 2478 2256 non
2507 2201 2685 2268 decet,
2718 2218 2819 2258 nec
2848 2202 3072 2257 nimium
3084 2216 3208 2258 esse
3235 2214 3461 2258 securos
3494 2213 3508 2255 :

1920 2294 2116 2366 quibus
2148 2312 2246 2368 pro
2274 2298 2483 2354 meritis
2539 2299 2901 2373 singulorum,
2963 2307 3088 2373 post
3142 2299 3329 2366 vitam,
3390 2313 3515 2373 quae

1924 2390 2105 2448 brevis
2135 2401 2236 2457 est,
2269 2402 2321 2450 et
2347 2395 2464 2464 ejus
2519 2395 2760 2452 brevitas
2784 2395 3008 2463 incerta,
3065 2403 3160 2452 aut
3187 2393 3520 2466 sempiterna

1926 2480 2152 2537 felicitas
2182 2491 2518 2552 reservatur,
2550 2493 2643 2540 aut
2670 2484 2884 2541 miseria
2914 2483 3032 2540 sine
3063 2484 3178 2540 ﬁne
3229 2498 3511 2539 mansura.

1929 2579 2011 2634 Ea
2039 2581 2235 2636 mentis
2263 2579 2563 2638 intentione
2607 2581 2982 2654 paenitentiam
3023 2597 3269 2654 agamus,
3307 2586 3366 2636 ut
3394 2578 3523 2636 inde

1931 2693 2043 2734 non
2067 2677 2383 2736 aﬂ'ectemus
2407 2679 2598 2736 laudes
2613 2679 2912 2748 hominum,
2931 2679 3051 2738 sedi
3075 2679 3178 2736 soli
3209 2677 3378 2755 333
3409 2678 3524 2734 Deo

1934 2775 2004 2832 de
2026 2777 2170 2834 bono
2197 2777 2529 2850 poenitentiae
2561 2778 2896 2851 placeamus,
2928 2777 3017 2836 cui
3045 2775 3341 2851 displicere
3361 2790 3526 2832 vera-

1936 2875 2071 2931 citer
2120 2890 2228 2930 non
2267 2884 2496 2948 possunt
2544 2877 2890 2948 poenitentes,
2945 2883 3000 2932 et
3052 2875 3170 2932 sine
3215 2872 3530 2947 poenitentia

1939 2963 2158 3035 placere
2186 2965 2299 3020 ulla
2329 2965 2534 3021 ratione
2561 2973 2880 3037 peccantes.
2909 2967 2988 3021 Ita
3015 2963 3290 3037 praeterita
3308 2970 3536 3036 peccata

1939 3061 2128 3109 nostra
2157 3053 2499 3126 plangamus,
2559 3063 2618 3110 ut
2668 3054 2819 3110 nulla
2875 3054 3140 3125 deinceps
3201 3052 3534 3126 plangentia,

1939 3151 2228 3208 auxiliante
2257 3151 2458 3223 pietate
2487 3151 2694 3219 divina,
2727 3151 3017 3209 faciamus.
3057 3153 3243 3207 Pietas
3273 3151 3419 3208 enim
3446 3150 3540 3207 di-

1940 3240 2066 3295 vina
2085 3240 2333 3296 auxiliari
2362 3240 2658 3306 desiderat,
2693 3239 2741 3295 si
2771 3241 2936 3297 homo
2973 3255 3084 3296 non
3112 3238 3336 3296 diiferat
3357 3240 3538 3313 paeni-

2422 3337 2762 3394 occasionem
2814 3337 3004 3411 quaerit
3058 3354 3152 3393 vos
3202 3336 3542 3394 confractum

1939 3436 2253 3509 reparandi,
2287 3452 2394 3493 non
2426 3436 2747 3494 conterendi
2786 3444 3122 3510 quassatum,
3183 3445 3234 3493 et
3261 3444 3317 3492 ut
3339 3451 3542 3509 pecca-

1942 3534 2030 3582 tor
2059 3526 2129 3581 ad
2158 3527 2332 3582 Deum
2361 3534 2728 3594 convertatur,
2768 3526 3040 3598 patienter
3069 3532 3370 3597 exspectat,
3396 3531 3456 3582 ut
3483 3541 3544 3582 se

1947 3623 2096 3678 Deus
2125 3623 2192 3678 ad
2248 3631 2601 3695 peccatorem
2658 3631 2961 3682 convertat.
3018 3624 3256 3680 Nostros
3304 3621 3544 3698 gemitus

1945 3728 2110 3791 optat,
2142 3720 2241 3776 sed
2298 3721 2648 3793 temporales,
2682 3729 2740 3777 ut
2787 3721 3026 3778 remittat
3084 3727 3396 3793 perpetuos.
3458 3719 3547 3777 Ab

1943 3809 2118 3865 oculis
2147 3809 2351 3865 nostris
2380 3810 2558 3867 brevis
2590 3811 2750 3880 hujus
2769 3810 3030 3883 temporis
3047 3809 3322 3881 lacrymas
3343 3809 3542 3884 exigit,

1945 3905 2001 3953 ut
2029 3897 2207 3953 sancti
2239 3898 2473 3970 Spiritus
2522 3899 2836 3956 unctionem
2892 3914 3058 3971 super
3103 3913 3204 3952 nos
3261 3897 3541 3966 effundat;

1944 4013 2064 4069 quae
2094 4003 2148 4052 et
2175 4010 2208 4052 a
2236 3996 2393 4053 nobis
2420 3996 2475 4052 in
2506 3997 2765 4069 praesenti
2804 4013 3027 4054 omnem
3056 3995 3355 4065 maculam,
3389 4004 3444 4054 et
3474 3997 3545 4053 ab

1944 4085 2116 4141 oculis
2137 4085 2339 4141 nostris
2361 4085 2417 4139 in
2473 4085 2655 4142 futuro
2703 4102 2922 4143 omnem
2970 4085 3275 4158 lacrymam
3329 4092 3533 4158 tergat.

1942 4183 2064 4238 Non
2087 4191 2189 4252 est,
2221 4183 2441 4252 fratres,
2473 4183 2542 4240 de
2569 4184 2804 4241 Domino
2824 4191 2985 4239 tantae
3006 4183 3227 4256 pietatis
3248 4183 3543 4256 desperan-

1943 4281 2072 4336 dum
2092 4299 2194 4340 nec
2213 4283 2281 4339 ab
2313 4283 2425 4352 illo,
2453 4283 2550 4340 sed
2582 4283 2651 4340 ad
2690 4283 2838 4340 illum
2874 4282 3220 4354 fugiendum,
3253 4281 3344 4356 qui
3363 4281 3543 4356 magis

1943 4369 2278 4426 voluntarius
2311 4371 2556 4428 creditur
2581 4370 2651 4427 ad
2680 4371 3076 4445 ignoscendum
3106 4386 3269 4444 quam
3287 4369 3542 4426 diabolus

1942 4457 2010 4514 ad
2042 4459 2447 4532 suggerendum
2503 4459 2681 4526 fuerit,
2727 4459 2813 4516 vel
2857 4460 3021 4516 homo
3050 4459 3119 4514 ad
3167 4457 3532 4530 peccandum.

1943 4546 2101 4616 Quod
2130 4548 2216 4605 hic
2244 4565 2275 4603 a
2298 4549 2454 4604 nobis
2483 4549 2685 4606 dictum
2713 4556 2797 4604 est
2826 4549 2894 4605 de
2917 4547 3232 4621 poenitentia
3287 4562 3396 4604 non
3425 4554 3542 4603 erat

1943 4637 2386 4708 praetereundum
2412 4657 2426 4706 ;
2461 4655 2583 4711 quae
2612 4638 2728 4694 sola
2756 4637 3029 4694 medicina
3055 4635 3265 4708 peccati
3296 4635 3535 4692 homini-

1949 4733 2050 4788 bus
2079 4732 2399 4806 relinquitur
2428 4740 2553 4805 post
2607 4732 2954 4805 baptismum.
2988 4733 3069 4789 De
3127 4731 3404 4789 nativitate
3437 4732 3540 4789 Dei

1945 4829 1998 4877 et
2022 4821 2324 4879 Salvatoris
2349 4823 2519 4878 nostri
2547 4823 2675 4878 .lesu
2707 4821 2928 4887 Christi,
2960 4820 3106 4877 unde
3131 4828 3371 4878 tractare
3399 4837 3536 4894 pro-

1943 4909 2250 4981 posuimus,
2300 4911 2548 4984 quamvis
2596 4909 2703 4968 vita
2756 4919 2938 4967 nostra
2968 4926 3078 4966 non
3130 4917 3424 4977 mereatur,
3481 4918 3537 4968 et

1942 4999 2194 5055 facundia
2212 5001 2282 5056 ad
2307 4999 2636 5074 loquendum
2681 5015 2792 5056 non
2837 5006 3100 5070 suppetat
3128 5006 3182 5055 et
3236 5014 3426 5071 parum
3449 4999 3536 5056 vel

1940 5088 2156 5159 penitus
2182 5088 2316 5144 nihil
2347 5088 2576 5146 scientia
2603 5092 2790 5144 nostra
2847 5087 3201 5159 suffragetur,
3252 5095 3434 5143 tamen
3462 5088 3534 5144 de

1939 5176 2255 5232 dulcissima
2299 5177 2516 5234 Domini
2558 5177 2838 5244 charitate,
2896 5183 2949 5232 et
2977 5176 3065 5248 pia
3107 5177 3224 5245 ejus
3275 5176 3533 5248 patientia

1939 5273 2171 5345 amplius
2195 5283 2614 5346 praesumentes,
2647 5289 2811 5348 quam
2842 5274 2911 5330 de
2931 5281 3118 5330 nostra
3170 5273 3531 5346 desperantes

1937 5367 2350 5442 imperfectione
2375 5372 2662 5444 proutipse
2677 5387 2785 5444 quo
2805 5369 3043 5444 indignis
3075 5369 3244 5447 334
3267 5385 3414 5443 saepe
3431 5369 3533 5426 tri-

1941 5478 2078 5545 buit,
2099 5478 2263 5550 digna
2292 5478 2441 5552 loqui
2496 5477 2800 5548 donaverit,
2832 5493 3250 5549 prosequemur.
3310 5475 3530 5534 Solem-

1938 5577 2081 5632 nitas
2101 5577 2220 5633 haec
2238 5593 2360 5648 quia
2415 5576 2576 5632 hodie
2605 5593 2636 5631 a
2664 5575 2973 5632 Christiana
3020 5575 3289 5648 religione
3345 5589 3532 5631 annua

1940 5665 2272 5730 celebratur,
2288 5664 2684 5734 iucunditatem
2706 5663 2902 5720 mentis
2931 5664 3115 5739 magis
3146 5680 3309 5737 quam
3347 5663 3532 5719 carnis

1941 5752 2289 5811 afllictionem
2319 5752 2547 5824 requirit
2573 5753 2696 5825 quia
2724 5753 2992 5810 hodierna
3021 5753 3112 5810 die
3153 5752 3312 5808 valde
3326 5752 3534 5822 jucun-

1940 5855 2063 5912 dari
2091 5861 2144 5910 et
2173 5853 2346 5910 laetari
2375 5861 2608 5924 oportet,
2643 5868 2752 5926 qua
2790 5853 2953 5910 homo
2983 5849 3230 5926 perditus
3275 5852 3434 5907 inve:
3448 5858 3537 5906 tus

1943 5953 2045 6013 est,
2078 5952 2132 6001 et
2160 5942 2253 6016 qui
2279 5948 2527 5998 mortuus
2554 5941 2751 6010 fuerat,
2784 5941 3002 6000 revixit.
3055 5942 3229 5998 Natus
3257 5946 3342 5996 est
3369 5936 3536 5994 hodie

1942 6050 2093 6109 Deus
2111 6045 2288 6103 factus
2313 6043 2495 6116 homo,
2519 6059 2622 6119 pro
2641 6043 2802 6102 nobis
2829 6042 3050 6103 modico
3070 6050 3314 6120 tempore
3333 6035 3534 6098 multa:
