3910 6406
383 424 489 486 2L3

387 567 586 626 passus
614 550 875 625 injurias.
907 546 1019 618 Qui
1065 565 1188 610 cum
1217 550 1270 608 in
1300 565 1461 610 cruce
1515 550 1728 625 positus
1757 548 1991 609 essetab

388 641 504 699 illis
522 658 626 717 pro
654 641 851 715 quibus
878 648 1125 710 venerat,
1151 640 1219 698 de
1248 640 1616 697 sacratissimo
1664 642 1788 711 ejus
1818 640 1991 697 latere

389 730 893 799 lanceavulneralo,
924 730 1073 787 unda
1112 730 1297 804 potius
1353 729 1570 802 pietatis
1599 730 1767 786 exivit
1826 746 1992 803 quam

397 830 699 904 sanguinis.
733 829 779 887 Ο
811 829 1047 884 humana
1065 827 1337 899 impietas,
1369 827 1474 883 nisi
1501 843 1536 884 a
1563 829 1679 886 Deo
1697 828 1990 899 permissa,

398 919 621 975 omnino
649 918 942 990 impotens,
975 917 1100 973 audi
1156 925 1209 974 et
1233 917 1481 990 intelligo
1507 934 1629 991 qua:
1675 933 1777 990 pro
1806 925 1857 973 te
1881 924 1935 973 et
1963 932 1995 972 a

394 1014 449 1064 te
479 1006 701 1083 pertulit
728 1008 876 1063 Deus
905 1006 1273 1079 omnipotens.
1305 1006 1435 1062 Tuis
1466 1007 1824 1063 exsecrandis
1868 1022 1992 1062 ma—

395 1096 577 1163 nibus,
612 1111 746 1168 quas
776 1094 981 1152 faciens
1010 1094 1103 1150 ille
1134 1102 1464 1162 sacraverat,
1494 1111 1603 1152 non
1629 1103 1712 1152 est
1733 1094 1997 1169 alligatus

396 1183 569 1254 cruci,
602 1185 699 1241 sed
724 1183 895 1242 clavis
924 1181 1147 1253 afﬁxus,
1181 1191 1239 1239 ut
1269 1183 1461 1253 majori
1490 1184 1679 1240 dolore
1707 1201 1827 1240 eum
1860 1200 1997 1241 con-

398 1272 725 1348 stringeres,
767 1272 859 1346 qui
891 1279 1113 1329 venerat
1167 1281 1226 1329 ut
1245 1280 1299 1329 te
1354 1271 1423 1328 ab
1445 1273 1664 1329 aeternis
1719 1272 2000 1329 doloribus

398 1362 678 1432 liberaret,
704 1369 758 1419 et
786 1362 1095 1435 graviorem
1116 1360 1172 1417 in
1203 1377 1324 1418 eum
1356 1377 1647 1419 exerceres
1670 1361 1994 1429 vindictam,

400 1452 496 1526 qui
526 1451 725 1508 nullam
747 1449 1100 1509 commiserat
1147 1450 1393 1523 culpam.
1446 1451 1526 1507 Tu
1557 1450 1778 1523 quidem
1807 1458 1997 1508 contra

401 1556 529 1598 eum
554 1540 721 1613 impie
773 1539 1027 1608 saeviens,
1071 1539 1167 1596 sed
1198 1539 1253 1595 in
1277 1541 1383 1596 hoc
1430 1538 1594 1596 etiam
1622 1539 1739 1612 ipse
1770 1538 1864 1595 tibi
1912 1538 2003 1611 pie

400 1630 756 1702 compatiens,
789 1628 998 1687 idcirco
1024 1628 1278 1684 sustinuit
1305 1628 1567 1702 graviora
1623 1632 1732 1685 tuae
1762 1627 2005 1686 crudeli-

405 1720 528 1777 tatis
559 1726 852 1785 tormenta,
882 1725 941 1773 ut
983 1716 1099 1784 tibi,
1141 1718 1231 1791 qui
1262 1733 1387 1773 eum
1418 1718 1619 1774 oderas
1648 1717 1766 1773 sine
1814 1732 1999 1784 causa,

402 1809 665 1879 majorem
693 1805 1043 1883 dilectionem
1089 1806 1398 1863 ostenderet
1454 1814 1507 1862 et
1534 1822 1636 1879 per
1688 1806 2003 1863 memoriam

401 1897 816 1967 taminjuriosae
846 1895 1139 1967 passionis,
1186 1896 1340 1968 quasi
1391 1895 1718 1968 quibusdam
1776 1895 2001 1951 miseri-

404 1986 609 2045 cordiae
631 1984 804 2043 clavis
829 1985 1066 2040 animam
1111 1983 1465 2057 transﬁgeret
1493 1983 1886 2055 peccatricem,
1945 1991 2003 2038 ut

407 2074 495 2132 vel
530 2074 611 2132 sic
639 2082 925 2131 revocaret
953 2081 1248 2141 errantem,
1281 2089 1350 2128 ne
1380 2073 1600 2144 periret.
1636 2073 1762 2129 Pius
1810 2088 1874 2128 ac
1903 2071 2004 2127 bc-

406 2164 611 2239 nignus
636 2164 803 2229 Deus,
828 2177 955 2220 cum
1002 2163 1059 2218 in
1090 2177 1255 2220 cruce
1278 2179 1337 2218 se
1376 2161 1529 2218 sitire
1584 2161 1919 2234 perhiberet,
1953 2168 2008 2215 et

409 2267 478 2323 ab
504 2266 598 2323 illo
627 2263 830 2321 inﬁdeli
860 2265 1063 2337 papulo
1092 2264 1402 2336 accepisset
1453 2262 1876 2320 amaritudinem
1902 2261 2007 2319 fel-

409 2355 502 2423 lis,
535 2369 637 2427 pro
666 2353 779 2409 illis
804 2368 971 2410 orans
1021 2352 1367 2410 dulcedinem
1390 2351 1637 2409 exhibuit
1695 2352 1999 2409 charitatis.

404 2444 525 2502 Nec
553 2451 679 2501 tunc
701 2442 929 2499 multum
979 2441 1201 2499 humilis
1234 2441 1402 2518 335
1435 2441 1784 2515 diSpensator
1811 2450 2009 2498 nostrae

410 2540 625 2611 salutis,
681 2548 789 2595 tam
847 2539 973 2597 vitis
1029 2540 1116 2596 vel
1142 2555 1302 2611 aquae
1331 2539 1583 2607 calicem,
1616 2555 1781 2612 quam
1823 2538 2011 2611 populi

408 2645 471 2687 se
499 2626 857 2689 interficentis
909 2628 1127 2685 sitiebat
1160 2628 1432 2685 salutem.
1513 2628 1559 2685 Ο
1615 2627 2010 2685 inaestimabilis

415 2719 517 2777 Dei
546 2726 601 2776 et
631 2718 849 2775 Domini
901 2718 1075 2775 nostri
1103 2717 1234 2774 Jesu
1256 2717 1454 2774 Christi
1490 2718 1646 2775 circa
1689 2726 2011 2790 peccatores

414 2808 731 2881 benignitas
763 2809 776 2862 l
808 2822 842 2864 ο
872 2806 1164 2864 ineﬁabilis
1187 2806 1565 2863 misericordia
1599 2806 1611 2861 l
1643 2822 1678 2863 ο
1700 2807 2012 2863 misericor-

411 2897 505 2956 dia
533 2895 919 2954 inenarrabilis
950 2897 963 2949 ι
987 2911 1021 2953 o
1045 2895 1387 2952 admirabilis
1398 2896 1654 2967 patientia
1679 2898 1691 2951 l
1719 2895 1852 2966 Quae
1866 2896 2012 2951 enim

413 2986 595 3056 major
626 2985 956 3059 benignitas,
979 2985 1097 3041 sive
1139 2984 1541 3052 misericordia,
1597 2985 1873 3041 humilitas
1924 2984 2014 3041 vel

412 3074 676 3149 patientia
706 3074 1090 3147 peccatoribus
1120 3073 1370 3131 exhiberi
1397 3073 1574 3146 potuit
1624 3090 1787 3148 quam
1813 3082 1873 3130 ut
1896 3074 2013 3146 ipse

421 3165 571 3221 Deus
604 3180 664 3221 se
694 3162 1093 3222 contemnentis
1124 3161 1280 3219 tieret
1305 3162 1544 3235 pretium
1573 3162 1810 3220 hominis
1839 3163 1915 3219 ita
1958 3170 2015 3218 ut

414 3260 603 3312 contra
630 3254 807 3311 Deum
826 3259 1081 3326 peccaret
1132 3252 1317 3320 homo,
1361 3260 1417 3308 et
1442 3253 1592 3309 Deus
1642 3252 2015 3324 paenitentiam

416 3350 624 3408 faceret
650 3365 753 3422 pro
781 3352 1033 3422 peccato,
1063 3349 1230 3405 homo
1259 3350 1420 3406 etiam
1433 3358 1625 3406 contra
1637 3350 1812 3406 Deum
1843 3349 2013 3406 saevi-

414 3447 518 3509 ret,
551 3438 796 3497 saevienti
824 3439 989 3496 etiam
1017 3439 1166 3494 Deus
1212 3438 1552 3510 propitiaret,
1587 3438 1817 3495 formam
1866 3437 2018 3496 servi

416 3529 544 3586 caeli
572 3534 631 3584 et
646 3536 809 3585 terra:
838 3526 1100 3585 Dominus
1131 3535 1457 3594 assumeret,
1490 3526 1546 3582 in
1575 3541 1682 3600 qua
1713 3527 1833 3599 ipse
1858 3527 2019 3600 panis

417 3634 583 3673 verus
604 3616 851 3685 esuriret,
913 3615 1035 3672 fons
1066 3615 1221 3672 vivus
1266 3615 1458 3683 sitiret,
1484 3616 1656 3672 virtus
1714 3615 2020 3673 firmissima

423 3702 1146 3776 infirmaretur,immortalis
1204 3704 1313 3760 vita
1362 3721 1463 3778 pro
1509 3721 1608 3761 suo
1665 3704 2021 3764 interfectore

426 3811 738 3860 moreretur
766 3804 794 3856 ἱ)
817 3800 1105 3876 Quidquid
1131 3800 1261 3858 boni
1297 3801 1352 3856 in
1382 3808 1525 3857 terra
1554 3801 1805 3858 exhibuit
1849 3802 2018 3869 Deus,

427 3909 529 3966 pro
572 3891 794 3950 homine
844 3891 1089 3959 fecit;et
1145 3889 1413 3965 quidquid
1471 3890 1601 3948 mali
1647 3891 1901 3946 sustinuit
1954 3891 2023 3948 ab

425 3983 647 4040 homins
680 3990 733 4039 et
763 3995 866 4056 pro
894 3979 1115 4037 homine
1171 3980 1287 4036 fuit.
1321 3980 1462 4050 Quid
1511 3980 1581 4036 ad
1613 3980 1748 4048 haec,
1799 3980 2019 4047 fratres,
2055 3973 2065 3981 ’

427 4080 796 4154 cogitabimus
826 4081 855 4135 ?
876 4077 1009 4153 quid
1047 4077 1343 4134 dicemus?
1374 4076 1501 4150 quid
1552 4076 1838 4148 faciemus,
1898 4092 2022 4133 cum

430 4182 581 4240 Deus
603 4183 723 4238 talis
744 4182 811 4237 sit
840 4181 985 4237 circa
1005 4196 1125 4246 nos,
1161 4179 1305 4252 quod
1338 4179 1529 4236 melior
1541 4195 1664 4236 esse
1683 4196 1791 4237 non
1810 4179 1984 4253 possit
2007 4198 2022 4248 ;

431 4280 485 4326 et
507 4288 608 4328 nos
635 4271 771 4327 tales
803 4277 995 4328 contra
1025 4286 1145 4326 eum
1206 4269 1398 4338 simus,
1432 4269 1579 4341 quod
1605 4285 1746 4341 pene
1804 4269 2024 4341 pejores

434 4375 557 4417 esse
590 4376 699 4416 non
728 4374 1020 4432 pessumus
1047 4359 1075 4414 7
1106 4373 1215 4431 quo
1271 4357 1469 4413 ibimus
1495 4358 1523 4414 ?
1554 4374 1662 4430 quo
1694 4356 1967 4431 fugiemus
1996 4360 2024 4413 ‘?

431 4455 526 4506 aut
547 4464 710 4523 quem
741 4446 1153 4506 consiliatorem
1175 4454 1267 4503 aut
1287 4446 1666 4503 auxiliatorcm
1687 4455 1880 4503 contra
1899 4447 2024 4518 jus—

431 4561 548 4610 tum
569 4551 818 4626 judicem
862 4551 1037 4607 Deum
1069 4566 1170 4607 nos
1199 4549 1386 4620 ipjusti
1416 4548 1626 4607 habere
1672 4549 1972 4622 poterimus
1998 4551 2027 4606 Ἰ

428 4653 652 4712 Nullum
683 4653 916 4727 penitus,
949 4651 1058 4709 nisi
1084 4652 1283 4725 ipsum.
1319 4650 1399 4707 Ab
1429 4649 1524 4708 illo
1564 4667 1698 4725 ergo
1728 4651 2020 4708 consilium
2047 4663 2101 4725 ι)

432 4766 488 4816 et
514 4758 783 4815 auxilium
814 4754 1125 4821 dilectione,
1149 4754 1474 4824 humilitate,
1506 4753 1762 4825 patientia
1794 4762 1848 4810 et
1861 4754 2027 4811 casti-

430 4856 543 4904 tate
571 4846 1113 4920 imploremus,cujue
1143 4844 1399 4901 bonitatis
1430 4850 1482 4900 et
1512 4842 1900 4900 misericordiae
1916 4860 2028 4900 non

432 4960 514 5008 est
542 4965 824 5007 numerus.
857 4947 1072 5005 Utinam
1091 4946 1234 5003 enim
1251 4954 1366 5002 tam
1394 4946 1501 5003 cito
1521 4945 1894 5018 unusquisque
1923 4961 2027 5002 no-

431 5062 602 5111 strum
630 5069 691 5110 se
733 5051 1050 5126 paenitendo
1083 5056 1415 5124 agnosceret
1469 5064 1643 5116 reum,
1702 5064 1863 5121 quam
1918 5048 2026 5106 cito

432 5155 601 5233 336
634 5155 782 5212 Deus
838 5155 1154 5229 ignosceret
1191 5160 1417 5208 reatum.
1477 5150 1699 5208 Utinam
1749 5158 1861 5207 tam
1917 5152 2024 5208 cito

426 5262 882 5313 converteremur
963 5253 1031 5308 ad
1086 5248 1459 5324 paenitentiam
1519 5265 1679 5323 quam
1737 5249 1844 5307 cito
1900 5250 2024 5323 pius

429 5351 689 5409 Conditor
716 5358 906 5409 noster
937 5351 1100 5409 etiam
1129 5348 1454 5423 praeﬁnitam
1511 5349 1580 5405 de
1607 5349 1769 5406 nobis
1824 5357 2035 5422 praesto,

427 5456 574 5510 esset
602 5463 815 5510 mutare
856 5453 1202 5511 sententiam.
1236 5454 1477 5509 Mutatur
1506 5452 1775 5509 sententia
1804 5451 2020 5509 incom-

425 5555 704 5611 mutabilis
721 5555 1032 5613 Conditoris
1058 5570 1160 5628 pro
1191 5552 1573 5625 conversione,
1621 5562 1674 5611 et
1705 5555 1849 5610 bona
1877 5569 2021 5611 con-

426 5657 733 5714 versatione
762 5657 1071 5730 peccatoris
1126 5664 1180 5713 et
1226 5655 1315 5714 cui
1346 5656 1599 5729 peccanti
1636 5665 1764 5714 ante
1792 5672 1894 5728 pro
1921 5671 2022 5714 sua

424 5761 705 5835 iniquitate
762 5762 1073 5819 minabatur
1116 5769 1367 5829 mortem,
1420 5758 1597 5817 eidem
1645 5777 1913 5819 converso
1942 5761 2021 5818 vi-

420 5872 532 5921 tam
561 5865 823 5939 promittit
866 5871 919 5921 et
965 5863 1154 5920 tribuit
1211 5862 1624 5936 sempiternam,
1680 5879 1844 5937 quam
1899 5863 2019 5936 ipse

421 5959 567 6020 Deus
596 5968 651 6021 et
676 5962 950 6043 Dominus
991 5966 1182 6017 noster
1213 5958 1380 6016 Jesus
1409 5958 1677 6031 Christus,
1709 5958 1803 6034 qui
1854 5958 2019 6035 hodie

1420 423 1753 483 GOFFRIDI
1792 422 2080 485 ABBATIS
2122 425 2667 486 VINDOCINENSIS

3587 430 3701 490 244

2019 570 2077 638 Α
2107 564 2210 623 pro
2230 549 2419 608 mundi
2450 550 2621 609 salute
2649 550 2803 611 nasci
2838 549 3094 628 dignatus
3123 557 3225 621 est,
3258 567 3356 610 sua
3384 551 3706 613 dulcissima

2100 640 2381 710 charitate,
2442 640 2830 699 misericordia
2885 658 2948 700 ac
3007 642 3249 701 bonitate
3298 644 3460 700 nobis
3491 644 3704 701 donare

2100 730 2378 802 dignetur,
2417 730 2653 802 quicum
2714 732 2881 788 Patre
2911 740 2965 789 et
2994 732 3196 805 Spiritu
3251 740 3441 790 sancto
3486 733 3619 792 vivit
3648 742 3706 792 at

2102 826 2295 891 regnat
2321 834 2419 892 per
2438 820 2620 877 omnia
2650 820 2849 877 saecula
2875 821 3224 879 saeculorum.
3265 822 3469 879 Amen.

2708 985 2946 1044 SERMO
2984 988 3057 1043 III
3070 1029 3084 1047 .

2497 1158 2554 1199 1N
2591 1158 2929 1201 ΝΑτινιτΑτΕ
2966 1158 3173 1203 υοιίιΝι
3212 1160 3299 1202 Ill.

2178 1302 2433 1359 Christus
2465 1303 2566 1360 Dei
2591 1304 2778 1373 Filius,
2792 1304 2987 1363 fratres
3001 1305 3329 1377 charissimi,
3348 1305 3442 1380 qui
3460 1305 3515 1363 in
3524 1307 3705 1367 Evan-

2106 1391 2272 1465 gelio,
2303 1401 2362 1448 ut
2383 1408 2510 1449 eum
2540 1393 2803 1451 hodierna
2823 1395 2915 1452 die
2963 1396 3330 1469 corporaliter
3358 1399 3544 1453 natum
3570 1412 3703 1453 cre-

2106 1481 2321 1551 damus,
2357 1481 2518 1540 docet
2573 1490 2628 1540 et
2655 1482 2922 1556 praecipit,
2970 1483 3092 1557 ipse
3130 1485 3291 1542 etiam
3319 1486 3465 1559 quod
3510 1485 3704 1543 conci-

2106 1570 2341 1644 piendus
2371 1578 2518 1629 esset
2546 1572 2601 1628 in
2635 1572 2873 1644 virgine,
2898 1579 2951 1629 et
2966 1574 3113 1647 quod
3128 1574 3199 1632 de
3219 1575 3433 1648 virgine
3450 1590 3706 1631 nascere-

2107 1670 2198 1717 tur
2251 1675 2351 1732 per
2394 1661 2720 1733 prophetam
2776 1662 2991 1719 dixerat
3026 1671 3172 1731 ante,
3232 1664 3380 1735 quod
3407 1662 3485 1721 sic
3531 1663 3705 1720 fuisse

2107 1750 2426 1823 praedictum
2442 1750 2787 1823 agnoscitur:
2802 1754 2940 1810 Ecce
2960 1754 3112 1825 virgo
3130 1754 3411 1826 concipiet
3433 1757 3488 1810 et
3512 1752 3701 1826 pariat

2107 1840 2293 1910 ﬁlium
2311 1840 2466 1910 (Isai.
2501 1855 2600 1907 vn,
2635 1841 2747 1911 t4).
2808 1841 2967 1911 Quod
2985 1841 3117 1898 olim
3142 1858 3172 1897 a
3201 1843 3466 1914 propheta
3509 1842 3579 1898 de
3623 1840 3705 1897 in-

2028 1936 2084 1997 B
2112 1928 2428 1985 carnatione
2465 1936 2518 1985 et
2564 1929 2839 1986 nativitate
2876 1930 2977 1987 Dei
3007 1938 3059 1987 et
3096 1931 3316 1987 Domini
3358 1930 3527 1987 nostri
3569 1931 3703 1987 Jesu

2117 2017 2318 2074 Christi
2344 2017 2580 2073 futurum
2619 2018 3030 2089 prmdicebatur,
3048 2020 3163 2089 jam
3218 2019 3418 2077 factum
3471 2017 3705 2094 agnovi-

2113 2122 2257 2162 mus.
2290 2106 2430 2162 Nam
2447 2107 2746 2164 secundum
2769 2108 3078 2165 vaticinium
3109 2108 3438 2167 sanctissimi
3463 2109 3707 2181 prophe-

2117 2204 2187 2252 tae
2207 2194 2376 2263 illius,
2399 2194 2558 2268 virgo
2579 2196 2830 2268 quaedam
2876 2205 2996 2253 erat
3023 2205 3438 2269 conceptura,et
3464 2198 3711 2270 paritura

2116 2282 2284 2340 ﬁlium
2319 2302 2332 2349 ;
2365 2291 2420 2340 et
2446 2284 2568 2341 harc
2612 2284 2771 2358 virgo
2812 2284 2906 2341 fuit
2935 2285 3101 2362 337
3141 2286 3283 2342 bona
3336 2286 3522 2342 Maria.
3578 2285 3711 2342 Haec

2118 2383 2264 2438 enim
2294 2382 2545 2454 concepit
2573 2391 2629 2439 et
2671 2382 2907 2455 peperit,
2964 2400 3073 2440 non
3105 2385 3422 2457 quemlibet,
3479 2385 3567 2442 vel
3619 2401 3713 2442 cu-

2112 2471 2337 2541 juslibet
2361 2471 2550 2539 filium,
2594 2472 2693 2528 sed
2724 2474 2897 2528 Deum
2941 2481 2996 2529 et
3022 2473 3216 2530 Filium
3244 2474 3364 2531 Dei.
3396 2475 3543 2531 Deus
3586 2489 3713 2531 cum

2120 2561 2303 2629 Patre,
2330 2560 2498 2617 Filius
2520 2561 2591 2618 de
2645 2562 2827 2628 Patre,
2859 2563 3008 2619 Deus
3040 2578 3179 2618 unus
3233 2578 3356 2619 cum
3385 2563 3540 2620 Patre
3585 2561 3715 2637 quia

2118 2650 2280 2705 unius
2309 2650 2649 2717 substantiae,
2693 2650 2853 2707 unius
2883 2652 3154 2718 essentize,
3185 2651 3346 2708 unius
3391 2650 3711 2722 divinitatis,

2119 2740 2284 2795 unius
2336 2738 2594 2812 potentiae
2623 2748 2677 2796 et
2723 2746 2958 2797 naturae.
2997 2741 3077 2797 De
3107 2742 3268 2797 Patre
3311 2740 3479 2797 Filius
3505 2740 3626 2814 quia
3654 2740 3711 2796 in

2120 2829 2301 2897 Patre,
2321 2836 2373 2885 et
2402 2829 2471 2886 de
2500 2830 2661 2886 Patre
2683 2837 2763 2887 est
2797 2829 3065 2902 sapientia
3094 2831 3236 2900 ejus.
3272 2830 3464 2887 Merito
3490 2830 3712 2903 sapien—

2122 2918 2251 2977 tiam
2283 2918 2455 2974 Patris
2484 2919 2602 2989 ejus
2630 2918 2827 2975 Filium
2855 2919 3087 2976 dicimus
3116 2919 3262 2991 quia,
3293 2919 3435 2976 sicut
3469 2935 3564 2976 rex
3596 2917 3712 2991 qui-

2122 3007 2256 3063 libet
2272 3008 2591 3080 temporalis
2637 3023 2742 3079 per
2768 3011 3070 3078 sapientem
3120 3006 3293 3064 ﬁlium
3321 3023 3483 3064 suum
3540 3020 3714 3081 regna

2123 3104 2396 3153 terrarum
2425 3096 2566 3169 regit
2586 3103 2641 3153 et
2669 3096 2901 3164 ordinat,
2934 3096 3006 3153 ita
3037 3098 3197 3153 Pater
3244 3096 3480 3155 caelestis
3506 3111 3608 3168 per
3633 3111 3716 3151 sa-

2124 3186 2385 3258 pientiam
2405 3202 2557 3243 suam
2588 3185 2768 3243 omnia
2799 3186 3027 3253 creavit,
3058 3185 3303 3259 disponit
3331 3193 3385 3242 et
3409 3185 3706 3258 gubernat.

2043 3299 2095 3363 C
2125 3277 2283 3332 Hunc
2313 3275 2697 3333 charissimum
2744 3274 2939 3331 Filium
2985 3289 3145 3332 suum
3200 3273 3716 3363 consubstantialem

2123 3364 2250 3433 sibi,
2307 3372 2470 3437 atque
2517 3363 3165 3430 coaeternumincarnari,
3189 3363 3244 3419 id
3272 3366 3358 3420 est
3402 3363 3472 3419 ab
3501 3362 3595 3421 illo
3622 3362 3718 3420 ho-

2125 3452 2326 3510 minem
2355 3453 2585 3523 assumi,
2641 3461 2695 3511 et
2732 3453 2911 3525 ipsum
2965 3452 3243 3510 hominem
3297 3450 3720 3510 misericorditer

2125 3541 2268 3598 mori
2296 3540 2585 3614 disposuit,
2616 3549 2675 3598 ut
2704 3540 2938 3598 hominis
2968 3549 3144 3598 morte
3187 3540 3432 3608 secundi,
3487 3539 3719 3613 primum

2126 3630 2416 3689 suscitaret
2464 3646 2498 3687 a
2549 3639 2725 3688 morte
2771 3631 3005 3703 peccati.
3065 3630 3155 3687 Sic
3196 3628 3436 3688 caelestis
3464 3636 3518 3686 et
3544 3644 3718 3686 novus

2126 3720 2323 3792 Adam,
2355 3719 2537 3777 Adam
2570 3726 2892 3777 terrestrem
2922 3727 2979 3776 et
3006 3723 3272 3786 veterem,
3302 3717 3449 3775 unde
3471 3732 3718 3776 recesse-

2126 3817 2230 3876 rat,
2263 3809 2535 3882 reparavit
2560 3808 2630 3864 ad
2681 3808 2874 3866 vitam.
2914 3810 3046 3866 Haec
3097 3814 3283 3866 sancta
3310 3806 3608 3874 miseratio,
3662 3805 3716 3861 id

2127 3907 2231 3965 est,
2264 3897 2651 3955 inenarrabilis
2706 3898 2909 3955 divinae
2937 3898 3160 3970 pietatis
3204 3897 3351 3955 circa
3394 3903 3713 3969 peccatores

2129 3987 2410 4055 exhibitio,
2442 4004 2472 4043 a
2500 3989 2617 4045 Deo
2650 3988 2809 4044 Patre
2862 4003 2961 4058 per
2994 3986 3207 4053 Filium,
3254 3993 3582 4059 cooperante
3602 3983 3717 4057 Spi-

2131 4077 2239 4132 ritu
2268 4085 2481 4143 sancto,
2512 4077 2582 4133 de
2604 4076 2834 4149 virgine,
2869 4084 2920 4132 et
2949 4075 3005 4131 in
3024 4074 3321 4148 virgine,et
3340 4090 3442 4147 per
3457 4073 3718 4146 virginem

2132 4166 2271 4221 facta
2304 4174 2404 4232 est,
2455 4164 2738 4222 nuntiante
2788 4163 3146 4239 archangelo.
3207 4164 3365 4219 Pater
3393 4161 3616 4235 quidem
3662 4169 3720 4217 ut

2132 4255 2297 4311 Filius
2326 4254 2723 4323 incarnaretur,
2784 4253 3042 4325 praecepit
3091 4250 3353 4309 charitate
3385 4270 3399 4318 ;
3431 4249 3598 4306 Filius
3624 4265 3719 4306 vo-

2131 4344 2337 4401 luntate
2367 4358 2593 4400 carnem
2619 4342 2862 4414 suscepit
2880 4360 2895 4410 ;
2914 4356 3137 4398 carnem
3153 4341 3514 4413 ipsam,quam
3531 4353 3718 4396 susce-

2129 4434 2209 4507 pit
2238 4432 2424 4502 Filius,
2457 4431 2813 4489 sanctificavit
2837 4431 2893 4486 in
2921 4430 3091 4487 Maria
3112 4428 3345 4501 Spiritus
3367 4437 3612 4487 sanctus.
3652 4428 3717 4484 Et

2131 4524 2270 4580 sicut
2300 4530 2423 4579 sunt
2453 4522 2561 4579 duo
2587 4528 2867 4594 praecepta
2906 4519 3284 4587 charitatis,ita
3322 4519 3534 4575 duobus
3562 4518 3713 4590 prin-

2131 4612 2380 4686 cipaliter
2399 4611 2578 4668 modis
2597 4611 2839 4682 Spiritus
2868 4616 3085 4666 sanctus
3118 4616 3375 4680 operatus
3403 4615 3485 4664 est
3503 4607 3559 4662 in
3586 4622 3715 4662 san-

2132 4701 2458 4760 ctiﬁcatione
2485 4699 2742 4773 Virginis.
2767 4699 2943 4755 Prima
2968 4697 3021 4753 iu
3046 4697 3270 4771 Virgine
3292 4696 3464 4753 sancti
3486 4695 3713 4767 Spiritus

2130 4791 2378 4864 operatio
2408 4789 2614 4846 exstitit
2642 4804 2657 4859 ;
2689 4788 2745 4844 in
2774 4803 2841 4845 ea
2869 4786 3113 4843 omnium
3151 4794 3500 4858 peccatorum
3528 4784 3711 4841 morti-

2128 4879 2330 4937 ﬁcatio.
2367 4878 2534 4955 338
2569 4878 2841 4945 Secunda,
2876 4877 3049 4932 beatae
3091 4876 3214 4948 ejus
3242 4874 3565 4947 virginitatis
3595 4890 3709 4929 san-

2126 4987 2215 5036 cta
2256 4977 2523 5034 custodia.
2545 4977 2615 5033 Et
2644 4977 2749 5032 hoc
2776 4981 2858 5031 est
2886 4973 3032 5046 quod
3062 4970 3245 5028 Mariae
3265 4972 3335 5027 ab
3355 4970 3557 5045 angelo
3585 4969 3709 5028 dici-

2126 5074 2232 5135 tur,
2257 5068 2577 5140 priusquam
2603 5065 2657 5120 in
2716 5079 2781 5121 ea
2812 5063 2912 5119 Dei
2934 5061 3100 5119 Filius
3145 5060 3559 5133 conciperetur:
3589 5060 3708 5131 Spi-

2126 5157 2277 5213 ritus
2307 5162 2543 5212 sanctus
2564 5151 2923 5227 superveniet
2945 5151 3008 5207 in
3039 5154 3114 5217 te,
3144 5154 3201 5207 et
3230 5150 3411 5207 virtus
3440 5147 3708 5205 Altissimi

2124 5244 2480 5305 obumbrabit
2502 5244 2605 5299 tibi
2648 5243 2812 5298 (Luc.
2842 5256 2883 5307 ι,
2941 5239 3063 5311 35).
3102 5236 3433 5311 Supervenit
3486 5236 3542 5292 in
3596 5252 3704 5292 eam

2124 5334 2361 5407 Spiritus
2391 5340 2607 5389 sanctus
2638 5329 2760 5403 quia
2797 5345 2996 5402 corpus
3026 5327 3147 5401 ejus
3168 5338 3217 5384 et
3249 5326 3485 5383 animam
3514 5326 3584 5382 ab
3599 5340 3705 5381 om-

2124 5426 2177 5480 ni
2208 5431 2433 5496 peccato
2462 5419 2853 5477 munditicavit.
2907 5415 3182 5474 Altissimi
3209 5416 3383 5474 virtus
3437 5414 3488 5470 ei
3515 5414 3702 5470 obum-

2123 5513 2303 5569 bravit
2323 5511 2448 5583 quia
2472 5511 2683 5567 beatam
2729 5510 2847 5579 ejus
2879 5505 3243 5579 virginitatem
3298 5504 3557 5560 illibatam
3588 5518 3699 5559 ser-

2121 5603 2284 5660 vavit.
2316 5602 2385 5656 Et
2422 5616 2545 5673 quae
2604 5606 2731 5655 ante
2760 5604 2976 5670 partum
3029 5602 3153 5651 erat
3192 5592 3348 5667 virgo
3394 5596 3602 5661 sancta,
3654 5591 3700 5645 in

2120 5699 2280 5764 partu
2308 5689 2457 5746 facta
2485 5696 2570 5745 est
2600 5688 2759 5761 virgo
2788 5685 3046 5752 sanctior,
3080 5692 3133 5741 et
3164 5689 3288 5755 post
3316 5689 3527 5753 partum
3563 5679 3699 5752 virgo

2120 5779 2462 5836 sanctissima
2486 5797 2500 5843 ;
2534 5776 2772 5849 Spiritus
2791 5781 3014 5831 sanctus
3045 5781 3099 5828 et
3126 5770 3390 5828 Altissimi
3408 5769 3579 5826 virtus
3605 5782 3700 5824 non

2119 5877 2247 5925 sunt
2273 5868 2402 5937 duo,
2434 5865 2534 5921 sed
2581 5880 2768 5931 unum,
2802 5862 2942 5921 sicut
2997 5861 3052 5917 in
3081 5858 3382 5933 Evangelia
3428 5855 3697 5929 discipulis

2119 5956 2234 6016 suis
2263 5954 2509 6013 Christus
2537 5952 2667 6011 dicit
2696 5971 2710 6011 :
2743 5953 2849 6027 Ego
2879 5954 3111 6010 mittam
3151 5950 3494 6023 promissum
3520 5945 3696 6005 Patris
