3910 6446
179 483 292 548 liii

1636 454 1799 524 βω

1906 453 2036 522 me.
2242 488 2250 493 ε
3373 418 3496 497 3W

177 612 245 673 in
276 625 392 681 vos,
426 602 685 686 Spiritum
712 599 965 670 videlicet
989 605 1231 662 sanctum
1263 594 1400 659 :Vos
1418 591 1610 655 autem
1618 589 1780 651 sede-
1808 578 1866 648 Δ
1894 564 2805 686 basilitati‘multumcompatiens,
2835 572 3032 641 pueros
3056 549 3335 635 quatiebat
3370 560 3483 686 n‘oa

181 715 238 771 te
266 712 334 769 in
354 710 614 777 civitate,
634 704 987 783 quoadusque
1003 697 1329 761 induamini
1345 697 1559 755 virtute
1573 707 1648 750 ea:
1659 691 1718 749 al
1723 693 1780 748 to

182 803 344 873 (Luc.
377 815 503 869 xxx,
535 800 647 869 i9),
678 797 734 853 id
763 802 861 865 est,
935 788 1253 865 repleamini
1314 785 1518 860 Spiritu
1571 787 1778 839 sancto.

180 897 556 972 Archangelus
583 894 804 953 Gabriel
831 893 1026 948 missus
1051 906 1084 946 a
1111 890 1228 945 Deo
1256 883 1403 944 venit
1440 881 1510 940 ad
1555 878 1781 937 Mariam

180 996 478 1073 virginem,
509 992 830 1049 annuntians
856 989 906 1046 ei
935 988 1176 1045 divinam
1206 983 1367 1039 simul
1396 988 1453 1037 et
1486 981 1779 1035 humanam

182 1065 349 1144 exea
380 1084 614 1141 futuram
641 1080 997 1138 nativitatem.
1029 1074 1270 1133 Christus
1309 1072 1491 1142 itaque
1536 1067 1604 1123 de
1653 1065 1779 1121 Vir-

180 1182 315 1258 gina
353 1197 574 1239 carnem
630 1179 686 1235 in
740 1176 983 1251 Virgine,
1040 1187 1153 1230 non
1206 1168 1424 1241 quidem
1481 1163 1551 1220 de
1607 1161 1778 1218 Adam

180 1253 493 1346 peccatore,
552 1268 646 1325 sed
703 1265 845 1324 unde
900 1263 1072 1321 Adam
1133 1260 1311 1332 justus
1372 1253 1611 1313 animam
1681 1265 1778 1306 su-

181 1369 377 1442 scepit,
410 1375 465 1425 et
490 1384 589 1442 per
617 1364 886 1440 virginem
912 1377 1129 1420 carnem
1149 1356 1433 1433 egrediens
1450 1354 1596 1442 Deus
1614 1350 1780 1442 homo

182 1436 392 1515 mundo
424 1436 692 1531 apparuit.
706 1436 759 1510 λ
777 1455 892 1511 Deo
912 1452 1037 1508 data
1056 1456 1137 1505 est
1154 1446 1282 1504 Adae
1302 1443 1504 1511 anima,
1543 1439 1680 1496 sicut
1723 1436 1781 1493 in

183 1554 387 1614 Genesi
407 1554 650 1628 legitur:
696 1551 1002 1625 [aspiravit
1052 1547 1115 1604 in
1157 1544 1365 1618 faciem
1408 1541 1532 1612 ejus
1588 1536 1782 1628 spira-

182 1646 386 1703 culum
423 1622 559 1702 vita:
613 1622 805 1713 (Gen:
846 1655 908 1696 ιι.
967 1639 1046 1707 7).
1107 1636 1175 1691 Et
1229 1632 1322 1705 qui
1376 1643 1595 1687 carnem
1649 1622 1781 1681 Ade

185 1741 457 1800 animavit
484 1740 681 1797 factam
710 1739 778 1796 de
806 1738 958 1807 limo,
1006 1731 1268 1792 animavit
1320 1736 1375 1787 et
1427 1723 1622 1784 Christi
1672 1737 1784 1779 car-

184 1856 315 1899 nem
381 1840 442 1897 in
505 1836 695 1896 matris
776 1842 927 1892 utero
1009 1830 1240 1905 Spiritus
1314 1832 1547 1882 sanctus.
1614 1819 1785 1894 Igitur

190 1946 297 1987 uno
364 1928 542 1987 Adam
605 1927 767 2000 longe
832 1930 957 1981 ante
1020 1922 1329 1989 susceperat
1390 1912 1628 1970 animam
1649 1950 1666 1979 ,
1732 1912 1786 1964 et

191 2030 414 2103 qualem
444 2032 770 2099 susceperat,
800 2030 856 2080 et
883 2021 1120 2080 Christus
1164 2014 1416 2103 suscepit,
1464 2027 1575 2103 non
1629 2007 1791 2103 talem

190 2095 413 2191 qualem
442 2095 617 2173 Adam
645 2130 766 2172 eam
795 2110 1070 2186 peccando
1097 2114 1286 2179 postea
1314 2101 1461 2160 fecit.
1493 2096 1685 2158 Caeteri
1711 2095 1791 2152 si-

191 2215 416 2289 quidem
446 2213 713 2280 homines,
733 2211 825 2283 qui
866 2216 994 2265 sunt
1010 2205 1258 2263 homines
1293 2209 1520 2267 tantum,
1555 2208 1792 2252 nascun-

190 2287 279 2363 tur
323 2305 451 2379 lege
483 2301 651 2381 339
686 2299 986 2366 hominum,
1018 2296 1074 2351 in
1124 2298 1345 2366 peccato
1391 2287 1613 2354 scilicet,
1668 2298 1793 2340 cum

190 2377 398 2462 dolore?
436 2377 522 2457 etv
535 2377 878 2469 corruptione
914 2399 1168 2449 matrum.
1205 2387 1369 2444 Filius
1386 2392 1565 2442 autem
1584 2379 1685 2437 Dei
1703 2377 1797 2451 qui

191 2504 338 2559 Deus
364 2506 485 2558 erat
509 2505 565 2554 et
589 2499 776 2562 homo,
807 2492 928 2565 lege
958 2489 1179 2563 quidem
1207 2483 1446 2543 hominis
1492 2488 1650 2537 natus
1694 2482 1795 2545 est,

191 2590 288 2648 sed
315 2587 555 2661 amplius
579 2586 704 2658 lege
727 2583 848 2640 Dei.
880 2584 942 2636 In
962 2584 1221 2650 quantum
1251 2581 1409 2630 natus
1436 2578 1520 2627 est
1549 2570 1621 2626 de
1642 2565 1800 2624 femi-

193 2703 286 2756 na,
316 2659 478 2742 natus
504 2689 586 2739 est
610 2681 733 2753 lege
774 2676 1028 2746 hominis,
1085 2673 1181 2730 sed
1236 2670 1469 2741 amplius
1522 2667 1644 2739 lege
1699 2659 1802 2719 Dei

194 2781 353 2833 natus
382 2780 482 2842 est,
507 2770 635 2843 quia
650 2770 768 2826 sine
795 2774 1017 2839 peccato
1054 2772 1110 2819 et
1145 2761 1263 2818 sine
1298 2760 1486 2816 dolore
1514 2766 1568 2813 et
1620 2767 1804 2810 corruo

194 2863 384 2938 ptione
412 2860 621 2918 matris.
652 2861 716 2916 In
745 2872 810 2915 eo
838 2854 984 2927 quod
1012 2853 1081 2909 de
1110 2851 1313 2908 femina
1331 2854 1487 2903 natus
1506 2852 1607 2913 est,
1632 2858 1689 2898 se
1709 2855 1805 2898 ve-

197 2978 319 3022 rum
348 2959 631 3017 hominem
659 2953 893 3013 ostendit
922 2967 938 3022 ;
971 2950 1027 3007 in
1056 2967 1120 3006 eo
1149 2965 1281 3006 vero
1326 2943 1471 3016 quod
1520 2947 1676 2998 natus
1724 2943 1806 2995 est

198 3050 315 3107 sine
343 3054 570 3121 peccato
599 3052 654 3101 et
678 3043 746 3100 de
774 3041 988 3115 virgine
1022 3045 1214 3106 matre,
1253 3036 1427 3092 Deum
1470 3029 1816 3100 omnipoten-

200 3115 480 3197 tem.-Nec
506 3132 833 3193 credendum
863 3137 945 3187 est
997 3124 1331 3200 impossibile
1388 3121 1553 3178 fuisse
1607 3116 1658 3173 ei
1711 3115 1806 3188 qui

200 3236 389 3295 omnia
416 3240 614 3308 potest,
645 3237 700 3288 et
744 3229 981 3302 seipsum
1039 3226 1094 3282 in
1152 3230 1343 3291 matre,
1402 3227 1456 3276 et
1508 3216 1576 3274 de
1632 3221 1804 3271 matre

200 3341 414 3384 creasse
444 3302 743 3389 hominem,
771 3326 824 3375 et
851 3315 1036 3373 matris
1083 3330 1195 3369 suae
1240 3323 1484 3368 servasse
1533 3302 1808 3377 virginita-
1832 3325 1884 3391 ο

202 3423 334 3473 tem.
364 3412 547 3470 Potuit
572 3411 753 3481 itaque
781 3415 834 3463 et
861 3403 1031 3463 voluit
1056 3405 1201 3460 Deus
1229 3409 1282 3457 et
1334 3402 1498 3455 homo
1553 3392 1688 3462 ﬁeri,
1747 3397 1802 3447 et

200 3510 270 3567 de
296 3507 514 3581 virgine
540 3503 708 3572 nasci,
739 3510 797 3557 ut
826 3516 924 3575 per
950 3501 1057 3556 hoc
1084 3495 1229 3568 quod
1256 3495 1433 3551 factus
1478 3500 1559 3549 est
1610 3491 1797 3553 homo,

200 3573 485 3658 veritatem
514 3591 819 3650 ostenderet
830 3573 1067 3657 carnis;
1129 3601 1226 3658 per
1272 3587 1376 3640 hoc
1421 3589 1600 3638 autem
1656 3573 1800 3649 quod

201 3686 465 3745 inviolato
492 3679 816 3755 virginitatis
843 3677 1023 3751 sigillo
1053 3673 1250 3748 prodiit
1277 3672 1343 3728 de
1389 3668 1575 3727 matris
1627 3674 1801 3734 utero,

204 3782 655 3859 omnipotentiam
745 3775 1043 3835 divinitatis
1123 3778 1462 3830 monstraret.
1537 3769 1805 3825 Praeterea

206 3876 438 3932 aliorum
464 3871 745 3929 hominum
775 3867 923 3942 prius
951 3865 1249 3922 formantur
1274 3875 1503 3934 corpora
1546 3857 1603 3914 in
1640 3853 1806 3911 uteris

206 3980 462 4041 matrum,
493 3976 547 4025 et
576 3965 819 4025 formatis
862 3962 1180 4036 corporibus
1235 3958 1563 4031 inspirentur
1618 3960 1805 4027 postea

205 4062 428 4130 animae,
458 4057 653 4131 quibus
679 4070 910 4128 corpora
936 4052 1053 4125 ipsa
1098 4048 1455 4105 viviﬁcantur.
1503 4043 1621 4101 Filii
1675 4054 1805 4097 vero

206 4151 309 4209 Dei
336 4128 639 4215 vera—caro,
671 4161 780 4201 non
809 4142 1121 4216 priusquam
1150 4138 1264 4211 ipse
1294 4136 1527 4194 venisset
1555 4133 1612 4188 in
1642 4128 1804 4202 virgi-

209 4256 357 4310 nem,
388 4239 447 4295 in
475 4244 625 4293 utero
654 4231 880 4307 virginis
905 4236 1166 4300 concepta
1208 4234 1307 4295 est,
1366 4240 1467 4280 nec
1522 4228 1807 4296 postquam

207 4353 431 4397 carnem
458 4332 712 4406 suscepit,
741 4330 890 4387 carni
919 4329 1037 4402 ipsa
1082 4326 1266 4383 anima
1317 4321 1606 4393 conjuncta
1638 4336 1654 4385 ;
1712 4316 1810 4375 sed

211 4443 342 4483 mox
372 4431 431 4482 ut
457 4421 572 4498 ipse
601 4405 749 4477 venit
775 4420 831 4476 in
859 4417 1146 4491 virginem,
1180 4422 1349 4471 totum
1378 4410 1538 4467 simul
1578 4405 1813 4480 suscepit

211 4494 512 4585 hominem,
541 4511 779 4569 animam
806 4507 1007 4564 scilicet
1034 4513 1087 4560 et
1111 4518 1351 4560 carnem.
1381 4498 1535 4558 Unde
1571 4494 1815 4570 Augusti-

216 4629 318 4669 nus
349 4631 363 4669 :
386 4612 525 4670 Cum
537 4608 764 4668 verbum
779 4607 879 4665 Dei
894 4603 1236 4679 permistum
1247 4603 1333 4659 est
1361 4598 1571 4655 anima!
1581 4594 1814 4652 habenti

1892 649 2069 750 aetate,
2100 676 2195 736 sed
2222 671 2557 749 malignitate
2586 681 2801 745 parvos,
2858 676 2960 721 nec
3010 667 3194 750 tamen
3247 649 3484 726 aqualea

1892 770 2015 840 sibi,
2046 747 2142 826 sed
2168 747 2391 825 similes.
2421 761 2559 822 Huic
2583 758 2730 816 enim
2759 767 2927 830 puero
2954 747 3156 822 aequari
3185 757 3346 801 nemo
3375 753 3482 814 po-

1893 832 2038 931 test’;
2070 857 2185 927 sed,
2206 856 2344 913 sicut
2361 853 2413 909 ei
2439 865 2601 908 nemo
2622 853 2798 921 potest
2842 839 3066 914 aequari,
3105 837 3181 893 ita
3206 845 3371 889 nemo
3399 832 3489 885 est

1893 957 1985 1032 qui
2014 930 2139 1014 eum
2168 955 2225 1011 in
2254 952 2455 1024 aliquo,
2487 964 2593 1022 quo
2622 942 2819 1003 salvari
2847 941 3040 1007 valeat,
3073 951 3139 992 eo
3168 930 3481 1032 adjuvante,

1892 1015 2002 1104 non
2032 1042 2199 1120 possit
2226 1015 2451 1099 imitari;
2477 1015 2654 1098 Natus
2682 1037 2769 1092 est
2795 1032 2974 1099 nobis,
3020 1032 3216 1082 nostra:
3234 1015 3488 1120 videlicet

2080 1132 2284 1191 salutis.
2316 1128 2396 1188 Ad
2424 1130 2528 1186 hoc
2557 1124 2702 1181 enim
2756 1127 2914 1178 natus
2968 1122 3067 1183 est,
3122 1119 3183 1168 ut
3232 1103 3487 1165 sacerdos

1892 1239 2048 1301 emet,
2082 1245 2181 1285 nec
2207 1225 2459 1285 sacerdos
2485 1229 2712 1289 tantum,
2760 1233 2852 1273 sec
2878 1210 3132 1270 sacerdos
3183 1213 3237 1262 et
3291 1197 3492 1259 sacriﬁ-

1892 1294 2056 1378 cium.
2087 1320 2213 1375 Non
2241 1323 2321 1372 est
2346 1312 2597 1371 sacerdos
2623 1307 2917 1366 secundum
2946 1301 3003 1358 id
3032 1296 3177 1371 quod
3206 1300 3361 1353 natus

1992 1410 2170 1479 Patre,
2200 1404 2295 1463 sed
2324 1409 2544 1478 propter
2569 1413 2786 1456 carnem
2817 1396 3145 1463 assumptum
3161 1384 3227 1440 de
3263 1376 3488 1452 Virgine

1892 1516 2084 1566 matre.
2114 1508 2340 1578 Propter
2367 1501 2643 1558 victimam
2670 1496 2853 1567 utique
2883 1505 3045 1565 quam
3075 1481 3285 1556 accepit
3310 1495 3343 1537 a
3399 1488 3493 1578 po-

1891 1564 1996 1665 his,
2030 1603 2083 1652 et
2112 1564 2398 1668 pro-nobis
2425 1587 2619 1648 obtulit
2649 1564 2785 1661 ipse:
2815 1564 2915 1641 Ad
2949 1573 3272 1668 hocmetiam
3329 1564 3490 1624 nobis

1892 1664 2161 1760 apparuit,
2192 1689 2251 1739 ut
2277 1697 2388 1738 sua:
2417 1693 2517 1736 nos
2543 1672 2886 1740 innocentia,
2914 1664 3249 1728 humilitatis,
3294 1665 3349 1714 et
3403 1668 3493 1727 pa-

1895 1784 2096 1845 tientia
2125 1782 2273 1858 prius
2299 1778 2554 1853 exemplo
2582 1775 2819 1840 doceret,
2850 1786 3012 1842 quam
3037 1783 3135 1858 pro
3174 1761 3332 1822 nobis
3357 1775 3479 1818 mor

1898 2151 2047 2207 bona
2076 2164 2186 2205 non
2212 2145 2474 2218 sequitur.
2508 2141 2747 2200 Christus
2774 2153 2909 2211 puer
2937 2132 3193 2209 parvulus
3229 2137 3385 2218 natus
3428 2124 3497 2180 de

1902 2248 2094 2306 matre,
2132 2217 2302 2296 Filius
2322 2232 2567 2291 excelsus
2592 2227 2694 2287 Dei
2721 2225 2893 2285 Patris
2919 2231 3018 2292 est,
3048 2218 3272 2292 aequalis
3298 2217 3349 2275 ei
3404 2229 3503 2288 per

1901 2338 2089 2397 omnia
2117 2337 2174 2392 in
2201 2334 2502 2393 divinitate.
2532 2330 2633 2387 Hic
2661 2328 2800 2402 pius,
2829 2323 3069 2388 humilis,
3117 2319 3309 2385 dulcis,
3354 2312 3503 2373 beni-

1903 2445 2045 2504 gnus
2071 2427 2241 2484 datus
2268 2428 2357 2482 est
2382 2422 2564 2489 nobis,
2594 2425 2790 2475 nostra:
2816 2414 3000 2504 utique
3039 2409 3271 2504 pretium
3297 2404 3504 2463 redem-

1906 2496 2125 2592 ptionis.
2167 2513 2454 2572 Debitores
2507 2524 2721 2566 eramus
2773 2502 2997 2571 diaboli,
3047 2508 3102 2557 et
3157 2496 3286 2569 quia
3337 2506 3501 2551 nemo

1905 2588 2151 2672 nostrum
2176 2610 2387 2668 solvere
2416 2612 2627 2682 poterat
2657 2600 2802 2675 quod
2829 2601 2881 2657 ei
2907 2597 3206 2655 debebatur
3224 2607 3323 2682 per
3339 2588 3503 2665 primi

1905 2702 2143 2764 hominis
2196 2680 2499 2773 peccatum,
2578 2694 2635 2751 in
2709 2690 2830 2762 ejus
2900 2702 3116 2746 carcere
3187 2680 3507 2745 tenebamur

1906 2800 2129 2874 captivi,
2159 2796 2308 2854 duris
2335 2804 2391 2852 et
2444 2792 2577 2849 diris
2630 2790 2847 2864 legibus
2890 2792 3234 2874 peccatorum
3280 2775 3504 2874 astricti.

1907 2864 2022 2948 Nos
2047 2864 2229 2945 autem
2259 2902 2293 2942 a
2321 2890 2544 2958 peccato
2570 2880 2802 2937 liberare
2821 2890 2985 2932 nemo
3018 2871 3252 2940 valebat,

1907 2980 2055 3036 solus
2081 2983 2197 3033 erat
2223 2953 2342 3031 sine
2389 2977 2631 3044 peccato,
2690 2965 2856 3024 Filius
2906 2962 3030 3020 Dei.
3086 2963 3192 3017 Iste
3246 2953 3508 3031 sapientia

1910 3092 2063 3135 more
2093 3070 2308 3138 medici,
2343 3068 2435 3140 qui
2464 3065 2754 3140 languebat
2808 3061 3044 3135 diligens
3094 3056 3395 3122 hominem,
3449 3060 3507 3110 et

1909 3173 2037 3232 odio
2065 3171 2273 3229 habens
2308 3163 2546 3224 hominis
2571 3163 2909 3234 languorem,
2945 3170 3163 3213 carnem
3193 3146 3502 3221 assumpsit.

1911 3280 1964 3329 et
1991 3269 2058 3326 de
2086 3282 2250 3325 carne
2277 3279 2375 3320 sua
2402 3259 2569 3318 nostri
2598 3256 2728 3315 fecit
2752 3254 3076 3313 medicinam
3116 3246 3341 3324 peccati.
3363 3245 3505 3302 Vere

1913 3364 2200 3439 assumpsit
2226 3375 2468 3427 carnem,
2524 3352 2915 3413 inaestimabilis
2953 3349 3156 3408 scilicet
3209 3341 3504 3402 misericor-

1905 3465 2011 3523 dite
2040 3470 2210 3520 artem
2241 3457 2507 3516 invenisse
2536 3452 2798 3511 veraciter
2822 3449 3074 3515 creditur,
3095 3454 3154 3501 ut
3178 3444 3339 3501 beata
3366 3439 3501 3507 vita,

1907 3571 2028 3628 quae
2060 3549 2198 3609 mori
2227 3564 2336 3605 non
2364 3551 2595 3620 poterat,
2629 3558 2727 3616 pro
2757 3539 2870 3596 vita
2896 3534 3133 3595 hominis
3177 3536 3497 3589 moreretur.

1906 3650 2062 3711 Unde
2078 3648 2247 3707 Isaias
2276 3645 2538 3719 prepheta
2565 3640 2643 3697 sic
2664 3638 2900 3711 loquitur
2930 3653 2943 3691 :
2976 3632 3046 3690 Et
3076 3631 3502 3719 vocabiturArto-

1907 3757 2041 3800 mea
2060 3741 2181 3814 ejus
2197 3714 2556 3801 Emmanuel,
2589 3726 2734 3801 quod
2757 3734 2838 3783 est
2861 3724 3155 3783 nobiscum
3180 3722 3328 3778 Deus
3341 3714 3497 3790 (Isai.

1910 3854 2009 3906 νη,
2043 3807 2155 3907 ti).
2186 3830 2329 3904 Quid
2357 3837 2456 3898 est,
2505 3826 2800 3887 Nobiscum
2853 3821 3020 3889 Deus,
3072 3815 3378 3907 nisi_D_eus
3430 3807 3502 3867 de

1910 3903 2085 3997 nobis,
2114 3903 2172 3982 et
2198 3903 2297 3997 pro
2325 3917 2486 3976 nobis
2512 3918 2678 3975 homo
2737 3912 2944 3969 futurus
2968 3909 2999 3963 ‘i
3054 3904 3213 3976 Quod
3260 3903 3497 3997 futurum

1912 3987 2175 4092 propheta
2198 3987 2502 4086 praedixit,
2558 4007 2663 4063 hoc
2716 3997 3049 4072 evangelista
3098 3996 3333 4052 Joannes
3380 3987 3499 4060 jam

1912 4090 2028 4174 esse
2058 4112 2259 4169 factum
2277 4103 2675 4174 asserit,dicens
2699 4119 2713 4157 :
2744 4098 2975 4158 Verbum
2994 4110 3126 4154 caro
3145 4093 3368 4167 factum
3387 4090 3498 4150 est.

1912 4217 1972 4271 et
1993 4208 2273 4270 habitavit
2301 4204 2365 4262 in
2386 4202 2545 4261 nobis
2593 4200 2784 4269 (Joan.
2817 4212 2857 4252 ι.
2893 4196 3003 4265 li).
3033 4190 3272 4248 Verbum
3301 4186 3501 4245 factum

1913 4329 2062 4382 caro,
2093 4309 2229 4367 nihil
2255 4314 2336 4366 est
2370 4303 2517 4362 aliud
2544 4318 2708 4374 quam
2736 4299 2837 4358 Dei
2884 4296 3048 4354 Filius
3093 4294 3265 4353 tactus
3315 4292 3504 4347 homo.

1918 4408 2198 4471 Habitavit
2219 4402 2483 4472 iambis,
2518 4399 2575 4456 id
2603 4398 2946 4462 estincarne
2990 4399 3173 4451 nostra
3200 4410 3217 4460 ;
3267 4394 3505 4447 nostram

1914 4501 2061 4566 dico,
2091 4493 2387 4554 secundum
2414 4488 2592 4548 carnis
2636 4485 3042 4561 proprietatem,
3072 4497 3182 4540 non
3208 4474 3504 4535 secundum

1918 4585 2124 4665 peccati
2174 4580 2463 4657 originem.
2520 4580 2643 4652 Ipse
2695 4574 2842 4632 enim
2896 4579 3136 4629 sanctam
3191 4568 3249 4624 in
3301 4571 3503 4633 sancta,

215 4668 441 4775 corpus,
457 4699 703 4757 simulet
718 4668 974 4753 animam
988 4691 1234 4763 suscepit
1265 4692 1321 4747 et
1352 4701 1575 4760 corpus.
1606 4683 1673 4739 Et
1699 4684 1808 4740 Leo
1835 4684 1889 4751 Β
1921 4684 2323 4747 mutuantem
2351 4680 2409 4737 in
2435 4675 2783 4736 immaculata
2829 4680 3000 4729 matre
3046 4668 3286 4727 animam
3328 4676 3509 4720 susse.

214 4772 483 4865 Magnus:
506 4787 608 4844 Dei
624 4786 781 4858 ﬁlius
793 4782 1016 4856 accepit
1027 4780 1201 4838 simul
1214 4780 1275 4835 in
1300 4776 1529 4865 Virgine
1554 4772 1812 4865 animam

216 4884 275 4937 et
303 4859 613 4953 corpusjt
648 4875 708 4931 Β.
732 4871 1043 4946 Gregorius,
1080 4865 1248 4945 340
1307 4863 1553 4931 Domini,
1609 4859 1809 4933 inquit,

218 4993 351 5036 caro
379 4989 496 5033 non
514 4973 679 5049 prius
707 4972 773 5030 in
800 4974 962 5028 utero
998 4967 1239 5038 Virginis
1280 4965 1558 5036 concepta
1597 4963 1704 5031 est,
1755 4962 1814 5017 et

215 5072 574 5150 potsmodum
602 5069 874 5128 divinitas
902 5065 1059 5123 venit
1085 5065 1149 5121 in
1177 5078 1453 5128 carnem;
1480 5059 1731 5118 sedatos:
1746 5059 1813 5116 ut

226 5171 463 5230 Verbum
470 5170 628 5227 venit
640 5167 706 5224 ia
720 5170 969 5231 uterum,
974 5165 1199 5236 factum
1207 5164 1292 5220 est
1306 5159 1815 5231 caro,etperfeetus

223 5266 407 5339 homo,
429 5267 487 5324 id
504 5274 602 5337 est,
640 5264 699 5323 in
732 5263 954 5320 veritate
990 5260 1168 5319 carnis
1192 5268 1245 5316 et
1271 5257 1488 5315 animai.
1509 5257 1626 5313 Hoc
1653 5251 1818 5311 admi-

223 5358 383 5415 rabili
410 5355 596 5425 modo,
643 5349 996 5419 dilectissimi,
1046 5364 1182 5422 puer
1232 5350 1409 5405 natus
1435 5348 1525 5404 est
1548 5343 1731 5410 nobis,
1760 5343 1817 5399 et

226 5447 382 5517 ﬁlius
410 5445 584 5503 datus
597 5439 1031 5511 estuobisUsai.
1054 5455 1130 5508 ix,
1167 5438 1245 5507 6).
1282 5433 1440 5492 Pueri
1471 5440 1676 5491 natura:
1716 5437 1816 5498 est,

228 5535 359 5592 nulli
386 5549 602 5600 nocere,
633 5529 908 5588 humiliter
932 5527 1173 5595 obedire,
1202 5541 1355 5582 etiam
1375 5524 1481 5580 cito
1513 5520 1820 5579 condonare

231 5622 506 5694 iniuriam.
537 5621 679 5678 Puer
704 5617 945 5676 Christus
970 5614 1103 5673 nulli
1133 5613 1334 5681 nocuit,
1381 5611 1635 5669 omnibus
1687 5623 1821 5681 pro-

1919 4777 2017 4853 pit,
2047 4766 2102 4831 et
2126 4786 2365 4840 carnem,
2385 4775 2576 4835 totum,
2603 4762 2772 4842 342
2796 4770 2854 4818 ut
2871 4760 3072 4817 dictum
3091 4763 3192 4825 est,
3212 4755 3270 4811 in
3286 4749 3511 4824 Virgine

1919 4852 2220 4933 hominem.
2252 4865 2510 4933 Christus,
2542 4862 2752 4928 fratres,
2781 4861 2927 4915 Deus
2953 4864 3008 4912 et
3032 4852 3296 4911 Dominus
3348 4862 3508 4919 auge

1918 4963 2116 5028 lorum,
2147 4966 2207 5015 ut
2250 4972 2285 5014 a
2336 4952 2541 5010 diaboli
2592 4949 2845 5007 servitute
2898 4943 3176 5003 hominem
3231 4939 3504 5003 liberaret,

1920 5076 2033 5118 non
2059 5057 2235 5116 solum
2262 5055 2428 5112 homo
2458 5051 2632 5108 factus
2674 5055 2773 5115 est,
2821 5043 2919 5101 sed
2963 5056 3150 5099 servus
3201 5034 3504 5094 hominum.

1923 5145 2190 5219 Suscepit,
2220 5142 2462 5213 inquam,
2495 5139 2728 5196 formam
2755 5133 2897 5191 servi
2925 5130 3091 5189 Filius
3115 5127 3238 5194 Dei,
3294 5125 3351 5181 in
3404 5139 3514 5196 qua

1920 5212 2145 5297 servivit
2170 5212 2484 5289 hominibus
2508 5241 2680 5299 usque
2704 5223 2775 5281 ad
2803 5229 3056 5283 mortem,
3111 5224 3167 5274 et
3216 5228 3389 5286 usque
3439 5212 3512 5269 ad

1923 5335 2119 5409 ipsam,
2151 5344 2315 5403 quam
2344 5324 2621 5400 peccando
2648 5321 3014 5396 perdiderant,
3042 5317 3168 5374 vita:
3187 5312 3419 5372 cmlestis
3434 5328 3515 5370 re-

1923 5407 2281 5498 perationem.
2331 5415 2543 5473 Primus
2594 5410 2792 5469 etenim
2848 5410 3014 5464 homo
3070 5409 3404 5480 peccaverat,
3463 5407 3519 5457 et

1922 5497 2233 5577 confractus
2259 5519 2357 5581 est,
2389 5511 2602 5582 elapsus
2628 5507 2699 5564 de
2726 5503 2996 5580 paradiso,
3044 5500 3141 5559 sed
3166 5500 3312 5558 Deus
3363 5497 3519 5555 mise-

1926 5616 2096 5675 ricors
2122 5608 2458 5685 compatiens
2483 5606 2704 5673 misero,
2733 5599 2956 5676 collegit
2991 5599 3268 5665 ﬁ‘acturas,
3300 5603 3355 5654 et
3396 5611 3522 5654 con-

231 5685 349 5782 fuit,
378 5711 522 5769 Patri
546 5724 719 5781 usque
746 5707 818 5762 ad
863 5713 1092 5763 mortem
1145 5702 1407 5760 obediens
1461 5700 1581 5770 fuit,
1636 5695 1799 5754 morti

1929 5703 2080 5764 ﬂavit
2107 5701 2237 5777 igne
2264 5695 2541 5756 charitatis
2567 5694 2623 5751 in
2652 5705 2829 5782 cruce,
2877 5697 2932 5748 et
2986 5687 3131 5761 quod
3184 5685 3521 5743 confractum

232 5772 347 5865 sum
368 5772 701 5866 condonavit
726 5801 983 5874 iniuriam
1013 5815 1030 5872 ;
1064 5816 1163 5874 pro
1190 5799 1299 5856 illis
1334 5796 1497 5854 etiam
1553 5794 1645 5868 qui
1699 5808 1824 5848 eum
1934 5772 2154 5859 ﬁxerat;
2174 5789 2444 5862 integrum
2501 5782 2649 5842 fecit.
2706 5780 2799 5840 Sic
2851 5785 3189 5853 peccatorem
3244 5772 3523 5831 hominem

231 5905 561 6006 occiderunt,
582 5901 871 5975 diligenter
896 5871 1088 5957 oravit:
1110 5900 1248 5955 Puer
1263 5898 1383 5966 iste,
1415 5896 1624 5964 fratres,
1669 5906 1830 5949 vet-us
1929 5893 2079 5953 Deus
2104 5891 2291 5956 homo,
2322 5891 2376 5943 et
2420 5898 2532 5941 suae
2586 5879 2786 5938 divinae
2839 5874 3134 5936 nobilitatis
3186 5871 3359 5930 voluit
3410 5883 3530 5928 esse

733 5986 948 6006 ..,___mr
1030 6003 1184 6006 ,_-___
1240 5985 1446 6006 _-.:-__
1531 5989 1580 6006 ,ι
1634 5987 1828 6006 --.μ-
1933 5984 2235 6006 unum“...
2291 5979 2586 6006 alonim-am
2611 5965 2956 6006 ιιιωοίιηιιίηόα
2999 5960 3312 6006 mthlimavit
3361 5961 3526 6006 lam

220 5960 516 6070 initas,
546 5960 714 6053 veru;
733 5986 972 6063 humilis,
1025 6003 1188 6048 verus
1239 5960 1469 6064 patiens,
1526 5989 1584 6043 et
1610 5960 1832 6042 nostra
1932 5984 2260 6049 consum,
2289 5981 2345 6037 et
2370 5979 2586 6035 etet-ne
2611 5965 2958 6032 beatitudinis
2998 5960 3312 6026 sublimavit
3361 5961 3526 6021 lim
