3910 6394
412 411 520 480 ἰτ

1447 407 1781 476 GOFFRIDI
1815 410 2108 476 unus
2140 410 2686 479 VINDOCINENSIS

3601 415 3723 478 248

414 543 562 606 dem.
594 542 744 606 Scire
773 551 953 605 autem
982 549 1037 604 et
1059 538 1286 602 ﬁrmiter
1309 538 1530 601 credere
1575 537 1839 598 debemus
1877 536 2022 612 quod
2049 541 2106 612 Α
2133 541 2377 609 bremus,
2404 549 2458 598 et
2482 557 2629 610 eum,
2660 538 2752 613 qui
2780 555 2879 614 pro
2907 537 3066 600 nobis
3084 538 3233 600 nasci
3253 547 3310 600 et
3325 541 3466 614 mori
3481 540 3753 618 dignatus

419 636 618 696 Christi
661 636 930 704 nativitas,
987 641 1041 692 et
1093 649 1241 690 mors
1298 631 1434 703 ejus,
1498 631 1604 686 illis
1678 628 2022 687 solummodo

417 727 646 800 proﬁcit,
677 726 772 798 qui
797 725 1081 782 dilectione
1110 729 1409 794 sequuntur
1439 737 1585 787 eum,
1619 719 1756 775 sicut
1809 735 2032 790 sequen-

423 815 556 874 dum
582 833 640 872 se
667 816 867 873 docuit.
899 816 1010 872 Hos
1037 821 1220 869 autem
1255 828 1365 867 non
1396 827 1495 866 sua
1521 809 1772 865 membra
1800 815 2027 874 tantum,

423 906 520 963 sed
545 922 644 962 sua
670 905 876 961 viscera
906 903 1053 969 facit,
1087 901 1266 958 ﬁrmat
1298 916 1394 956 eos
1421 899 1478 955 in
1507 899 1669 966 bono,
1707 905 1760 954 et
1806 913 1839 954 a
1885 896 2030 952 malo

424 995 672 1052 custodit.
705 993 858 1052 Unde
885 1009 984 1066 per
1017 993 1344 1064 prophetam
1375 988 1572 1044 dicitur
1605 1007 1616 1044 :
1649 987 1929 1060 Butyrum
1973 987 2033 1041 et

425 1081 832 1152 maleomedet,
866 1085 934 1139 ut
951 1083 1101 1138 sciat
1130 1079 1430 1154 reprobare
1460 1078 1682 1135 malum
1726 1079 1782 1134 et
1826 1076 2033 1148 eligere

431 1173 636 1230 bonum
665 1172 819 1243 (Ieci.
852 1187 948 1228 vn.
985 1171 1094 1240 15).
1147 1170 1401 1242 Butyrum
1452 1183 1619 1222 suave
1666 1173 1763 1232 est,
1813 1172 1867 1219 et
1921 1162 2032 1218 mel

433 1261 609 1328 dulce,
641 1269 696 1318 et
725 1261 857 1317 nihil
886 1259 1114 1326 dulcius,
1147 1257 1233 1316 vel
1263 1257 1479 1312 suavius
1525 1263 1606 1310 est
1649 1253 1926 1320 charitate,
1977 1251 2033 1307 in

435 1366 543 1421 qua
571 1357 682 1406 tota
709 1349 798 1406 lex
825 1348 1024 1422 pendet
1053 1355 1108 1402 et
1137 1347 1416 1420 prOphetaa
1447 1342 1670 1416 (Matth.
1721 1357 1864 1412 xxii,
1918 1342 2031 1412 40.)

439 1438 678 1502 Christus
704 1438 796 1509 huj
805 1437 1014 1494 usmodi
1035 1436 1302 1508 butyrum
1319 1439 1375 1491 et
1391 1434 1507 1491 mel
1536 1432 1788 1492 comedet
1811 1449 1822 1486 :
1845 1444 2038 1487 suaves

431 1536 486 1585 et
513 1528 714 1596 dulces,
744 1545 898 1584 suam
953 1523 1203 1582 videlicet
1257 1524 1577 1580 charitatem
1635 1521 1917 1588 habentes,
1981 1519 2038 1574 in

430 1633 628 1693 corpus
653 1634 808 1674 suum
839 1615 1087 1687 trajiciet,
1119 1615 1175 1670 id
1201 1621 1298 1682 est,
1332 1630 1428 1668 sua
1451 1612 1718 1678 membra,
1749 1617 1806 1666 ut
1835 1609 2037 1664 dictum

437 1715 535 1773 est,
568 1716 621 1764 et
647 1706 853 1763 viscera
884 1705 1063 1761 faciet.
1095 1703 1163 1759 Et
1192 1702 1384 1759 merito
1433 1702 1526 1772 qui
1581 1698 1896 1756 charitatem
1953 1699 2042 1754 ha-

437 1796 585 1862 bent,
617 1796 864 1852 membra
891 1802 945 1850 et
973 1794 1180 1848 viscera
1209 1790 1406 1849 Christi
1453 1789 1722 1859 dicuntur,
1773 1785 2037 1858 quoniam

2139 640 2235 701 est,
2267 640 2322 687 et
2347 631 2437 688 die
2467 630 2620 688 tertia
2648 630 2957 699 resurrexit,
3019 631 3203 688 videre
3260 639 3314 688 et
3367 632 3566 690 habere
3624 649 3754 688 me-

2137 737 2370 788 reamur,
2430 721 2523 792 qui
2577 736 2701 777 cum
2760 721 2914 776 Patre
2971 728 3026 776 et
3080 721 3284 793 Spiritu
3339 730 3524 780 sancto
3597 721 3754 777 vivit

2139 819 2194 866 et
2253 818 2446 884 regnat
2506 810 2668 881 Deus,
2726 825 2824 882 per
2887 809 3071 867 omnia
3133 811 3331 870 saecula
3393 811 3747 868 saeculorum.

2139 903 2330 958 Amen.

2763 1151 2998 1211 SERMO
3035 1154 3110 1210 IV

2555 1369 2615 1408 IN
2654 1367 2980 1408 NATIVITATB
3021 1367 3218 1409 DOHINI
3257 1367 3332 1407 ιγ.

2216 1525 2410 1580 Mirum
2439 1531 2519 1581 est
2547 1523 2692 1594 quod
2721 1522 2885 1579 hodie
2917 1521 3116 1579 factum
3147 1529 3245 1594 est,
3279 1521 3372 1579 sed
3401 1521 3505 1578 fide
3549 1529 3602 1578 et
3656 1521 3761 1578 de-

2147 1615 2366 1671 votione
2393 1613 2720 1670 mirandum.
2756 1611 2930 1668 Hodie
2980 1627 3080 1684 pro
3135 1612 3305 1669 salute
3359 1619 3538 1668 nostra
3589 1619 3759 1668 natus

2147 1712 2225 1760 est
2253 1705 2398 1758 Deus
2424 1703 2494 1758 de
2523 1701 2745 1768 femina,
2785 1701 2854 1757 de
2885 1700 2994 1756 ﬁlia
3051 1699 3220 1776 345
3281 1708 3453 1772 pater,
3483 1701 3758 1756 Dominus

2148 1800 2218 1858 de
2244 1801 2460 1867 ancilla,
2491 1800 2561 1856 de
2587 1807 2832 1856 creatura
2861 1801 3098 1866 Creator,
3130 1799 3210 1854 sol
3240 1797 3309 1854 de
3346 1797 3516 1854 stella.
3568 1797 3758 1853 Hodie

437 1885 676 1940 Christus
703 1884 990 1940 meditatur
1027 1883 1082 1936 in
1316 1879 1460 1952 ipsis,
1497 1886 1551 1934 et
1586 1895 1684 1951 per
1729 1877 1875 1950 ipsos
1921 1892 2042 1948 ope-

2169 1905 2314 1954 natus
2343 1904 2423 1952 est
2451 1897 2505 1952 in
2537 1897 2736 1952 saeculo
2769 1903 2890 1951 ante
2921 1895 3117 1952 secula
3173 1903 3347 1962 natus,
3405 1893 3496 1964 qui
3549 1893 3757 1950 saecula

441 1987 610 2036 ratur.
643 1981 712 2036 Ut
737 1979 888 2046 sciat,
924 1978 978 2032 id
1007 1987 1106 2045 est,
1141 1986 1198 2034 ut
1224 1979 1357 2034 scire
1389 1979 1492 2033 hoc
1523 1976 1686 2032 modo
1718 1991 1812 2030 eos
1862 1972 2044 2045 faciat,

437 2069 738 2141 reprobare
756 2067 998 2134 malum,
1014 2067 1201 2123 aman
1217 2067 1420 2122 scilicet
1448 2065 1739 2132 declinare,
1773 2067 1828 2120 et
1844 2063 2051 2133 eligere

443 2157 672 2224 bonum,
703 2157 759 2212 in
780 2157 1042 2213 electione
1059 2156 1190 2212 boni
1210 2173 1376 2226 usque
1398 2156 1453 2210 in
1488 2154 1651 2210 ﬁnem
1683 2168 2046 2226 perseverare,

445 2247 584 2304 sicut
612 2247 727 2319 ipse
758 2245 812 2300 in
841 2245 1142 2318 Evangelio
1173 2245 1302 2300 dicit
1335 2245 1471 2312 τρυε
1499 2240 1937 2317 perseveraverit
1954 2255 2048 2296 us-

446 2351 551 2409 que
577 2335 646 2392 in
673 2336 869 2405 ﬁnem,
899 2334 990 2392 hic
1009 2335 1202 2390 salvus
1238 2335 1349 2390 erit
1401 2332 1622 2404 (Matth.
1675 2347 1734 2398 x,
1786 2333 1898 2400 22).
1930 2327 2046 2383 Tali

443 2424 638 2495 butyro
667 2431 721 2479 et
747 2423 909 2480 melle
935 2439 1088 2478 suam
1117 2423 1483 2479 beatissimam
1533 2429 1761 2476 matrem
1807 2419 2046 2474 maxime

445 2512 685 2569 Christus
713 2511 933 2568 cibavit.
963 2512 1078 2567 Hac
1105 2528 1203 2568 sua
1231 2520 1284 2568 et
1311 2511 1545 2582 proximi
1595 2507 1880 2565 dilectione
1927 2506 2046 2576 ejus

443 2599 676 2657 sacravit
701 2600 926 2668 viscera,
975 2601 1043 2655 de
1093 2600 1288 2670 quibus
1339 2599 1444 2654 sibi
1502 2601 1739 2655 humana
1792 2597 2040 2652 membra

443 2689 666 2762 aptavit.
697 2690 987 2760 Nunquam
1034 2687 1181 2743 enim
1220 2689 1275 2744 in
1322 2704 1388 2744 ea
1433 2703 1650 2744 carnem
1703 2687 2032 2757 sumpsisset,

443 2777 548 2834 nisi
575 2777 723 2850 prius
749 2778 819 2834 ab
848 2793 928 2834 eo-
959 2777 1218 2834 charitate
1273 2777 1452 2833 cibata
1509 2776 1712 2832 fuisset.
1773 2775 1882 2832 Sed
1937 2775 2038 2830 ista

443 2867 718 2924 charitatis
743 2867 920 2940 gratia
946 2867 1116 2922 Maria
1161 2866 1385 2938 repleta,
1433 2866 1550 2922 Deo
1596 2865 1774 2936 prima
1825 2863 2043 2920 devovit

446 2955 834 3030 virginitatem,
867 2955 1009 3011 unde
1037 2954 1206 3011 ﬁlium
1255 2955 1455 3011 habere
1510 2953 1722 3023 meruit,
1779 2970 1934 3008 suum
1991 2959 2045 3008 et

450 3045 692 3118 omnium
723 3046 958 3101 Patrem.
990 3045 1121 3100 Haec
1149 3050 1230 3100 est
1281 3043 1376 3100 illa
1431 3050 1574 3100 certe
1629 3043 1776 3098 bona
1829 3042 2041 3107 mulier,

449 3133 560 3196 imo
589 3133 900 3190 beatissima
929 3133 1028 3188 Dei
1057 3141 1248 3200 mater,
1280 3131 1436 3202 cujus
1481 3131 1812 3188 mentionem
1867 3130 2048 3187 Domi-

2161 1985 2306 2053 fecit,
2343 1994 2398 2041 et
2427 1985 2612 2042 omnia
2639 1985 2846 2041 creavit
2871 2002 2938 2039 ex
2968 1983 3156 2052 nihilo,
3190 1983 3445 2050 Christus,
3477 1998 3756 2055 perquem

2158 2075 2303 2130 Deus
2333 2077 2488 2130 Pater
2515 2082 2710 2130 cuncta
2737 2074 2960 2138 creavit,
2995 2073 3142 2144 quod
3168 2075 3331 2128 homo
3360 2080 3440 2128 est
3485 2088 3600 2127 esse
3643 2087 3757 2127 vo-

2159 2164 2274 2230 luit,
2307 2163 2541 2233 utquod
2571 2162 2810 2219 Christus
2850 2169 2931 2219 est
2975 2161 3092 2218 ﬁeri
3137 2169 3316 2232 posset
3361 2163 3543 2218 homo.
3601 2160 3760 2214 Tunc

2158 2255 2324 2310 homo
2356 2252 2528 2308 factus
2559 2259 2638 2308 est
2687 2251 2832 2322 quod
2889 2249 3128 2307 Christus
3181 2258 3280 2318 est,
3337 2265 3460 2306 cum
3516 2249 3759 2306 Christus

2155 2351 2328 2407 factus
2370 2357 2450 2406 est
2505 2353 2692 2406 homo.
2749 2350 2868 2406 Hoc
2921 2356 3101 2405 autem
3153 2348 3449 2405 secundum
3501 2355 3756 2404 naturam

2152 2448 2444 2512 assumptse
2475 2439 2824 2495 humanitatis
2851 2437 2995 2506 dico,
3042 2455 3152 2494 non
3196 2437 3488 2494 secundum
3539 2435 3757 2494 deitatis

2149 2528 2522 2586 substantiam.
2554 2531 2618 2584 In
2647 2529 2752 2584 hoc
2787 2527 2970 2598 utique
2999 2535 3079 2583 est
3108 2529 3271 2584 homo
3322 2527 3466 2598 quod
3514 2525 3761 2582 Christus

2150 2627 2249 2686 est,
2282 2617 2428 2688 quod
2459 2617 2697 2674 Christus
2727 2616 3102 2688 assumpsitde
3130 2615 3370 2672 homine.
3403 2617 3526 2672 Non
3570 2615 3626 2670 in
3683 2629 3756 2670 eo

2149 2716 2228 2764 est
2267 2708 2431 2763 homo
2479 2705 2624 2777 quod
2673 2705 2910 2761 Christus
2955 2712 3052 2772 est,
3112 2705 3256 2775 quod
3290 2704 3524 2761 Christus
3578 2703 3760 2760 factor

2149 2805 2248 2864 est,
2280 2797 2375 2852 sed
2404 2795 2460 2851 in
2490 2812 2556 2852 eo
2585 2796 2731 2866 quod
2761 2794 3000 2852 Christus
3047 2793 3252 2853 factura
3296 2802 3394 2849 est.
3443 2793 3523 2848 Ex
3572 2792 3748 2848 tribus

2153 2885 2296 2942 enim
2327 2883 2638 2940 substantiis
2667 2883 2908 2938 Christus
2941 2882 2996 2938 in
3057 2899 3166 2938 una
3226 2898 3458 2956 persona
3511 2880 3755 2938 subsistit

2153 2982 2432 3039 divinitate
2457 2981 2679 3048 scilicet,
2711 2995 2892 3048 carne,
2943 2987 2998 3035 et
3040 2979 3241 3036 anima.
3293 2979 3443 3036 Sicut
3485 2980 3640 3034 Pater
3681 2984 3742 3034 et

2157 3072 2338 3139 Filius,
2373 3079 2426 3126 et
2483 3069 2712 3142 Spiritus
2769 3078 2984 3124 sanctus
3038 3076 3163 3124 sunt
3218 3075 3322 3124 tres
3377 3083 3638 3140 personae,
3693 3073 3752 3122 et

2155 3160 2317 3218 trium
2348 3175 2696 3232 personarum
2728 3166 2808 3214 est
2856 3173 2960 3214 una
2990 3156 3304 3225 substantia,
3359 3157 3437 3212 sic
3489 3156 3748 3224 Verbum,

451 3240 552 3312 “"5
579 3223 834 3312 miebal’
867 3221 1082 3312 ("1&de
1111 3223 1167 3276 in
1195 3222 1449 3312 P‘t’af‘is‘?
1491 3221 1710 3278 diabolo
1757 3220 2048 3312 °°“_‘"‘i°_a‘
2079 3285 2127 3312 η
2157 3267 2283 3308 caro
2313 3220 2366 3306 et
2395 3249 2576 3305 anima
2605 3256 2729 3303 sunt
2759 3255 2862 3303 tres
2890 3246 3218 3312 substantiae,
3251 3220 3303 3303 et
3323 3246 3480 3302 trium
3498 3220 3748 3301 substan;

813 3285 825 3288 '
885 3285 901 3293 ,
1195 3285 1215 3294 -
2221 3285 2283 3307 Ιυ
2313 3285 2366 3306 Cl!
2395 3285 2576 3305 ululua
2605 3285 2729 3303 Duuv
2761 3285 2862 3303 ΕΔυο
2890 3285 3196 3303 σαυοωμωυυ
3252 3285 3303 3303 νυ
3327 3285 3480 3302 "Iussa
3498 3285 3743 3301 own-rami

444 3311 620 3409 mf”!
768 3311 824 3409 in_
847 3310 1029 3409 specie
1047 3311 1309 3409 δᾳῳθφζίδ
1329 3310 1548 3409 latebat}
1586 3313 1822 3376 Ponam’
1853 3309 2046 3380 inqui“
2079 3285 2130 3350 Β
2157 3285 2353 3396 Earum
2383 3346 2465 3392 est
2492 3354 2598 3392 una
2627 3352 2876 3409 persona,
2908 3337 3053 3391 Deus
3081 3343 3132 3392 et
3161 3290 3342 3392 homo.
3374 3335 3513 3390 Nata
3539 3341 3617 3391 est
3643 3334 3752 3390 ita-

446 3399 789 3459 im’micitias
803 3401 960 3456 inter
975 3403 1027 3456 te
1039 3401 1094 3455 et
1113 3400 1496 3466 mulierem,et
1512 3399 1670 3456 inter
1679 3414 1872 3455 semen
1895 3405 2058 3454 tuum

447 3489 505 3542 et
519 3500 711 3542 semen
727 3485 916 3540 illius:
942 3484 1066 3556 ipsa
1077 3485 1336 3539 conteret
1356 3481 1647 3556 tibicaput
1662 3483 1822 3552 (Gen.
1843 3497 1924 3548 ιιι,
1948 3485 2057 3553 15).

449 3583 588 3638 Vere
615 3582 778 3638 beata
804 3581 974 3637 Maria
1001 3579 1208 3636 diaboli
1237 3587 1399 3652 caput
1431 3579 1701 3650 contrivit,
1737 3597 1856 3651 quae
1904 3581 1957 3634 in
2005 3596 2062 3636 se

453 3671 805 3744 principalem
862 3670 980 3740 ejus
1033 3669 1442 3742 suggestionem
1501 3669 1713 3741 penitus
1785 3669 2060 3725 exstinxit.

457 3759 748 3832 Suggestio
809 3758 1011 3815 diaboli
1087 3757 1406 3832 principalis
1477 3765 1557 3813 est
1628 3757 2065 3830 concupiscentia

461 3847 657 3905 mentis
713 3855 768 3904 et
821 3846 1080 3920 corporis.
1141 3848 1244 3902 Per
1295 3845 1790 3916 concupiscentiam
1846 3847 2061 3912 mentis,

463 3938 760 4009 quamlibet
786 3952 1094 4010 perversam
1141 3934 1530 4008 cogitationem
1582 3934 1954 4008 intelligimus,
2017 3943 2070 3990 et

464 4052 562 4110 per
586 4034 1077 4107 concupiscentiam
1105 4033 1300 4101 carnis,
1335 4047 1555 4090 omnem
1613 4051 1836 4105 pravam
1887 4049 2070 4105 opera-

471 4134 691 4191 tionem.
723 4134 872 4188 Bona
901 4147 1027 4187 vero
1055 4131 1276 4186 Domini
1306 4138 1478 4186 mater
1507 4131 1661 4204 virgo
1681 4131 1850 4187 Maria
1877 4133 2071 4188 horum

473 4230 722 4278 neutrum
749 4220 957 4287 habuit,
991 4236 1112 4292 qua:
1141 4218 1344 4290 Spiritu
1373 4226 1559 4276 sancto
1607 4221 1832 4292 repleta,
1893 4228 2073 4276 mente

475 4317 531 4368 et
557 4324 784 4382 corpore
811 4308 1010 4382 pariter
1034 4316 1221 4365 sancta
1252 4308 1369 4364 fuit.
1404 4309 1603 4364 Semen
1648 4309 1823 4366 beata:
1867 4309 2072 4379 Mariae,

479 4398 733 4465 Christus,
767 4405 820 4454 et
848 4413 980 4468 quas
1007 4398 1062 4454 in
1093 4397 1304 4454 Christo
1335 4397 1546 4470 peperit
1587 4398 1809 4454 virtutes
1855 4399 2072 4454 animae.

482 4488 684 4546 Semen
711 4486 932 4552 diaboli,
967 4485 1136 4562 344
1167 4485 1300 4542 vitia
1328 4493 1454 4542 sunt
1481 4485 1750 4542 universa.
1784 4486 1918 4558 Quae
1949 4503 2076 4544 vero

481 4594 762 4651 inimicitia
788 4594 928 4650 inter
955 4591 1175 4650 virtutes
1205 4601 1259 4650 et
1283 4593 1416 4650 vitia
1445 4593 1634 4666 positae
1665 4594 1790 4660 sint,
1821 4593 1951 4650 satis
2001 4602 2080 4652 est

479 4683 844 4752 manifestum,
877 4681 1002 4753 quia
1029 4682 1235 4738 nullum
1273 4673 1461 4738 eorum
1518 4683 1813 4754 quidquam
1871 4683 2076 4740 deside-

479 4780 583 4840 rat,
615 4772 760 4844 quod
787 4771 940 4828 alteri
967 4785 1076 4826 non
1103 4771 1173 4826 sit
1200 4765 1550 4835 contrarium.
1583 4773 1780 4828 Verum
1823 4779 1922 4840 est,
1979 4773 2082 4830 fra-

487 4871 612 4930 tres,
643 4861 776 4918 nihil
803 4868 856 4916 et
901 4859 1100 4924 verius,
1130 4859 1277 4930 quod
1307 4858 1476 4915 Maria
1519 4861 1686 4916 semel
1741 4860 1810 4916 de
1865 4861 2080 4934 virgine

485 4967 646 5008 carne
673 4949 886 5023 peperit
929 4949 1218 5017 Christum,
1279 4955 1334 5004 et
1387 4949 1532 5019 quod
1589 4949 1827 5006 Christus
1883 4949 1940 5004 in
1993 4950 2084 5006 ba-

488 5041 740 5114 ptismate
791 5037 1140 5110 spiritualiter
1193 5036 1335 5108 parit
1389 5036 1632 5108 quotidie
1698 5038 2077 5095 Christianum.

487 5131 641 5188 Unde
667 5145 786 5195 nos,
813 5126 910 5198 qui
937 5125 1223 5182 Christiani
1252 5143 1285 5181 a
1313 5126 1524 5183 Christo
1581 5143 1842 5185 vocamur
1895 5136 1950 5184 et
2002 5146 2084 5186 su-

487 5235 626 5285 mus,
659 5217 928 5275 Christum
973 5230 1162 5272 verum
1217 5215 1392 5271 Deum
1451 5223 1505 5270 et
1561 5231 1746 5273 verum
1805 5215 2080 5274 hominem

489 5307 748 5365 hodierna
775 5305 862 5361 die
889 5303 958 5358 de
1005 5310 1176 5359 matre
1233 5303 1454 5377 Virgine
1511 5312 1696 5361 natum
1753 5312 1865 5362 toto
1905 5305 2082 5362 corde

488 5396 772 5452 credamus
796 5401 849 5450 et
873 5391 1248 5460 oonﬁteamur,
1281 5400 1333 5448 et
1361 5392 1652 5466 condignis
1708 5402 1903 5451 nostra
1955 5394 2083 5452 ﬁdei

488 5483 755 5550 laudibus,
783 5481 960 5556 ipsum
989 5488 1045 5536 et
1068 5480 1434 5538 beatissimam
1465 5482 1583 5553 ejus
1601 5491 1828 5540 matrem
1858 5483 2083 5540 Mariam

491 5579 756 5652 virginem
802 5575 1075 5634 humiliter
1115 5585 1279 5648 atque
1324 5579 1636 5652 suppliciter
1707 5581 2078 5654 imploremus,

489 5675 550 5723 ut
575 5684 674 5724 sua
699 5665 1008 5722 dulcissima
1035 5665 1252 5736 pietate,
1289 5675 1342 5722 et
1367 5685 1480 5724 suae
1528 5669 1852 5726 dulcissimae
1898 5671 2086 5726 matris

493 5751 894 5820 intercessione,
923 5752 1136 5808 animas
1163 5761 1216 5809 et
1244 5770 1474 5826 corpora
1527 5764 1709 5814 nostra
1762 5775 1796 5814 a
1852 5759 2086 5830 peccatis

499 5843 751 5900 omnibus
777 5849 991 5915 purget,
1023 5841 1305 5898 virtutibus
1333 5843 1576 5911 illustret,
1632 5853 1894 5916 quatenus
1945 5850 2086 5906 hanc

500 5957 612 6000 suae
639 5936 988 5998 sanctissimae
1015 5937 1320 5995 Nativitatis
1347 5939 1689 6000 festivitatem
1716 5941 1882 6018 digne
1933 5943 2083 6004 cele-

2159 3446 2263 3501 que
2291 3427 2454 3484 hodie
2481 3427 2537 3481 in
2566 3443 2670 3482 una
2701 3441 2948 3497 persona,
2983 3433 3035 3480 et
3063 3425 3284 3481 homine
3311 3440 3438 3480 vera
3481 3423 3748 3490 divinitas,

2161 3535 2216 3584 et
2241 3527 2296 3582 in
2326 3526 2440 3581 Deo
2472 3540 2601 3581 vera
2634 3521 2816 3580 anima
2845 3530 2898 3578 et
2924 3537 3053 3578 vera
3107 3538 3254 3579 caro.
3311 3522 3423 3577 Hac
3477 3520 3756 3576 nativitate

2162 3615 2432 3682 diabolus,
2470 3629 2632 3684 quam
2669 3610 2954 3668 mendacio
3003 3619 3238 3683 ceperat,
3287 3609 3471 3682 praeda
3523 3611 3760 3683 privatus

2163 3713 2242 3762 est
2291 3703 2532 3760 veritatis
2579 3701 2975 3773 compassione,
3027 3701 3197 3756 exerit
3252 3701 3472 3756 Creator
3525 3707 3759 3756 creatum

2165 3794 2256 3864 qui
2286 3794 2466 3864 lapsus
2526 3791 2718 3860 fuerat,
2780 3797 2834 3845 et
2890 3788 3125 3860 perdidit
3183 3789 3420 3860 perditor
3473 3788 3758 3860 perditum.

2165 3882 2340 3940 Hodie
2372 3889 2498 3936 nata
2527 3887 2606 3936 est
2634 3881 2771 3935 inter
2797 3879 3055 3934 Deum'et
3100 3877 3379 3934 hominem
3426 3877 3600 3948 major
3642 3893 3765 3933 con-

2166 3971 2352 4028 cordia
2381 3987 2544 4040 quam
2577 3969 2752 4024 fuerat
2779 3975 2903 4022 ante
2949 3983 3154 4036 casum,
3205 3973 3260 4022 et
3303 3966 3442 4022 inter
3493 3966 3762 4022 hominem

2169 4069 2222 4117 et
2251 4059 2529 4115 diabolum
2560 4055 2831 4114 discordia
2858 4056 3124 4130 gravior;
3177 4054 3270 4125 qui
3323 4071 3382 4110 se
3435 4071 3542 4110 non
3595 4055 3766 4110 solum

2171 4150 2372 4206 victum
2405 4146 2690 4216 erubescit,
2723 4145 2818 4201 sed
2849 4160 3009 4215 quem
3041 4143 3242 4200 vicerat
3266 4139 3566 4212 hominem,
3606 4143 3762 4199 etiam

2172 4246 2382 4321 angelis
2435 4261 2554 4300 esse
2608 4244 2889 4317 praelatum
2949 4241 3314 4298 indubitanter
3369 4241 3610 4315 agnoscit
3675 4241 3764 4296 ille

2173 4335 2437 4410 pessimus
2455 4333 2755 4390 aemulator.
2786 4330 2962 4386 Hodie
2989 4331 3174 4386 hortus
3193 4330 3474 4386 conclusus
3495 4328 3658 4407 346
3682 4345 3766 4385 ex-

2174 4435 2268 4491 illa
2295 4441 2451 4507 porta
2480 4431 2758 4504 processit,
2793 4428 2930 4485 etin
2985 4429 3134 4483 illam
3191 4436 3243 4484 et
3298 4445 3395 4500 per
3448 4427 3594 4483 illam
3652 4427 3766 4484 fons

2177 4522 2420 4580 manavit
2447 4523 2709 4594 signatus,
2741 4518 2809 4574 de
2839 4534 2945 4590 qua
2975 4518 3237 4590 prapheta
3265 4516 3393 4572 dicit
3424 4537 3435 4572 :
3469 4517 3565 4572 Est
3582 4520 3761 4590 porta,

2189 4629 2314 4688 quae
2340 4628 2456 4670 non
2486 4609 2776 4682 aperietur
2803 4608 2867 4663 in
2896 4603 3317 4672 domoDomim',
3341 4605 3762 4675 rlausa(Ezech.

2192 4711 2346 4765 'xuv,
2381 4700 2457 4770 1.)
2487 4699 2618 4754 Haec
2645 4705 2800 4770 porta
2830 4695 3036 4767 templi,
3068 4702 3122 4749 et
3151 4694 3408 4767 templum
3437 4693 3650 4750 Domini
3692 4701 3767 4750 est

2187 4790 2355 4846 Maria
2383 4787 2692 4844 beatissima
2721 4793 2776 4841 et
2803 4783 3242 4856 incomparabilis
3287 4782 3461 4856 virgo,
3512 4783 3580 4838 de
3622 4781 3765 4852 cujus

2189 4887 2340 4936 utero
2371 4877 2439 4934 ad
2469 4893 2567 4931 nos
2595 4875 2742 4930 venit
2770 4873 2868 4929 Dei
2899 4873 3070 4928 Patris
3124 4873 3328 4945 imago.
3388 4873 3454 4928 Et
3507 4871 3764 4942 quomodo

2191 4967 2416 5033 venerit,
2449 4973 2504 5022 et
2531 4979 2699 5036 quare
2728 4961 2953 5029 venerit,
3005 4959 3318 5027 ostenditur,
3377 4977 3498 5016 cum
3553 4960 3621 5016 ad
3672 4960 3766 5014 Ma-

2190 5057 2326 5114 riam
2359 5063 2412 5111 et
2438 5054 2507 5110 ad
2535 5054 2734 5124 Ioseph
2779 5051 2849 5106 ab
2897 5050 3092 5124 angelo
3140 5049 3219 5106 eis
3261 5049 3532 5106 revelante
3583 5047 3768 5104 divinae

2190 5143 2586 5217 dispensatonis
2611 5139 2896 5196 consilium
2923 5137 3143 5204 dicitur;
3167 5137 3236 5194 ad
3274 5137 3494 5194 Mariam
3525 5136 3762 5208 quidem:

2189 5235 2438 5308 Spiritu:
2468 5234 2704 5288 sanctus
2723 5229 2789 5284 in
2813 5232 2868 5284 te
2897 5227 3107 5293 veniet,
3161 5227 3355 5294 Maria,
3400 5230 3458 5283 et
3501 5225 3768 5297 concipies

2191 5325 2407 5380 Filium
2436 5321 2544 5377 Dei
2573 5321 2725 5388 (Luc.
2749 5333 2787 5383 ι,
2806 5318 2926 5386 3i);
2949 5315 3018 5372 ad
3039 5317 3240 5388 Ioseph
3252 5331 3407 5372 vero:
3431 5315 3562 5371 Noti
3577 5315 3763 5371 timere

2191 5413 2448 5484 accipere
2467 5409 2703 5465 Mariam
2715 5407 3014 5478 eonjugem
3035 5408 3196 5461 tuam
3213 5422 3228 5471 ;
3247 5403 3472 5476 quodin
3497 5418 3564 5460 ea
3576 5405 3764 5458 natum

2192 5505 2300 5566 est,
2333 5499 2401 5554 de
2430 5498 2650 5572 Spiritu
2679 5499 2878 5552 sancto
2907 5497 3012 5550 est.
3037 5494 3233 5549 Portet
3251 5493 3457 5561 ﬁlium,
3479 5495 3538 5547 et
3571 5491 3768 5548 vocabis

2194 5605 2399 5648 nomen
2421 5589 2544 5660 ejus
2559 5587 2768 5651 Iesum,
2791 5584 2888 5657 qui
2906 5583 3128 5640 salvum
3147 5583 3323 5652 faciet
3335 5581 3607 5654 populum
3619 5596 3770 5636 suam

2189 5696 2230 5736 α
2258 5679 2506 5752 peccatis
2534 5690 2728 5732 eorum
2748 5671 2968 5745 (Matth.
3021 5686 3060 5738 ι,
3115 5675 3206 5738 20,
3257 5673 3372 5738 21.)
3419 5668 3579 5725 Ortus
3620 5667 3771 5724 nostri

2193 5767 2510 5831 Salvatoris,
2543 5763 2670 5820 licet
2696 5760 2908 5835 angelis
2933 5758 3132 5816 sanctis
3157 5766 3214 5814 et
3267 5775 3365 5830 per
3417 5773 3510 5815 eos
3563 5755 3773 5812 homini~

2191 5857 2294 5917 bus
2321 5857 2482 5912 bonae
2522 5851 2812 5908 voluntatis
2852 5847 3172 5904 manifestus
3214 5846 3490 5916 exstiterit,
3547 5845 3768 5902 occultus

2192 5953 2376 6004 tamen
2404 5943 2506 6002 fuit
2531 5937 2748 6000 diabolo
2777 5947 2830 5997 et
2856 5938 3014 5998 idolis
3042 5935 3178 6010 ejus.
3209 5935 3364 5998 ldola
3406 5933 3608 5994 diaboli
3653 5943 3764 6000 sunt

3285 6385 3430 6392 _
3603 6115 3910 6394 cl
