3910 6384
375 428 476 494 ﬁlii

1458 426 1790 491 GOP‘FRIDI
1826 425 2119 487 ABBATIS
2158 413 2703 486 VINDOCINENSIS

3576 417 3692 478 εει

383 557 564 621 facere
589 552 763 634 potuit
789 573 892 634 pro
922 574 1020 620 sua
1050 554 1347 619 voluntate.
1394 555 1462 619 Et
1508 556 1648 616 sicut
1693 555 1760 613 ad
1809 553 1982 614 disci-
2011 557 2067 621 Α
2096 557 2212 615 Deo
2230 557 2393 613 Patre
2421 569 2520 611 suo
2549 559 2602 610 et
2631 547 2836 626 Spiritu
2864 549 3080 616 sancto,
3110 555 3212 624 per
3241 541 3426 605 omnia
3469 540 3686 604 saecula

382 651 544 725 pulos
569 650 759 722 januis
788 649 988 708 clausis
1017 649 1235 707 intravit
1289 650 1476 720 (Joan.
1539 664 1635 715 xx,
1692 647 1808 718 26),
1856 646 1986 704 licet

386 757 487 814 per
512 740 666 812 ipsas
688 741 891 813 januas
921 741 1161 808 clausas,
1192 746 1245 796 et
1273 746 1501 811 propter
1525 744 1726 793 metum
1755 735 1983 792 Judaso-

387 845 508 885 rum
536 829 699 886 etiam
727 830 1014 888 obseratas
1044 828 1344 896 intraverit,
1383 826 1458 882 ita
1485 841 1585 898 per
1611 824 1755 880 illam
1805 823 1983 879 beati-

390 917 610 985 tudinis,
637 926 691 974 et
720 919 856 975 uteri
904 918 1190 992 virginalis
1235 923 1450 988 portam
1495 915 1735 972 clausam
1781 912 1989 986 pariter

391 1014 445 1065 et
468 1008 780 1064 obseratam
796 1007 988 1074 exivit,
1023 1015 1076 1064 et
1104 1006 1309 1063 mundo
1337 1004 1608 1077 apparuit,
1625 1019 1732 1059 una
1760 1002 1988 1060 eadem-

393 1112 497 1172 que
526 1096 824 1153 divinitatis
853 1095 1266 1169 omnipotentia,
1300 1103 1353 1151 et
1381 1094 1450 1150 ad
1471 1092 1768 1165 discipulos
1788 1089 1990 1148 clausis

387 1198 570 1267 januis
598 1196 915 1270 ingrediens
947 1198 1000 1252 in
1059 1213 1158 1253 sua
1216 1193 1642 1261 resurrectione,
1700 1198 1754 1247 et
1808 1190 1992 1247 clausa

397 1302 509 1343 sum
538 1287 730 1342 matris
759 1287 900 1343 uteri
931 1293 1090 1359 porta
1120 1286 1174 1342 in
1201 1300 1302 1341 sua
1348 1283 1626 1338 nativitate
1664 1279 1982 1354 egrediens.

395 1373 576 1432 Voluit
607 1376 757 1431 Deus
788 1381 844 1433 et
871 1376 1036 1432 homo
1069 1373 1287 1445 concipi
1313 1372 1369 1427 in
1400 1370 1620 1438 femina,
1651 1376 1705 1426 et
1734 1369 1896 1425 homo
1924 1366 1994 1422 de

392 1463 598 1522 femina
625 1465 800 1532 nasci,
835 1471 892 1520 ut
922 1481 1023 1538 per
1051 1465 1155 1520 hoc
1184 1462 1332 1537 quod
1367 1459 1538 1518 factus
1568 1466 1650 1514 est
1676 1459 1840 1514 homo
1891 1471 1989 1512 ve-

395 1561 609 1620 ritatem
640 1562 958 1618 ostenderet
985 1561 1184 1629 carnis,
1218 1567 1271 1617 et
1300 1559 1354 1614 in
1385 1573 1452 1614 eo
1483 1555 1630 1628 quod
1676 1555 1732 1610 in
1780 1552 1992 1626 virgine

395 1651 560 1706 homo
585 1658 886 1723 conceptus
917 1659 1022 1718 est,
1053 1658 1109 1707 et
1136 1651 1300 1705 homo
1333 1648 1401 1704 de
1444 1645 1658 1718 virgine
1705 1651 1882 1708 natus,
1933 1658 1994 1698 se

396 1740 572 1797 Deum
601 1748 932 1796 monstraret
959 1739 1381 1810 omnipotentem
1416 1756 1430 1804 ;
1464 1735 1556 1808 qui
1584 1733 1767 1790 omnia
1822 1729 1982 1808 351

399 1838 609 1896 creavit
630 1855 701 1894 ex
731 1837 924 1894 nihilo.
975 1837 1168 1893 Adhuc
1222 1835 1470 1891 fortassis
1524 1831 1721 1905 aliquis
1778 1830 1992 1903 quaerit,

2091 646 2441 707 saeculorum.
2478 645 2672 701 Arnen.

2717 851 2953 911 SERMO
2992 852 3063 910 V.

2466 1050 2542 1092 DE
2578 1047 3039 1092 RBSUBBICTIONI
3075 1043 3306 1087 DOIIII.

2168 1198 2363 1267 Hodie,
2395 1195 2758 1266 dilectissimi,
2781 1193 2909 1269 quia
2935 1189 3233 1251 Dominica
3257 1185 3699 1248 Resurrectionis

2101 1289 2370 1347 solemnia
2410 1287 2777 1354 celebramus,
2826 1285 2897 1340 de
2953 1289 3109 1339 tanta
3157 1277 3497 1337 solemnitate
3545 1275 3701 1350 loqui

2099 1378 2423 1452 religiosum
2489 1385 2593 1444 est,
2661 1383 2716 1432 et
2782 1373 2944 1430 silere
2997 1369 3361 1444 irreligiosum
3410 1374 3692 1439 putamus.

2102 1469 2460 1539 Proponanus
2489 1466 2692 1538 itaque,
2729 1470 2783 1520 et
2810 1476 3167 1534 exponamus,
3197 1464 3358 1532 prout
3384 1456 3502 1528 ipse
3528 1454 3705 1512 dona-

2100 1557 2239 1614 verit
2267 1555 2359 1629 qui
2387 1555 2573 1612 omnia
2603 1553 2772 1620 novit,
2806 1567 2904 1609 cur
2930 1565 3035 1608 nec
3064 1547 3242 1622 prima
3276 1546 3384 1616 die,
3417 1560 3524 1619 qua
3548 1559 3702 1600 mor-

2102 1655 2228 1702 tuus
2258 1653 2342 1702 est
2371 1660 2469 1716 pro
2500 1651 2689 1701 nostra
2719 1641 2919 1707 salute,
2979 1653 3086 1695 nec
3139 1635 3402 1702 secunda,
3458 1633 3556 1690 sed
3606 1631 3700 1688 die

2101 1735 2263 1793 tertia
2309 1733 2477 1812 353
2510 1731 2777 1789 Dominus
2808 1727 3124 1786 resurrexit.
3189 1722 3553 1796 Quaerendum
3609 1726 3699 1778 est

2104 1835 2284 1902 etiam,
2311 1848 2481 1905 quare
2511 1838 2634 1904 post
2663 1827 3125 1886 resurrectionem
3157 1839 3310 1881 suam
3357 1821 3488 1878 solis
3533 1819 3694 1878 bonis

397 1940 673 2013 quomodo
702 1937 819 1996 fieri
848 1937 1038 2011 potuit,
1071 1939 1244 1994 Deum
1275 1935 1528 1992 videlicet
1572 1932 1854 1989 hominem
1903 1931 1992 1985 fa-
2022 1928 2075 1990 Β
2104 1933 2157 1981 et
2186 1921 2394 1995 paucis,
2423 1928 2478 1977 et
2507 1919 2725 1976 modico
2778 1927 3023 1988 tempore
3076 1912 3342 1986 apparuit,
3397 1927 3518 1968 cum
3567 1915 3696 1965 ante

401 2037 547 2087 ctum
579 2028 649 2085 de
681 2027 882 2084 femina
915 2027 1087 2094 nasci,
1120 2032 1335 2083 servata
1383 2022 1600 2080 femine
1649 2020 1987 2094 virginitate.

404 2125 508 2198 Qui
540 2126 644 2182 hoc
670 2125 922 2200 inquiris,
954 2140 1065 2180 non
1094 2122 1330 2188 dubites,
1363 2119 1461 2176 sed
1526 2118 1755 2174 firmiter
1807 2117 1995 2183 crede,

402 2215 527 2289 quia
555 2214 603 2270 si
632 2214 808 2271 Deum
838 2213 1265 2286 omnipotentem
1297 2207 1567 2268 veraciter
1597 2206 1800 2272 credis,
1824 2204 1999 2261 nulla-

405 2312 562 2362 tenus
589 2320 756 2377 super
783 2305 889 2361 hoc
917 2302 1122 2375 poteris
1153 2299 1420 2366 dubitare,
1453 2297 1711 2370 quoniam
1743 2295 1789 2351 si
1817 2293 2002 2352 omnia

404 2409 573 2468 posse
602 2392 882 2451 confiteris
910 2408 1057 2460 eum,
1097 2395 1154 2447 et
1209 2389 1356 2445 istud
1411 2403 1575 2460 posse
1623 2400 1832 2459 negare
1893 2399 1999 2440 non

405 2494 632 2567 poteris,
655 2507 781 2550 cum
810 2492 884 2550 sit
921 2508 988 2549 ex
1018 2491 1280 2548 omnibus
1306 2504 1498 2546 unum.
1534 2487 1657 2544 Non
1673 2484 1818 2542 enim
1849 2483 2002 2540 Deus

407 2592 753 2664 omnipotens
781 2598 947 2658 esset,
996 2589 1103 2646 nisi
1155 2596 1345 2661 posset
1401 2585 1586 2642 facere
1645 2596 2003 2656 quascumque

407 2681 599 2738 vellet.
638 2680 925 2738 Perfectus
953 2679 1140 2752 itaque
1167 2679 1314 2734 Deus
1342 2691 1376 2732 a
1395 2677 1512 2731 Deo
1531 2674 1699 2729 Patre
1715 2671 1962 2728 Christus
1985 2688 2000 2738 ;

405 2769 686 2842 perfectus
750 2771 934 2836 homo,
989 2767 1186 2824 animas
1241 2773 1294 2824 et
1353 2763 1534 2822 carnis
1591 2760 1996 2832 assumptione.

412 2857 486 2914 Et
509 2857 637 2914 licet
664 2856 816 2914 aliud
845 2857 918 2913 sit
946 2857 1114 2926 Deus,
1175 2862 1230 2911 et
1283 2852 1431 2909 aliud
1486 2852 1698 2915 homo;
1755 2863 1867 2905 non
1925 2852 2008 2902 est

411 2963 600 3013 tamen
627 2955 762 3014 alius
790 2954 959 3011 Filius
990 2954 1110 3022 Dei,
1143 2955 1315 3020 Deus,
1347 2958 1402 3008 et
1431 2949 1571 3006 alius
1592 2947 1740 3004 filius
1753 2944 2004 3018 virginis,

411 3045 592 3102 homo.
628 3045 737 3102 Sed
766 3044 929 3102 Filius
953 3043 1055 3100 Dei
1085 3051 1140 3100 et
1170 3042 1315 3098 filius
1345 3038 1573 3112 virginis
1601 3053 1742 3093 unus
1761 3043 1864 3102 est,
1897 3049 2009 3090 non

413 3150 580 3191 unum
608 3153 623 3202 ;
649 3135 798 3192 Deus
827 3143 882 3191 et
909 3135 1073 3191 homo
1103 3147 1318 3200 revera,
1353 3138 1410 3186 ut
1436 3128 1642 3186 dictum
1685 3133 1770 3183 est
1815 3139 2007 3196 supra,

414 3238 482 3281 ex
533 3223 709 3280 tribus
761 3222 1088 3279 substantiis
1155 3227 1441 3286 constans,
1520 3215 1689 3272 verbo
1756 3211 2013 3270 videlicet

416 3327 600 3379 carne,
633 3322 692 3369 et.
723 3311 926 3368 anima.
957 3311 1058 3369 Hic
1086 3307 1418 3381 Unigenitus
1450 3304 1549 3362 Dei
1582 3302 1776 3370 Patris,
1807 3309 1862 3358 et
1896 3299 2008 3373 pri-
2039 3293 2090 3359 Ο

416 3402 733 3474 mogenitus
762 3399 994 3475 virginis
1021 3399 1211 3454 matris
1241 3397 1296 3453 in
1325 3395 1587 3452 mundum
1619 3392 1766 3450 venit
1817 3390 2013 3462 plenus

419 3499 816 3558 misericordiae
847 3507 902 3556 et
929 3497 1192 3556 veritatis.
1226 3494 1384 3552 Venit
1424 3490 1870 3560 misericorditer,
1919 3504 2015 3545 ve-

423 3589 506 3645 nit
534 3589 827 3656 veraciter,
849 3589 942 3661 qui
970 3602 1071 3645 nos
1096 3603 1127 3642 a
1153 3590 1420 3657 potestate
1471 3581 1695 3637 Satanae
1739 3577 2015 3646 liberavit,

423 3686 477 3735 et
505 3677 644 3736 sicut
675 3693 736 3735 se
770 3685 1066 3735 venturum
1120 3690 1218 3746 per
1269 3672 1570 3745 prophetas
1623 3685 1752 3726 suos
1804 3667 2020 3723 dixerat

427 3775 573 3835 ante,
607 3767 718 3837 jam
749 3765 967 3824 venisse
1005 3763 1258 3821 novimus
1287 3777 1433 3828 eum,
1461 3775 1570 3816 non
1602 3771 1806 3831 parvas
1848 3769 2020 3827 parvo

428 3863 672 3929 tempore
700 3855 755 3911 in
785 3857 891 3913 hoc
919 3852 1123 3911 mundo
1151 3867 1251 3924 pro
1280 3850 1439 3907 nobis
1485 3863 1709 3922 passum
1764 3843 2019 3914 injtrias.

426 3950 510 4006 Ab
538 3949 634 4007 illo
663 3948 808 4006 enim
837 3947 927 4004 die
954 3962 1064 4020 quo
1095 3944 1271 4002 Patris
1299 3942 1532 4001 charitas
1563 3950 1617 3998 et
1640 3954 1744 3997 sua
1771 3937 2025 3996 voluntas

436 4039 716 4096 Christum
745 4036 997 4110 deposuit
1027 4035 1098 4092 ad
1153 4042 1335 4090 terras
1387 4039 1443 4088 et
1495 4028 1748 4103 apparuit
1790 4025 2022 4096 mundo,

428 4129 614 4196 homo,
648 4143 747 4200 pro
776 4127 932 4197 cujus
963 4124 1140 4182 salute
1169 4130 1410 4189 venerat,
1457 4129 1515 4177 ut
1560 4135 1685 4176 eum
1729 4116 2024 4184 occideret,

429 4217 708 4275 fallaciter
735 4216 785 4272 ei
815 4215 1039 4272 tetendit
1066 4213 1316 4269 insidias.
1349 4213 1418 4268 Et
1446 4218 1507 4266 ut
1532 4208 1685 4265 brevi
1714 4205 2027 4263 narratione

431 4305 913 4378 comprehendam,
945 4302 1274 4375 multiplices
1300 4300 1371 4357 ab
1428 4297 1760 4364 hominibus,
1817 4303 1870 4352 et
1923 4308 2025 4365 pro

429 4403 744 4462 hominibus
770 4400 1186 4476 persecutiones
1221 4397 1389 4476 352
1418 4395 1689 4463 sustinuit,
1731 4401 1786 4452 et
1827 4395 2027 4449 contu-

431 4503 645 4560 melias.
681 4501 808 4574 Ipse
838 4515 970 4558 vero
999 4499 1122 4572 pius
1150 4499 1299 4554 Deus
1327 4505 1383 4554 et
1409 4495 1719 4552 misericors
1740 4491 2025 4559 Dominus,

433 4621 541 4663 non
571 4604 834 4661 ultionem
863 4603 917 4660 in
944 4601 1256 4659 hominibus
1299 4598 1640 4663 desiderans,
1690 4595 1788 4652 sed
1835 4609 2026 4650 eorum

434 4694 861 4762 absolutionem,
889 4707 996 4750 non
1027 4690 1205 4748 solum
1232 4705 1358 4746 suas
1400 4684 1728 4744 condonavit
1773 4683 2024 4756 injurias,

435 4801 629 4842 verum
659 4783 826 4841 etiam
855 4799 957 4854 pro
1005 4778 1286 4851 injuriosis
1333 4793 1551 4835 crucem
1596 4790 1797 4847 passus
1841 4781 1922 4829 est
1979 4780 2026 4828 et

433 4891 692 4940 mortem.
726 4883 804 4937 Ita
833 4879 927 4936 lux
956 4895 1086 4936 vera
1116 4885 1170 4935 et
1200 4877 1366 4932 beata
1397 4875 1508 4930 vita
1539 4875 1686 4930 Deus
1717 4871 1885 4928 Filius
1934 4869 2036 4926 Dei

437 4990 540 5030 nos
570 4972 825 5038 miseros,
861 4969 953 5043 qui
982 4968 1051 5025 de
1071 4969 1196 5038 jure
1229 4973 1280 5022 et
1307 4965 1461 5022 lucro
1494 4962 1703 5035 peccati
1723 4959 2037 5017 intenebris

439 5077 655 5120 eramus
685 5069 739 5118 et
767 5060 822 5115 in
850 5065 1029 5114 morte
1058 5055 1275 5128 sepulti,
1317 5069 1410 5110 sua
1468 5053 1666 5126 pietate
1722 5059 1775 5107 et
1828 5048 2040 5106 miseri-

440 5152 624 5209 cordia
657 5148 939 5206 suscitavit
969 5162 984 5216 ;
1025 5154 1079 5202 et
1107 5161 1229 5218 quas
1257 5143 1416 5200 nobis
1445 5143 1516 5199 ab
1545 5141 1666 5213 ipso
1704 5141 1832 5196 data
1890 5138 2040 5211 prius

443 5239 678 5306 fuerant,
712 5238 813 5294 sed
843 5253 874 5292 a
903 5235 1063 5292 nobis
1091 5250 1200 5290 non
1231 5233 1373 5289 bene
1403 5238 1638 5297 servata,
1671 5229 1873 5303 gaudia
1903 5225 2041 5283 lucis

443 5345 497 5395 et
523 5337 648 5395 vitae
677 5335 919 5393 remedia
946 5332 1144 5389 iterum
1175 5331 1343 5388 dedit.
1377 5329 1531 5387 Unde
1558 5329 1686 5386 licet
1711 5328 1829 5398 ejus
1850 5325 2043 5400 gratiae

445 5434 500 5482 et
531 5424 924 5484 misericordia:
953 5438 1054 5479 nos
1080 5421 1343 5494 indignos
1373 5419 1545 5475 fuisse
1573 5425 1626 5475 et
1655 5433 1778 5475 esse
1806 5432 1916 5472 non
1937 5415 2042 5470 du-

446 5515 705 5583 bitemus,
756 5520 953 5570 nostro
1010 5519 1194 5566 tamen
1252 5509 1531 5566 Conditori
1589 5515 1642 5563 et
1697 5503 2046 5577 Redeinptori

449 5612 638 5678 grates
670 5610 729 5660 et
760 5601 967 5676 gratias
996 5599 1320 5664 referamus,
1353 5612 1418 5654 eo
1447 5595 1758 5663 auxiliante,
1791 5595 1910 5652 sine
1941 5608 2048 5666 quo

449 5693 586 5748 nihil
618 5691 747 5748 boni
777 5690 958 5746 facere
988 5703 1301 5761 possumus.
1336 5690 1518 5758 Ipsum
1551 5701 1768 5758 quoque
1784 5683 2048 5740 hodierna

455 5791 545 5846 die
574 5804 677 5860 pro
707 5795 898 5844 nostra
926 5785 1103 5842 salute
1132 5787 1310 5842 Deum
1337 5792 1388 5840 et
1433 5783 1709 5840 hominem
1765 5781 1834 5838 de
1877 5779 2052 5837 Maria

456 5876 667 5948 virgine
700 5883 890 5931 natum
920 5889 1057 5946 pura
1086 5872 1194 5929 fide
1224 5873 1540 5938 credamus,
1573 5879 1626 5927 et
1648 5886 1779 5926 vera
1799 5869 2055 5926 confitea-

457 5978 580 6024 mur
606 5963 915 6032 dilectione,
947 5961 1036 6021 cui
1064 5969 1150 6020 est
1175 5960 1354 6019 omnis
1383 5961 1561 6018 honor
1615 5967 1667 6020 et
1704 5958 1880 6036 gloria
1925 5971 2054 6015 cum

2057 4655 2110 4717 D

2104 2011 2565 2070 resurrectionem
2595 2007 2800 2074 multis,
2824 2014 2880 2062 et
2925 2003 3084 2061 bonis
3139 2011 3193 2059 et
3244 2000 3422 2067 malis,
3479 2006 3534 2056 et
3587 1997 3694 2054 ali-

2105 2110 2308 2177 quanto
2339 2109 2583 2171 tempore
2612 2094 2952 2170 appareruit.
3020 2091 3180 2162 Quod
3238 2089 3398 2146 tertia
3449 2087 3538 2144 die
3587 2086 3696 2142 vita

2105 2175 2268 2248 beata
2298 2192 2449 2246 Deus
2479 2188 2721 2259 seipsum
2749 2183 3032 2240 suscitavit
3051 2198 3084 2238 a
3108 2189 3304 2247 morte,
3337 2175 3698 2235 resurrectio-

2105 2297 2232 2338 nem
2262 2278 2450 2352 utique
2479 2284 2724 2333 nostram
2749 2273 2838 2330 die
2859 2272 3018 2329 tertia
3047 2269 3283 2327 futuram
3318 2264 3649 2339 significavit
3679 2279 3694 2319 :

2108 2369 2256 2442 quod
2285 2368 2452 2440 longe
2481 2372 2609 2422 ante
2637 2365 2854 2419 dixerat
2884 2377 2981 2433 per
3007 2359 3352 2432 prophetam.
3401 2355 3703 2412 Locuturus

2109 2459 2255 2517 Osee
2282 2457 2549 2530 propheta
2577 2454 2648 2510 de
2676 2450 3082 2509 resurrectione
3108 2453 3294 2504 nostra
3321 2452 3446 2500 ante
3473 2449 3704 2499 mortem

2110 2556 2164 2606 et
2193 2529 2435 2604 nostram
2465 2541 2949 2606 resurrectionem,
3000 2553 3118 2602 nos,
3177 2551 3249 2592 ne
3299 2535 3477 2605 justus
3525 2529 3703 2588 Judex

2109 2638 2406 2709 imparatos
2434 2632 2698 2699 inveniat,
2733 2629 2825 2702 pia
2847 2636 2900 2686 et
2930 2625 3078 2683 fideli
3122 2622 3496 2681 exhortatione
3556 2617 3704 2676 solli-

2111 2727 2260 2793 citat,
2289 2725 2479 2781 dicens
2512 2739 2524 2780 :
2566 2722 2779 2786 Venite,
2813 2723 2868 2776 et
2898 2719 3251 2774 revertamur
3269 2712 3343 2769 ad
3365 2711 3696 2773 Dominum,

2111 2817 2244 2891 quia
2276 2817 2394 2884 ipse
2421 2811 2606 2883 erepit,
2637 2807 3061 2872 etsanabitnos,
3083 2803 3369 2878 percutiet
3409 2803 3464 2856 et
3481 2797 3702 2856 curabit

2113 2889 2379 2970 hos(0:e.
2410 2918 2489 2968 vr,
2517 2899 2595 2973 ἓ).
2626 2897 2790 2968 Dicit,
2825 2897 3028 2960 venite,
3069 2892 3122 2948 id
3150 2898 3253 2958 est,
3303 2889 3448 2946 viam
3499 2894 3699 2952 tenete,

2114 3008 2295 3066 neque
2326 2990 2398 3048 ad
2451 2989 2734 3045 dexteram
2792 2985 3155 3052 declinemus,
3212 2993 3390 3052 neque
3444 2975 3512 3032 ad
3566 2973 3704 3030 sini-

2115 3063 2306 3149 stram,
2338 3079 2437 3136 sed
2467 3075 2850 3150 unusquisque
2879 3080 3125 3130 nostrum
3175 3067 3302 3136 ﬁde,
3360 3063 3706 3125 confessione

2117 3178 2171 3228 et
2199 3166 2517 3243 paenitentia
2549 3171 2859 3222 revertatur
2915 3161 2986 3216 ad
3040 3157 3350 3216 Dominum.
3399 3153 3708 3211 Habeamus

2120 3239 2303 3327 fidem,
2339 3273 2462 3330 qua:
2491 3271 2591 3328 per
2617 3252 2967 3310 dilectionem
2997 3263 3163 3306 omne
3190 3247 3401 3318 bonum,
3419 3250 3474 3300 et
3509 3239 3707 3315 prmi-

2119 3365 2227 3423 pue
2255 3346 2466 3420 peccati
2495 3343 2679 3401 odium
2709 3347 2997 3413 operatur.
3036 3339 3179 3394 Nam
3210 3334 3319 3390 ﬁne
3371 3332 3489 3388 sine
3540 3345 3710 3402 opere

2119 3418 2289 3504 bono,
2320 3443 2374 3492 et
2399 3433 2636 3490 maxime
2665 3431 2784 3487 sine
2813 3427 3024 3502 peccati
3059 3425 3217 3492 .odio,
3262 3429 3475 3479 mortua
3525 3418 3708 3477 credi-

2123 3535 2232 3584 tur.
2268 3523 2561 3583 Veniamus
2586 3521 2652 3577 ad
2683 3518 3107 3584 confessionem,
3139 3530 3245 3588 qua
3270 3525 3538 3569 venenum
3563 3507 3708 3565 anti-

2127 3616 2225 3691 qui
2254 3613 2532 3687 serpentis
2559 3609 2850 3674 evomitur,
2881 3605 3108 3665 solvitur
3150 3620 3182 3659 a
3228 3599 3466 3676 peccatis
3513 3611 3714 3671 pecca-

2130 3714 2237 3772 tor,
2276 3705 2394 3761 Deo
2436 3699 2679 3768 victoria,
2729 3696 2951 3755 diabolo
2997 3691 3335 3752 verecundia
3389 3695 3707 3762 generatur.

2129 3803 2380 3874 Agamus
2411 3794 2806 3872 paenitentiam,
2855 3807 2960 3865 qua
3003 3789 3189 3846 divina
3232 3786 3404 3860 pietas
3447 3784 3525 3840 sic
3561 3779 3717 3839 nobis

2130 3873 2372 3964 ignoscit
2400 3886 2548 3960 quod
2575 3899 2678 3941 nos
2704 3881 2956 3939 diabolus
2985 3884 3303 3952 peccatores
3343 3873 3574 3947 ignorat,
3617 3883 3720 3926 nec

2131 3957 2280 4036 Deus
2311 3957 2589 4051 agnoscit.
2623 3974 2748 4029 Hoc
2776 3977 2865 4028 est
2900 3977 3024 4042 post
3076 3971 3360 4040 peccatum
3401 3959 3600 4019 reverti
3649 3957 3720 4014 ad

2134 4048 2427 4125 Dominum
2462 4083 2477 4132 ;
2519 4063 2590 4119 ad
2638 4077 2801 4134 quem
2845 4058 3172 4132 quicumque
3217 4051 3524 4117 revertitur,
3578 4048 3723 4105 viam

2133 4164 2302 4224 tenet,
2329 4170 2439 4212 non
2470 4141 2632 4210 devia
2664 4149 2928 4223 sequitur.
2957 4145 3140 4218 Crepit
3169 4161 3270 4200 nos
3301 4155 3496 4198 sanare
3545 4138 3720 4195 bonus

2134 4245 2420 4312 Dominus,
2453 4241 2671 4316 quando
2699 4238 2768 4295 ad
2796 4236 3111 4294 inﬁmitate
3125 4233 3314 4290 mortis
3357 4238 3576 4288 aeternae
3625 4239 3722 4282 sua

2135 4348 2338 4408 magna
2365 4313 2722 4388 miseratione
2750 4325 3020 4384 liberavit.
3057 4321 3226 4399 354
3255 4322 3369 4378 Nos
3409 4317 3622 4392 quidem
3668 4313 3722 4369 in

2137 4433 2313 4508 primo
2339 4429 2563 4488 homine
2591 4424 2838 4484 diabolus
2867 4439 2968 4496 per
3013 4429 3296 4495 peccatum
3333 4415 3579 4474 infirmos
3621 4427 3722 4486 pa-

2138 4504 2274 4580 riter
2303 4529 2357 4578 et
2384 4521 2621 4576 miseros
2651 4515 2802 4572 fecit.
2833 4515 2982 4570 Deus
3013 4527 3147 4568 vero
3175 4509 3297 4582 pius
3319 4515 3372 4565 et
3387 4504 3725 4576 omnipotens

2137 4611 2414 4676 medicus,
2441 4614 2646 4665 nostras
2674 4603 2912 4660 miseriae
2941 4609 2994 4658 et
3021 4598 3320 4656 infirmitati
3374 4591 3723 4667 compatiens,

2140 4701 2287 4776 quod
2320 4705 2448 4755 ante
2477 4711 2589 4753 non
2620 4694 2820 4762 fuerat,
2854 4699 2907 4748 et
2936 4689 3096 4747 nobis
3141 4686 3358 4744 miseris
3411 4681 3630 4740 nomine
3677 4689 3730 4736 et

2140 4775 2355 4848 actione
2408 4784 2730 4843 conveniret
2781 4781 3105 4842 antidotum,
3172 4790 3281 4849 quo
3337 4789 3437 4832 nos
3494 4775 3726 4834 sanaret,

2143 4877 2368 4937 invenit.
2400 4874 2517 4932 Hoc
2547 4881 2730 4930 autem
2759 4887 2874 4927 suae
2929 4866 3208 4925 charitatis
3254 4862 3547 4920 maximum
3587 4859 3730 4930 ‘opus

2143 4967 2446 5041 baptizavit
2472 4961 2959 5036 persemetipsum,
2982 4973 3182 5014 nomen
3201 4955 3491 5026 imponens
3546 4948 3595 5005 ei
3642 4945 3733 5001 mi-

2148 5039 2531 5118 sericordiam,
2566 5067 2729 5125 quam
2784 5048 3020 5105 miseriae
3074 5053 3127 5102 et
3183 5039 3487 5100 infirmitati
3536 5041 3734 5094 nostra

2147 5146 2403 5220 Opposuit
2432 5123 2786 5198 medicinam.
2825 5139 2941 5194 liae
2969 5135 3138 5210 igitur
3165 5131 3371 5189 salubri
3413 5135 3467 5185 et
3520 5123 3733 5182 salutari

2149 5244 2419 5302 medicina
2451 5241 2668 5298 animas
2697 5245 2917 5294 nostras
2947 5232 3166 5291 sanavit
3206 5238 3261 5288 et
3317 5241 3567 5299 corpora.
3632 5221 3735 5277 Per

2149 5337 2257 5392 hoc
2285 5328 2724 5402 incomparabilis
2754 5343 2866 5383 suae
2894 5321 3201 5381 dilectionis
3227 5335 3365 5392 opus
3413 5311 3735 5388 praecipuum

2151 5423 2312 5481 nobis
2341 5398 2695 5485 condonavit,
2727 5425 2778 5472 et
2808 5413 3033 5471 donavit
3062 5411 3380 5483 plurimum.
3412 5398 3739 5460 Condonavit

2154 5513 2390 5585 culpam,
2422 5517 2476 5567 et
2502 5507 2727 5566 donavit
2754 5504 3008 5578 gratiam.
3039 5503 3266 5557 Mortem
3317 5502 3560 5585 nostram
3603 5503 3739 5585 rnor-

2156 5577 2396 5668 titicavit,
2421 5608 2474 5656 et
2502 5596 2737 5654 reddidit
2765 5577 2970 5650 vitam.
3029 5593 3142 5648 Hac
3191 5597 3309 5644 arte
3363 5578 3575 5656 pietatis
3628 5577 3739 5668 dia-

2156 5693 2340 5750 bolum
2371 5664 2517 5755 vicit,
2553 5696 2607 5744 et
2661 5683 2933 5758 confregit
2985 5681 3278 5745 infernum,
3334 5671 3494 5731 nobis
3531 5664 3745 5758 aperuit

2159 5789 2346 5855 portas
2378 5779 2523 5845 cceli,
2554 5785 2612 5833 et
2632 5775 2784 5834 dedit
2813 5755 3079 5846 seipsum.
3124 5767 3371 5825 Diximus
3401 5757 3547 5834 quod
3583 5755 3744 5855 _mise-

2161 5847 2403 5928 ricordia
2433 5883 2535 5925 sua
2561 5864 2913 5938 omnipotens
2941 5864 3090 5919 Deus
3118 5861 3237 5916 haec
3273 5871 3370 5912 sua
3409 5861 3556 5910 tanta
3583 5847 3744 5938 bene-

2164 5955 2285 6014 ficia
2315 5955 2480 6014 nobis
2501 5934 2810 6020 donaverit,
2841 5946 3116 6025 quomodo
3157 5943 3316 6004 etiam
3362 5941 3540 6015 ipsam
3586 5934 3744 5996 mise-
