3910 6396
458 421 567 487 εδει

1489 416 1825 484 GOFFRIDI
1861 404 2159 475 ΔΒΒΑΤΙΒ
2199 404 2740 472 VINDOCINENSIS

3664 401 3786 466 156

462 568 596 614 vera
622 551 802 613 cordis
832 549 1148 622 conversio,
1180 566 1289 610 non
1310 548 1557 624 sequitur
1581 547 1741 622 plena
1771 541 2050 603 remissio.
2082 534 2138 600 Α
2166 555 2269 615 pro
2293 538 2514 599 nomine
2543 536 2743 598 Christi
2771 528 3067 595 cruciﬁxus
3121 538 3334 601 est,nsc
3378 527 3507 606 quia
3533 529 3788 589 credidit

463 644 642 703 Debet
669 643 836 719 igitur
865 644 1095 717 quisque
1129 649 1396 705 nostrum.
1421 638 1720 696 secundum
1750 631 2058 694 Salvatoris

468 735 799 805 exemplum,
830 733 1123 789 intremere
1165 728 1358 802 spiritu
1386 736 1581 786 contra
1635 724 1870 798 capitale
1901 737 2052 780 com-

468 822 719 891 missum,
748 829 801 878 et
847 822 1084 895 quadum
1132 819 1500 878 sollicitudine
1530 817 1750 873 turbare
1798 813 2059 884 seipsum,

469 928 739 995 quatenus
767 936 931 992 super
958 919 1280 976 exstinctam
1301 917 1544 974 animam
1587 916 1724 972 dare
1753 911 1935 970 valeat
1961 924 2064 995 ges

468 994 634 1065 mitus
661 1008 1054 1081 prtrcordiales
1080 1018 1135 1065 et
1172 1006 1553 1080 lacrymabiles
1596 1004 1867 1078 planctus,
1896 1006 1955 1055 ut
1980 994 2068 1054 vel

473 1098 554 1156 sic
586 1098 687 1155 Dei
712 1097 1066 1154 miseratione
1078 1096 1405 1153 reviviscat.
1418 1094 1667 1152 Christus
1682 1093 1832 1149 enim
1847 1086 2068 1163 quando

472 1187 621 1245 venit
649 1187 721 1243 ad
748 1185 1125 1244 suscitandum
1153 1187 1421 1243 Lazarum
1452 1183 1550 1257 qui
1578 1180 1854 1255 signiﬁcat
1886 1174 2068 1234 homi-

470 1292 597 1333 nem
639 1275 694 1332 in
725 1275 993 1333 criminali
1013 1282 1242 1347 peccato
1272 1273 1565 1345 sepultum,
1591 1273 1937 1345 lacrymatus
1958 1268 2067 1329 est,

471 1374 776 1446 infremuit
794 1373 1283 1446 spiritu,turbavit
1296 1373 1375 1428 sei
1376 1387 1542 1444 psum
1555 1371 1738 1442 (Joan.
1753 1384 1837 1435 xx,
1862 1370 2068 1441 33-35),

474 1469 528 1518 et
554 1461 689 1517 dixit
719 1463 1133 1527 :Lasare,veni
1162 1464 1318 1532 foras
1340 1460 1520 1526 (ibid.,
1576 1459 1694 1530 43).
1732 1458 1801 1513 Et
1819 1456 1901 1514 sic
1920 1456 2072 1513 illum

472 1575 505 1616 a
528 1559 763 1616 Domino
790 1559 1026 1633 legimus
1043 1558 1397 1616 suscitatum.
1436 1556 1518 1613 Ibi
1535 1557 1702 1613 verba
1731 1571 1841 1612 non
1861 1572 2075 1628 praeve-

474 1657 672 1705 nerunt
699 1648 995 1720 lacrymas,
1029 1648 1127 1705 sed
1172 1648 1431 1719 lacrymas
1486 1646 1652 1702 verba
1691 1645 2077 1717 Redemptoris

474 1753 905 1820 praecesserunt.
942 1747 1133 1817 Neque
1163 1745 1317 1817 prius
1332 1745 1597 1800 Lazarum
1628 1742 1840 1799 vocavit
1867 1742 1937 1798 de
1953 1758 2077 1799 mo-

476 1842 757 1901 numento,
790 1850 969 1906 neque
1010 1836 1258 1891 Lazarus
1314 1833 1466 1905 prius
1521 1830 1842 1899 resurrexit,
1902 1831 2079 1887 donec

478 1933 734 1991 Christus
763 1933 1040 1990 infremuit
1070 1932 1279 2004 spiritu,
1313 1941 1366 1988 et
1387 1931 1631 2003 seipsum
1668 1930 1923 1985 turbavit.
1956 1928 2078 1999 Quo

477 2025 639 2095 facto,
671 2018 793 2090 pius
824 2018 1156 2090 Redemptor
1182 2026 1236 2073 et
1266 2017 1439 2073 bonus
1469 2016 1663 2071 doctor
1697 2013 1865 2092 359
1900 2014 2085 2070 docuit

479 2122 850 2193 psecatorem,
882 2115 1031 2188 quod
1065 2113 1269 2177 studio,
1330 2128 1438 2186 quo
1485 2112 1683 2168 mentis
1711 2110 1924 2180 affectu,
1977 2126 2085 2184 quo

480 2203 732 2277 corporis
760 2212 907 2272 actu,
937 2204 1378 2278 quaintimorum
1401 2202 1766 2258 concussione
1792 2200 2082 2271 viscerum,

481 2300 862 2374 paenitentiam
885 2316 1053 2373 agere
1096 2300 1282 2366 debet,
1333 2299 1381 2354 si
1411 2297 1663 2355 suscitari
1701 2296 1979 2353 desiderat
2018 2297 2088 2352 de

484 2398 736 2470 sepulcro
764 2406 1144 2470 peccatorum.
1183 2396 1344 2454 Utilis
1373 2404 1476 2461 est,
1508 2395 1619 2451 imo
1648 2393 2089 2465 necessariapce-

484 2487 715 2544 nitentia
741 2493 879 2558 post
907 2493 1211 2558 peccatum,
1243 2500 1370 2542 cum
1401 2483 1680 2540 Christum
1700 2491 1948 2538 mortuos
1964 2482 2089 2554 qui-

486 2574 614 2632 dem
642 2573 956 2641 suscitasse,
979 2574 1185 2630 nullum
1214 2581 1397 2629 autem
1432 2572 1487 2627 in
1510 2571 1753 2642 peccatis
1809 2576 2090 2627 mortuum

488 2661 791 2720 absolvisse
821 2663 1087 2736 legamus.
1121 2661 1425 2717 Mirandum
1452 2675 1585 2735 vero
1633 2675 1741 2715 non
1771 2667 1874 2727 est,
1920 2657 1970 2714 si
1996 2673 2094 2731 pro

489 2754 729 2824 peccatis
757 2752 991 2824 propriis
1050 2756 1106 2807 et
1136 2751 1370 2808 scienter
1413 2748 1722 2806 commissis
1750 2746 1956 2805 fortiter
2011 2754 2095 2804 est

491 2841 786 2914 agendum,
817 2856 943 2898 cum
971 2839 1138 2897 alieni
1165 2838 1553 2912 peccatipazna
1582 2853 1689 2893 non
1711 2844 2097 2909 sequatur,nec

494 2953 596 2995 nos
621 2938 820 3009 solum,
851 2938 949 2995 sed
996 2945 1216 2994 sanctos
1259 2936 1541 3009 apostolos
1570 2942 1757 2992 secuta
1812 2932 1904 3002 sit,
1937 2934 2098 2990 etiam

494 3034 623 3100 post
653 3028 1001 3099 baptismum.
1063 3027 1207 3085 Licet
1237 3027 1557 3098 ignoremus
1615 3023 1757 3095 quis,
1791 3038 1825 3078 a
1854 3038 1986 3095 quo,
2046 3032 2101 3080 et

496 3115 607 3186 ubi,
639 3124 691 3172 et
719 3116 938 3188 quando
969 3114 1462 3188 baptizatifuerint,
1498 3113 1648 3184 ipsos
1705 3119 1885 3168 tamen
1913 3111 2101 3184 bapti—

497 3222 644 3274 zatos
671 3216 846 3274 fuisse
875 3233 983 3274 non
1000 3217 1329 3285 dubitamus,
1362 3232 1484 3273 cum
1519 3214 1699 3288 ipsum
1748 3213 2093 3271 Salvatorem
2129 3257 2178 3323 Ο

688 3321 775 3323 ν
822 3305 890 3323 ρ.
1015 3307 1071 3323 .,
1127 3306 1161 3323 ..
1234 3313 1246 3323 .
1326 3322 1335 3323 ,
1609 3302 1813 3323 Nam
1850 3301 2102 3323 ομηῲ-

497 3304 790 3362 credamus
818 3305 985 3363 fuisse
1015 3306 1371 3378 baptizatum.
1413 3303 1570 3360 Prius
1599 3302 1820 3377 quidem
1849 3301 2103 3358 Salvator

499 3412 690 3459 noster
711 3405 974 3477 baptizari
1009 3405 1268 3475 voluit,ac
1297 3411 1488 3476 postea
1531 3402 1664 3458 dixit
1688 3419 1702 3457 :
1726 3402 1848 3458 Nisi
1866 3402 1991 3473 quis
2012 3416 2107 3455 re-

501 3496 677 3550 natus
696 3495 879 3565 fuerit
894 3511 969 3551 ea:
985 3511 1136 3568 aqua
1158 3498 1213 3551 et
1237 3494 1461 3566 Spiritu
1483 3496 1702 3558 sancto,
1727 3507 1843 3546 non
1860 3488 2110 3544 intrabit

501 3580 568 3636 in
596 3597 836 3654 regnum
883 3585 1156 3641 caelorum
1201 3583 1392 3652 (Joan.
1432 3597 1512 3647 In,
1548 3582 1627 3650 3).
1668 3581 1832 3634 Istam
1879 3576 2110 3633 formam

503 3666 761 3740 baptismi
780 3676 948 3728 verbo
977 3680 1031 3728 et
1051 3670 1306 3742 exemplo
1360 3667 1660 3739 discipulos
1711 3666 1899 3723 docuit
1956 3679 2114 3735 suos,

505 3779 670 3835 quam
697 3784 819 3825 cum
850 3769 1209 3841 praedicarent
1238 3767 1382 3834 aliis,
1413 3768 1555 3823 hanc
1582 3765 1738 3837 prius
1797 3764 2104 3820 observas-

505 3864 627 3911 sent
654 3856 708 3912 in
738 3857 1070 3931 semetipsis.
1102 3859 1295 3929 Neque
1326 3854 1662 3913 conveniens
1677 3860 1917 3923 esset,et
1932 3852 2116 3906 minus

504 3949 852 4022 prodessent,
889 3948 934 4004 si
990 3948 1250 4003 docerent
1303 3944 1441 4001 alios
1497 3942 1870 4015 baptizandos,
1924 3949 1977 3997 et
2005 3934 2118 4012 ipsi

505 4036 765 4110 baptizati
785 4051 897 4092 non
922 4041 1130 4092 essent.
1163 4034 1232 4089 Et
1262 4032 1386 4089 ideo
1414 4039 1469 4089 et
1498 4046 1595 4087 eos
1612 4030 1916 4102 baptizatos
1946 4027 2115 4085 fuisse

508 4126 807 4193 credimus,
838 4132 893 4180 et
921 4123 1069 4196 quod
1097 4122 1238 4179 alter
1266 4122 1336 4177 ab
1372 4120 1544 4177 altam
1558 4118 1759 4175 exstitit
1789 4116 2117 4189 baptizatus,

510 4230 635 4272 cum
656 4214 760 4286 ipsi
812 4213 917 4270 soli
931 4220 1061 4269 tunc
1104 4211 1448 4283 accepissent
1477 4224 1510 4266 a
1531 4208 1766 4265 Domino
1793 4213 2116 4279 potestatem

512 4313 1027 4388 baptizandi.Nulla
1047 4313 1261 4370 ratione
1288 4311 1566 4368 immutari
1591 4310 1765 4382 potuit
1819 4307 1970 4382 quod
2000 4308 2113 4364 Ve-

515 4419 649 4475 ritas
678 4417 811 4475 dixit
843 4436 856 4473 :
891 4418 1016 4475 Nisi
1044 4418 1169 4491 quis
1200 4420 1438 4473 renatus
1468 4416 1649 4488 luerit
1664 4430 1738 4469 ex
1757 4428 1903 4485 aqua
1922 4414 1979 4468 et
1994 4410 2116 4484 Spi-

514 4510 640 4565 ritu
664 4511 882 4573 sancto,
915 4523 1155 4579 regnum
1184 4506 1450 4561 calorum
1469 4519 1586 4560 non
1602 4502 1848 4558 habebit.
1879 4501 1941 4554 In
1958 4499 2113 4555 nullo

2107 1894 2161 1955 B

2166 646 2366 705 passus
2391 630 2655 697 creditur,
2688 627 2784 685 sed
2838 625 3090 695 credidit,
3123 624 3252 681 dum
3296 628 3603 694 pateretur.
3644 619 3788 676 Ali-

2168 736 2336 792 quem
2366 719 2530 777 etiam
2590 717 2746 790 quasi
2787 732 2889 788 pro
2943 713 3166 771 nomine
3220 711 3422 769 Christi
3477 717 3787 782 martyrem

2171 811 2293 867 ﬁeri
2325 825 2526 867 vanum
2577 815 2683 875 est,
2730 806 2836 863 nisi
2889 802 3241 878 praecesserit
3267 802 3322 857 in
3374 799 3469 856 illo
3499 798 3636 856 ﬁdes
3675 798 3786 854 ba-

2171 899 2381 973 ptismi.
2421 897 2694 968 Quantum
2724 896 2910 969 itaque
2936 894 3132 963 valeat,
3155 891 3318 949 etiam
3346 889 3464 946 sine
3516 886 3787 960 baptismi

2174 994 2517 1046 sacramento
2573 984 2794 1053 visibili,
2852 982 3002 1056 quod
3056 981 3132 1038 ait
3176 977 3458 1052 apostolus
3503 976 3715 1034 Paulus
3766 991 3782 1032 :

2178 1078 2350 1136 Corde
2376 1074 2727 1133 erediturad
2750 1072 3064 1146 justitiam,
3087 1086 3181 1128 ore
3199 1072 3393 1126 autem
3409 1067 3692 1139 confessio
3712 1064 3786 1135 ﬁt

2175 1168 2249 1225 ad
2277 1168 2524 1224 salutem
2570 1166 2751 1234 (Rom.
2791 1180 2845 1230 x,
2880 1161 2989 1225 10),
3021 1167 3076 1216 et
3126 1158 3182 1215 in
3212 1157 3305 1214 illo
3334 1156 3556 1222 latrone,
3616 1161 3675 1210 et
3728 1154 3789 1208 in

2177 1254 2515 1327 martyribus
2554 1253 2760 1311 sanctis
2814 1250 3148 1308 declaratur.
3208 1246 3318 1304 Sed
3346 1253 3474 1303 tunc
3527 1243 3794 1315 impletur

2179 1343 2554 1411 invisibiliter,
2584 1358 2712 1398 cum
2736 1339 2973 1397 visibilia
2994 1336 3252 1410 baptismi
3274 1332 3528 1406 mysteria
3570 1331 3792 1388 articu-

2181 1434 2267 1490 lus
2313 1431 2659 1490 necessitatis
2713 1428 2935 1486 minime
2990 1425 3111 1483 ﬁeri
3156 1423 3435 1499 permittit,
3481 1437 3593 1477 non
3645 1419 3794 1477 reli-

2181 1532 2362 1607 gionis
2393 1536 2758 1602 contemptus.
2807 1528 2949 1584 Nam
2986 1534 3277 1600 postquam
3335 1520 3505 1579 semel
3563 1518 3795 1577 Veritas

2183 1606 2503 1695 praedictum
2527 1618 2780 1692 baptismi
2837 1616 2965 1673 fecit
3017 1614 3274 1684 edictum,
3307 1612 3555 1669 clamans
3592 1616 3649 1665 et
3706 1606 3807 1662 (ιιι

2183 1741 2347 1782 cens:
2377 1725 2497 1781 Nisi
2513 1724 2635 1796 quis
2650 1725 2888 1778 renatus
2908 1721 3089 1793 fuerit
3109 1734 3183 1774 ea:
3206 1732 3351 1790 aqua
3363 1718 3418 1772 et
3437 1713 3648 1787 spiritu
3658 1726 3798 1767 san-

2187 1832 2298 1897 cto,
2314 1844 2429 1884 non
2457 1826 2697 1884 intrabit
2719 1827 2783 1881 in
2796 1838 3035 1895 regnum
3055 1822 3346 1885 caelorum,
3378 1816 3425 1872 si
3456 1813 3724 1879 latro,cui
3738 1814 3795 1867 in

2189 1932 2353 1974 cruce
2381 1915 2451 1971 ab
2481 1915 2603 1987 ipsa
2660 1912 2898 1969 Veritate
2953 1910 3159 1967 dictum
3207 1915 3291 1964 est
3325 1924 3338 1961 :
3373 1906 3540 1963 Hodie
3559 1919 3794 1959 mecum

2191 2007 2302 2064 eris
2325 2003 2390 2060 in
2416 2003 2680 2078 paradiso
2701 2003 2864 2073 (Luc.
2904 2014 3062 2069 χχιιι,
3106 1997 3218 2068 L3),
3249 1994 3337 2053 vel
3364 1993 3589 2066 quilibet
3643 2005 3800 2046 mar-

2191 2115 2392 2180 tyrum,
2427 2104 2713 2161 visibiliter
2755 2102 3083 2173 baptismum
3130 2097 3436 2170 potuissent
3460 2094 3686 2157 habere,
3744 2100 3799 2148 et

2194 2194 2673 2267 contempsissent,
2703 2191 2982 2247 incassum
3011 2196 3066 2245 et
3089 2187 3233 2243 latro
3262 2183 3549 2241 Dominum
3589 2195 3793 2254 rogas-

2195 2288 2299 2350 set,
2351 2283 2509 2354 cujus
2567 2281 2875 2354 sprevisset
2904 2278 3238 2343 mandatum,
3297 2282 3351 2330 et
3378 2280 3582 2343 martyr
3627 2268 3799 2325 susti-

2194 2382 2403 2440 nuisset
2431 2382 2556 2437 sine
2580 2379 2808 2435 utilitate
2839 2376 2999 2453 361
3038 2372 3382 2447 martyrium.
3437 2371 3571 2437 Hoc,
3628 2374 3687 2424 ut
3706 2365 3797 2421 di-

2197 2489 2345 2538 ctum
2373 2488 2475 2546 est,
2508 2478 2711 2534 habent
2737 2476 2864 2533 boni
2920 2482 2974 2531 et
3000 2472 3147 2540 mali,
3201 2470 3350 2544 quod
3404 2484 3502 2524 eos
3547 2464 3800 2539 sequitur

2198 2582 2413 2656 paterni
2445 2597 2606 2653 poena
2644 2578 2883 2652 peccati.
2947 2577 3109 2632 Pmna
3162 2571 3374 2645 peccati
3429 2576 3513 2626 est
3563 2567 3796 2635 esurire,

2201 2654 2374 2739 sitire,
2407 2670 2632 2726 labores
2661 2675 2715 2724 et
2732 2666 2955 2724 dolores
2991 2663 3218 2737 perpeti,
3250 2658 3532 2718 informari
3579 2664 3635 2713 et
3664 2654 3803 2711 mori

2202 2770 2257 2826 in
2286 2783 2535 2839 corpore,
2565 2773 2729 2838 atque
2760 2763 3014 2819 diversas
3039 2760 3092 2815 in
3120 2759 3324 2815 mundo
3354 2754 3600 2813 miserias
3622 2767 3797 2824 expe-

2203 2858 2322 2915 riri.
2354 2858 2486 2914 Haec
2513 2854 2695 2912 omnia
2724 2870 2790 2910 ex
2839 2850 3002 2924 primi
3029 2847 3276 2922 parentis
3329 2852 3554 2919 peccato
3608 2856 3804 2915 prove-

2204 2958 2380 3025 niunt,
2413 2972 2537 3029 quas
2566 2962 2750 3009 tamen
2779 2950 2899 3007 sine
2928 2954 3156 3021 peccato
3183 2944 3375 3002 haberi
3402 2948 3657 3016 possunt.
3689 2938 3804 2996 Sed

2206 3046 2403 3102 mirum
2433 3027 2672 3100 Vvidetur
2707 3060 2722 3109 ;
2752 3055 2875 3098 cum
2920 3053 2955 3094 a
2984 3037 3100 3092 Deo
3132 3033 3294 3091 nobis
3312 3035 3598 3105 peccatum
3621 3027 3806 3085 dimis-

2206 3151 2327 3192 sum
2356 3132 2536 3200 fuerit,
2572 3130 2725 3204 quod
2771 3128 2949 3185 adhuc
2993 3124 3211 3197 peccati
3266 3121 3410 3177 illius
3427 3121 3538 3191 jam
3593 3109 3805 3189 dimissi

2207 3238 2370 3297 poena
2389 3238 2490 3279 nos
2520 3220 2790 3293 sequitur.
2820 3217 3014 3272 Nonne
3036 3215 3185 3271 Deus
3213 3211 3287 3267 ita
3313 3208 3471 3266 nobis
3524 3206 3807 3278 indulgere

2215 3294 2498 3385 peccatum
2525 3307 2720 3381 potuit,
2753 3304 2898 3379 quod
2954 3318 3059 3360 nos
3109 3299 3317 3373 peccati
3370 3312 3527 3370 pcena
3584 3294 3805 3350 minime

2216 3413 2541 3481 sequeretur
2568 3405 2597 3461 ?
2619 3401 2796 3459 Potuit
2816 3399 3015 3473 plane;
3047 3396 3145 3454 sed
3162 3393 3624 3452 noluit.Potuisset
3652 3390 3807 3447 etiam

2217 3496 2273 3553 in
2298 3478 2579 3569 paradiso,
2614 3490 2756 3565 quod
2792 3505 2894 3545 nec
2921 3485 3172 3544 diabolus
3200 3483 3488 3556 instigaret
3538 3478 3809 3538 hominem

2220 3600 2292 3656 ad
2320 3597 2680 3672 peccandum,
2713 3608 2817 3650 nec
2845 3592 3008 3648 homo
3037 3594 3323 3661 peccaret.
3363 3584 3472 3642 Sed
3498 3583 3545 3639 si
3573 3589 3810 3653 potesta-

2222 3696 2330 3746 tem
2361 3686 2445 3743 sui
2476 3700 2586 3742 non
2615 3683 2859 3740 dedisset
2913 3677 3139 3745 homini,
3172 3679 3227 3733 et
3251 3674 3376 3732 ideo
3408 3688 3517 3730 non
3548 3676 3806 3743 peccaret,

2223 3786 2352 3859 quia
2370 3798 2603 3856 peccare
2632 3795 2744 3836 non
2797 3784 3005 3850 posset.
3062 3789 3167 3831 nec
3215 3771 3362 3828 unde
3420 3770 3725 3826 laudaretur
3780 3782 3813 3822 a

2223 3854 2497 3942 Ileopnec
2524 3869 2669 3926 unde
2699 3871 3158 3931 remuneraretur,
3190 3861 3445 3916 haberet.
3483 3854 3811 3913 Laudemsui

2223 3961 2519 4029 Creatoris,
2546 3966 2600 4016 et
2626 3971 2886 4027 magnam
2915 3953 3038 4026 ejus
3065 3947 3566 4007 remunerationem
3614 3944 3812 4017 primus

2223 4053 2389 4108 homo
2419 4063 2641 4120 semper
2669 4045 2876 4102 habere
2904 4040 3191 4115 potuisset,
3239 4037 3287 4093 si
3314 4051 3423 4092 non
3454 4033 3705 4106 superbia
3723 4040 3809 4087 tu-

2222 4139 2425 4205 midus,
2456 4145 2510 4194 et
2538 4134 2774 4208 propriae
2802 4131 2990 4188 uxoris
3017 4128 3186 4185 nimio
3213 4140 3401 4182 amore
3440 4129 3719 4194 corruptus
3751 4134 3811 4177 se

2222 4244 2416 4295 contra
2445 4235 2775 4291 Creatorem
2831 4228 3123 4286 erexisset.
3161 4225 3305 4291 Non,
3351 4229 3410 4278 ut
3464 4236 3602 4293 pene
3629 4233 3809 4275 omnes

2221 4327 2534 4399 loquuntur,
2564 4321 2799 4394 primum
2830 4317 2973 4374 Adae
2999 4322 3280 4388 peccatum
3325 4310 3443 4379 fuit,
3497 4308 3605 4382 qod
3631 4322 3811 4399 come-

2221 4396 2313 4471 dit“
2331 4413 2581 4470 vetitum.
2618 4411 2738 4466 Jam
2761 4407 2905 4464 enim
2936 4406 3006 4461 de
3034 4400 3422 4476 magnitudine
3459 4396 3733 4469 praesentis
3759 4403 3813 4451 et

2223 4503 2415 4560 futurae
2435 4497 2789 4558 beatitudinis
2807 4501 3170 4568 praecesserat
3199 4492 3253 4547 in
3282 4492 3403 4563 ipso
3428 4487 3672 4562 quaedam
3697 4485 3806 4542 cla-

516 4598 777 4668 majorem
807 4594 1178 4653 auctoritatem
1239 4594 1326 4651 vel
1358 4592 1636 4649 meliorem
1668 4598 1953 4647 auctorem
2010 4588 2110 4643 ha—
2146 4618 2199 4679 D
2228 4607 2304 4664 ιίο
2330 4603 2679 4676 reprimenda
2705 4618 2719 4657 ε
2743 4598 2889 4655 unde
2934 4600 3083 4667 justo
3138 4593 3239 4650 Dei
3274 4591 3481 4663 judicio
3528 4588 3810 4661 pel-missus

518 4699 652 4756 bere
679 4714 972 4772 possumus
1003 4712 1167 4770 quam
1196 4695 1371 4768 ipsam
1424 4692 1738 4751 Veritatem.
1771 4691 1929 4750 Unde
1975 4704 2119 4745 verat

518 4801 645 4858 ﬁdei
675 4799 1068 4874 propositione,
1093 4799 1203 4856 imo
1227 4797 1399 4870 ipsius
1449 4794 1700 4854 veritatis
1729 4808 1865 4851 voce
1906 4791 2121 4864 proba-

520 4920 644 4962 mus
673 4904 818 4977 qnod
836 4917 998 4961 nemo
1026 4901 1212 4958 salvus
1229 4898 1347 4957 ﬁeri
1360 4897 1581 4971 poterit,
1614 4896 1703 4954 vel
1723 4894 1896 4973 360
1918 4900 2121 4966 potest,

523 5003 614 5077 qui
643 5018 753 5061 non
782 5003 942 5060 fuerit
998 5000 1325 5074 baptizatus.
1379 4996 1490 5053 Sed
1546 4994 1661 5062 alii,
1689 4994 1783 5049 ubi
1842 4992 2126 5049 visibiliter

519 5092 774 5164 baptismi
790 5091 1054 5165 mysteria
1072 5088 1443 5153 celebrantur,
1468 5084 1800 5157 baptismum
1822 5080 2123 5154 accipiunt.

527 5181 641 5236 Alii
676 5197 819 5249 vero,
849 5182 990 5238 sicut
1019 5176 1372 5252 evangelicus
1401 5175 1543 5230 latro
1569 5181 1623 5230 et
1638 5177 1911 5244 martyres
1930 5170 2126 5240 sancti,

525 5269 654 5327 licet
672 5270 957 5327 visibiliter
986 5268 1246 5342 mysteria
1274 5263 1532 5338 baptismi
1561 5262 1706 5319 circa
1759 5276 1859 5317 eos
1888 5274 1997 5317 non
2017 5258 2130 5315 fue-

531 5366 639 5422 rint
666 5366 956 5434 celebreta,
1001 5365 1333 5438 baptismum
1383 5370 1562 5419 tamen
1611 5358 1719 5415 ﬁde
1749 5367 1803 5414 et
1840 5357 2124 5412 voluntate

531 5463 914 5527 perceperunt.
945 5456 1104 5523 Nam,
1139 5454 1277 5509 sicut
1288 5450 1558 5508 veraciter
1586 5448 1821 5522 legimus
1845 5446 2130 5514 :Quicun-

536 5577 641 5634 que
667 5562 945 5636 Spiritum
972 5561 1074 5618 Dei
1103 5561 1330 5626 habent,
1348 5558 1641 5630 accipiunt
1663 5556 1718 5613 et
1738 5556 1987 5625 gratiam
2013 5556 2133 5624 ejus

537 5665 858 5736 (Rom.vm,
887 5665 1004 5735 14).
1058 5662 1375 5734 Accepisset
1402 5660 1588 5733 utique
1615 5657 1752 5714 latro
1809 5656 1902 5712 ille
1943 5654 2136 5712 visibi-

538 5759 662 5818 liter
688 5762 1042 5833 baptismum,
1097 5760 1147 5815 si
1202 5758 1491 5831 potuisset,
1550 5754 1678 5827 quia
1707 5753 1963 5826 passione
2012 5768 2131 5819 sua,

544 5858 630 5914 vel
656 5857 899 5930 quolibet
922 5858 1067 5914 bono
1096 5870 1281 5927 opere,
1314 5852 1459 5927 quod
1476 5854 1604 5906 ante
1631 5849 1871 5920 fecisset,
1897 5848 2139 5907 salvatus

545 5973 656 6016 non
682 5966 784 6033 est,
817 5957 922 6017 sed
951 5955 1061 6015 ﬁde
1106 5953 1312 6011 Christi
1335 5959 1391 6010 et
1431 5947 1776 6011 confessione
1805 5968 1820 6017 ;
1851 5967 1966 6009 non
1995 5950 2141 6009 enim

2228 4702 2314 4752 est
2342 4691 2612 4750 adiabolo
2641 4688 2858 4756 tentari,
2898 4692 2953 4743 et
2983 4682 3346 4741 succumbere
3376 4677 3649 4737 tentatori.
3706 4676 3809 4732 Ex-

2228 4795 2439 4853 tollenti
2464 4793 2651 4865 utique
2683 4807 2743 4846 se
2771 4788 2989 4856 animm,
3014 4793 3066 4842 et
3095 4784 3318 4841 nimium
3341 4781 3410 4839 de
3439 4776 3655 4853 propria
3705 4776 3806 4833 vir-

2231 4893 2346 4942 tute
2368 4879 2747 4956 praesumenti,
2781 4876 3157 4950 experimento
3187 4887 3363 4946 ranae
3389 4870 3566 4926 fuerat
3592 4867 3804 4925 deumn-

2232 4985 2539 5052 strandum,
2571 4995 2735 5056 quam
2765 4994 2873 5036 non
2905 4980 3041 5034 bene
3098 4991 3158 5032 se
3187 4973 3386 5029 habeat
3416 4970 3558 5026 facta
3610 4975 3800 5030 natura,

2238 5075 2330 5131 sia
2356 5073 2505 5131 bono
2535 5071 2740 5129 factore
2771 5064 3058 5125 recesserit
3083 5062 3241 5141 361
3279 5060 3489 5117 Eodem
3517 5056 3689 5132 gladio
3706 5072 3803 5128 quo

2237 5170 2469 5245 angelus
2512 5183 2752 5241 nequam
2807 5164 3047 5236 seipsum
3072 5160 3301 5235 peremit
3340 5158 3399 5214 in
3442 5157 3597 5221 caelo,
3632 5155 3802 5213 eodem

2238 5269 2420 5343 gladio
2451 5266 2725 5324 hominem
2754 5263 2810 5319 in
2838 5260 3100 5335 paradiso
3128 5257 3348 5316 occidit.
3370 5256 3493 5312 Non
3509 5253 3647 5311 enim
3671 5269 3726 5309 ex
3742 5267 3801 5308 eo

2239 5373 2451 5422 tantum
2479 5363 2712 5438 angelus
2737 5360 2828 5417 ille
2842 5357 3110 5421 intumuit,
3141 5354 3284 5429 quod
3309 5355 3420 5425 jam
3451 5368 3483 5409 a
3512 5353 3623 5409 Deo
3642 5366 3801 5407 susce-

2241 5471 2420 5540 perat,
2453 5468 2714 5535 quantum
2745 5475 2810 5515 ex
2837 5473 2902 5514 eo
2960 5454 3103 5529 quod
3135 5454 3205 5510 ab
3261 5452 3353 5509 illo
3381 5450 3660 5522 acciperet,
3702 5446 3741 5502 si
3757 5446 3803 5503 ei

2243 5560 2517 5621 humiliter
2545 5558 2709 5615 subdi
2731 5555 3015 5615 voluisset.
3055 5552 3112 5610 Si
3142 5551 3306 5624 igitur
3327 5550 3382 5605 in
3402 5548 3511 5604 illis
3533 5545 3661 5603 locis
3689 5545 3801 5601 bea-

2248 5658 2516 5727 titudinis,
2550 5657 2660 5712 imo
2707 5653 2917 5726 inipsis
2964 5649 3245 5716 creaturis,
3268 5648 3323 5703 in
3366 5646 3561 5720 quibus
3605 5659 3803 5717 praeces.

2247 5764 2393 5814 serat
2422 5754 2658 5828 dignitas
2688 5749 3042 5824 praelationis,
3076 5753 3291 5819 reperta
3337 5750 3421 5800 est
3455 5741 3680 5814 pravitas
3703 5740 3800 5796 ela-

2248 5851 2430 5919 tionis,
2463 5850 2596 5924 quid
2624 5849 2693 5906 de
2721 5847 2881 5904 nobis
2906 5844 3148 5902 futurum
3196 5850 3360 5908 esset,
3385 5839 3472 5897 vel
3527 5838 3649 5911 quid
3669 5835 3803 5894 nobis

2249 5955 2476 6009 restaret
2501 5946 2798 6021 agendum,
2831 5944 2881 6003 si
2902 5943 2956 6002 in
2985 5942 3090 6000 hoc
3108 5938 3311 5999 saeculo
3337 5935 3586 6015 proximo
3619 5933 3800 6004 inferis,
