  <div class='ocr_page' id='page_1' title='image "/cluster/home/n/w/nwhite01/storage/ocr_20150623/156-157/uc1.31175010662024/770.png"; bbox 0 0 3910 6474; ppageno 0'>
   <div class='ocr_carea' id='block_1_1' title="bbox 132 450 234 524">
    <p class='ocr_par' dir='ltr' id='par_1_1' title="bbox 132 450 234 524">
     <span class='ocr_line' id='line_1_1' title="bbox 132 450 234 524; baseline -0.02 -1"><span class='ocrx_word' id='word_1_1' title='bbox 132 450 234 524; x_wconf 66' lang='lat'><strong>237</strong></span> 
     </span>
    </p>
   </div>
   <div class='ocr_carea' id='block_1_2' title="bbox 1577 444 1974 519">
    <p class='ocr_par' dir='ltr' id='par_1_2' title="bbox 1577 444 1974 519">
     <span class='ocr_line' id='line_1_2' title="bbox 1577 444 1974 519; baseline -0.005 -1"><span class='ocrx_word' id='word_1_2' title='bbox 1577 444 1974 519; x_wconf 72' lang='lat' dir='ltr'><strong>SERMONES.</strong></span> 
     </span>
    </p>
   </div>
   <div class='ocr_carea' id='block_1_3' title="bbox 3315 453 3426 522">
    <p class='ocr_par' dir='ltr' id='par_1_3' title="bbox 3315 453 3426 522">
     <span class='ocr_line' id='line_1_3' title="bbox 3315 453 3426 522; baseline -0.027 0"><span class='ocrx_word' id='word_1_3' title='bbox 3315 453 3426 522; x_wconf 47' lang='lat'><strong>2‘38</strong></span> 
     </span>
    </p>
   </div>
   <div class='ocr_carea' id='block_1_4' title="bbox 131 582 3424 659">
    <p class='ocr_par' dir='ltr' id='par_1_4' title="bbox 131 582 3424 659">
     <span class='ocr_line' id='line_1_4' title="bbox 131 582 3424 659; baseline -0.001 -14"><span class='ocrx_word' id='word_1_4' title='bbox 131 597 182 645; x_wconf 90' lang='lat' dir='ltr'><strong>et</strong></span> <span class='ocrx_word' id='word_1_5' title='bbox 209 587 385 646; x_wconf 90' lang='lat' dir='ltr'><strong>vicino</strong></span> <span class='ocrx_word' id='word_1_6' title='bbox 403 587 659 659; x_wconf 74' lang='lat' dir='ltr'><strong>peccatis,</strong></span> <span class='ocrx_word' id='word_1_7' title='bbox 692 599 965 658; x_wconf 85' lang='lat' dir='ltr'><strong>nunquam</strong></span> <span class='ocrx_word' id='word_1_8' title='bbox 995 593 1176 652; x_wconf 84' lang='lat' dir='ltr'><strong>senes,</strong></span> <span class='ocrx_word' id='word_1_9' title='bbox 1202 585 1299 641; x_wconf 90' lang='lat' dir='ltr'><strong>sed</strong></span> <span class='ocrx_word' id='word_1_10' title='bbox 1321 601 1540 658; x_wconf 79' lang='lat' dir='ltr'><strong>semper</strong></span> <span class='ocrx_word' id='word_1_11' title='bbox 1579 586 1716 652; x_wconf 90' lang='lat' dir='ltr'><strong>sani,</strong></span> <span class='ocrx_word' id='word_1_12' title='bbox 1743 587 1799 647; x_wconf 84' lang='lat' dir='ltr'><strong>A</strong></span> <span class='ocrx_word' id='word_1_13' title='bbox 1829 585 1882 639; x_wconf 93' lang='lat' dir='ltr'><strong>in</strong></span> <span class='ocrx_word' id='word_1_14' title='bbox 1913 583 2066 639; x_wconf 89' lang='lat' dir='ltr'><strong>illum</strong></span> <span class='ocrx_word' id='word_1_15' title='bbox 2096 583 2320 640; x_wconf 85' lang='lat' dir='ltr'><strong>credere</strong></span> <span class='ocrx_word' id='word_1_16' title='bbox 2346 585 2570 656; x_wconf 77' lang='lat' dir='ltr'><strong>possent</strong></span> <span class='ocrx_word' id='word_1_17' title='bbox 2603 587 2653 640; x_wconf 87' lang='lat' dir='ltr'><strong>et</strong></span> <span class='ocrx_word' id='word_1_18' title='bbox 2702 582 3046 641; x_wconf 87' lang='lat' dir='ltr'><strong>salvarentur</strong></span> <span class='ocrx_word' id='word_1_19' title='bbox 3071 605 3091 653; x_wconf 88' lang='lat'><strong><em>;</em></strong></span> <span class='ocrx_word' id='word_1_20' title='bbox 3141 584 3233 658; x_wconf 98' lang='lat' dir='ltr'><strong>qui</strong></span> <span class='ocrx_word' id='word_1_21' title='bbox 3288 603 3424 643; x_wconf 86' lang='lat' dir='ltr'><strong>vero</strong></span> 
     </span>
    </p>
   </div>
   <div class='ocr_carea' id='block_1_5' title="bbox 132 673 1721 748">
    <p class='ocr_par' dir='ltr' id='par_1_5' title="bbox 132 673 1721 748">
     <span class='ocr_line' id='line_1_5' title="bbox 132 673 1721 748; baseline -0.003 -14"><span class='ocrx_word' id='word_1_22' title='bbox 132 693 342 748; x_wconf 81' lang='lat' dir='ltr'><strong>semper</strong></span> <span class='ocrx_word' id='word_1_23' title='bbox 364 676 599 748; x_wconf 88' lang='lat' dir='ltr'><strong>juvenes</strong></span> <span class='ocrx_word' id='word_1_24' title='bbox 626 685 951 742; x_wconf 89' lang='lat' dir='ltr'><strong>essemus,et</strong></span> <span class='ocrx_word' id='word_1_25' title='bbox 968 675 1302 730; x_wconf 71' lang='lat' dir='ltr'><strong>immortales</strong></span> <span class='ocrx_word' id='word_1_26' title='bbox 1323 673 1501 731; x_wconf 71' lang='lat' dir='ltr'><strong>effecti</strong></span> <span class='ocrx_word' id='word_1_27' title='bbox 1519 675 1721 730; x_wconf 78' lang='lat' dir='ltr'><strong>‘?Certe</strong></span> 
     </span>
    </p>
   </div>
   <div class='ocr_carea' id='block_1_6' title="bbox 132 764 1720 837">
    <p class='ocr_par' dir='ltr' id='par_1_6' title="bbox 132 764 1720 837">
     <span class='ocr_line' id='line_1_6' title="bbox 132 764 1720 837; baseline -0.002 -17"><span class='ocrx_word' id='word_1_28' title='bbox 132 767 336 820; x_wconf 82' lang='lat' dir='ltr'><strong>nullam</strong></span> <span class='ocrx_word' id='word_1_29' title='bbox 365 767 524 820; x_wconf 90' lang='lat' dir='ltr'><strong>aliam</strong></span> <span class='ocrx_word' id='word_1_30' title='bbox 559 781 926 837; x_wconf 66' lang='lat' dir='ltr'><strong>qurereremus</strong></span> <span class='ocrx_word' id='word_1_31' title='bbox 953 764 1364 832; x_wconf 72' lang='lat' dir='ltr'><strong>beatitudinem,</strong></span> <span class='ocrx_word' id='word_1_32' title='bbox 1398 779 1500 820; x_wconf 90' lang='lat' dir='ltr'><strong>nec</strong></span> <span class='ocrx_word' id='word_1_33' title='bbox 1542 764 1720 835; x_wconf 90' lang='lat' dir='ltr'><strong>ipsum</strong></span> 
     </span>
    </p>
   </div>
   <div class='ocr_carea' id='block_1_7' title="bbox 131 852 1722 925">
    <p class='ocr_par' dir='ltr' id='par_1_7' title="bbox 131 852 1722 925">
     <span class='ocr_line' id='line_1_7' title="bbox 131 852 1722 925; baseline -0.003 -15"><span class='ocrx_word' id='word_1_34' title='bbox 131 856 288 910; x_wconf 88' lang='lat' dir='ltr'><strong>etiam</strong></span> <span class='ocrx_word' id='word_1_35' title='bbox 316 870 745 925; x_wconf 88' lang='lat' dir='ltr'><strong>agnosceremus</strong></span> <span class='ocrx_word' id='word_1_36' title='bbox 776 854 1111 919; x_wconf 75' lang='lat' dir='ltr'><strong>Creatorem,</strong></span> <span class='ocrx_word' id='word_1_37' title='bbox 1145 852 1242 907; x_wconf 91' lang='lat' dir='ltr'><strong>sed</strong></span> <span class='ocrx_word' id='word_1_38' title='bbox 1273 852 1394 907; x_wconf 90' lang='lat' dir='ltr'><strong>elati</strong></span> <span class='ocrx_word' id='word_1_39' title='bbox 1427 869 1646 923; x_wconf 89' lang='lat' dir='ltr'><strong>semper</strong></span> <span class='ocrx_word' id='word_1_40' title='bbox 1669 860 1722 906; x_wconf 90' lang='lat' dir='ltr'><strong>et</strong></span> 
     </span>
    </p>
   </div>
   <div class='ocr_carea' id='block_1_8' title="bbox 131 940 1722 1016">
    <p class='ocr_par' dir='ltr' id='par_1_8' title="bbox 131 940 1722 1016">
     <span class='ocr_line' id='line_1_8' title="bbox 131 940 1722 1016; baseline -0.003 -18"><span class='ocrx_word' id='word_1_41' title='bbox 131 944 369 1016; x_wconf 86' lang='lat' dir='ltr'><strong>superbi,</strong></span> <span class='ocrx_word' id='word_1_42' title='bbox 404 952 453 998; x_wconf 91' lang='lat' dir='ltr'><strong>et</strong></span> <span class='ocrx_word' id='word_1_43' title='bbox 489 943 755 998; x_wconf 81' lang='lat' dir='ltr'><strong>Creatoris</strong></span> <span class='ocrx_word' id='word_1_44' title='bbox 778 941 988 1012; x_wconf 61' lang='lat' dir='ltr'><strong>gratias,</strong></span> <span class='ocrx_word' id='word_1_45' title='bbox 1022 949 1075 996; x_wconf 89' lang='lat' dir='ltr'><strong>et</strong></span> <span class='ocrx_word' id='word_1_46' title='bbox 1103 941 1484 1012; x_wconf 84' lang='lat' dir='ltr'><strong>Redemptoris</strong></span> <span class='ocrx_word' id='word_1_47' title='bbox 1504 940 1722 995; x_wconf 90' lang='lat' dir='ltr'><strong>miseri-</strong></span> 
     </span>
    </p>
   </div>
   <div class='ocr_carea' id='block_1_9' title="bbox 132 1028 1722 1102">
    <p class='ocr_par' dir='ltr' id='par_1_9' title="bbox 132 1028 1722 1102">
     <span class='ocr_line' id='line_1_9' title="bbox 132 1028 1722 1102; baseline -0.003 -13"><span class='ocrx_word' id='word_1_48' title='bbox 132 1031 327 1089; x_wconf 69' lang='lat' dir='ltr'><strong>cordia:</strong></span> <span class='ocrx_word' id='word_1_49' title='bbox 365 1047 611 1086; x_wconf 88' lang='lat' dir='ltr'><strong>essemus</strong></span> <span class='ocrx_word' id='word_1_50' title='bbox 642 1030 864 1102; x_wconf 85' lang='lat' dir='ltr'><strong>ingrati.</strong></span> <span class='ocrx_word' id='word_1_51' title='bbox 896 1030 1034 1084; x_wconf 91' lang='lat' dir='ltr'><strong>Nam</strong></span> <span class='ocrx_word' id='word_1_52' title='bbox 1048 1028 1176 1085; x_wconf 89' lang='lat' dir='ltr'><strong>licet</strong></span> <span class='ocrx_word' id='word_1_53' title='bbox 1207 1045 1366 1100; x_wconf 58' lang='lat' dir='ltr'><strong>poena</strong></span> <span class='ocrx_word' id='word_1_54' title='bbox 1388 1029 1600 1100; x_wconf 82' lang='lat' dir='ltr'><strong>peccati</strong></span> <span class='ocrx_word' id='word_1_55' title='bbox 1621 1044 1722 1084; x_wconf 88' lang='lat' dir='ltr'><strong>nos</strong></span> 
     </span>
    </p>
   </div>
   <div class='ocr_carea' id='block_1_10' title="bbox 131 1117 1720 1192">
    <p class='ocr_par' dir='ltr' id='par_1_10' title="bbox 131 1117 1720 1192">
     <span class='ocr_line' id='line_1_10' title="bbox 131 1117 1720 1192; baseline -0.001 -18"><span class='ocrx_word' id='word_1_56' title='bbox 131 1129 400 1192; x_wconf 87' lang='lat' dir='ltr'><strong>sequatur,</strong></span> <span class='ocrx_word' id='word_1_57' title='bbox 433 1119 506 1174; x_wconf 87' lang='lat' dir='ltr'><strong>ita</strong></span> <span class='ocrx_word' id='word_1_58' title='bbox 536 1119 707 1172; x_wconf 83' lang='lat' dir='ltr'><strong>inflati</strong></span> <span class='ocrx_word' id='word_1_59' title='bbox 740 1134 926 1173; x_wconf 88' lang='lat' dir='ltr'><strong>sumus</strong></span> <span class='ocrx_word' id='word_1_60' title='bbox 955 1125 1007 1173; x_wconf 90' lang='lat' dir='ltr'><strong>ct</strong></span> <span class='ocrx_word' id='word_1_61' title='bbox 1036 1118 1279 1187; x_wconf 84' lang='lat' dir='ltr'><strong>superbi,</strong></span> <span class='ocrx_word' id='word_1_62' title='bbox 1332 1117 1478 1188; x_wconf 84' lang='lat' dir='ltr'><strong>quod</strong></span> <span class='ocrx_word' id='word_1_63' title='bbox 1521 1133 1720 1188; x_wconf 90' lang='lat' dir='ltr'><strong>super-</strong></span> 
     </span>
    </p>
   </div>
   <div class='ocr_carea' id='block_1_11' title="bbox 133 1205 1722 1277">
    <p class='ocr_par' dir='ltr' id='par_1_11' title="bbox 133 1205 1722 1277">
     <span class='ocr_line' id='line_1_11' title="bbox 133 1205 1722 1277; baseline -0.003 -14"><span class='ocrx_word' id='word_1_64' title='bbox 133 1209 216 1263; x_wconf 87' lang='lat' dir='ltr'><strong>hia</strong></span> <span class='ocrx_word' id='word_1_65' title='bbox 245 1216 424 1264; x_wconf 87' lang='lat' dir='ltr'><strong>nostra</strong></span> <span class='ocrx_word' id='word_1_66' title='bbox 457 1215 687 1261; x_wconf 89' lang='lat' dir='ltr'><strong>mortem</strong></span> <span class='ocrx_word' id='word_1_67' title='bbox 722 1208 916 1262; x_wconf 68' lang='lat' dir='ltr'><strong>animae</strong></span> <span class='ocrx_word' id='word_1_68' title='bbox 947 1216 1148 1260; x_wconf 82' lang='lat' dir='ltr'><strong>nostrae</strong></span> <span class='ocrx_word' id='word_1_69' title='bbox 1178 1205 1442 1277; x_wconf 90' lang='lat' dir='ltr'><strong>quotidie,</strong></span> <span class='ocrx_word' id='word_1_70' title='bbox 1475 1206 1586 1259; x_wconf 91' lang='lat' dir='ltr'><strong>imo</strong></span> <span class='ocrx_word' id='word_1_71' title='bbox 1629 1221 1722 1260; x_wconf 90' lang='lat' dir='ltr'><strong>as-</strong></span> 
     </span>
    </p>
   </div>
   <div class='ocr_carea' id='block_1_12' title="bbox 134 1294 1721 1368">
    <p class='ocr_par' dir='ltr' id='par_1_12' title="bbox 134 1294 1721 1368">
     <span class='ocr_line' id='line_1_12' title="bbox 134 1294 1721 1368; baseline -0.003 -16"><span class='ocrx_word' id='word_1_72' title='bbox 134 1297 289 1352; x_wconf 89' lang='lat' dir='ltr'><strong>sidue</strong></span> <span class='ocrx_word' id='word_1_73' title='bbox 318 1303 604 1368; x_wconf 88' lang='lat' dir='ltr'><strong>Operatur.</strong></span> <span class='ocrx_word' id='word_1_74' title='bbox 643 1294 840 1351; x_wconf 87' lang='lat' dir='ltr'><strong>Divina</strong></span> <span class='ocrx_word' id='word_1_75' title='bbox 871 1302 1051 1350; x_wconf 89' lang='lat' dir='ltr'><strong>tamen</strong></span> <span class='ocrx_word' id='word_1_76' title='bbox 1083 1294 1355 1350; x_wconf 88' lang='lat' dir='ltr'><strong>miseratio</strong></span> <span class='ocrx_word' id='word_1_77' title='bbox 1376 1294 1580 1350; x_wconf 91' lang='lat' dir='ltr'><strong>idcirco</strong></span> <span class='ocrx_word' id='word_1_78' title='bbox 1621 1311 1721 1349; x_wconf 89' lang='lat' dir='ltr'><strong>nos</strong></span> 
     </span>
    </p>
   </div>
   <div class='ocr_carea' id='block_1_13' title="bbox 128 1391 1722 1466">
    <p class='ocr_par' dir='ltr' id='par_1_13' title="bbox 128 1391 1722 1466">
     <span class='ocr_line' id='line_1_13' title="bbox 128 1391 1722 1466; baseline -0.001 -17"><span class='ocrx_word' id='word_1_79' title='bbox 128 1411 283 1466; x_wconf 90' lang='lat' dir='ltr'><strong>poena</strong></span> <span class='ocrx_word' id='word_1_80' title='bbox 312 1393 524 1464; x_wconf 85' lang='lat' dir='ltr'><strong>peccati</strong></span> <span class='ocrx_word' id='word_1_81' title='bbox 552 1391 819 1464; x_wconf 82' lang='lat' dir='ltr'><strong>flagellari</strong></span> <span class='ocrx_word' id='word_1_82' title='bbox 845 1392 1020 1447; x_wconf 85' lang='lat' dir='ltr'><strong>voluit</strong></span> <span class='ocrx_word' id='word_1_83' title='bbox 1051 1399 1103 1447; x_wconf 92' lang='lat' dir='ltr'><strong>et</strong></span> <span class='ocrx_word' id='word_1_84' title='bbox 1132 1391 1408 1463; x_wconf 84' lang='lat' dir='ltr'><strong>castigari,</strong></span> <span class='ocrx_word' id='word_1_85' title='bbox 1441 1399 1497 1445; x_wconf 89' lang='lat' dir='ltr'><strong>ut</strong></span> <span class='ocrx_word' id='word_1_86' title='bbox 1528 1391 1614 1447; x_wconf 89' lang='lat' dir='ltr'><strong>vel</strong></span> <span class='ocrx_word' id='word_1_87' title='bbox 1643 1393 1722 1448; x_wconf 91' lang='lat' dir='ltr'><strong>sic</strong></span> 
     </span>
    </p>
   </div>
   <div class='ocr_carea' id='block_1_14' title="bbox 126 1479 1716 1555">
    <p class='ocr_par' dir='ltr' id='par_1_14' title="bbox 126 1479 1716 1555">
     <span class='ocr_line' id='line_1_14' title="bbox 126 1479 1716 1555; baseline -0.001 -17"><span class='ocrx_word' id='word_1_88' title='bbox 126 1498 484 1555; x_wconf 82' lang='lat' dir='ltr'><strong>agnoscamus</strong></span> <span class='ocrx_word' id='word_1_89' title='bbox 515 1481 704 1554; x_wconf 89' lang='lat' dir='ltr'><strong>quales</strong></span> <span class='ocrx_word' id='word_1_90' title='bbox 736 1497 835 1552; x_wconf 91' lang='lat' dir='ltr'><strong>per</strong></span> <span class='ocrx_word' id='word_1_91' title='bbox 859 1497 978 1547; x_wconf 92' lang='lat' dir='ltr'><strong>nos,</strong></span> <span class='ocrx_word' id='word_1_92' title='bbox 1015 1489 1066 1536; x_wconf 89' lang='lat' dir='ltr'><strong>et</strong></span> <span class='ocrx_word' id='word_1_93' title='bbox 1090 1481 1281 1552; x_wconf 88' lang='lat' dir='ltr'><strong>quales</strong></span> <span class='ocrx_word' id='word_1_94' title='bbox 1322 1496 1355 1535; x_wconf 90' lang='lat' dir='ltr'><strong>a</strong></span> <span class='ocrx_word' id='word_1_95' title='bbox 1414 1481 1528 1535; x_wconf 91' lang='lat' dir='ltr'><strong>Deo</strong></span> <span class='ocrx_word' id='word_1_96' title='bbox 1587 1479 1716 1536; x_wconf 87' lang='lat' dir='ltr'><strong>facti</strong></span> 
     </span>
    </p>
   </div>
   <div class='ocr_carea' id='block_1_15' title="bbox 129 1568 1719 1641">
    <p class='ocr_par' dir='ltr' id='par_1_15' title="bbox 129 1568 1719 1641">
     <span class='ocr_line' id='line_1_15' title="bbox 129 1568 1719 1641; baseline -0.001 -15"><span class='ocrx_word' id='word_1_97' title='bbox 129 1589 334 1640; x_wconf 89' lang='lat' dir='ltr'><strong>sumus,</strong></span> <span class='ocrx_word' id='word_1_98' title='bbox 370 1580 422 1626; x_wconf 88' lang='lat' dir='ltr'><strong>et</strong></span> <span class='ocrx_word' id='word_1_99' title='bbox 449 1571 748 1626; x_wconf 90' lang='lat' dir='ltr'><strong>habeamus</strong></span> <span class='ocrx_word' id='word_1_100' title='bbox 777 1569 924 1636; x_wconf 90' lang='lat' dir='ltr'><strong>odio,</strong></span> <span class='ocrx_word' id='word_1_101' title='bbox 972 1570 1158 1641; x_wconf 88' lang='lat' dir='ltr'><strong>quales</strong></span> <span class='ocrx_word' id='word_1_102' title='bbox 1206 1585 1306 1624; x_wconf 91' lang='lat' dir='ltr'><strong>nos</strong></span> <span class='ocrx_word' id='word_1_103' title='bbox 1357 1568 1608 1637; x_wconf 83' lang='lat' dir='ltr'><strong>fecimus,</strong></span> <span class='ocrx_word' id='word_1_104' title='bbox 1669 1579 1719 1624; x_wconf 93' lang='lat' dir='ltr'><strong>et</strong></span> 
     </span>
    </p>
   </div>
   <div class='ocr_carea' id='block_1_16' title="bbox 125 1657 1719 1731">
    <p class='ocr_par' dir='ltr' id='par_1_16' title="bbox 125 1657 1719 1731">
     <span class='ocr_line' id='line_1_16' title="bbox 125 1657 1719 1731; baseline -0.001 -17"><span class='ocrx_word' id='word_1_105' title='bbox 125 1662 299 1731; x_wconf 91' lang='lat' dir='ltr'><strong>ipsum</strong></span> <span class='ocrx_word' id='word_1_106' title='bbox 333 1669 458 1715; x_wconf 87' lang='lat' dir='ltr'><strong>ante</strong></span> <span class='ocrx_word' id='word_1_107' title='bbox 493 1659 680 1713; x_wconf 89' lang='lat' dir='ltr'><strong>omnia</strong></span> <span class='ocrx_word' id='word_1_108' title='bbox 711 1666 762 1714; x_wconf 91' lang='lat' dir='ltr'><strong>et</strong></span> <span class='ocrx_word' id='word_1_109' title='bbox 793 1673 958 1728; x_wconf 89' lang='lat' dir='ltr'><strong>super</strong></span> <span class='ocrx_word' id='word_1_110' title='bbox 987 1657 1166 1713; x_wconf 89' lang='lat' dir='ltr'><strong>omnia</strong></span> <span class='ocrx_word' id='word_1_111' title='bbox 1198 1657 1513 1729; x_wconf 83' lang='lat' dir='ltr'><strong>diligamus,</strong></span> <span class='ocrx_word' id='word_1_112' title='bbox 1545 1664 1596 1712; x_wconf 92' lang='lat' dir='ltr'><strong>et</strong></span> <span class='ocrx_word' id='word_1_113' title='bbox 1619 1673 1719 1712; x_wconf 91' lang='lat' dir='ltr'><strong>nos</strong></span> 
     </span>
    </p>
   </div>
   <div class='ocr_carea' id='block_1_17' title="bbox 127 1746 1717 1821">
    <p class='ocr_par' dir='ltr' id='par_1_17' title="bbox 127 1746 1717 1821">
     <span class='ocr_line' id='line_1_17' title="bbox 127 1746 1717 1821; baseline -0.003 -18"><span class='ocrx_word' id='word_1_114' title='bbox 127 1749 311 1821; x_wconf 87' lang='lat' dir='ltr'><strong>quales</strong></span> <span class='ocrx_word' id='word_1_115' title='bbox 345 1747 488 1815; x_wconf 89' lang='lat' dir='ltr'><strong>fecit,</strong></span> <span class='ocrx_word' id='word_1_116' title='bbox 521 1757 572 1802; x_wconf 91' lang='lat' dir='ltr'><strong>et</strong></span> <span class='ocrx_word' id='word_1_117' title='bbox 599 1747 648 1802; x_wconf 90' lang='lat' dir='ltr'><strong>ei</strong></span> <span class='ocrx_word' id='word_1_118' title='bbox 679 1747 888 1819; x_wconf 80' lang='lat' dir='ltr'><strong>gratias</strong></span> <span class='ocrx_word' id='word_1_119' title='bbox 918 1761 1171 1819; x_wconf 87' lang='lat' dir='ltr'><strong>agamus,</strong></span> <span class='ocrx_word' id='word_1_120' title='bbox 1204 1746 1296 1817; x_wconf 89' lang='lat' dir='ltr'><strong>qui</strong></span> <span class='ocrx_word' id='word_1_121' title='bbox 1331 1747 1544 1816; x_wconf 85' lang='lat' dir='ltr'><strong>peccati</strong></span> <span class='ocrx_word' id='word_1_122' title='bbox 1593 1762 1717 1816; x_wconf 65' lang='lat' dir='ltr'><strong>pas-</strong></span> 
     </span>
    </p>
   </div>
   <div class='ocr_carea' id='block_1_18' title="bbox 127 1833 1716 1908">
    <p class='ocr_par' dir='ltr' id='par_1_18' title="bbox 127 1833 1716 1908">
     <span class='ocr_line' id='line_1_18' title="bbox 127 1833 1716 1908; baseline -0.002 -16"><span class='ocrx_word' id='word_1_123' title='bbox 127 1853 268 1901; x_wconf 90' lang='lat' dir='ltr'><strong>nam,</strong></span> <span class='ocrx_word' id='word_1_124' title='bbox 298 1844 646 1908; x_wconf 91' lang='lat' dir='ltr'><strong>peccatorum</strong></span> <span class='ocrx_word' id='word_1_125' title='bbox 670 1835 827 1891; x_wconf 86' lang='lat' dir='ltr'><strong>nobis</strong></span> <span class='ocrx_word' id='word_1_126' title='bbox 869 1835 1088 1890; x_wconf 88' lang='lat' dir='ltr'><strong>exhibet</strong></span> <span class='ocrx_word' id='word_1_127' title='bbox 1137 1833 1491 1890; x_wconf 90' lang='lat' dir='ltr'><strong>medicinam.</strong></span> <span class='ocrx_word' id='word_1_128' title='bbox 1558 1833 1716 1902; x_wconf 88' lang='lat' dir='ltr'><strong>Quod</strong></span> 
     </span>
    </p>
   </div>
   <div class='ocr_carea' id='block_1_19' title="bbox 128 1932 1796 2005">
    <p class='ocr_par' dir='ltr' id='par_1_19' title="bbox 128 1932 1796 2005">
     <span class='ocr_line' id='line_1_19' title="bbox 128 1932 1796 2005; baseline -0.004 -17"><span class='ocrx_word' id='word_1_129' title='bbox 128 1934 213 1988; x_wconf 90' lang='lat' dir='ltr'><strong>die</strong></span> <span class='ocrx_word' id='word_1_130' title='bbox 244 1935 401 1989; x_wconf 90' lang='lat' dir='ltr'><strong>tertia</strong></span> <span class='ocrx_word' id='word_1_131' title='bbox 431 1949 795 2005; x_wconf 87' lang='lat' dir='ltr'><strong>resurgamus,</strong></span> <span class='ocrx_word' id='word_1_132' title='bbox 829 1932 1026 1988; x_wconf 86' lang='lat' dir='ltr'><strong>asserit</strong></span> <span class='ocrx_word' id='word_1_133' title='bbox 1057 1933 1321 2002; x_wconf 90' lang='lat' dir='ltr'><strong>propheta</strong></span> <span class='ocrx_word' id='word_1_134' title='bbox 1350 1932 1448 1986; x_wconf 86' lang='lat' dir='ltr'><strong>Dei</strong></span> <span class='ocrx_word' id='word_1_135' title='bbox 1477 1932 1665 1988; x_wconf 90' lang='lat' dir='ltr'><strong>dicens</strong></span> <span class='ocrx_word' id='word_1_136' title='bbox 1699 1946 1711 1982; x_wconf 92' lang='lat'>:</span> <span class='ocrx_word' id='word_1_137' title='bbox 1743 1943 1796 2003; x_wconf 79' lang='grc' dir='ltr'>Β</span> 
     </span>
    </p>
   </div>
   <div class='ocr_carea' id='block_1_20' title="bbox 139 2021 1721 2092">
    <p class='ocr_par' dir='ltr' id='par_1_20' title="bbox 139 2021 1721 2092">
     <span class='ocr_line' id='line_1_20' title="bbox 139 2021 1721 2092; baseline -0.001 -13"><span class='ocrx_word' id='word_1_138' title='bbox 139 2023 444 2092; x_wconf 82' lang='lat' dir='ltr'><strong>Viviﬁcabit</strong></span> <span class='ocrx_word' id='word_1_139' title='bbox 460 2038 562 2078; x_wconf 76' lang='lat' dir='ltr'><strong>nos</strong></span> <span class='ocrx_word' id='word_1_140' title='bbox 575 2022 852 2078; x_wconf 79' lang='lat' dir='ltr'><strong>Dominus</strong></span> <span class='ocrx_word' id='word_1_141' title='bbox 867 2025 992 2092; x_wconf 77' lang='lat' dir='ltr'><strong>post</strong></span> <span class='ocrx_word' id='word_1_142' title='bbox 1010 2021 1146 2076; x_wconf 72' lang='lat' dir='ltr'><strong>duo:</strong></span> <span class='ocrx_word' id='word_1_143' title='bbox 1166 2023 1301 2087; x_wconf 74' lang='lat' dir='ltr'><strong>dies,</strong></span> <span class='ocrx_word' id='word_1_144' title='bbox 1323 2023 1453 2075; x_wconf 85' lang='lat' dir='ltr'><strong>etin</strong></span> <span class='ocrx_word' id='word_1_145' title='bbox 1486 2021 1573 2076; x_wconf 85' lang='lat' dir='ltr'><strong>die</strong></span> <span class='ocrx_word' id='word_1_146' title='bbox 1600 2026 1721 2077; x_wconf 81' lang='lat' dir='ltr'><strong>ter—</strong></span> 
     </span>
    </p>
   </div>
   <div class='ocr_carea' id='block_1_21' title="bbox 135 2108 1724 2180">
    <p class='ocr_par' dir='ltr' id='par_1_21' title="bbox 135 2108 1724 2180">
     <span class='ocr_line' id='line_1_21' title="bbox 135 2108 1724 2180; baseline -0.001 -14"><span class='ocrx_word' id='word_1_147' title='bbox 135 2114 213 2167; x_wconf 82' lang='lat' dir='ltr'><strong>tia</strong></span> <span class='ocrx_word' id='word_1_148' title='bbox 240 2113 542 2167; x_wconf 78' lang='lat' dir='ltr'><strong>suscitabit</strong></span> <span class='ocrx_word' id='word_1_149' title='bbox 558 2127 658 2168; x_wconf 78' lang='lat' dir='ltr'><strong>nos</strong></span> <span class='ocrx_word' id='word_1_150' title='bbox 682 2110 834 2180; x_wconf 71' lang='lat' dir='ltr'><strong>(Ore.</strong></span> <span class='ocrx_word' id='word_1_151' title='bbox 874 2125 949 2175; x_wconf 91' lang='lat' dir='ltr'><strong>Iv,</strong></span> <span class='ocrx_word' id='word_1_152' title='bbox 982 2111 1064 2172; x_wconf 88' lang='lat'><strong>3).</strong></span> <span class='ocrx_word' id='word_1_153' title='bbox 1105 2110 1231 2165; x_wconf 61' lang='lat' dir='ltr'><strong>Hac</strong></span> <span class='ocrx_word' id='word_1_154' title='bbox 1262 2109 1379 2164; x_wconf 91' lang='lat' dir='ltr'><strong>dies</strong></span> <span class='ocrx_word' id='word_1_155' title='bbox 1409 2108 1588 2179; x_wconf 90' lang='lat' dir='ltr'><strong>prima</strong></span> <span class='ocrx_word' id='word_1_156' title='bbox 1623 2109 1724 2164; x_wconf 90' lang='lat' dir='ltr'><strong>fuit</strong></span> 
     </span>
    </p>
   </div>
   <div class='ocr_carea' id='block_1_22' title="bbox 132 2197 1726 2271">
    <p class='ocr_par' dir='ltr' id='par_1_22' title="bbox 132 2197 1726 2271">
     <span class='ocr_line' id='line_1_22' title="bbox 132 2197 1726 2271; baseline -0.001 -17"><span class='ocrx_word' id='word_1_157' title='bbox 132 2202 196 2254; x_wconf 90' lang='lat' dir='ltr'><strong>ab</strong></span> <span class='ocrx_word' id='word_1_158' title='bbox 224 2201 397 2255; x_wconf 80' lang='lat' dir='ltr'><strong>Adam</strong></span> <span class='ocrx_word' id='word_1_159' title='bbox 428 2215 602 2271; x_wconf 91' lang='lat' dir='ltr'><strong>usque</strong></span> <span class='ocrx_word' id='word_1_160' title='bbox 630 2199 698 2254; x_wconf 91' lang='lat' dir='ltr'><strong>ad</strong></span> <span class='ocrx_word' id='word_1_161' title='bbox 731 2199 874 2254; x_wconf 91' lang='lat' dir='ltr'><strong>Noe.</strong></span> <span class='ocrx_word' id='word_1_162' title='bbox 909 2201 952 2252; x_wconf 86' lang='lat' dir='ltr'><strong>A</strong></span> <span class='ocrx_word' id='word_1_163' title='bbox 982 2199 1100 2253; x_wconf 90' lang='lat' dir='ltr'><strong>Noe</strong></span> <span class='ocrx_word' id='word_1_164' title='bbox 1130 2207 1214 2254; x_wconf 88' lang='lat' dir='ltr'><strong>est</strong></span> <span class='ocrx_word' id='word_1_165' title='bbox 1243 2198 1362 2253; x_wconf 91' lang='lat' dir='ltr'><strong>dies</strong></span> <span class='ocrx_word' id='word_1_166' title='bbox 1381 2197 1624 2253; x_wconf 90' lang='lat' dir='ltr'><strong>secunda</strong></span> <span class='ocrx_word' id='word_1_167' title='bbox 1647 2215 1726 2253; x_wconf 89' lang='lat' dir='ltr'><strong>us-</strong></span> 
     </span>
    </p>
   </div>
   <div class='ocr_carea' id='block_1_23' title="bbox 134 2285 1727 2361">
    <p class='ocr_par' dir='ltr' id='par_1_23' title="bbox 134 2285 1727 2361">
     <span class='ocr_line' id='line_1_23' title="bbox 134 2285 1727 2361; baseline -0.002 -18"><span class='ocrx_word' id='word_1_168' title='bbox 134 2304 238 2360; x_wconf 89' lang='lat' dir='ltr'><strong>que</strong></span> <span class='ocrx_word' id='word_1_169' title='bbox 267 2289 337 2344; x_wconf 87' lang='lat' dir='ltr'><strong>ad</strong></span> <span class='ocrx_word' id='word_1_170' title='bbox 367 2287 532 2344; x_wconf 86' lang='lat' dir='ltr'><strong>ﬁnem</strong></span> <span class='ocrx_word' id='word_1_171' title='bbox 561 2286 772 2343; x_wconf 70' lang='lat' dir='ltr'><strong>saeculi.</strong></span> <span class='ocrx_word' id='word_1_172' title='bbox 810 2286 992 2342; x_wconf 89' lang='lat' dir='ltr'><strong>Tertia</strong></span> <span class='ocrx_word' id='word_1_173' title='bbox 1023 2285 1192 2361; x_wconf 84' lang='lat'><strong>363</strong></span> <span class='ocrx_word' id='word_1_174' title='bbox 1223 2286 1340 2342; x_wconf 87' lang='lat' dir='ltr'><strong>dies</strong></span> <span class='ocrx_word' id='word_1_175' title='bbox 1369 2286 1470 2342; x_wconf 91' lang='lat' dir='ltr'><strong>erit</strong></span> <span class='ocrx_word' id='word_1_176' title='bbox 1527 2302 1727 2344; x_wconf 86' lang='lat' dir='ltr'><strong>secun-</strong></span> 
     </span>
    </p>
   </div>
   <div class='ocr_carea' id='block_1_24' title="bbox 134 2383 1730 2456">
    <p class='ocr_par' dir='ltr' id='par_1_24' title="bbox 134 2383 1730 2456">
     <span class='ocr_line' id='line_1_24' title="bbox 134 2383 1730 2456; baseline 0.001 -17"><span class='ocrx_word' id='word_1_177' title='bbox 134 2387 232 2440; x_wconf 86' lang='lat' dir='ltr'><strong>dus</strong></span> <span class='ocrx_word' id='word_1_178' title='bbox 263 2386 531 2442; x_wconf 86' lang='lat' dir='ltr'><strong>adventus</strong></span> <span class='ocrx_word' id='word_1_179' title='bbox 558 2383 784 2440; x_wconf 89' lang='lat' dir='ltr'><strong>Christi.</strong></span> <span class='ocrx_word' id='word_1_180' title='bbox 821 2384 882 2438; x_wconf 90' lang='lat' dir='ltr'><strong>In</strong></span> <span class='ocrx_word' id='word_1_181' title='bbox 912 2383 1000 2438; x_wconf 92' lang='lat' dir='ltr'><strong>illa</strong></span> <span class='ocrx_word' id='word_1_182' title='bbox 1031 2388 1196 2439; x_wconf 90' lang='lat' dir='ltr'><strong>tertia</strong></span> <span class='ocrx_word' id='word_1_183' title='bbox 1223 2385 1312 2440; x_wconf 91' lang='lat' dir='ltr'><strong>die</strong></span> <span class='ocrx_word' id='word_1_184' title='bbox 1340 2385 1730 2456; x_wconf 88' lang='lat' dir='ltr'><strong>omnipotentia</strong></span> 
     </span>
    </p>
   </div>
   <div class='ocr_carea' id='block_1_25' title="bbox 134 2472 1726 2544">
    <p class='ocr_par' dir='ltr' id='par_1_25' title="bbox 134 2472 1726 2544">
     <span class='ocr_line' id='line_1_25' title="bbox 134 2472 1726 2544; baseline 0 -16"><span class='ocrx_word' id='word_1_185' title='bbox 134 2473 428 2530; x_wconf 88' lang='lat' dir='ltr'><strong>divinitatis</strong></span> <span class='ocrx_word' id='word_1_186' title='bbox 457 2489 569 2528; x_wconf 76' lang='lat' dir='ltr'><strong>sua:</strong></span> <span class='ocrx_word' id='word_1_187' title='bbox 623 2487 851 2544; x_wconf 90' lang='lat' dir='ltr'><strong>corpora</strong></span> <span class='ocrx_word' id='word_1_188' title='bbox 881 2479 1072 2528; x_wconf 86' lang='lat' dir='ltr'><strong>nostra</strong></span> <span class='ocrx_word' id='word_1_189' title='bbox 1119 2472 1368 2528; x_wconf 86' lang='lat' dir='ltr'><strong>Christus</strong></span> <span class='ocrx_word' id='word_1_190' title='bbox 1423 2474 1726 2543; x_wconf 89' lang='lat' dir='ltr'><strong>suscitabit,</strong></span> 
     </span>
    </p>
   </div>
   <div class='ocr_carea' id='block_1_26' title="bbox 137 2560 1732 2634">
    <p class='ocr_par' dir='ltr' id='par_1_26' title="bbox 137 2560 1732 2634">
     <span class='ocr_line' id='line_1_26' title="bbox 137 2560 1732 2634; baseline -0.001 -17"><span class='ocrx_word' id='word_1_191' title='bbox 137 2562 229 2634; x_wconf 93' lang='lat' dir='ltr'><strong>qui</strong></span> <span class='ocrx_word' id='word_1_192' title='bbox 258 2562 456 2618; x_wconf 89' lang='lat' dir='ltr'><strong>mortis</strong></span> <span class='ocrx_word' id='word_1_193' title='bbox 488 2577 602 2616; x_wconf 63' lang='lat' dir='ltr'><strong>suae</strong></span> <span class='ocrx_word' id='word_1_194' title='bbox 629 2560 698 2616; x_wconf 92' lang='lat' dir='ltr'><strong>de</strong></span> <span class='ocrx_word' id='word_1_195' title='bbox 729 2561 889 2615; x_wconf 90' lang='lat' dir='ltr'><strong>tertia</strong></span> <span class='ocrx_word' id='word_1_196' title='bbox 921 2561 1166 2630; x_wconf 87' lang='lat' dir='ltr'><strong>seipsum</strong></span> <span class='ocrx_word' id='word_1_197' title='bbox 1217 2562 1524 2617; x_wconf 86' lang='lat' dir='ltr'><strong>suscitavit.</strong></span> <span class='ocrx_word' id='word_1_198' title='bbox 1573 2561 1732 2630; x_wconf 87' lang='lat' dir='ltr'><strong>Quod</strong></span> 
     </span>
    </p>
   </div>
   <div class='ocr_carea' id='block_1_27' title="bbox 137 2657 1733 2735">
    <p class='ocr_par' dir='ltr' id='par_1_27' title="bbox 137 2657 1733 2735">
     <span class='ocr_line' id='line_1_27' title="bbox 137 2657 1733 2735; baseline 0.001 -17"><span class='ocrx_word' id='word_1_199' title='bbox 137 2657 270 2720; x_wconf 83' lang='lat' dir='ltr'><strong>dicit</strong></span> <span class='ocrx_word' id='word_1_200' title='bbox 298 2663 572 2735; x_wconf 86' lang='lat' dir='ltr'><strong>propheta</strong></span> <span class='ocrx_word' id='word_1_201' title='bbox 606 2680 619 2727; x_wconf 90' lang='lat'><strong>;</strong></span> <span class='ocrx_word' id='word_1_202' title='bbox 652 2662 956 2731; x_wconf 82' lang='lat' dir='ltr'><strong>Viviﬁcabit</strong></span> <span class='ocrx_word' id='word_1_203' title='bbox 979 2677 1081 2718; x_wconf 81' lang='lat' dir='ltr'><strong>nos</strong></span> <span class='ocrx_word' id='word_1_204' title='bbox 1111 2664 1390 2734; x_wconf 78' lang='lat' dir='ltr'><strong>postduos</strong></span> <span class='ocrx_word' id='word_1_205' title='bbox 1407 2663 1545 2731; x_wconf 80' lang='lat' dir='ltr'><strong>dies,</strong></span> <span class='ocrx_word' id='word_1_206' title='bbox 1581 2665 1733 2721; x_wconf 88' lang='lat' dir='ltr'><strong>scili-</strong></span> 
     </span>
    </p>
   </div>
   <div class='ocr_carea' id='block_1_28' title="bbox 139 2749 1734 2821">
    <p class='ocr_par' dir='ltr' id='par_1_28' title="bbox 139 2749 1734 2821">
     <span class='ocr_line' id='line_1_28' title="bbox 139 2749 1734 2821; baseline 0.001 -14"><span class='ocrx_word' id='word_1_207' title='bbox 139 2761 225 2808; x_wconf 88' lang='lat' dir='ltr'><strong>cet</strong></span> <span class='ocrx_word' id='word_1_208' title='bbox 254 2752 342 2806; x_wconf 91' lang='lat' dir='ltr'><strong>die</strong></span> <span class='ocrx_word' id='word_1_209' title='bbox 374 2750 553 2817; x_wconf 91' lang='lat' dir='ltr'><strong>tertia,</strong></span> <span class='ocrx_word' id='word_1_210' title='bbox 585 2758 638 2805; x_wconf 86' lang='lat' dir='ltr'><strong>et</strong></span> <span class='ocrx_word' id='word_1_211' title='bbox 666 2749 788 2821; x_wconf 86' lang='lat' dir='ltr'><strong>ipsa</strong></span> <span class='ocrx_word' id='word_1_212' title='bbox 819 2750 1014 2805; x_wconf 89' lang='lat' dir='ltr'><strong>eadem</strong></span> <span class='ocrx_word' id='word_1_213' title='bbox 1044 2751 1133 2806; x_wconf 92' lang='lat' dir='ltr'><strong>die</strong></span> <span class='ocrx_word' id='word_1_214' title='bbox 1161 2768 1264 2806; x_wconf 81' lang='lat' dir='ltr'><strong>nos</strong></span> <span class='ocrx_word' id='word_1_215' title='bbox 1291 2754 1604 2820; x_wconf 73' lang='lat' dir='ltr'><strong>suscitabit,</strong></span> <span class='ocrx_word' id='word_1_216' title='bbox 1637 2769 1734 2808; x_wconf 88' lang='lat' dir='ltr'><strong>or-</strong></span> 
     </span>
    </p>
   </div>
   <div class='ocr_carea' id='block_1_29' title="bbox 139 2838 1742 2913">
    <p class='ocr_par' dir='ltr' id='par_1_29' title="bbox 139 2838 1742 2913">
     <span class='ocr_line' id='line_1_29' title="bbox 139 2838 1742 2913; baseline 0.002 -18"><span class='ocrx_word' id='word_1_217' title='bbox 139 2841 321 2897; x_wconf 89' lang='lat' dir='ltr'><strong>dinem</strong></span> <span class='ocrx_word' id='word_1_218' title='bbox 349 2849 554 2896; x_wconf 85' lang='lat' dir='ltr'><strong>nostrae</strong></span> <span class='ocrx_word' id='word_1_219' title='bbox 585 2838 1007 2894; x_wconf 85' lang='lat' dir='ltr'><strong>resurrectionis</strong></span> <span class='ocrx_word' id='word_1_220' title='bbox 1039 2840 1299 2894; x_wconf 88' lang='lat' dir='ltr'><strong>ostendit.</strong></span> <span class='ocrx_word' id='word_1_221' title='bbox 1325 2839 1409 2896; x_wconf 89' lang='lat' dir='ltr'><strong>Eo</strong></span> <span class='ocrx_word' id='word_1_222' title='bbox 1439 2841 1625 2913; x_wconf 90' lang='lat' dir='ltr'><strong>utique</strong></span> <span class='ocrx_word' id='word_1_223' title='bbox 1650 2859 1742 2899; x_wconf 90' lang='lat' dir='ltr'><strong>or-</strong></span> 
     </span>
    </p>
   </div>
   <div class='ocr_carea' id='block_1_30' title="bbox 141 2925 1738 3005">
    <p class='ocr_par' dir='ltr' id='par_1_30' title="bbox 141 2925 1738 3005">
     <span class='ocr_line' id='line_1_30' title="bbox 141 2925 1738 3005; baseline 0.003 -20"><span class='ocrx_word' id='word_1_224' title='bbox 141 2929 265 2985; x_wconf 92' lang='lat' dir='ltr'><strong>dine</strong></span> <span class='ocrx_word' id='word_1_225' title='bbox 293 2943 650 3000; x_wconf 85' lang='lat' dir='ltr'><strong>resurgemus</strong></span> <span class='ocrx_word' id='word_1_226' title='bbox 679 2941 787 2998; x_wconf 92' lang='lat' dir='ltr'><strong>quo</strong></span> <span class='ocrx_word' id='word_1_227' title='bbox 839 2925 1084 2982; x_wconf 88' lang='lat' dir='ltr'><strong>Christus</strong></span> <span class='ocrx_word' id='word_1_228' title='bbox 1134 2930 1452 2995; x_wconf 87' lang='lat' dir='ltr'><strong>resurrexit,</strong></span> <span class='ocrx_word' id='word_1_229' title='bbox 1510 2941 1738 3005; x_wconf 85' lang='lat' dir='ltr'><strong>excepto</strong></span> 
     </span>
    </p>
   </div>
   <div class='ocr_carea' id='block_1_31' title="bbox 142 3015 1738 3089">
    <p class='ocr_par' dir='ltr' id='par_1_31' title="bbox 142 3015 1738 3089">
     <span class='ocr_line' id='line_1_31' title="bbox 142 3015 1738 3089; baseline 0.001 -17"><span class='ocrx_word' id='word_1_230' title='bbox 142 3018 286 3089; x_wconf 90' lang='lat' dir='ltr'><strong>quod</strong></span> <span class='ocrx_word' id='word_1_231' title='bbox 314 3033 422 3072; x_wconf 89' lang='lat' dir='ltr'><strong>non</strong></span> <span class='ocrx_word' id='word_1_232' title='bbox 455 3015 834 3070; x_wconf 89' lang='lat' dir='ltr'><strong>suscitabimus</strong></span> <span class='ocrx_word' id='word_1_233' title='bbox 865 3031 984 3080; x_wconf 90' lang='lat' dir='ltr'><strong>nos,</strong></span> <span class='ocrx_word' id='word_1_234' title='bbox 1018 3024 1072 3069; x_wconf 93' lang='lat' dir='ltr'><strong>ut</strong></span> <span class='ocrx_word' id='word_1_235' title='bbox 1104 3015 1222 3086; x_wconf 91' lang='lat' dir='ltr'><strong>ipse</strong></span> <span class='ocrx_word' id='word_1_236' title='bbox 1254 3017 1500 3088; x_wconf 89' lang='lat' dir='ltr'><strong>seipsum</strong></span> <span class='ocrx_word' id='word_1_237' title='bbox 1553 3023 1738 3078; x_wconf 87' lang='lat' dir='ltr'><strong>susci-</strong></span> 
     </span>
    </p>
   </div>
   <div class='ocr_carea' id='block_1_32' title="bbox 139 3111 1738 3190">
    <p class='ocr_par' dir='ltr' id='par_1_32' title="bbox 139 3111 1738 3190">
     <span class='ocr_line' id='line_1_32' title="bbox 139 3111 1738 3190; baseline 0.003 -20"><span class='ocrx_word' id='word_1_238' title='bbox 139 3115 293 3171; x_wconf 88' lang='lat' dir='ltr'><strong>tavit.</strong></span> <span class='ocrx_word' id='word_1_239' title='bbox 325 3115 442 3170; x_wconf 89' lang='lat' dir='ltr'><strong>Sed</strong></span> <span class='ocrx_word' id='word_1_240' title='bbox 471 3113 609 3168; x_wconf 90' lang='lat' dir='ltr'><strong>sicut</strong></span> <span class='ocrx_word' id='word_1_241' title='bbox 636 3111 818 3167; x_wconf 89' lang='lat' dir='ltr'><strong>anima</strong></span> <span class='ocrx_word' id='word_1_242' title='bbox 847 3112 1064 3180; x_wconf 76' lang='lat' dir='ltr'><strong>Christi,</strong></span> <span class='ocrx_word' id='word_1_243' title='bbox 1097 3113 1356 3169; x_wconf 90' lang='lat' dir='ltr'><strong>semelab</strong></span> <span class='ocrx_word' id='word_1_244' title='bbox 1375 3131 1439 3171; x_wconf 91' lang='lat' dir='ltr'><strong>eo</strong></span> <span class='ocrx_word' id='word_1_245' title='bbox 1459 3126 1738 3190; x_wconf 88' lang='lat' dir='ltr'><strong>suscepta,</strong></span> 
     </span>
    </p>
   </div>
   <div class='ocr_carea' id='block_1_33' title="bbox 139 3201 1742 3273">
    <p class='ocr_par' dir='ltr' id='par_1_33' title="bbox 139 3201 1742 3273">
     <span class='ocr_line' id='line_1_33' title="bbox 139 3201 1742 3273; baseline 0.002 -15"><span class='ocrx_word' id='word_1_246' title='bbox 139 3219 242 3260; x_wconf 91' lang='lat' dir='ltr'><strong>nec</strong></span> <span class='ocrx_word' id='word_1_247' title='bbox 270 3203 532 3273; x_wconf 90' lang='lat' dir='ltr'><strong>deinceps</strong></span> <span class='ocrx_word' id='word_1_248' title='bbox 560 3209 812 3272; x_wconf 89' lang='lat' dir='ltr'><strong>separata</strong></span> <span class='ocrx_word' id='word_1_249' title='bbox 842 3201 915 3256; x_wconf 91' lang='lat' dir='ltr'><strong>ab</strong></span> <span class='ocrx_word' id='word_1_250' title='bbox 945 3201 1084 3272; x_wconf 89' lang='lat' dir='ltr'><strong>ipso,</strong></span> <span class='ocrx_word' id='word_1_251' title='bbox 1116 3201 1205 3257; x_wconf 90' lang='lat' dir='ltr'><strong>die</strong></span> <span class='ocrx_word' id='word_1_252' title='bbox 1265 3203 1421 3258; x_wconf 91' lang='lat' dir='ltr'><strong>tertia</strong></span> <span class='ocrx_word' id='word_1_253' title='bbox 1463 3206 1626 3262; x_wconf 89' lang='lat' dir='ltr'><strong>rediit</strong></span> <span class='ocrx_word' id='word_1_254' title='bbox 1671 3207 1742 3262; x_wconf 91' lang='lat' dir='ltr'><strong>ad</strong></span> 
     </span>
    </p>
   </div>
   <div class='ocr_carea' id='block_1_34' title="bbox 141 3289 1820 3364">
    <p class='ocr_par' dir='ltr' id='par_1_34' title="bbox 141 3289 1820 3364">
     <span class='ocr_line' id='line_1_34' title="bbox 141 3289 1820 3364; baseline 0.002 -17"><span class='ocrx_word' id='word_1_255' title='bbox 141 3293 475 3364; x_wconf 88' lang='lat' dir='ltr'><strong>sepulcrum,</strong></span> <span class='ocrx_word' id='word_1_256' title='bbox 509 3298 564 3346; x_wconf 93' lang='lat' dir='ltr'><strong>et</strong></span> <span class='ocrx_word' id='word_1_257' title='bbox 590 3289 663 3344; x_wconf 91' lang='lat' dir='ltr'><strong>ibi</strong></span> <span class='ocrx_word' id='word_1_258' title='bbox 693 3305 894 3362; x_wconf 91' lang='lat' dir='ltr'><strong>corpus</strong></span> <span class='ocrx_word' id='word_1_259' title='bbox 924 3305 1084 3344; x_wconf 92' lang='lat' dir='ltr'><strong>suum</strong></span> <span class='ocrx_word' id='word_1_260' title='bbox 1113 3289 1429 3360; x_wconf 83' lang='lat' dir='ltr'><strong>vivificavit,</strong></span> <span class='ocrx_word' id='word_1_261' title='bbox 1462 3303 1515 3349; x_wconf 92' lang='lat' dir='ltr'><strong>et</strong></span> <span class='ocrx_word' id='word_1_262' title='bbox 1545 3295 1622 3349; x_wconf 90' lang='lat' dir='ltr'><strong>ita</strong></span> <span class='ocrx_word' id='word_1_263' title='bbox 1666 3296 1734 3350; x_wconf 91' lang='lat' dir='ltr'><strong>de</strong></span> <span class='ocrx_word' id='word_1_264' title='bbox 1771 3292 1820 3359; x_wconf 89' lang='lat' dir='ltr'><strong>C</strong></span> 
     </span>
    </p>
   </div>
   <div class='ocr_carea' id='block_1_35' title="bbox 144 3387 1739 3462">
    <p class='ocr_par' dir='ltr' id='par_1_35' title="bbox 144 3387 1739 3462">
     <span class='ocr_line' id='line_1_35' title="bbox 144 3387 1739 3462; baseline 0.001 -16"><span class='ocrx_word' id='word_1_265' title='bbox 144 3390 399 3462; x_wconf 87' lang='lat' dir='ltr'><strong>sepulcro</strong></span> <span class='ocrx_word' id='word_1_266' title='bbox 429 3388 678 3444; x_wconf 92' lang='lat' dir='ltr'><strong>Christus</strong></span> <span class='ocrx_word' id='word_1_267' title='bbox 707 3387 987 3444; x_wconf 89' lang='lat' dir='ltr'><strong>suscitavit</strong></span> <span class='ocrx_word' id='word_1_268' title='bbox 1010 3388 1272 3460; x_wconf 90' lang='lat' dir='ltr'><strong>seipsum,</strong></span> <span class='ocrx_word' id='word_1_269' title='bbox 1323 3389 1398 3444; x_wconf 91' lang='lat' dir='ltr'><strong>ita</strong></span> <span class='ocrx_word' id='word_1_270' title='bbox 1445 3399 1500 3447; x_wconf 90' lang='lat' dir='ltr'><strong>et</strong></span> <span class='ocrx_word' id='word_1_271' title='bbox 1542 3393 1739 3448; x_wconf 80' lang='lat' dir='ltr'><strong>animae</strong></span> 
     </span>
    </p>
   </div>
   <div class='ocr_carea' id='block_1_36' title="bbox 143 3477 1741 3550">
    <p class='ocr_par' dir='ltr' id='par_1_36' title="bbox 143 3477 1741 3550">
     <span class='ocr_line' id='line_1_36' title="bbox 143 3477 1741 3550; baseline 0.001 -15"><span class='ocrx_word' id='word_1_272' title='bbox 143 3488 344 3536; x_wconf 59' lang='lat' dir='ltr'><strong>nostra}</strong></span> <span class='ocrx_word' id='word_1_273' title='bbox 373 3478 463 3534; x_wconf 91' lang='lat' dir='ltr'><strong>die</strong></span> <span class='ocrx_word' id='word_1_274' title='bbox 491 3479 674 3545; x_wconf 87' lang='lat' dir='ltr'><strong>tertia,</strong></span> <span class='ocrx_word' id='word_1_275' title='bbox 707 3477 823 3532; x_wconf 86' lang='lat' dir='ltr'><strong>Deo</strong></span> <span class='ocrx_word' id='word_1_276' title='bbox 851 3477 1220 3549; x_wconf 80' lang='lat' dir='ltr'><strong>praecipiente,</strong></span> <span class='ocrx_word' id='word_1_277' title='bbox 1255 3480 1580 3550; x_wconf 84' lang='lat' dir='ltr'><strong>corporibus</strong></span> <span class='ocrx_word' id='word_1_278' title='bbox 1627 3482 1741 3538; x_wconf 87' lang='lat' dir='ltr'><strong>suis</strong></span> 
     </span>
    </p>
   </div>
   <div class='ocr_carea' id='block_1_37' title="bbox 145 3573 1742 3646">
    <p class='ocr_par' dir='ltr' id='par_1_37' title="bbox 145 3573 1742 3646">
     <span class='ocr_line' id='line_1_37' title="bbox 145 3573 1742 3646; baseline 0.002 -14"><span class='ocrx_word' id='word_1_279' title='bbox 145 3577 497 3634; x_wconf 84' lang='lat' dir='ltr'><strong>sociabuntur</strong></span> <span class='ocrx_word' id='word_1_280' title='bbox 521 3576 578 3630; x_wconf 92' lang='lat' dir='ltr'><strong>in</strong></span> <span class='ocrx_word' id='word_1_281' title='bbox 607 3573 902 3646; x_wconf 83' lang='lat' dir='ltr'><strong>sepulcris,</strong></span> <span class='ocrx_word' id='word_1_282' title='bbox 933 3584 986 3630; x_wconf 92' lang='lat' dir='ltr'><strong>et</strong></span> <span class='ocrx_word' id='word_1_283' title='bbox 1012 3578 1088 3629; x_wconf 88' lang='lat' dir='ltr'><strong>ita</strong></span> <span class='ocrx_word' id='word_1_284' title='bbox 1116 3573 1404 3644; x_wconf 83' lang='lat' dir='ltr'><strong>vivificata,</strong></span> <span class='ocrx_word' id='word_1_285' title='bbox 1456 3578 1637 3634; x_wconf 89' lang='lat' dir='ltr'><strong>statim</strong></span> <span class='ocrx_word' id='word_1_286' title='bbox 1673 3580 1742 3635; x_wconf 91' lang='lat' dir='ltr'><strong>de</strong></span> 
     </span>
    </p>
   </div>
   <div class='ocr_carea' id='block_1_38' title="bbox 147 3663 1739 3738">
    <p class='ocr_par' dir='ltr' id='par_1_38' title="bbox 147 3663 1739 3738">
     <span class='ocr_line' id='line_1_38' title="bbox 147 3663 1739 3738; baseline 0.001 -17"><span class='ocrx_word' id='word_1_287' title='bbox 147 3665 416 3738; x_wconf 88' lang='lat' dir='ltr'><strong>sepulcris</strong></span> <span class='ocrx_word' id='word_1_288' title='bbox 441 3663 862 3720; x_wconf 89' lang='lat' dir='ltr'><strong>suscitabuntur.</strong></span> <span class='ocrx_word' id='word_1_289' title='bbox 899 3664 1051 3718; x_wconf 89' lang='lat' dir='ltr'><strong>Prius</strong></span> <span class='ocrx_word' id='word_1_290' title='bbox 1071 3663 1214 3719; x_wconf 90' lang='lat' dir='ltr'><strong>enim</strong></span> <span class='ocrx_word' id='word_1_291' title='bbox 1245 3679 1277 3719; x_wconf 92' lang='lat' dir='ltr'><strong>a</strong></span> <span class='ocrx_word' id='word_1_292' title='bbox 1308 3665 1422 3722; x_wconf 93' lang='lat' dir='ltr'><strong>Deo</strong></span> <span class='ocrx_word' id='word_1_293' title='bbox 1449 3666 1739 3731; x_wconf 78' lang='lat' dir='ltr'><strong>vivificata,</strong></span> 
     </span>
    </p>
   </div>
   <div class='ocr_carea' id='block_1_39' title="bbox 148 3765 1733 3835">
    <p class='ocr_par' dir='ltr' id='par_1_39' title="bbox 148 3765 1733 3835">
     <span class='ocr_line' id='line_1_39' title="bbox 148 3765 1733 3835; baseline 0.001 -14"><span class='ocrx_word' id='word_1_294' title='bbox 148 3766 204 3821; x_wconf 88' lang='lat' dir='ltr'><strong>id</strong></span> <span class='ocrx_word' id='word_1_295' title='bbox 233 3773 335 3832; x_wconf 89' lang='lat' dir='ltr'><strong>est,</strong></span> <span class='ocrx_word' id='word_1_296' title='bbox 368 3765 606 3820; x_wconf 89' lang='lat' dir='ltr'><strong>animata</strong></span> <span class='ocrx_word' id='word_1_297' title='bbox 654 3769 816 3817; x_wconf 89' lang='lat' dir='ltr'><strong>erunt</strong></span> <span class='ocrx_word' id='word_1_298' title='bbox 857 3777 1111 3833; x_wconf 91' lang='lat' dir='ltr'><strong>corpora,</strong></span> <span class='ocrx_word' id='word_1_299' title='bbox 1164 3780 1323 3835; x_wconf 90' lang='lat' dir='ltr'><strong>quam</strong></span> <span class='ocrx_word' id='word_1_300' title='bbox 1380 3766 1733 3823; x_wconf 90' lang='lat' dir='ltr'><strong>suscitentur.</strong></span> 
     </span>
    </p>
   </div>
   <div class='ocr_carea' id='block_1_40' title="bbox 149 3851 1743 3924">
    <p class='ocr_par' dir='ltr' id='par_1_40' title="bbox 149 3851 1743 3924">
     <span class='ocr_line' id='line_1_40' title="bbox 149 3851 1743 3924; baseline 0.003 -15"><span class='ocrx_word' id='word_1_301' title='bbox 149 3853 329 3924; x_wconf 84' lang='lat' dir='ltr'><strong>Quod,</strong></span> <span class='ocrx_word' id='word_1_302' title='bbox 362 3854 601 3924; x_wconf 91' lang='lat' dir='ltr'><strong>inquam,</strong></span> <span class='ocrx_word' id='word_1_303' title='bbox 643 3851 894 3906; x_wconf 90' lang='lat' dir='ltr'><strong>triduano</strong></span> <span class='ocrx_word' id='word_1_304' title='bbox 924 3859 1141 3908; x_wconf 88' lang='lat' dir='ltr'><strong>mortuo</strong></span> <span class='ocrx_word' id='word_1_305' title='bbox 1169 3869 1200 3906; x_wconf 87' lang='lat' dir='ltr'><strong>a</strong></span> <span class='ocrx_word' id='word_1_306' title='bbox 1232 3854 1468 3910; x_wconf 82' lang='lat' dir='ltr'><strong>Domino</strong></span> <span class='ocrx_word' id='word_1_307' title='bbox 1484 3856 1743 3914; x_wconf 91' lang='lat' dir='ltr'><strong>suscitato</strong></span> 
     </span>
    </p>
   </div>
   <div class='ocr_carea' id='block_1_41' title="bbox 145 3940 1740 4018">
    <p class='ocr_par' dir='ltr' id='par_1_41' title="bbox 145 3940 1740 4018">
     <span class='ocr_line' id='line_1_41' title="bbox 145 3940 1740 4018; baseline 0.001 -18"><span class='ocrx_word' id='word_1_308' title='bbox 145 3952 340 4016; x_wconf 86' lang='lat' dir='ltr'><strong>aperte</strong></span> <span class='ocrx_word' id='word_1_309' title='bbox 372 3950 730 4006; x_wconf 80' lang='lat' dir='ltr'><strong>monstratur,</strong></span> <span class='ocrx_word' id='word_1_310' title='bbox 764 3940 855 4011; x_wconf 91' lang='lat' dir='ltr'><strong>qui</strong></span> <span class='ocrx_word' id='word_1_311' title='bbox 903 3947 1028 3996; x_wconf 89' lang='lat' dir='ltr'><strong>ante</strong></span> <span class='ocrx_word' id='word_1_312' title='bbox 1085 3949 1329 3996; x_wconf 90' lang='lat' dir='ltr'><strong>mortuus</strong></span> <span class='ocrx_word' id='word_1_313' title='bbox 1385 3952 1518 4011; x_wconf 89' lang='lat' dir='ltr'><strong>erat,</strong></span> <span class='ocrx_word' id='word_1_314' title='bbox 1579 3962 1740 4018; x_wconf 88' lang='lat' dir='ltr'><strong>quam</strong></span> 
     </span>
    </p>
   </div>
   <div class='ocr_carea' id='block_1_42' title="bbox 143 4028 1742 4089">
    <p class='ocr_par' dir='ltr' id='par_1_42' title="bbox 143 4028 1742 4089">
     <span class='ocr_line' id='line_1_42' title="bbox 143 4028 1742 4089; baseline 0.002 -3"><span class='ocrx_word' id='word_1_315' title='bbox 143 4031 273 4089; x_wconf 88' lang='lat' dir='ltr'><strong>illuc</strong></span> <span class='ocrx_word' id='word_1_316' title='bbox 303 4031 574 4088; x_wconf 89' lang='lat' dir='ltr'><strong>Dominus</strong></span> <span class='ocrx_word' id='word_1_317' title='bbox 603 4029 814 4084; x_wconf 87' lang='lat' dir='ltr'><strong>veniret</strong></span> <span class='ocrx_word' id='word_1_318' title='bbox 839 4037 894 4083; x_wconf 91' lang='lat' dir='ltr'><strong>et</strong></span> <span class='ocrx_word' id='word_1_319' title='bbox 921 4028 1072 4082; x_wconf 91' lang='lat' dir='ltr'><strong>illum</strong></span> <span class='ocrx_word' id='word_1_320' title='bbox 1129 4038 1354 4086; x_wconf 90' lang='lat' dir='ltr'><strong>vocaret</strong></span> <span class='ocrx_word' id='word_1_321' title='bbox 1409 4031 1480 4087; x_wconf 92' lang='lat' dir='ltr'><strong>de</strong></span> <span class='ocrx_word' id='word_1_322' title='bbox 1541 4050 1742 4089; x_wconf 87' lang='lat' dir='ltr'><strong>monu-</strong></span> 
     </span>
    </p>
   </div>
   <div class='ocr_carea' id='block_1_43' title="bbox 145 4115 1741 4190">
    <p class='ocr_par' dir='ltr' id='par_1_43' title="bbox 145 4115 1741 4190">
     <span class='ocr_line' id='line_1_43' title="bbox 145 4115 1741 4190; baseline 0.001 -14"><span class='ocrx_word' id='word_1_323' title='bbox 145 4127 350 4190; x_wconf 90' lang='lat' dir='ltr'><strong>mento,</strong></span> <span class='ocrx_word' id='word_1_324' title='bbox 383 4118 481 4175; x_wconf 92' lang='lat' dir='ltr'><strong>sed</strong></span> <span class='ocrx_word' id='word_1_325' title='bbox 510 4132 633 4172; x_wconf 90' lang='lat' dir='ltr'><strong>mox</strong></span> <span class='ocrx_word' id='word_1_326' title='bbox 666 4123 722 4171; x_wconf 92' lang='lat' dir='ltr'><strong>ut</strong></span> <span class='ocrx_word' id='word_1_327' title='bbox 750 4115 901 4171; x_wconf 88' lang='lat' dir='ltr'><strong>illum</strong></span> <span class='ocrx_word' id='word_1_328' title='bbox 930 4117 1160 4183; x_wconf 88' lang='lat' dir='ltr'><strong>vocavit,</strong></span> <span class='ocrx_word' id='word_1_329' title='bbox 1195 4119 1291 4190; x_wconf 90' lang='lat' dir='ltr'><strong>qui</strong></span> <span class='ocrx_word' id='word_1_330' title='bbox 1320 4127 1566 4177; x_wconf 89' lang='lat' dir='ltr'><strong>mortuus</strong></span> <span class='ocrx_word' id='word_1_331' title='bbox 1616 4121 1741 4179; x_wconf 90' lang='lat' dir='ltr'><strong>fue-</strong></span> 
     </span>
    </p>
   </div>
   <div class='ocr_carea' id='block_1_44' title="bbox 144 4214 1748 4289">
    <p class='ocr_par' dir='ltr' id='par_1_44' title="bbox 144 4214 1748 4289">
     <span class='ocr_line' id='line_1_44' title="bbox 144 4214 1748 4289; baseline 0.001 -13"><span class='ocrx_word' id='word_1_332' title='bbox 144 4223 247 4286; x_wconf 85' lang='lat' dir='ltr'><strong>rat,</strong></span> <span class='ocrx_word' id='word_1_333' title='bbox 281 4219 352 4276; x_wconf 90' lang='lat' dir='ltr'><strong>de</strong></span> <span class='ocrx_word' id='word_1_334' title='bbox 385 4215 640 4289; x_wconf 90' lang='lat' dir='ltr'><strong>sepulcro</strong></span> <span class='ocrx_word' id='word_1_335' title='bbox 668 4214 824 4270; x_wconf 89' lang='lat' dir='ltr'><strong>vivus</strong></span> <span class='ocrx_word' id='word_1_336' title='bbox 853 4215 1038 4270; x_wconf 81' lang='lat' dir='ltr'><strong>exivit.</strong></span> <span class='ocrx_word' id='word_1_337' title='bbox 1071 4215 1193 4271; x_wconf 88' lang='lat' dir='ltr'><strong>Non</strong></span> <span class='ocrx_word' id='word_1_338' title='bbox 1221 4217 1368 4272; x_wconf 90' lang='lat' dir='ltr'><strong>enim</strong></span> <span class='ocrx_word' id='word_1_339' title='bbox 1407 4219 1459 4274; x_wconf 88' lang='lat' dir='ltr'><strong>ei</strong></span> <span class='ocrx_word' id='word_1_340' title='bbox 1490 4219 1621 4276; x_wconf 85' lang='lat' dir='ltr'><strong>dixit</strong></span> <span class='ocrx_word' id='word_1_341' title='bbox 1643 4222 1748 4277; x_wconf 88' lang='lat' dir='ltr'><strong>Do-</strong></span> 
     </span>
    </p>
   </div>
   <div class='ocr_carea' id='block_1_45' title="bbox 145 4303 1741 4381">
    <p class='ocr_par' dir='ltr' id='par_1_45' title="bbox 145 4303 1741 4381">
     <span class='ocr_line' id='line_1_45' title="bbox 145 4303 1741 4381; baseline 0.001 -17"><span class='ocrx_word' id='word_1_342' title='bbox 145 4309 327 4364; x_wconf 85' lang='lat' dir='ltr'><strong>minus</strong></span> <span class='ocrx_word' id='word_1_343' title='bbox 360 4324 373 4363; x_wconf 90' lang='lat'><strong>:</strong></span> <span class='ocrx_word' id='word_1_344' title='bbox 405 4308 634 4373; x_wconf 72' lang='lat' dir='ltr'><strong>Mortua,</strong></span> <span class='ocrx_word' id='word_1_345' title='bbox 667 4303 765 4359; x_wconf 89' lang='lat' dir='ltr'><strong>sed</strong></span> <span class='ocrx_word' id='word_1_346' title='bbox 797 4320 812 4357; x_wconf 88' lang='lat'><strong>:</strong></span> <span class='ocrx_word' id='word_1_347' title='bbox 845 4304 1074 4370; x_wconf 70' lang='lat' dir='ltr'><strong>Lazare,</strong></span> <span class='ocrx_word' id='word_1_348' title='bbox 1100 4306 1228 4361; x_wconf 79' lang='lat' dir='ltr'><strong>veni</strong></span> <span class='ocrx_word' id='word_1_349' title='bbox 1265 4309 1422 4378; x_wconf 77' lang='lat' dir='ltr'><strong>foras</strong></span> <span class='ocrx_word' id='word_1_350' title='bbox 1458 4309 1642 4380; x_wconf 82' lang='lat' dir='ltr'><strong>(Joan.</strong></span> <span class='ocrx_word' id='word_1_351' title='bbox 1663 4326 1741 4381; x_wconf 83' lang='lat' dir='ltr'><strong>xi,</strong></span> 
     </span>
    </p>
   </div>
   <div class='ocr_carea' id='block_1_46' title="bbox 145 4391 1746 4469">
    <p class='ocr_par' dir='ltr' id='par_1_46' title="bbox 145 4391 1746 4469">
     <span class='ocr_line' id='line_1_46' title="bbox 145 4391 1746 4469; baseline 0.001 -16"><span class='ocrx_word' id='word_1_352' title='bbox 145 4398 263 4468; x_wconf 78' lang='grc'><strong>43.)</strong></span> <span class='ocrx_word' id='word_1_353' title='bbox 293 4396 455 4452; x_wconf 87' lang='lat' dir='ltr'><strong>Unde</strong></span> <span class='ocrx_word' id='word_1_354' title='bbox 484 4391 830 4449; x_wconf 85' lang='lat' dir='ltr'><strong>manifestum</strong></span> <span class='ocrx_word' id='word_1_355' title='bbox 861 4400 960 4462; x_wconf 86' lang='lat' dir='ltr'><strong>est,</strong></span> <span class='ocrx_word' id='word_1_356' title='bbox 1000 4394 1144 4465; x_wconf 91' lang='lat' dir='ltr'><strong>quod</strong></span> <span class='ocrx_word' id='word_1_357' title='bbox 1173 4394 1228 4448; x_wconf 91' lang='lat' dir='ltr'><strong>in</strong></span> <span class='ocrx_word' id='word_1_358' title='bbox 1258 4406 1607 4454; x_wconf 90' lang='lat' dir='ltr'><strong>monumento</strong></span> <span class='ocrx_word' id='word_1_359' title='bbox 1630 4400 1746 4469; x_wconf 86' lang='lat' dir='ltr'><strong>jam</strong></span> 
     </span>
    </p>
   </div>
   <div class='ocr_carea' id='block_1_47' title="bbox 145 4481 1744 4555">
    <p class='ocr_par' dir='ltr' id='par_1_47' title="bbox 145 4481 1744 4555">
     <span class='ocr_line' id='line_1_47' title="bbox 145 4481 1744 4555; baseline 0.001 -13"><span class='ocrx_word' id='word_1_360' title='bbox 145 4486 481 4543; x_wconf 88' lang='lat' dir='ltr'><strong>animaverat</strong></span> <span class='ocrx_word' id='word_1_361' title='bbox 508 4498 670 4555; x_wconf 89' lang='lat' dir='ltr'><strong>quem</strong></span> <span class='ocrx_word' id='word_1_362' title='bbox 695 4481 967 4539; x_wconf 86' lang='lat' dir='ltr'><strong>viventem</strong></span> <span class='ocrx_word' id='word_1_363' title='bbox 998 4483 1257 4538; x_wconf 89' lang='lat' dir='ltr'><strong>vocabat.</strong></span> <span class='ocrx_word' id='word_1_364' title='bbox 1299 4485 1418 4541; x_wconf 88' lang='lat' dir='ltr'><strong>Una</strong></span> <span class='ocrx_word' id='word_1_365' title='bbox 1467 4502 1578 4544; x_wconf 86' lang='lat' dir='ltr'><strong>vox</strong></span> <span class='ocrx_word' id='word_1_366' title='bbox 1631 4489 1744 4544; x_wconf 88' lang='lat' dir='ltr'><strong>Do-</strong></span> 
     </span>
    </p>
   </div>
   <div class='ocr_carea' id='block_1_48' title="bbox 146 4579 1744 4654">
    <p class='ocr_par' dir='ltr' id='par_1_48' title="bbox 146 4579 1744 4654">
     <span class='ocr_line' id='line_1_48' title="bbox 146 4579 1744 4654; baseline 0 -13"><span class='ocrx_word' id='word_1_367' title='bbox 146 4585 282 4641; x_wconf 89' lang='lat' dir='ltr'><strong>mini</strong></span> <span class='ocrx_word' id='word_1_368' title='bbox 313 4583 388 4639; x_wconf 90' lang='lat' dir='ltr'><strong>ibi</strong></span> <span class='ocrx_word' id='word_1_369' title='bbox 417 4583 527 4638; x_wconf 90' lang='lat' dir='ltr'><strong>duo</strong></span> <span class='ocrx_word' id='word_1_370' title='bbox 549 4579 811 4636; x_wconf 89' lang='lat' dir='ltr'><strong>miracula</strong></span> <span class='ocrx_word' id='word_1_371' title='bbox 852 4580 1010 4634; x_wconf 87' lang='lat' dir='ltr'><strong>simul</strong></span> <span class='ocrx_word' id='word_1_372' title='bbox 1040 4581 1170 4652; x_wconf 83' lang='lat' dir='ltr'><strong>egit,</strong></span> <span class='ocrx_word' id='word_1_373' title='bbox 1235 4583 1366 4654; x_wconf 90' lang='lat' dir='ltr'><strong>quia</strong></span> <span class='ocrx_word' id='word_1_374' title='bbox 1423 4592 1476 4640; x_wconf 90' lang='lat' dir='ltr'><strong>et</strong></span> <span class='ocrx_word' id='word_1_375' title='bbox 1529 4593 1744 4641; x_wconf 91' lang='lat' dir='ltr'><strong>mortuo</strong></span> 
     </span>
    </p>
   </div>
   <div class='ocr_carea' id='block_1_49' title="bbox 145 4655 1824 4743">
    <p class='ocr_par' dir='ltr' id='par_1_49' title="bbox 145 4655 1824 4743">
     <span class='ocr_line' id='line_1_49' title="bbox 145 4655 1824 4743; baseline -0.001 -14"><span class='ocrx_word' id='word_1_376' title='bbox 145 4675 314 4729; x_wconf 89' lang='lat' dir='ltr'><strong>vitam</strong></span> <span class='ocrx_word' id='word_1_377' title='bbox 344 4669 581 4728; x_wconf 81' lang='lat' dir='ltr'><strong>reddidit</strong></span> <span class='ocrx_word' id='word_1_378' title='bbox 609 4669 664 4724; x_wconf 92' lang='lat' dir='ltr'><strong>in</strong></span> <span class='ocrx_word' id='word_1_379' title='bbox 691 4668 962 4739; x_wconf 90' lang='lat' dir='ltr'><strong>sepulcro,</strong></span> <span class='ocrx_word' id='word_1_380' title='bbox 995 4677 1048 4724; x_wconf 92' lang='lat' dir='ltr'><strong>et</strong></span> <span class='ocrx_word' id='word_1_381' title='bbox 1074 4670 1298 4743; x_wconf 87' lang='lat' dir='ltr'><strong>ligatum</strong></span> <span class='ocrx_word' id='word_1_382' title='bbox 1331 4673 1610 4730; x_wconf 90' lang='lat' dir='ltr'><strong>hominem</strong></span> <span class='ocrx_word' id='word_1_383' title='bbox 1641 4691 1740 4730; x_wconf 86' lang='lat' dir='ltr'><strong>ex-</strong></span> <span class='ocrx_word' id='word_1_384' title='bbox 1771 4655 1824 4716; x_wconf 83' lang='lat' dir='ltr'><strong>D</strong></span> 
     </span>
    </p>
   </div>
   <div class='ocr_carea' id='block_1_50' title="bbox 147 4757 1750 4833">
    <p class='ocr_par' dir='ltr' id='par_1_50' title="bbox 147 4757 1750 4833">
     <span class='ocr_line' id='line_1_50' title="bbox 147 4757 1750 4833; baseline 0 -14"><span class='ocrx_word' id='word_1_385' title='bbox 147 4773 230 4819; x_wconf 91' lang='lat' dir='ltr'><strong>tra</strong></span> <span class='ocrx_word' id='word_1_386' title='bbox 262 4760 575 4833; x_wconf 87' lang='lat' dir='ltr'><strong>sepulcrum</strong></span> <span class='ocrx_word' id='word_1_387' title='bbox 606 4757 878 4829; x_wconf 82' lang='lat' dir='ltr'><strong>produxit.</strong></span> <span class='ocrx_word' id='word_1_388' title='bbox 913 4757 1040 4813; x_wconf 86' lang='lat' dir='ltr'><strong>Post</strong></span> <span class='ocrx_word' id='word_1_389' title='bbox 1089 4762 1551 4818; x_wconf 87' lang='lat' dir='ltr'><strong>resurrectionem</strong></span> <span class='ocrx_word' id='word_1_390' title='bbox 1593 4780 1750 4822; x_wconf 89' lang='lat' dir='ltr'><strong>suam</strong></span> 
     </span>
    </p>
   </div>
   <div class='ocr_carea' id='block_1_51' title="bbox 147 4845 1754 4908">
    <p class='ocr_par' dir='ltr' id='par_1_51' title="bbox 147 4845 1754 4908">
     <span class='ocr_line' id='line_1_51' title="bbox 147 4845 1754 4908; baseline 0.001 -1"><span class='ocrx_word' id='word_1_391' title='bbox 147 4851 424 4908; x_wconf 90' lang='lat' dir='ltr'><strong>Christum</strong></span> <span class='ocrx_word' id='word_1_392' title='bbox 447 4848 619 4903; x_wconf 91' lang='lat' dir='ltr'><strong>Deum</strong></span> <span class='ocrx_word' id='word_1_393' title='bbox 649 4854 702 4902; x_wconf 89' lang='lat' dir='ltr'><strong>et</strong></span> <span class='ocrx_word' id='word_1_394' title='bbox 731 4845 1020 4902; x_wconf 89' lang='lat' dir='ltr'><strong>Dominum</strong></span> <span class='ocrx_word' id='word_1_395' title='bbox 1054 4855 1302 4904; x_wconf 89' lang='lat' dir='ltr'><strong>nostrum</strong></span> <span class='ocrx_word' id='word_1_396' title='bbox 1360 4850 1460 4906; x_wconf 83' lang='lat' dir='ltr'><strong>soli</strong></span> <span class='ocrx_word' id='word_1_397' title='bbox 1515 4851 1648 4908; x_wconf 90' lang='lat' dir='ltr'><strong>boni</strong></span> <span class='ocrx_word' id='word_1_398' title='bbox 1697 4861 1754 4908; x_wconf 88' lang='lat' dir='ltr'><strong>et</strong></span> 
     </span>
    </p>
   </div>
   <div class='ocr_carea' id='block_1_52' title="bbox 146 4944 1750 5022">
    <p class='ocr_par' dir='ltr' id='par_1_52' title="bbox 146 4944 1750 5022">
     <span class='ocr_line' id='line_1_52' title="bbox 146 4944 1750 5022; baseline 0.001 -16"><span class='ocrx_word' id='word_1_399' title='bbox 146 4949 330 5022; x_wconf 89' lang='lat' dir='ltr'><strong>pauci,</strong></span> <span class='ocrx_word' id='word_1_400' title='bbox 363 4954 420 5004; x_wconf 92' lang='lat' dir='ltr'><strong>et</strong></span> <span class='ocrx_word' id='word_1_401' title='bbox 442 4945 658 5002; x_wconf 89' lang='lat' dir='ltr'><strong>modico</strong></span> <span class='ocrx_word' id='word_1_402' title='bbox 683 4951 928 5016; x_wconf 91' lang='lat' dir='ltr'><strong>tempore</strong></span> <span class='ocrx_word' id='word_1_403' title='bbox 957 4944 1228 5002; x_wconf 87' lang='lat' dir='ltr'><strong>viderunt.</strong></span> <span class='ocrx_word' id='word_1_404' title='bbox 1259 4946 1372 5004; x_wconf 91' lang='lat' dir='ltr'><strong>Soli</strong></span> <span class='ocrx_word' id='word_1_405' title='bbox 1403 4949 1588 5004; x_wconf 90' lang='lat' dir='ltr'><strong>etenin</strong></span> <span class='ocrx_word' id='word_1_406' title='bbox 1622 4951 1750 5007; x_wconf 89' lang='lat' dir='ltr'><strong>boni</strong></span> 
     </span>
    </p>
   </div>
   <div class='ocr_carea' id='block_1_53' title="bbox 154 5033 1757 5115">
    <p class='ocr_par' dir='ltr' id='par_1_53' title="bbox 154 5033 1757 5115">
     <span class='ocr_line' id='line_1_53' title="bbox 154 5033 1757 5115; baseline 0.002 -23"><span class='ocrx_word' id='word_1_407' title='bbox 154 5037 326 5115; x_wconf 71' lang='lat'><strong>364</strong></span> <span class='ocrx_word' id='word_1_408' title='bbox 362 5036 556 5094; x_wconf 82' lang='lat' dir='ltr'><strong>futurae</strong></span> <span class='ocrx_word' id='word_1_409' title='bbox 600 5033 1019 5090; x_wconf 91' lang='lat' dir='ltr'><strong>resurrectionis</strong></span> <span class='ocrx_word' id='word_1_410' title='bbox 1067 5034 1301 5108; x_wconf 83' lang='lat' dir='ltr'><strong>gloriam</strong></span> <span class='ocrx_word' id='word_1_411' title='bbox 1341 5037 1639 5107; x_wconf 81' lang='lat' dir='ltr'><strong>habebunt,</strong></span> <span class='ocrx_word' id='word_1_412' title='bbox 1701 5047 1757 5096; x_wconf 88' lang='lat' dir='ltr'><strong>et</strong></span> 
     </span>
    </p>
   </div>
   <div class='ocr_carea' id='block_1_54' title="bbox 152 5133 1750 5210">
    <p class='ocr_par' dir='ltr' id='par_1_54' title="bbox 152 5133 1750 5210">
     <span class='ocr_line' id='line_1_54' title="bbox 152 5133 1750 5210; baseline 0.001 -17"><span class='ocrx_word' id='word_1_413' title='bbox 152 5137 465 5193; x_wconf 88' lang='lat' dir='ltr'><strong>Creatorem</strong></span> <span class='ocrx_word' id='word_1_414' title='bbox 496 5151 652 5190; x_wconf 89' lang='lat' dir='ltr'><strong>suum</strong></span> <span class='ocrx_word' id='word_1_415' title='bbox 699 5149 764 5190; x_wconf 89' lang='lat' dir='ltr'><strong>ac</strong></span> <span class='ocrx_word' id='word_1_416' title='bbox 806 5133 1246 5205; x_wconf 85' lang='lat' dir='ltr'><strong>Redemptorem,</strong></span> <span class='ocrx_word' id='word_1_417' title='bbox 1298 5136 1460 5206; x_wconf 86' lang='lat' dir='ltr'><strong>cujus</strong></span> <span class='ocrx_word' id='word_1_418' title='bbox 1501 5154 1750 5210; x_wconf 84' lang='lat' dir='ltr'><strong>praesen-</strong></span> 
     </span>
    </p>
   </div>
   <div class='ocr_carea' id='block_1_55' title="bbox 154 5233 1754 5309">
    <p class='ocr_par' dir='ltr' id='par_1_55' title="bbox 154 5233 1754 5309">
     <span class='ocr_line' id='line_1_55' title="bbox 154 5233 1754 5309; baseline 0.002 -19"><span class='ocrx_word' id='word_1_419' title='bbox 154 5235 284 5292; x_wconf 86' lang='lat' dir='ltr'><strong>tiam</strong></span> <span class='ocrx_word' id='word_1_420' title='bbox 315 5233 564 5306; x_wconf 83' lang='lat' dir='ltr'><strong>corporis</strong></span> <span class='ocrx_word' id='word_1_421' title='bbox 595 5241 718 5306; x_wconf 89' lang='lat' dir='ltr'><strong>post</strong></span> <span class='ocrx_word' id='word_1_422' title='bbox 745 5233 1206 5291; x_wconf 86' lang='lat' dir='ltr'><strong>resurrectionem</strong></span> <span class='ocrx_word' id='word_1_423' title='bbox 1244 5235 1462 5292; x_wconf 92' lang='lat' dir='ltr'><strong>modico</strong></span> <span class='ocrx_word' id='word_1_424' title='bbox 1509 5243 1754 5309; x_wconf 90' lang='lat' dir='ltr'><strong>tempore</strong></span> 
     </span>
    </p>
   </div>
   <div class='ocr_carea' id='block_1_56' title="bbox 155 5322 1755 5396">
    <p class='ocr_par' dir='ltr' id='par_1_56' title="bbox 155 5322 1755 5396">
     <span class='ocr_line' id='line_1_56' title="bbox 155 5322 1755 5396; baseline 0.001 -15"><span class='ocrx_word' id='word_1_425' title='bbox 155 5325 489 5390; x_wconf 88' lang='lat' dir='ltr'><strong>habuerunt,</strong></span> <span class='ocrx_word' id='word_1_426' title='bbox 525 5323 642 5379; x_wconf 87' lang='lat' dir='ltr'><strong>sine</strong></span> <span class='ocrx_word' id='word_1_427' title='bbox 672 5322 778 5378; x_wconf 78' lang='lat' dir='ltr'><strong>fine</strong></span> <span class='ocrx_word' id='word_1_428' title='bbox 813 5322 1097 5378; x_wconf 90' lang='lat' dir='ltr'><strong>videbunt.</strong></span> <span class='ocrx_word' id='word_1_429' title='bbox 1137 5324 1205 5378; x_wconf 81' lang='lat' dir='ltr'><strong>Et</strong></span> <span class='ocrx_word' id='word_1_430' title='bbox 1257 5325 1418 5396; x_wconf 89' lang='lat' dir='ltr'><strong>pauci</strong></span> <span class='ocrx_word' id='word_1_431' title='bbox 1473 5333 1633 5382; x_wconf 89' lang='lat' dir='ltr'><strong>erunt</strong></span> <span class='ocrx_word' id='word_1_432' title='bbox 1686 5325 1755 5382; x_wconf 92' lang='lat' dir='ltr'><strong>ad</strong></span> 
     </span>
    </p>
   </div>
   <div class='ocr_carea' id='block_1_57' title="bbox 153 5423 1753 5500">
    <p class='ocr_par' dir='ltr' id='par_1_57' title="bbox 153 5423 1753 5500">
     <span class='ocr_line' id='line_1_57' title="bbox 153 5423 1753 5500; baseline -0.001 -14"><span class='ocrx_word' id='word_1_433' title='bbox 153 5427 619 5500; x_wconf 87' lang='lat' dir='ltr'><strong>comparationem</strong></span> <span class='ocrx_word' id='word_1_434' title='bbox 651 5423 941 5481; x_wconf 88' lang='lat' dir='ltr'><strong>malorum.</strong></span> <span class='ocrx_word' id='word_1_435' title='bbox 972 5426 1112 5481; x_wconf 90' lang='lat' dir='ltr'><strong>Nam</strong></span> <span class='ocrx_word' id='word_1_436' title='bbox 1142 5426 1281 5483; x_wconf 80' lang='lat' dir='ltr'><strong>sicut</strong></span> <span class='ocrx_word' id='word_1_437' title='bbox 1310 5427 1428 5499; x_wconf 92' lang='lat' dir='ltr'><strong>ipse</strong></span> <span class='ocrx_word' id='word_1_438' title='bbox 1475 5427 1528 5483; x_wconf 93' lang='lat' dir='ltr'><strong>in</strong></span> <span class='ocrx_word' id='word_1_439' title='bbox 1564 5429 1753 5484; x_wconf 89' lang='lat' dir='ltr'><strong>Evan-</strong></span> 
     </span>
    </p>
   </div>
   <div class='ocr_carea' id='block_1_58' title="bbox 157 5516 1746 5592">
    <p class='ocr_par' dir='ltr' id='par_1_58' title="bbox 157 5516 1746 5592">
     <span class='ocr_line' id='line_1_58' title="bbox 157 5516 1746 5592; baseline -0.002 -17"><span class='ocrx_word' id='word_1_440' title='bbox 157 5517 308 5592; x_wconf 81' lang='lat' dir='ltr'><strong>gelio</strong></span> <span class='ocrx_word' id='word_1_441' title='bbox 325 5516 490 5574; x_wconf 89' lang='lat' dir='ltr'><strong>dicit:</strong></span> <span class='ocrx_word' id='word_1_442' title='bbox 517 5516 678 5571; x_wconf 77' lang='lat' dir='ltr'><strong>Multi</strong></span> <span class='ocrx_word' id='word_1_443' title='bbox 701 5516 966 5580; x_wconf 80' lang='lat' dir='ltr'><strong>vocati,et</strong></span> <span class='ocrx_word' id='word_1_444' title='bbox 979 5517 1150 5587; x_wconf 85' lang='lat' dir='ltr'><strong>pauci</strong></span> <span class='ocrx_word' id='word_1_445' title='bbox 1169 5518 1340 5573; x_wconf 83' lang='lat' dir='ltr'><strong>electi</strong></span> <span class='ocrx_word' id='word_1_446' title='bbox 1356 5521 1497 5573; x_wconf 82' lang='lat' dir='ltr'><strong>sunt</strong></span> <span class='ocrx_word' id='word_1_447' title='bbox 1517 5517 1718 5589; x_wconf 83' lang='lat' dir='ltr'><strong>(Matth</strong></span> <span class='ocrx_word' id='word_1_448' title='bbox 1732 5558 1746 5572; x_wconf 93' lang='lat'><strong>.</strong></span> 
     </span>
    </p>
   </div>
   <div class='ocr_carea' id='block_1_59' title="bbox 157 5611 1756 5682">
    <p class='ocr_par' dir='ltr' id='par_1_59' title="bbox 157 5611 1756 5682">
     <span class='ocr_line' id='line_1_59' title="bbox 157 5611 1756 5682; baseline 0 -11"><span class='ocrx_word' id='word_1_449' title='bbox 157 5629 261 5681; x_wconf 79' lang='lat' dir='ltr'><strong>xx,</strong></span> <span class='ocrx_word' id='word_1_450' title='bbox 296 5613 410 5682; x_wconf 77' lang='lat'><strong>16).</strong></span> <span class='ocrx_word' id='word_1_451' title='bbox 443 5613 586 5668; x_wconf 88' lang='lat' dir='ltr'><strong>Ante</strong></span> <span class='ocrx_word' id='word_1_452' title='bbox 607 5611 1059 5668; x_wconf 88' lang='lat' dir='ltr'><strong>resurrectionem</strong></span> <span class='ocrx_word' id='word_1_453' title='bbox 1078 5629 1228 5668; x_wconf 88' lang='lat' dir='ltr'><strong>suam</strong></span> <span class='ocrx_word' id='word_1_454' title='bbox 1265 5614 1416 5668; x_wconf 89' lang='lat' dir='ltr'><strong>multi</strong></span> <span class='ocrx_word' id='word_1_455' title='bbox 1435 5621 1488 5670; x_wconf 92' lang='lat' dir='ltr'><strong>et</strong></span> <span class='ocrx_word' id='word_1_456' title='bbox 1527 5613 1655 5670; x_wconf 92' lang='lat' dir='ltr'><strong>boni</strong></span> <span class='ocrx_word' id='word_1_457' title='bbox 1703 5623 1756 5671; x_wconf 93' lang='lat' dir='ltr'><strong>et</strong></span> 
     </span>
    </p>
   </div>
   <div class='ocr_carea' id='block_1_60' title="bbox 159 5701 1754 5774">
    <p class='ocr_par' dir='ltr' id='par_1_60' title="bbox 159 5701 1754 5774">
     <span class='ocr_line' id='line_1_60' title="bbox 159 5701 1754 5774; baseline -0.001 -13"><span class='ocrx_word' id='word_1_458' title='bbox 159 5703 312 5772; x_wconf 88' lang='lat' dir='ltr'><strong>mali,</strong></span> <span class='ocrx_word' id='word_1_459' title='bbox 346 5710 401 5758; x_wconf 88' lang='lat' dir='ltr'><strong>et</strong></span> <span class='ocrx_word' id='word_1_460' title='bbox 430 5701 704 5774; x_wconf 89' lang='lat' dir='ltr'><strong>aliquanto</strong></span> <span class='ocrx_word' id='word_1_461' title='bbox 734 5708 982 5771; x_wconf 90' lang='lat' dir='ltr'><strong>tempore</strong></span> <span class='ocrx_word' id='word_1_462' title='bbox 1011 5701 1349 5758; x_wconf 82' lang='lat' dir='ltr'><strong>Salvatorem</strong></span> <span class='ocrx_word' id='word_1_463' title='bbox 1381 5711 1624 5759; x_wconf 90' lang='lat' dir='ltr'><strong>nostrum</strong></span> <span class='ocrx_word' id='word_1_464' title='bbox 1667 5703 1754 5759; x_wconf 91' lang='lat' dir='ltr'><strong>vi-</strong></span> 
     </span>
    </p>
   </div>
   <div class='ocr_carea' id='block_1_61' title="bbox 159 5789 1757 5864">
    <p class='ocr_par' dir='ltr' id='par_1_61' title="bbox 159 5789 1757 5864">
     <span class='ocr_line' id='line_1_61' title="bbox 159 5789 1757 5864; baseline 0 -15"><span class='ocrx_word' id='word_1_465' title='bbox 159 5794 377 5858; x_wconf 90' lang='lat' dir='ltr'><strong>derunt,</strong></span> <span class='ocrx_word' id='word_1_466' title='bbox 411 5799 462 5846; x_wconf 88' lang='lat' dir='ltr'><strong>et</strong></span> <span class='ocrx_word' id='word_1_467' title='bbox 491 5789 802 5846; x_wconf 88' lang='lat' dir='ltr'><strong>habuerunt</strong></span> <span class='ocrx_word' id='word_1_468' title='bbox 830 5789 884 5844; x_wconf 92' lang='lat' dir='ltr'><strong>in</strong></span> <span class='ocrx_word' id='word_1_469' title='bbox 914 5803 1085 5847; x_wconf 89' lang='lat' dir='ltr'><strong>carne</strong></span> <span class='ocrx_word' id='word_1_470' title='bbox 1142 5800 1489 5863; x_wconf 75' lang='lat' dir='ltr'><strong>praesentem,</strong></span> <span class='ocrx_word' id='word_1_471' title='bbox 1547 5799 1604 5848; x_wconf 93' lang='lat' dir='ltr'><strong>ut</strong></span> <span class='ocrx_word' id='word_1_472' title='bbox 1662 5792 1757 5864; x_wconf 90' lang='lat' dir='ltr'><strong>qui</strong></span> 
     </span>
    </p>
   </div>
   <div class='ocr_carea' id='block_1_62' title="bbox 158 5877 1756 5958">
    <p class='ocr_par' dir='ltr' id='par_1_62' title="bbox 158 5877 1756 5958">
     <span class='ocr_line' id='line_1_62' title="bbox 158 5877 1756 5958; baseline -0.003 -16"><span class='ocrx_word' id='word_1_473' title='bbox 158 5897 260 5958; x_wconf 86' lang='lat' dir='ltr'><strong>pro</strong></span> <span class='ocrx_word' id='word_1_474' title='bbox 293 5879 498 5948; x_wconf 78' lang='lat' dir='ltr'><strong>multis,</strong></span> <span class='ocrx_word' id='word_1_475' title='bbox 531 5877 641 5938; x_wconf 81' lang='lat' dir='ltr'><strong>imo</strong></span> <span class='ocrx_word' id='word_1_476' title='bbox 669 5892 768 5952; x_wconf 93' lang='lat' dir='ltr'><strong>pro</strong></span> <span class='ocrx_word' id='word_1_477' title='bbox 803 5877 1018 5936; x_wconf 81' lang='lat' dir='ltr'><strong>cunctis</strong></span> <span class='ocrx_word' id='word_1_478' title='bbox 1065 5879 1351 5937; x_wconf 85' lang='lat' dir='ltr'><strong>salvandis</strong></span> <span class='ocrx_word' id='word_1_479' title='bbox 1400 5887 1648 5950; x_wconf 85' lang='lat' dir='ltr'><strong>venerat,</strong></span> <span class='ocrx_word' id='word_1_480' title='bbox 1683 5881 1756 5938; x_wconf 87' lang='lat' dir='ltr'><strong>ab</strong></span> 
     </span>
    </p>
   </div>
   <div class='ocr_carea' id='block_1_63' title="bbox 157 5974 1756 6063">
    <p class='ocr_par' dir='ltr' id='par_1_63' title="bbox 157 5974 1756 6063">
     <span class='ocr_line' id='line_1_63' title="bbox 157 5974 1756 6063; baseline -0.005 -17"><span class='ocrx_word' id='word_1_481' title='bbox 157 5978 418 6046; x_wconf 81' lang='lat' dir='ltr'><strong>omnibus</strong></span> <span class='ocrx_word' id='word_1_482' title='bbox 439 5974 726 6056; x_wconf 79' lang='lat' dir='ltr'><strong>aliquanto</strong></span> <span class='ocrx_word' id='word_1_483' title='bbox 755 5977 1020 6053; x_wconf 75' lang='lat' dir='ltr'><strong>temporis</strong></span> <span class='ocrx_word' id='word_1_484' title='bbox 1061 5978 1239 6055; x_wconf 78' lang='lat' dir='ltr'><strong>spatio</strong></span> <span class='ocrx_word' id='word_1_485' title='bbox 1289 5978 1587 6051; x_wconf 84' lang='lat' dir='ltr'><strong>videretur,</strong></span> <span class='ocrx_word' id='word_1_486' title='bbox 1642 5993 1756 6063; x_wconf 84' lang='lat' dir='ltr'><strong>quo</strong></span> 
     </span>
    </p>
   </div>
   <div class='ocr_carea' id='block_1_64' title="bbox 1826 673 3418 745">
    <p class='ocr_par' dir='ltr' id='par_1_64' title="bbox 1826 673 3418 745">
     <span class='ocr_line' id='line_1_64' title="bbox 1826 673 3418 745; baseline 0.001 -16"><span class='ocrx_word' id='word_1_487' title='bbox 1826 674 2059 729; x_wconf 87' lang='lat' dir='ltr'><strong>credere</strong></span> <span class='ocrx_word' id='word_1_488' title='bbox 2089 673 2314 740; x_wconf 86' lang='lat' dir='ltr'><strong>nollent,</strong></span> <span class='ocrx_word' id='word_1_489' title='bbox 2347 675 2416 730; x_wconf 87' lang='lat' dir='ltr'><strong>de</strong></span> <span class='ocrx_word' id='word_1_490' title='bbox 2447 682 2668 745; x_wconf 87' lang='lat' dir='ltr'><strong>peccato</strong></span> <span class='ocrx_word' id='word_1_491' title='bbox 2699 690 2796 731; x_wconf 91' lang='lat' dir='ltr'><strong>suo</strong></span> <span class='ocrx_word' id='word_1_492' title='bbox 2845 674 3050 729; x_wconf 90' lang='lat' dir='ltr'><strong>nullam</strong></span> <span class='ocrx_word' id='word_1_493' title='bbox 3098 676 3418 731; x_wconf 84' lang='lat' dir='ltr'><strong>excusatio-</strong></span> 
     </span>
    </p>
   </div>
   <div class='ocr_carea' id='block_1_65' title="bbox 1828 763 3425 820">
    <p class='ocr_par' dir='ltr' id='par_1_65' title="bbox 1828 763 3425 820">
     <span class='ocr_line' id='line_1_65' title="bbox 1828 763 3425 820; baseline 0.001 -4"><span class='ocrx_word' id='word_1_494' title='bbox 1828 779 1954 817; x_wconf 87' lang='lat' dir='ltr'><strong>nem</strong></span> <span class='ocrx_word' id='word_1_495' title='bbox 2018 763 2277 818; x_wconf 89' lang='lat' dir='ltr'><strong>haberent</strong></span> <span class='ocrx_word' id='word_1_496' title='bbox 2341 772 2396 818; x_wconf 94' lang='lat' dir='ltr'><strong>et</strong></span> <span class='ocrx_word' id='word_1_497' title='bbox 2466 764 2878 818; x_wconf 86' lang='lat' dir='ltr'><strong>damnarentur.</strong></span> <span class='ocrx_word' id='word_1_498' title='bbox 2950 763 3116 818; x_wconf 85' lang='lat' dir='ltr'><strong>Multa</strong></span> <span class='ocrx_word' id='word_1_499' title='bbox 3173 764 3425 820; x_wconf 81' lang='lat' dir='ltr'><strong>Salvator</strong></span> 
     </span>
    </p>
   </div>
   <div class='ocr_carea' id='block_1_66' title="bbox 1828 851 3424 922">
    <p class='ocr_par' dir='ltr' id='par_1_66' title="bbox 1828 851 3424 922">
     <span class='ocr_line' id='line_1_66' title="bbox 1828 851 3424 922; baseline 0.003 -19"><span class='ocrx_word' id='word_1_500' title='bbox 1828 859 2013 905; x_wconf 88' lang='lat' dir='ltr'><strong>noster</strong></span> <span class='ocrx_word' id='word_1_501' title='bbox 2035 851 2089 903; x_wconf 93' lang='lat' dir='ltr'><strong>in</strong></span> <span class='ocrx_word' id='word_1_502' title='bbox 2123 852 2224 907; x_wconf 93' lang='lat' dir='ltr'><strong>hoc</strong></span> <span class='ocrx_word' id='word_1_503' title='bbox 2253 851 2456 907; x_wconf 88' lang='lat' dir='ltr'><strong>mundo</strong></span> <span class='ocrx_word' id='word_1_504' title='bbox 2486 859 2742 922; x_wconf 80' lang='lat' dir='ltr'><strong>operatus</strong></span> <span class='ocrx_word' id='word_1_505' title='bbox 2774 859 2878 920; x_wconf 88' lang='lat' dir='ltr'><strong>est,</strong></span> <span class='ocrx_word' id='word_1_506' title='bbox 2925 852 3069 907; x_wconf 90' lang='lat' dir='ltr'><strong>unde</strong></span> <span class='ocrx_word' id='word_1_507' title='bbox 3118 868 3311 909; x_wconf 89' lang='lat' dir='ltr'><strong>omnes</strong></span> <span class='ocrx_word' id='word_1_508' title='bbox 3368 854 3424 908; x_wconf 90' lang='lat' dir='ltr'><strong>in</strong></span> 
     </span>
    </p>
   </div>
   <div class='ocr_carea' id='block_1_67' title="bbox 1829 940 3424 1012">
    <p class='ocr_par' dir='ltr' id='par_1_67' title="bbox 1829 940 3424 1012">
     <span class='ocr_line' id='line_1_67' title="bbox 1829 940 3424 1012; baseline 0.004 -19"><span class='ocrx_word' id='word_1_509' title='bbox 1829 956 1955 994; x_wconf 89' lang='lat' dir='ltr'><strong>eum</strong></span> <span class='ocrx_word' id='word_1_510' title='bbox 1985 941 2289 1010; x_wconf 82' lang='lat' dir='ltr'><strong>potuissent</strong></span> <span class='ocrx_word' id='word_1_511' title='bbox 2315 940 2538 996; x_wconf 89' lang='lat' dir='ltr'><strong>credere</strong></span> <span class='ocrx_word' id='word_1_512' title='bbox 2570 941 2614 994; x_wconf 92' lang='lat' dir='ltr'><strong>si</strong></span> <span class='ocrx_word' id='word_1_513' title='bbox 2645 940 2948 996; x_wconf 78' lang='lat' dir='ltr'><strong>voluissent</strong></span> <span class='ocrx_word' id='word_1_514' title='bbox 2986 959 2999 1004; x_wconf 91' lang='lat'><strong>;</strong></span> <span class='ocrx_word' id='word_1_515' title='bbox 3033 941 3131 996; x_wconf 91' lang='lat' dir='ltr'><strong>sed</strong></span> <span class='ocrx_word' id='word_1_516' title='bbox 3160 943 3258 996; x_wconf 89' lang='lat' dir='ltr'><strong>tria</strong></span> <span class='ocrx_word' id='word_1_517' title='bbox 3290 959 3424 1012; x_wconf 85' lang='lat' dir='ltr'><strong>spe-</strong></span> 
     </span>
    </p>
   </div>
   <div class='ocr_carea' id='block_1_68' title="bbox 1830 1028 3420 1102">
    <p class='ocr_par' dir='ltr' id='par_1_68' title="bbox 1830 1028 3420 1102">
     <span class='ocr_line' id='line_1_68' title="bbox 1830 1028 3420 1102; baseline 0.001 -19"><span class='ocrx_word' id='word_1_518' title='bbox 1830 1028 2033 1084; x_wconf 88' lang='lat' dir='ltr'><strong>cialiter</strong></span> <span class='ocrx_word' id='word_1_519' title='bbox 2061 1037 2111 1083; x_wconf 91' lang='lat' dir='ltr'><strong>et</strong></span> <span class='ocrx_word' id='word_1_520' title='bbox 2132 1029 2506 1099; x_wconf 89' lang='lat' dir='ltr'><strong>principaliter</strong></span> <span class='ocrx_word' id='word_1_521' title='bbox 2544 1029 2676 1100; x_wconf 84' lang='lat' dir='ltr'><strong>egit,</strong></span> <span class='ocrx_word' id='word_1_522' title='bbox 2711 1046 2832 1101; x_wconf 63' lang='lat' dir='ltr'><strong>quae.</strong></span> <span class='ocrx_word' id='word_1_523' title='bbox 2861 1044 3023 1084; x_wconf 90' lang='lat' dir='ltr'><strong>nemo</strong></span> <span class='ocrx_word' id='word_1_524' title='bbox 3053 1029 3190 1084; x_wconf 89' lang='lat' dir='ltr'><strong>alius</strong></span> <span class='ocrx_word' id='word_1_525' title='bbox 3241 1029 3420 1102; x_wconf 85' lang='lat' dir='ltr'><strong>faciet,</strong></span> 
     </span>
    </p>
   </div>
   <div class='ocr_carea' id='block_1_69' title="bbox 1829 1116 3424 1189">
    <p class='ocr_par' dir='ltr' id='par_1_69' title="bbox 1829 1116 3424 1189">
     <span class='ocr_line' id='line_1_69' title="bbox 1829 1116 3424 1189; baseline 0.003 -20"><span class='ocrx_word' id='word_1_526' title='bbox 1829 1117 1916 1173; x_wconf 87' lang='lat' dir='ltr'><strong>vel</strong></span> <span class='ocrx_word' id='word_1_527' title='bbox 1948 1116 2098 1173; x_wconf 92' lang='lat' dir='ltr'><strong>fecit.</strong></span> <span class='ocrx_word' id='word_1_528' title='bbox 2142 1118 2319 1173; x_wconf 88' lang='lat' dir='ltr'><strong>Unum</strong></span> <span class='ocrx_word' id='word_1_529' title='bbox 2351 1117 2626 1183; x_wconf 85' lang='lat' dir='ltr'><strong>videlicet,</strong></span> <span class='ocrx_word' id='word_1_530' title='bbox 2646 1118 2788 1188; x_wconf 90' lang='lat' dir='ltr'><strong>quod</strong></span> <span class='ocrx_word' id='word_1_531' title='bbox 2808 1119 2875 1172; x_wconf 93' lang='lat' dir='ltr'><strong>de</strong></span> <span class='ocrx_word' id='word_1_532' title='bbox 2895 1118 3106 1189; x_wconf 86' lang='lat' dir='ltr'><strong>virgine</strong></span> <span class='ocrx_word' id='word_1_533' title='bbox 3126 1127 3286 1174; x_wconf 90' lang='lat' dir='ltr'><strong>natus</strong></span> <span class='ocrx_word' id='word_1_534' title='bbox 3308 1129 3389 1174; x_wconf 90' lang='lat' dir='ltr'><strong>est</strong></span> <span class='ocrx_word' id='word_1_535' title='bbox 3410 1138 3424 1187; x_wconf 89' lang='lat'><strong>;</strong></span> 
     </span>
    </p>
   </div>
   <div class='ocr_carea' id='block_1_70' title="bbox 1831 1205 3421 1278">
    <p class='ocr_par' dir='ltr' id='par_1_70' title="bbox 1831 1205 3421 1278">
     <span class='ocr_line' id='line_1_70' title="bbox 1831 1205 3421 1278; baseline 0.001 -18"><span class='ocrx_word' id='word_1_536' title='bbox 1831 1205 2062 1261; x_wconf 89' lang='lat' dir='ltr'><strong>alterum</strong></span> <span class='ocrx_word' id='word_1_537' title='bbox 2095 1221 2245 1266; x_wconf 86' lang='lat' dir='ltr'><strong>vero.</strong></span> <span class='ocrx_word' id='word_1_538' title='bbox 2280 1206 2423 1277; x_wconf 91' lang='lat' dir='ltr'><strong>quod</strong></span> <span class='ocrx_word' id='word_1_539' title='bbox 2491 1221 2524 1260; x_wconf 88' lang='lat' dir='ltr'><strong>a</strong></span> <span class='ocrx_word' id='word_1_540' title='bbox 2577 1214 2749 1260; x_wconf 92' lang='lat' dir='ltr'><strong>morte</strong></span> <span class='ocrx_word' id='word_1_541' title='bbox 2807 1206 3086 1262; x_wconf 78' lang='lat' dir='ltr'><strong>suscitavit</strong></span> <span class='ocrx_word' id='word_1_542' title='bbox 3143 1207 3421 1278; x_wconf 88' lang='lat' dir='ltr'><strong>seipsum;</strong></span> 
     </span>
    </p>
   </div>
   <div class='ocr_carea' id='block_1_71' title="bbox 1829 1293 3426 1367">
    <p class='ocr_par' dir='ltr' id='par_1_71' title="bbox 1829 1293 3426 1367">
     <span class='ocr_line' id='line_1_71' title="bbox 1829 1293 3426 1367; baseline 0.003 -20"><span class='ocrx_word' id='word_1_543' title='bbox 1829 1293 1990 1362; x_wconf 91' lang='lat' dir='ltr'><strong>aliud,</strong></span> <span class='ocrx_word' id='word_1_544' title='bbox 2027 1294 2172 1365; x_wconf 91' lang='lat' dir='ltr'><strong>quod</strong></span> <span class='ocrx_word' id='word_1_545' title='bbox 2203 1310 2364 1349; x_wconf 86' lang='lat' dir='ltr'><strong>carne</strong></span> <span class='ocrx_word' id='word_1_546' title='bbox 2397 1302 2652 1365; x_wconf 88' lang='lat' dir='ltr'><strong>suscepta</strong></span> <span class='ocrx_word' id='word_1_547' title='bbox 2681 1294 2750 1349; x_wconf 90' lang='lat' dir='ltr'><strong>de</strong></span> <span class='ocrx_word' id='word_1_548' title='bbox 2798 1294 3011 1367; x_wconf 88' lang='lat' dir='ltr'><strong>virgine</strong></span> <span class='ocrx_word' id='word_1_549' title='bbox 3067 1296 3316 1352; x_wconf 90' lang='lat' dir='ltr'><strong>ascendit</strong></span> <span class='ocrx_word' id='word_1_550' title='bbox 3371 1299 3426 1352; x_wconf 93' lang='lat' dir='ltr'><strong>in</strong></span> 
     </span>
    </p>
   </div>
   <div class='ocr_carea' id='block_1_72' title="bbox 1831 1382 3426 1456">
    <p class='ocr_par' dir='ltr' id='par_1_72' title="bbox 1831 1382 3426 1456">
     <span class='ocr_line' id='line_1_72' title="bbox 1831 1382 3426 1456; baseline 0.003 -19"><span class='ocrx_word' id='word_1_551' title='bbox 1831 1382 2057 1450; x_wconf 74' lang='lat' dir='ltr'><strong>cmlum,</strong></span> <span class='ocrx_word' id='word_1_552' title='bbox 2093 1383 2204 1438; x_wconf 87' lang='lat' dir='ltr'><strong>Rex</strong></span> <span class='ocrx_word' id='word_1_553' title='bbox 2231 1391 2283 1437; x_wconf 90' lang='lat' dir='ltr'><strong>et</strong></span> <span class='ocrx_word' id='word_1_554' title='bbox 2314 1383 2580 1438; x_wconf 91' lang='lat' dir='ltr'><strong>Dominus</strong></span> <span class='ocrx_word' id='word_1_555' title='bbox 2611 1383 2775 1437; x_wconf 89' lang='lat' dir='ltr'><strong>etiam</strong></span> <span class='ocrx_word' id='word_1_556' title='bbox 2807 1383 2861 1436; x_wconf 92' lang='lat' dir='ltr'><strong>in</strong></span> <span class='ocrx_word' id='word_1_557' title='bbox 2903 1384 3143 1439; x_wconf 91' lang='lat' dir='ltr'><strong>humano</strong></span> <span class='ocrx_word' id='word_1_558' title='bbox 3190 1400 3426 1456; x_wconf 86' lang='lat' dir='ltr'><strong>corpore</strong></span> 
     </span>
    </p>
   </div>
   <div class='ocr_carea' id='block_1_73' title="bbox 1827 1471 3425 1548">
    <p class='ocr_par' dir='ltr' id='par_1_73' title="bbox 1827 1471 3425 1548">
     <span class='ocr_line' id='line_1_73' title="bbox 1827 1471 3425 1548; baseline 0.004 -23"><span class='ocrx_word' id='word_1_559' title='bbox 1827 1471 2005 1527; x_wconf 88' lang='lat' dir='ltr'><strong>factus</strong></span> <span class='ocrx_word' id='word_1_560' title='bbox 2032 1471 2371 1542; x_wconf 85' lang='lat' dir='ltr'><strong>angelorum.</strong></span> <span class='ocrx_word' id='word_1_561' title='bbox 2407 1472 2582 1542; x_wconf 88' lang='lat' dir='ltr'><strong>Supra</strong></span> <span class='ocrx_word' id='word_1_562' title='bbox 2637 1471 2888 1541; x_wconf 86' lang='lat' dir='ltr'><strong>diximus,</strong></span> <span class='ocrx_word' id='word_1_563' title='bbox 2944 1474 3090 1543; x_wconf 86' lang='lat' dir='ltr'><strong>quod</strong></span> <span class='ocrx_word' id='word_1_564' title='bbox 3135 1483 3425 1548; x_wconf 89' lang='lat' dir='ltr'><strong>postquam</strong></span> 
     </span>
    </p>
   </div>
   <div class='ocr_carea' id='block_1_74' title="bbox 1829 1559 3426 1634">
    <p class='ocr_par' dir='ltr' id='par_1_74' title="bbox 1829 1559 3426 1634">
     <span class='ocr_line' id='line_1_74' title="bbox 1829 1559 3426 1634; baseline 0.006 -21"><span class='ocrx_word' id='word_1_565' title='bbox 1829 1560 2075 1614; x_wconf 90' lang='lat' dir='ltr'><strong>Christus</strong></span> <span class='ocrx_word' id='word_1_566' title='bbox 2106 1560 2204 1616; x_wconf 92' lang='lat' dir='ltr'><strong>Dei</strong></span> <span class='ocrx_word' id='word_1_567' title='bbox 2235 1559 2401 1615; x_wconf 84' lang='lat' dir='ltr'><strong>Filius</strong></span> <span class='ocrx_word' id='word_1_568' title='bbox 2430 1561 2670 1615; x_wconf 90' lang='lat' dir='ltr'><strong>animam</strong></span> <span class='ocrx_word' id='word_1_569' title='bbox 2709 1567 2956 1616; x_wconf 90' lang='lat' dir='ltr'><strong>nostram</strong></span> <span class='ocrx_word' id='word_1_570' title='bbox 2983 1563 3238 1634; x_wconf 89' lang='lat' dir='ltr'><strong>suscepit,</strong></span> <span class='ocrx_word' id='word_1_571' title='bbox 3285 1565 3426 1622; x_wconf 92' lang='lat' dir='ltr'><strong>adeo</strong></span> 
     </span>
    </p>
   </div>
   <div class='ocr_carea' id='block_1_75' title="bbox 1827 1648 3423 1723">
    <p class='ocr_par' dir='ltr' id='par_1_75' title="bbox 1827 1648 3423 1723">
     <span class='ocr_line' id='line_1_75' title="bbox 1827 1648 3423 1723; baseline 0.004 -21"><span class='ocrx_word' id='word_1_572' title='bbox 1827 1648 2012 1703; x_wconf 90' lang='lat' dir='ltr'><strong>dilexit</strong></span> <span class='ocrx_word' id='word_1_573' title='bbox 2041 1663 2161 1703; x_wconf 90' lang='lat' dir='ltr'><strong>eam</strong></span> <span class='ocrx_word' id='word_1_574' title='bbox 2194 1649 2338 1720; x_wconf 87' lang='lat' dir='ltr'><strong>quad</strong></span> <span class='ocrx_word' id='word_1_575' title='bbox 2369 1664 2429 1704; x_wconf 92' lang='lat' dir='ltr'><strong>se</strong></span> <span class='ocrx_word' id='word_1_576' title='bbox 2457 1648 2524 1701; x_wconf 92' lang='lat' dir='ltr'><strong>ab</strong></span> <span class='ocrx_word' id='word_1_577' title='bbox 2554 1649 2650 1703; x_wconf 89' lang='lat' dir='ltr'><strong>illa</strong></span> <span class='ocrx_word' id='word_1_578' title='bbox 2682 1649 2938 1719; x_wconf 90' lang='lat' dir='ltr'><strong>deinceps</strong></span> <span class='ocrx_word' id='word_1_579' title='bbox 2961 1649 3180 1706; x_wconf 90' lang='lat' dir='ltr'><strong>minime</strong></span> <span class='ocrx_word' id='word_1_580' title='bbox 3203 1669 3423 1723; x_wconf 89' lang='lat' dir='ltr'><strong>separa-</strong></span> 
     </span>
    </p>
   </div>
   <div class='ocr_carea' id='block_1_76' title="bbox 1826 1738 3423 1806">
    <p class='ocr_par' dir='ltr' id='par_1_76' title="bbox 1826 1738 3423 1806">
     <span class='ocr_line' id='line_1_76' title="bbox 1826 1738 3423 1806; baseline 0.003 -13"><span class='ocrx_word' id='word_1_581' title='bbox 1826 1739 1919 1793; x_wconf 92' lang='lat' dir='ltr'><strong>vit.</strong></span> <span class='ocrx_word' id='word_1_582' title='bbox 1954 1738 2101 1793; x_wconf 91' lang='lat' dir='ltr'><strong>Sicut</strong></span> <span class='ocrx_word' id='word_1_583' title='bbox 2129 1738 2274 1792; x_wconf 90' lang='lat' dir='ltr'><strong>enim</strong></span> <span class='ocrx_word' id='word_1_584' title='bbox 2305 1753 2529 1792; x_wconf 90' lang='lat' dir='ltr'><strong>carnem</strong></span> <span class='ocrx_word' id='word_1_585' title='bbox 2557 1746 2815 1806; x_wconf 90' lang='lat' dir='ltr'><strong>nostram,</strong></span> <span class='ocrx_word' id='word_1_586' title='bbox 2850 1741 2926 1795; x_wconf 88' lang='lat' dir='ltr'><strong>ita</strong></span> <span class='ocrx_word' id='word_1_587' title='bbox 2961 1748 3012 1795; x_wconf 90' lang='lat' dir='ltr'><strong>et</strong></span> <span class='ocrx_word' id='word_1_588' title='bbox 3041 1740 3274 1796; x_wconf 91' lang='lat' dir='ltr'><strong>animam</strong></span> <span class='ocrx_word' id='word_1_589' title='bbox 3325 1759 3423 1797; x_wconf 87' lang='lat' dir='ltr'><strong>no-</strong></span> 
     </span>
    </p>
   </div>
   <div class='ocr_carea' id='block_1_77' title="bbox 1826 1825 3418 1901">
    <p class='ocr_par' dir='ltr' id='par_1_77' title="bbox 1826 1825 3418 1901">
     <span class='ocr_line' id='line_1_77' title="bbox 1826 1825 3418 1901; baseline 0.003 -21"><span class='ocrx_word' id='word_1_590' title='bbox 1826 1833 1995 1880; x_wconf 87' lang='lat' dir='ltr'><strong>stram</strong></span> <span class='ocrx_word' id='word_1_591' title='bbox 2025 1825 2079 1879; x_wconf 92' lang='lat' dir='ltr'><strong>in</strong></span> <span class='ocrx_word' id='word_1_592' title='bbox 2109 1826 2270 1880; x_wconf 88' lang='lat' dir='ltr'><strong>beata</strong></span> <span class='ocrx_word' id='word_1_593' title='bbox 2298 1833 2351 1880; x_wconf 91' lang='lat' dir='ltr'><strong>et</strong></span> <span class='ocrx_word' id='word_1_594' title='bbox 2381 1825 2624 1894; x_wconf 82' lang='lat' dir='ltr'><strong>gloriosa</strong></span> <span class='ocrx_word' id='word_1_595' title='bbox 2645 1827 2860 1899; x_wconf 88' lang='lat' dir='ltr'><strong>virgine</strong></span> <span class='ocrx_word' id='word_1_596' title='bbox 2904 1828 3075 1883; x_wconf 89' lang='lat' dir='ltr'><strong>Maria</strong></span> <span class='ocrx_word' id='word_1_597' title='bbox 3135 1830 3373 1901; x_wconf 84' lang='lat' dir='ltr'><strong>suscepit</strong></span> <span class='ocrx_word' id='word_1_598' title='bbox 3405 1849 3418 1894; x_wconf 91' lang='lat'><strong>;</strong></span> 
     </span>
    </p>
   </div>
   <div class='ocr_carea' id='block_1_78' title="bbox 1827 1913 3424 1990">
    <p class='ocr_par' dir='ltr' id='par_1_78' title="bbox 1827 1913 3424 1990">
     <span class='ocr_line' id='line_1_78' title="bbox 1827 1913 3424 1990; baseline 0.003 -20"><span class='ocrx_word' id='word_1_599' title='bbox 1827 1915 1924 1970; x_wconf 91' lang='lat' dir='ltr'><strong>sed</strong></span> <span class='ocrx_word' id='word_1_600' title='bbox 1957 1916 2120 1970; x_wconf 86' lang='lat' dir='ltr'><strong>talem</strong></span> <span class='ocrx_word' id='word_1_601' title='bbox 2153 1913 2369 1984; x_wconf 88' lang='lat' dir='ltr'><strong>qualern</strong></span> <span class='ocrx_word' id='word_1_602' title='bbox 2401 1915 2584 1969; x_wconf 90' lang='lat' dir='ltr'><strong>habuit</strong></span> <span class='ocrx_word' id='word_1_603' title='bbox 2613 1916 2796 1972; x_wconf 87' lang='lat' dir='ltr'><strong>Adam</strong></span> <span class='ocrx_word' id='word_1_604' title='bbox 2827 1925 2950 1972; x_wconf 84' lang='lat' dir='ltr'><strong>ante</strong></span> <span class='ocrx_word' id='word_1_605' title='bbox 2979 1924 3281 1990; x_wconf 88' lang='lat' dir='ltr'><strong>peccatum,</strong></span> <span class='ocrx_word' id='word_1_606' title='bbox 3314 1935 3424 1976; x_wconf 91' lang='lat' dir='ltr'><strong>non</strong></span> 
     </span>
    </p>
   </div>
   <div class='ocr_carea' id='block_1_79' title="bbox 1830 2003 3424 2076">
    <p class='ocr_par' dir='ltr' id='par_1_79' title="bbox 1830 2003 3424 2076">
     <span class='ocr_line' id='line_1_79' title="bbox 1830 2003 3424 2076; baseline 0.004 -18"><span class='ocrx_word' id='word_1_607' title='bbox 1830 2005 2043 2076; x_wconf 91' lang='lat' dir='ltr'><strong>qualem</strong></span> <span class='ocrx_word' id='word_1_608' title='bbox 2076 2004 2258 2057; x_wconf 87' lang='lat' dir='ltr'><strong>Adam</strong></span> <span class='ocrx_word' id='word_1_609' title='bbox 2280 2003 2558 2074; x_wconf 86' lang='lat' dir='ltr'><strong>peccando</strong></span> <span class='ocrx_word' id='word_1_610' title='bbox 2591 2003 2734 2061; x_wconf 89' lang='lat' dir='ltr'><strong>fecit.</strong></span> <span class='ocrx_word' id='word_1_611' title='bbox 2769 2005 2890 2074; x_wconf 91' lang='lat' dir='ltr'><strong>Quo</strong></span> <span class='ocrx_word' id='word_1_612' title='bbox 2919 2023 3018 2062; x_wconf 89' lang='lat' dir='ltr'><strong>nos</strong></span> <span class='ocrx_word' id='word_1_613' title='bbox 3047 2007 3230 2064; x_wconf 88' lang='lat' dir='ltr'><strong>docuit</strong></span> <span class='ocrx_word' id='word_1_614' title='bbox 3251 2024 3424 2064; x_wconf 85' lang='lat' dir='ltr'><strong>exem-</strong></span> 
     </span>
    </p>
   </div>
   <div class='ocr_carea' id='block_1_80' title="bbox 1831 2093 3426 2165">
    <p class='ocr_par' dir='ltr' id='par_1_80' title="bbox 1831 2093 3426 2165">
     <span class='ocr_line' id='line_1_80' title="bbox 1831 2093 3426 2165; baseline 0.005 -19"><span class='ocrx_word' id='word_1_615' title='bbox 1831 2093 1941 2164; x_wconf 90' lang='lat' dir='ltr'><strong>plo,</strong></span> <span class='ocrx_word' id='word_1_616' title='bbox 1974 2108 2043 2148; x_wconf 91' lang='lat' dir='ltr'><strong>ne</strong></span> <span class='ocrx_word' id='word_1_617' title='bbox 2073 2093 2312 2146; x_wconf 89' lang='lat' dir='ltr'><strong>animam</strong></span> <span class='ocrx_word' id='word_1_618' title='bbox 2341 2100 2604 2161; x_wconf 90' lang='lat' dir='ltr'><strong>nostram,</strong></span> <span class='ocrx_word' id='word_1_619' title='bbox 2640 2109 2801 2165; x_wconf 92' lang='lat' dir='ltr'><strong>quam</strong></span> <span class='ocrx_word' id='word_1_620' title='bbox 2832 2095 2972 2150; x_wconf 90' lang='lat' dir='ltr'><strong>adeo</strong></span> <span class='ocrx_word' id='word_1_621' title='bbox 3001 2096 3208 2162; x_wconf 86' lang='lat' dir='ltr'><strong>dilexit,</strong></span> <span class='ocrx_word' id='word_1_622' title='bbox 3232 2105 3288 2152; x_wconf 91' lang='lat' dir='ltr'><strong>ut</strong></span> <span class='ocrx_word' id='word_1_623' title='bbox 3306 2115 3426 2154; x_wconf 91' lang='lat' dir='ltr'><strong>mo-</strong></span> 
     </span>
    </p>
   </div>
   <div class='ocr_carea' id='block_1_81' title="bbox 1833 2181 3423 2258">
    <p class='ocr_par' dir='ltr' id='par_1_81' title="bbox 1833 2181 3423 2258">
     <span class='ocr_line' id='line_1_81' title="bbox 1833 2181 3423 2258; baseline 0.004 -21"><span class='ocrx_word' id='word_1_624' title='bbox 1833 2189 2047 2237; x_wconf 90' lang='lat' dir='ltr'><strong>reretur</strong></span> <span class='ocrx_word' id='word_1_625' title='bbox 2070 2197 2172 2252; x_wconf 91' lang='lat' dir='ltr'><strong>pro</strong></span> <span class='ocrx_word' id='word_1_626' title='bbox 2203 2196 2288 2250; x_wconf 90' lang='lat' dir='ltr'><strong>ea,</strong></span> <span class='ocrx_word' id='word_1_627' title='bbox 2321 2197 2422 2237; x_wconf 92' lang='lat' dir='ltr'><strong>nec</strong></span> <span class='ocrx_word' id='word_1_628' title='bbox 2452 2181 2505 2235; x_wconf 90' lang='lat' dir='ltr'><strong>in</strong></span> <span class='ocrx_word' id='word_1_629' title='bbox 2532 2183 2722 2237; x_wconf 89' lang='lat' dir='ltr'><strong>mortis</strong></span> <span class='ocrx_word' id='word_1_630' title='bbox 2757 2181 2924 2258; x_wconf 82' lang='lat'><strong>365</strong></span> <span class='ocrx_word' id='word_1_631' title='bbox 2958 2187 3210 2256; x_wconf 86' lang='lat' dir='ltr'><strong>angustia</strong></span> <span class='ocrx_word' id='word_1_632' title='bbox 3241 2203 3301 2243; x_wconf 93' lang='lat' dir='ltr'><strong>se</strong></span> <span class='ocrx_word' id='word_1_633' title='bbox 3331 2205 3423 2244; x_wconf 88' lang='lat' dir='ltr'><strong>se-</strong></span> 
     </span>
    </p>
   </div>
   <div class='ocr_carea' id='block_1_82' title="bbox 1836 2277 3424 2349">
    <p class='ocr_par' dir='ltr' id='par_1_82' title="bbox 1836 2277 3424 2349">
     <span class='ocr_line' id='line_1_82' title="bbox 1836 2277 3424 2349; baseline 0.005 -17"><span class='ocrx_word' id='word_1_634' title='bbox 1836 2277 2046 2349; x_wconf 90' lang='lat' dir='ltr'><strong>paravit</strong></span> <span class='ocrx_word' id='word_1_635' title='bbox 2071 2277 2139 2331; x_wconf 90' lang='lat' dir='ltr'><strong>ah</strong></span> <span class='ocrx_word' id='word_1_636' title='bbox 2173 2277 2286 2343; x_wconf 91' lang='lat' dir='ltr'><strong>illa,</strong></span> <span class='ocrx_word' id='word_1_637' title='bbox 2318 2277 2543 2332; x_wconf 88' lang='lat' dir='ltr'><strong>infidedi</strong></span> <span class='ocrx_word' id='word_1_638' title='bbox 2599 2294 2776 2346; x_wconf 84' lang='lat' dir='ltr'><strong>servo,</strong></span> <span class='ocrx_word' id='word_1_639' title='bbox 2837 2290 2891 2335; x_wconf 90' lang='lat' dir='ltr'><strong>et</strong></span> <span class='ocrx_word' id='word_1_640' title='bbox 2938 2283 3145 2337; x_wconf 89' lang='lat' dir='ltr'><strong>crudeli</strong></span> <span class='ocrx_word' id='word_1_641' title='bbox 3203 2283 3424 2342; x_wconf 88' lang='lat' dir='ltr'><strong>inimico</strong></span> 
     </span>
    </p>
   </div>
   <div class='ocr_carea' id='block_1_83' title="bbox 1836 2365 3427 2442">
    <p class='ocr_par' dir='ltr' id='par_1_83' title="bbox 1836 2365 3427 2442">
     <span class='ocr_line' id='line_1_83' title="bbox 1836 2365 3427 2442; baseline 0.008 -22"><span class='ocrx_word' id='word_1_642' title='bbox 1836 2377 2022 2422; x_wconf 91' lang='lat' dir='ltr'><strong>nostro</strong></span> <span class='ocrx_word' id='word_1_643' title='bbox 2053 2365 2293 2438; x_wconf 88' lang='lat' dir='ltr'><strong>qualibet</strong></span> <span class='ocrx_word' id='word_1_644' title='bbox 2313 2367 2609 2422; x_wconf 90' lang='lat' dir='ltr'><strong>occasione</strong></span> <span class='ocrx_word' id='word_1_645' title='bbox 2639 2369 2941 2437; x_wconf 89' lang='lat' dir='ltr'><strong>tradamus,</strong></span> <span class='ocrx_word' id='word_1_646' title='bbox 2976 2370 3067 2442; x_wconf 91' lang='lat' dir='ltr'><strong>qui</strong></span> <span class='ocrx_word' id='word_1_647' title='bbox 3085 2388 3205 2428; x_wconf 90' lang='lat' dir='ltr'><strong>eam</strong></span> <span class='ocrx_word' id='word_1_648' title='bbox 3235 2375 3427 2432; x_wconf 90' lang='lat' dir='ltr'><strong>nititur</strong></span> 
     </span>
    </p>
   </div>
   <div class='ocr_carea' id='block_1_84' title="bbox 1837 2454 3428 2534">
    <p class='ocr_par' dir='ltr' id='par_1_84' title="bbox 1837 2454 3428 2534">
     <span class='ocr_line' id='line_1_84' title="bbox 1837 2454 3428 2534; baseline 0.008 -24"><span class='ocrx_word' id='word_1_649' title='bbox 1837 2455 2134 2510; x_wconf 89' lang='lat' dir='ltr'><strong>adulteram</strong></span> <span class='ocrx_word' id='word_1_650' title='bbox 2167 2454 2364 2521; x_wconf 90' lang='lat' dir='ltr'><strong>facere,</strong></span> <span class='ocrx_word' id='word_1_651' title='bbox 2397 2463 2450 2510; x_wconf 92' lang='lat' dir='ltr'><strong>et</strong></span> <span class='ocrx_word' id='word_1_652' title='bbox 2474 2455 2757 2511; x_wconf 89' lang='lat' dir='ltr'><strong>ancillam.</strong></span> <span class='ocrx_word' id='word_1_653' title='bbox 2818 2459 2968 2513; x_wconf 86' lang='lat' dir='ltr'><strong>Mors</strong></span> <span class='ocrx_word' id='word_1_654' title='bbox 3013 2475 3249 2534; x_wconf 90' lang='lat' dir='ltr'><strong>namque</strong></span> <span class='ocrx_word' id='word_1_655' title='bbox 3304 2466 3428 2523; x_wconf 90' lang='lat' dir='ltr'><strong>Filii</strong></span> 
     </span>
    </p>
   </div>
   <div class='ocr_carea' id='block_1_85' title="bbox 1839 2544 3428 2626">
    <p class='ocr_par' dir='ltr' id='par_1_85' title="bbox 1839 2544 3428 2626">
     <span class='ocr_line' id='line_1_85' title="bbox 1839 2544 3428 2626; baseline 0.008 -27"><span class='ocrx_word' id='word_1_656' title='bbox 1839 2545 1959 2610; x_wconf 92' lang='lat' dir='ltr'><strong>Dei,</strong></span> <span class='ocrx_word' id='word_1_657' title='bbox 1993 2552 2046 2599; x_wconf 89' lang='lat' dir='ltr'><strong>et</strong></span> <span class='ocrx_word' id='word_1_658' title='bbox 2073 2544 2190 2612; x_wconf 84' lang='lat' dir='ltr'><strong>ejus</strong></span> <span class='ocrx_word' id='word_1_659' title='bbox 2220 2544 2404 2615; x_wconf 88' lang='lat' dir='ltr'><strong>passio</strong></span> <span class='ocrx_word' id='word_1_660' title='bbox 2434 2559 2658 2600; x_wconf 90' lang='lat' dir='ltr'><strong>carnem</strong></span> <span class='ocrx_word' id='word_1_661' title='bbox 2689 2546 2908 2616; x_wconf 88' lang='lat' dir='ltr'><strong>quidem</strong></span> <span class='ocrx_word' id='word_1_662' title='bbox 2937 2549 3006 2603; x_wconf 90' lang='lat' dir='ltr'><strong>ab</strong></span> <span class='ocrx_word' id='word_1_663' title='bbox 3037 2551 3216 2605; x_wconf 91' lang='lat' dir='ltr'><strong>anima</strong></span> <span class='ocrx_word' id='word_1_664' title='bbox 3258 2570 3428 2626; x_wconf 89' lang='lat' dir='ltr'><strong>sepa-</strong></span> 
     </span>
    </p>
   </div>
   <div class='ocr_carea' id='block_1_86' title="bbox 1841 2633 3427 2714">
    <p class='ocr_par' dir='ltr' id='par_1_86' title="bbox 1841 2633 3427 2714">
     <span class='ocr_line' id='line_1_86' title="bbox 1841 2633 3427 2714; baseline 0.009 -27"><span class='ocrx_word' id='word_1_665' title='bbox 1841 2633 1984 2688; x_wconf 90' lang='lat' dir='ltr'><strong>ravit</strong></span> <span class='ocrx_word' id='word_1_666' title='bbox 2013 2652 2027 2699; x_wconf 84' lang='lat'><strong>;</strong></span> <span class='ocrx_word' id='word_1_667' title='bbox 2061 2633 2300 2688; x_wconf 91' lang='lat' dir='ltr'><strong>animam</strong></span> <span class='ocrx_word' id='word_1_668' title='bbox 2323 2649 2453 2688; x_wconf 90' lang='lat' dir='ltr'><strong>vero</strong></span> <span class='ocrx_word' id='word_1_669' title='bbox 2483 2650 2513 2687; x_wconf 91' lang='lat' dir='ltr'><strong>a</strong></span> <span class='ocrx_word' id='word_1_670' title='bbox 2545 2633 2724 2690; x_wconf 89' lang='lat' dir='ltr'><strong>Verbo</strong></span> <span class='ocrx_word' id='word_1_671' title='bbox 2782 2635 2835 2689; x_wconf 93' lang='lat' dir='ltr'><strong>id</strong></span> <span class='ocrx_word' id='word_1_672' title='bbox 2867 2645 2968 2703; x_wconf 89' lang='lat' dir='ltr'><strong>est,</strong></span> <span class='ocrx_word' id='word_1_673' title='bbox 3026 2652 3055 2694; x_wconf 88' lang='lat' dir='ltr'><strong>a</strong></span> <span class='ocrx_word' id='word_1_674' title='bbox 3113 2641 3213 2695; x_wconf 91' lang='lat' dir='ltr'><strong>Dei</strong></span> <span class='ocrx_word' id='word_1_675' title='bbox 3269 2644 3427 2714; x_wconf 87' lang='lat' dir='ltr'><strong>Filio,</strong></span> 
     </span>
    </p>
   </div>
   <div class='ocr_carea' id='block_1_87' title="bbox 1841 2723 3434 2805">
    <p class='ocr_par' dir='ltr' id='par_1_87' title="bbox 1841 2723 3434 2805">
     <span class='ocr_line' id='line_1_87' title="bbox 1841 2723 3434 2805; baseline 0.01 -29"><span class='ocrx_word' id='word_1_676' title='bbox 1841 2737 2101 2793; x_wconf 91' lang='lat' dir='ltr'><strong>separare</strong></span> <span class='ocrx_word' id='word_1_677' title='bbox 2130 2737 2239 2776; x_wconf 90' lang='lat' dir='ltr'><strong>non</strong></span> <span class='ocrx_word' id='word_1_678' title='bbox 2268 2723 2456 2792; x_wconf 91' lang='lat' dir='ltr'><strong>potuit.</strong></span> <span class='ocrx_word' id='word_1_679' title='bbox 2485 2723 2566 2776; x_wconf 87' lang='lat' dir='ltr'><strong>Ad</strong></span> <span class='ocrx_word' id='word_1_680' title='bbox 2595 2725 3081 2782; x_wconf 88' lang='lat' dir='ltr'><strong>commendandam</strong></span> <span class='ocrx_word' id='word_1_681' title='bbox 3099 2728 3278 2802; x_wconf 89' lang='lat' dir='ltr'><strong>itaque</strong></span> <span class='ocrx_word' id='word_1_682' title='bbox 3295 2749 3434 2805; x_wconf 84' lang='lat' dir='ltr'><strong>erga</strong></span> 
     </span>
    </p>
   </div>
   <div class='ocr_carea' id='block_1_88' title="bbox 1841 2810 3435 2886">
    <p class='ocr_par' dir='ltr' id='par_1_88' title="bbox 1841 2810 3435 2886">
     <span class='ocr_line' id='line_1_88' title="bbox 1841 2810 3435 2886; baseline 0.011 -22"><span class='ocrx_word' id='word_1_683' title='bbox 1841 2812 2116 2866; x_wconf 85' lang='lat' dir='ltr'><strong>hominem</strong></span> <span class='ocrx_word' id='word_1_684' title='bbox 2147 2810 2437 2882; x_wconf 71' lang='lat' dir='ltr'><strong>praecipua:</strong></span> <span class='ocrx_word' id='word_1_685' title='bbox 2466 2811 2772 2868; x_wconf 89' lang='lat' dir='ltr'><strong>dilectionis</strong></span> <span class='ocrx_word' id='word_1_686' title='bbox 2793 2830 2904 2869; x_wconf 84' lang='lat' dir='ltr'><strong>suae</strong></span> <span class='ocrx_word' id='word_1_687' title='bbox 2925 2817 3178 2886; x_wconf 86' lang='lat' dir='ltr'><strong>gratiam,</strong></span> <span class='ocrx_word' id='word_1_688' title='bbox 3204 2830 3257 2875; x_wconf 88' lang='lat' dir='ltr'><strong>ut</strong></span> <span class='ocrx_word' id='word_1_689' title='bbox 3271 2823 3435 2881; x_wconf 90' lang='lat' dir='ltr'><strong>homo</strong></span> 
     </span>
    </p>
   </div>
   <div class='ocr_carea' id='block_1_89' title="bbox 1844 2899 3439 2974">
    <p class='ocr_par' dir='ltr' id='par_1_89' title="bbox 1844 2899 3439 2974">
     <span class='ocr_line' id='line_1_89' title="bbox 1844 2899 3439 2974; baseline 0.009 -20"><span class='ocrx_word' id='word_1_690' title='bbox 1844 2899 2017 2971; x_wconf 92' lang='lat' dir='ltr'><strong>possit</strong></span> <span class='ocrx_word' id='word_1_691' title='bbox 2045 2915 2168 2955; x_wconf 90' lang='lat' dir='ltr'><strong>esse</strong></span> <span class='ocrx_word' id='word_1_692' title='bbox 2198 2899 2344 2970; x_wconf 91' lang='lat' dir='ltr'><strong>quod</strong></span> <span class='ocrx_word' id='word_1_693' title='bbox 2373 2899 2620 2954; x_wconf 89' lang='lat' dir='ltr'><strong>Christus</strong></span> <span class='ocrx_word' id='word_1_694' title='bbox 2652 2910 2731 2955; x_wconf 90' lang='lat' dir='ltr'><strong>est</strong></span> <span class='ocrx_word' id='word_1_695' title='bbox 2761 2903 2907 2974; x_wconf 91' lang='lat' dir='ltr'><strong>quod</strong></span> <span class='ocrx_word' id='word_1_696' title='bbox 2937 2904 3108 2961; x_wconf 91' lang='lat' dir='ltr'><strong>homo</strong></span> <span class='ocrx_word' id='word_1_697' title='bbox 3139 2917 3222 2964; x_wconf 94' lang='lat' dir='ltr'><strong>est</strong></span> <span class='ocrx_word' id='word_1_698' title='bbox 3275 2911 3439 2968; x_wconf 80' lang='lat' dir='ltr'><strong>Chri-</strong></span> 
     </span>
    </p>
   </div>
   <div class='ocr_carea' id='block_1_90' title="bbox 1846 2987 3436 3062">
    <p class='ocr_par' dir='ltr' id='par_1_90' title="bbox 1846 2987 3436 3062">
     <span class='ocr_line' id='line_1_90' title="bbox 1846 2987 3436 3062; baseline 0.009 -20"><span class='ocrx_word' id='word_1_699' title='bbox 1846 2997 1967 3042; x_wconf 84' lang='lat' dir='ltr'><strong>stus</strong></span> <span class='ocrx_word' id='word_1_700' title='bbox 1997 3004 2120 3043; x_wconf 87' lang='lat' dir='ltr'><strong>esse</strong></span> <span class='ocrx_word' id='word_1_701' title='bbox 2150 2987 2348 3043; x_wconf 88' lang='lat' dir='ltr'><strong>voluit.</strong></span> <span class='ocrx_word' id='word_1_702' title='bbox 2390 2988 2566 3054; x_wconf 88' lang='lat' dir='ltr'><strong>Illum,</strong></span> <span class='ocrx_word' id='word_1_703' title='bbox 2604 2989 2816 3057; x_wconf 87' lang='lat' dir='ltr'><strong>fratres,</strong></span> <span class='ocrx_word' id='word_1_704' title='bbox 2853 2993 2946 3062; x_wconf 93' lang='lat' dir='ltr'><strong>qui</strong></span> <span class='ocrx_word' id='word_1_705' title='bbox 2976 3008 3076 3049; x_wconf 90' lang='lat' dir='ltr'><strong>nos</strong></span> <span class='ocrx_word' id='word_1_706' title='bbox 3107 3003 3257 3053; x_wconf 86' lang='lat' dir='ltr'><strong>tanta</strong></span> <span class='ocrx_word' id='word_1_707' title='bbox 3302 3002 3436 3056; x_wconf 88' lang='lat' dir='ltr'><strong>cha-</strong></span> 
     </span>
    </p>
   </div>
   <div class='ocr_carea' id='block_1_91' title="bbox 1847 3076 3440 3148">
    <p class='ocr_par' dir='ltr' id='par_1_91' title="bbox 1847 3076 3440 3148">
     <span class='ocr_line' id='line_1_91' title="bbox 1847 3076 3440 3148; baseline 0.01 -18"><span class='ocrx_word' id='word_1_708' title='bbox 1847 3077 2001 3131; x_wconf 90' lang='lat' dir='ltr'><strong>ritate</strong></span> <span class='ocrx_word' id='word_1_709' title='bbox 2032 3076 2136 3131; x_wconf 90' lang='lat' dir='ltr'><strong>sibi</strong></span> <span class='ocrx_word' id='word_1_710' title='bbox 2164 3076 2459 3144; x_wconf 87' lang='lat' dir='ltr'><strong>conjunxit,</strong></span> <span class='ocrx_word' id='word_1_711' title='bbox 2493 3077 2623 3131; x_wconf 92' lang='lat' dir='ltr'><strong>totis</strong></span> <span class='ocrx_word' id='word_1_712' title='bbox 2653 3079 2848 3134; x_wconf 82' lang='lat' dir='ltr'><strong>animae</strong></span> <span class='ocrx_word' id='word_1_713' title='bbox 2878 3089 3080 3137; x_wconf 83' lang='lat' dir='ltr'><strong>nostrae</strong></span> <span class='ocrx_word' id='word_1_714' title='bbox 3137 3085 3440 3148; x_wconf 81' lang='lat' dir='ltr'><strong>visceribus</strong></span> 
     </span>
    </p>
   </div>
   <div class='ocr_carea' id='block_1_92' title="bbox 1848 3165 3439 3243">
    <p class='ocr_par' dir='ltr' id='par_1_92' title="bbox 1848 3165 3439 3243">
     <span class='ocr_line' id='line_1_92' title="bbox 1848 3165 3439 3243; baseline 0.009 -23"><span class='ocrx_word' id='word_1_715' title='bbox 1848 3165 2145 3236; x_wconf 86' lang='lat' dir='ltr'><strong>diligamus</strong></span> <span class='ocrx_word' id='word_1_716' title='bbox 2180 3183 2195 3231; x_wconf 88' lang='lat'><strong>;</strong></span> <span class='ocrx_word' id='word_1_717' title='bbox 2227 3180 2462 3236; x_wconf 89' lang='lat' dir='ltr'><strong>eumque</strong></span> <span class='ocrx_word' id='word_1_718' title='bbox 2490 3165 2766 3220; x_wconf 87' lang='lat' dir='ltr'><strong>humiliter</strong></span> <span class='ocrx_word' id='word_1_719' title='bbox 2795 3175 2958 3238; x_wconf 90' lang='lat' dir='ltr'><strong>atque</strong></span> <span class='ocrx_word' id='word_1_720' title='bbox 2989 3172 3308 3243; x_wconf 90' lang='lat' dir='ltr'><strong>suppliciter</strong></span> <span class='ocrx_word' id='word_1_721' title='bbox 3336 3193 3439 3234; x_wconf 88' lang='lat' dir='ltr'><strong>ex-</strong></span> 
     </span>
    </p>
   </div>
   <div class='ocr_carea' id='block_1_93' title="bbox 1851 3253 3436 3336">
    <p class='ocr_par' dir='ltr' id='par_1_93' title="bbox 1851 3253 3436 3336">
     <span class='ocr_line' id='line_1_93' title="bbox 1851 3253 3436 3336; baseline 0.009 -28"><span class='ocrx_word' id='word_1_722' title='bbox 1851 3269 2093 3320; x_wconf 91' lang='lat' dir='ltr'><strong>oremus,</strong></span> <span class='ocrx_word' id='word_1_723' title='bbox 2124 3261 2182 3308; x_wconf 91' lang='lat' dir='ltr'><strong>ut</strong></span> <span class='ocrx_word' id='word_1_724' title='bbox 2211 3254 2306 3324; x_wconf 91' lang='lat' dir='ltr'><strong>qui</strong></span> <span class='ocrx_word' id='word_1_725' title='bbox 2335 3269 2395 3308; x_wconf 91' lang='lat' dir='ltr'><strong>se</strong></span> <span class='ocrx_word' id='word_1_726' title='bbox 2419 3253 2734 3324; x_wconf 85' lang='lat' dir='ltr'><strong>participem</strong></span> <span class='ocrx_word' id='word_1_727' title='bbox 2775 3255 2902 3312; x_wconf 92' lang='lat' dir='ltr'><strong>fecit</strong></span> <span class='ocrx_word' id='word_1_728' title='bbox 2950 3268 3161 3316; x_wconf 71' lang='lat' dir='ltr'><strong>natura:</strong></span> <span class='ocrx_word' id='word_1_729' title='bbox 3216 3274 3436 3336; x_wconf 68' lang='lat' dir='ltr'><strong>nostrae,</strong></span> 
     </span>
    </p>
   </div>
   <div class='ocr_carea' id='block_1_94' title="bbox 1847 3341 3442 3421">
    <p class='ocr_par' dir='ltr' id='par_1_94' title="bbox 1847 3341 3442 3421">
     <span class='ocr_line' id='line_1_94' title="bbox 1847 3341 3442 3421; baseline 0.011 -25"><span class='ocrx_word' id='word_1_730' title='bbox 1847 3343 2146 3414; x_wconf 89' lang='lat' dir='ltr'><strong>participes</strong></span> <span class='ocrx_word' id='word_1_731' title='bbox 2167 3357 2268 3397; x_wconf 84' lang='lat' dir='ltr'><strong>nos</strong></span> <span class='ocrx_word' id='word_1_732' title='bbox 2298 3341 2459 3397; x_wconf 88' lang='lat' dir='ltr'><strong>faciat</strong></span> <span class='ocrx_word' id='word_1_733' title='bbox 2485 3343 2676 3416; x_wconf 80' lang='lat' dir='ltr'><strong>gloriae</strong></span> <span class='ocrx_word' id='word_1_734' title='bbox 2705 3360 2817 3399; x_wconf 81' lang='lat' dir='ltr'><strong>suae</strong></span> <span class='ocrx_word' id='word_1_735' title='bbox 2845 3367 2858 3412; x_wconf 86' lang='lat'>;</span> <span class='ocrx_word' id='word_1_736' title='bbox 2888 3355 2939 3402; x_wconf 91' lang='lat' dir='ltr'><strong>et</strong></span> <span class='ocrx_word' id='word_1_737' title='bbox 2980 3351 3071 3421; x_wconf 91' lang='lat' dir='ltr'><strong>qui</strong></span> <span class='ocrx_word' id='word_1_738' title='bbox 3108 3352 3221 3419; x_wconf 89' lang='lat' dir='ltr'><strong>jam</strong></span> <span class='ocrx_word' id='word_1_739' title='bbox 3269 3357 3442 3413; x_wconf 90' lang='lat' dir='ltr'><strong>semel</strong></span> 
     </span>
    </p>
   </div>
   <div class='ocr_carea' id='block_1_95' title="bbox 1847 3431 3442 3506">
    <p class='ocr_par' dir='ltr' id='par_1_95' title="bbox 1847 3431 3442 3506">
     <span class='ocr_line' id='line_1_95' title="bbox 1847 3431 3442 3506; baseline 0.009 -19"><span class='ocrx_word' id='word_1_740' title='bbox 1847 3432 1917 3487; x_wconf 90' lang='lat' dir='ltr'><strong>de</strong></span> <span class='ocrx_word' id='word_1_741' title='bbox 1948 3431 2096 3487; x_wconf 88' lang='lat' dir='ltr'><strong>fonte</strong></span> <span class='ocrx_word' id='word_1_742' title='bbox 2125 3431 2464 3502; x_wconf 89' lang='lat' dir='ltr'><strong>baptismatis</strong></span> <span class='ocrx_word' id='word_1_743' title='bbox 2491 3447 2591 3503; x_wconf 92' lang='lat' dir='ltr'><strong>per</strong></span> <span class='ocrx_word' id='word_1_744' title='bbox 2618 3434 2736 3502; x_wconf 87' lang='lat' dir='ltr'><strong>ejus</strong></span> <span class='ocrx_word' id='word_1_745' title='bbox 2763 3436 2999 3506; x_wconf 86' lang='lat' dir='ltr'><strong>gratiam</strong></span> <span class='ocrx_word' id='word_1_746' title='bbox 3029 3446 3084 3494; x_wconf 89' lang='lat' dir='ltr'><strong>et</strong></span> <span class='ocrx_word' id='word_1_747' title='bbox 3115 3441 3442 3500; x_wconf 85' lang='lat' dir='ltr'><strong>misericor-</strong></span> 
     </span>
    </p>
   </div>
   <div class='ocr_carea' id='block_1_96' title="bbox 1848 3519 3441 3599">
    <p class='ocr_par' dir='ltr' id='par_1_96' title="bbox 1848 3519 3441 3599">
     <span class='ocr_line' id='line_1_96' title="bbox 1848 3519 3441 3599; baseline 0.009 -25"><span class='ocrx_word' id='word_1_748' title='bbox 1848 3520 1996 3576; x_wconf 91' lang='lat' dir='ltr'><strong>diam</strong></span> <span class='ocrx_word' id='word_1_749' title='bbox 2026 3519 2142 3575; x_wconf 91' lang='lat' dir='ltr'><strong>sine</strong></span> <span class='ocrx_word' id='word_1_750' title='bbox 2172 3527 2396 3590; x_wconf 87' lang='lat' dir='ltr'><strong>peccato</strong></span> <span class='ocrx_word' id='word_1_751' title='bbox 2427 3521 2788 3589; x_wconf 87' lang='lat' dir='ltr'><strong>surreximus,</strong></span> <span class='ocrx_word' id='word_1_752' title='bbox 2821 3524 3016 3580; x_wconf 90' lang='lat' dir='ltr'><strong>eadem</strong></span> <span class='ocrx_word' id='word_1_753' title='bbox 3045 3530 3219 3599; x_wconf 87' lang='lat' dir='ltr'><strong>gratia</strong></span> <span class='ocrx_word' id='word_1_754' title='bbox 3249 3539 3304 3587; x_wconf 91' lang='lat' dir='ltr'><strong>et</strong></span> <span class='ocrx_word' id='word_1_755' title='bbox 3331 3535 3441 3590; x_wconf 90' lang='lat' dir='ltr'><strong>mi-</strong></span> 
     </span>
    </p>
   </div>
   <div class='ocr_carea' id='block_1_97' title="bbox 1849 3609 3438 3695">
    <p class='ocr_par' dir='ltr' id='par_1_97' title="bbox 1849 3609 3438 3695">
     <span class='ocr_line' id='line_1_97' title="bbox 1849 3609 3438 3695; baseline 0.011 -32"><span class='ocrx_word' id='word_1_756' title='bbox 1849 3609 2145 3666; x_wconf 90' lang='lat' dir='ltr'><strong>sericordia</strong></span> <span class='ocrx_word' id='word_1_757' title='bbox 2177 3625 2296 3677; x_wconf 91' lang='lat' dir='ltr'><strong>sua,</strong></span> <span class='ocrx_word' id='word_1_758' title='bbox 2329 3609 2383 3664; x_wconf 91' lang='lat' dir='ltr'><strong>in</strong></span> <span class='ocrx_word' id='word_1_759' title='bbox 2413 3609 2504 3664; x_wconf 90' lang='lat' dir='ltr'><strong>illa</strong></span> <span class='ocrx_word' id='word_1_760' title='bbox 2532 3613 2934 3669; x_wconf 90' lang='lat' dir='ltr'><strong>resurrectione</strong></span> <span class='ocrx_word' id='word_1_761' title='bbox 2959 3618 3198 3674; x_wconf 90' lang='lat' dir='ltr'><strong>secunda</strong></span> <span class='ocrx_word' id='word_1_762' title='bbox 3228 3621 3438 3695; x_wconf 90' lang='lat' dir='ltr'><strong>absque</strong></span> 
     </span>
    </p>
   </div>
   <div class='ocr_carea' id='block_1_98' title="bbox 1848 3698 3437 3781">
    <p class='ocr_par' dir='ltr' id='par_1_98' title="bbox 1848 3698 3437 3781">
     <span class='ocr_line' id='line_1_98' title="bbox 1848 3698 3437 3781; baseline 0.009 -28"><span class='ocrx_word' id='word_1_763' title='bbox 1848 3698 1995 3753; x_wconf 91' lang='lat' dir='ltr'><strong>omni</strong></span> <span class='ocrx_word' id='word_1_764' title='bbox 2022 3698 2349 3769; x_wconf 89' lang='lat' dir='ltr'><strong>contagione</strong></span> <span class='ocrx_word' id='word_1_765' title='bbox 2378 3699 2587 3769; x_wconf 89' lang='lat' dir='ltr'><strong>peccati</strong></span> <span class='ocrx_word' id='word_1_766' title='bbox 2617 3716 2998 3773; x_wconf 85' lang='lat' dir='ltr'><strong>resurgamus,</strong></span> <span class='ocrx_word' id='word_1_767' title='bbox 3022 3704 3312 3781; x_wconf 90' lang='lat' dir='ltr'><strong>ipsumque</strong></span> <span class='ocrx_word' id='word_1_768' title='bbox 3349 3713 3437 3768; x_wconf 90' lang='lat' dir='ltr'><strong>vi-</strong></span> 
     </span>
    </p>
   </div>
   <div class='ocr_carea' id='block_1_99' title="bbox 1849 3787 3439 3868">
    <p class='ocr_par' dir='ltr' id='par_1_99' title="bbox 1849 3787 3439 3868">
     <span class='ocr_line' id='line_1_99' title="bbox 1849 3787 3439 3868; baseline 0.009 -26"><span class='ocrx_word' id='word_1_769' title='bbox 1849 3787 1978 3843; x_wconf 89' lang='lat' dir='ltr'><strong>dere</strong></span> <span class='ocrx_word' id='word_1_770' title='bbox 2007 3788 2210 3857; x_wconf 89' lang='lat' dir='ltr'><strong>pariter</strong></span> <span class='ocrx_word' id='word_1_771' title='bbox 2230 3795 2285 3842; x_wconf 94' lang='lat' dir='ltr'><strong>et</strong></span> <span class='ocrx_word' id='word_1_772' title='bbox 2311 3787 2510 3843; x_wconf 88' lang='lat' dir='ltr'><strong>habere</strong></span> <span class='ocrx_word' id='word_1_773' title='bbox 2540 3804 2847 3846; x_wconf 89' lang='lat' dir='ltr'><strong>mereamur</strong></span> <span class='ocrx_word' id='word_1_774' title='bbox 2899 3793 3084 3848; x_wconf 88' lang='lat' dir='ltr'><strong>Jesum</strong></span> <span class='ocrx_word' id='word_1_775' title='bbox 3143 3797 3439 3868; x_wconf 88' lang='lat' dir='ltr'><strong>Christum,</strong></span> 
     </span>
    </p>
   </div>
   <div class='ocr_carea' id='block_1_100' title="bbox 1850 3875 3444 3957">
    <p class='ocr_par' dir='ltr' id='par_1_100' title="bbox 1850 3875 3444 3957">
     <span class='ocr_line' id='line_1_100' title="bbox 1850 3875 3444 3957; baseline 0.011 -28"><span class='ocrx_word' id='word_1_776' title='bbox 1850 3875 2166 3932; x_wconf 89' lang='lat' dir='ltr'><strong>Creatorem</strong></span> <span class='ocrx_word' id='word_1_777' title='bbox 2225 3884 2277 3932; x_wconf 91' lang='lat' dir='ltr'><strong>et</strong></span> <span class='ocrx_word' id='word_1_778' title='bbox 2331 3877 2756 3948; x_wconf 79' lang='lat' dir='ltr'><strong>Redemptorem</strong></span> <span class='ocrx_word' id='word_1_779' title='bbox 2813 3891 3076 3951; x_wconf 90' lang='lat' dir='ltr'><strong>nostrum,</strong></span> <span class='ocrx_word' id='word_1_780' title='bbox 3138 3886 3228 3957; x_wconf 90' lang='lat' dir='ltr'><strong>qui</strong></span> <span class='ocrx_word' id='word_1_781' title='bbox 3301 3905 3444 3947; x_wconf 87' lang='lat' dir='ltr'><strong>unus</strong></span> 
     </span>
    </p>
   </div>
   <div class='ocr_carea' id='block_1_101' title="bbox 1849 3966 3415 4050">
    <p class='ocr_par' dir='ltr' id='par_1_101' title="bbox 1849 3966 3415 4050">
     <span class='ocr_line' id='line_1_101' title="bbox 1849 3966 3415 4050; baseline 0.01 -30"><span class='ocrx_word' id='word_1_782' title='bbox 1849 3966 1998 4021; x_wconf 90' lang='lat' dir='ltr'><strong>Deus</strong></span> <span class='ocrx_word' id='word_1_783' title='bbox 2026 3981 2149 4021; x_wconf 86' lang='lat' dir='ltr'><strong>cum</strong></span> <span class='ocrx_word' id='word_1_784' title='bbox 2181 3966 2331 4022; x_wconf 88' lang='lat' dir='ltr'><strong>Patre</strong></span> <span class='ocrx_word' id='word_1_785' title='bbox 2361 3973 2414 4021; x_wconf 90' lang='lat' dir='ltr'><strong>et</strong></span> <span class='ocrx_word' id='word_1_786' title='bbox 2444 3967 2644 4038; x_wconf 91' lang='lat' dir='ltr'><strong>Spiritu</strong></span> <span class='ocrx_word' id='word_1_787' title='bbox 2666 3978 2855 4026; x_wconf 91' lang='lat' dir='ltr'><strong>sancto</strong></span> <span class='ocrx_word' id='word_1_788' title='bbox 2885 3971 3016 4028; x_wconf 91' lang='lat' dir='ltr'><strong>vivit</strong></span> <span class='ocrx_word' id='word_1_789' title='bbox 3036 3981 3088 4030; x_wconf 91' lang='lat' dir='ltr'><strong>et</strong></span> <span class='ocrx_word' id='word_1_790' title='bbox 3117 3983 3309 4049; x_wconf 83' lang='lat' dir='ltr'><strong>regnat</strong></span> <span class='ocrx_word' id='word_1_791' title='bbox 3344 3993 3415 4050; x_wconf 87' lang='lat' dir='ltr'><strong>pe</strong></span> 
     </span>
    </p>
   </div>
   <div class='ocr_carea' id='block_1_102' title="bbox 1849 4055 2867 4116">
    <p class='ocr_par' dir='ltr' id='par_1_102' title="bbox 1849 4055 2867 4116">
     <span class='ocr_line' id='line_1_102' title="bbox 1849 4055 2867 4116; baseline 0.002 -4"><span class='ocrx_word' id='word_1_792' title='bbox 1849 4055 2029 4112; x_wconf 88' lang='lat' dir='ltr'><strong>omnia</strong></span> <span class='ocrx_word' id='word_1_793' title='bbox 2059 4055 2258 4112; x_wconf 85' lang='lat' dir='ltr'><strong>saecula</strong></span> <span class='ocrx_word' id='word_1_794' title='bbox 2286 4055 2634 4113; x_wconf 83' lang='lat' dir='ltr'><strong>saeculorum.</strong></span> <span class='ocrx_word' id='word_1_795' title='bbox 2665 4060 2867 4116; x_wconf 81' lang='lat' dir='ltr'><strong>Amen.</strong></span> 
     </span>
    </p>
   </div>
   <div class='ocr_carea' id='block_1_103' title="bbox 2454 4269 2829 4330">
    <p class='ocr_par' dir='ltr' id='par_1_103' title="bbox 2454 4269 2829 4330">
     <span class='ocr_line' id='line_1_103' title="bbox 2454 4269 2829 4330; baseline 0.013 -5"><span class='ocrx_word' id='word_1_796' title='bbox 2454 4269 2692 4327; x_wconf 81' lang='lat' dir='ltr'><strong>SERMO</strong></span> <span class='ocrx_word' id='word_1_797' title='bbox 2734 4272 2829 4330; x_wconf 83' lang='lat' dir='ltr'><strong>Vl.</strong></span> 
     </span>
    </p>
   </div>
   <div class='ocr_carea' id='block_1_104' title="bbox 2277 4459 2993 4506">
    <p class='ocr_par' dir='ltr' id='par_1_104' title="bbox 2277 4459 2993 4506">
     <span class='ocr_line' id='line_1_104' title="bbox 2277 4459 2993 4506; baseline 0.01 -7"><span class='ocrx_word' id='word_1_798' title='bbox 2277 4459 2350 4500; x_wconf 84' lang='lat' dir='ltr'><strong>DE</strong></span> <span class='ocrx_word' id='word_1_799' title='bbox 2387 4460 2732 4504; x_wconf 74' lang='lat' dir='ltr'><strong>ASCENSIONE</strong></span> <span class='ocrx_word' id='word_1_800' title='bbox 2769 4463 2967 4506; x_wconf 76' lang='lat' dir='ltr'><strong>DOMINI</strong></span> <span class='ocrx_word' id='word_1_801' title='bbox 2979 4491 2993 4506; x_wconf 83' lang='lat'><strong>.</strong></span> 
     </span>
    </p>
   </div>
   <div class='ocr_carea' id='block_1_105' title="bbox 1843 4622 3442 4693">
    <p class='ocr_par' dir='ltr' id='par_1_105' title="bbox 1843 4622 3442 4693">
     <span class='ocr_line' id='line_1_105' title="bbox 1843 4622 3442 4693; baseline 0.01 -17"><span class='ocrx_word' id='word_1_802' title='bbox 1843 4641 1848 4646; x_wconf 67' lang='lat'><strong><em>&#39;</em></strong></span> <span class='ocrx_word' id='word_1_803' title='bbox 1927 4622 2204 4679; x_wconf 84' lang='lat' dir='ltr'><strong>Hodierna</strong></span> <span class='ocrx_word' id='word_1_804' title='bbox 2227 4623 2333 4689; x_wconf 84' lang='lat' dir='ltr'><strong>die,</strong></span> <span class='ocrx_word' id='word_1_805' title='bbox 2369 4623 2727 4693; x_wconf 89' lang='lat' dir='ltr'><strong>dilectissimi,</strong></span> <span class='ocrx_word' id='word_1_806' title='bbox 2765 4627 2929 4684; x_wconf 86' lang='lat' dir='ltr'><strong>homo</strong></span> <span class='ocrx_word' id='word_1_807' title='bbox 2984 4629 3037 4685; x_wconf 91' lang='lat' dir='ltr'><strong>in</strong></span> <span class='ocrx_word' id='word_1_808' title='bbox 3095 4629 3211 4689; x_wconf 87' lang='lat' dir='ltr'><strong>Deo</strong></span> <span class='ocrx_word' id='word_1_809' title='bbox 3266 4632 3442 4692; x_wconf 63' lang='lat' dir='ltr'><strong>caelos</strong></span> 
     </span>
    </p>
   </div>
   <div class='ocr_carea' id='block_1_106' title="bbox 1851 4712 3445 4796">
    <p class='ocr_par' dir='ltr' id='par_1_106' title="bbox 1851 4712 3445 4796">
     <span class='ocr_line' id='line_1_106' title="bbox 1851 4712 3445 4796; baseline 0.007 -28"><span class='ocrx_word' id='word_1_810' title='bbox 1851 4713 2097 4768; x_wconf 88' lang='lat' dir='ltr'><strong>ascendit</strong></span> <span class='ocrx_word' id='word_1_811' title='bbox 2118 4721 2171 4768; x_wconf 92' lang='lat' dir='ltr'><strong>et</strong></span> <span class='ocrx_word' id='word_1_812' title='bbox 2201 4713 2345 4768; x_wconf 91' lang='lat' dir='ltr'><strong>Deus</strong></span> <span class='ocrx_word' id='word_1_813' title='bbox 2365 4712 2418 4767; x_wconf 91' lang='lat' dir='ltr'><strong>in</strong></span> <span class='ocrx_word' id='word_1_814' title='bbox 2448 4714 2686 4770; x_wconf 88' lang='lat' dir='ltr'><strong>homine.</strong></span> <span class='ocrx_word' id='word_1_815' title='bbox 2727 4716 2978 4773; x_wconf 87' lang='lat' dir='ltr'><strong>Christus</strong></span> <span class='ocrx_word' id='word_1_816' title='bbox 3007 4720 3106 4776; x_wconf 90' lang='lat' dir='ltr'><strong>Dei</strong></span> <span class='ocrx_word' id='word_1_817' title='bbox 3131 4729 3183 4777; x_wconf 91' lang='lat' dir='ltr'><strong>et</strong></span> <span class='ocrx_word' id='word_1_818' title='bbox 3206 4723 3445 4796; x_wconf 85' lang='lat' dir='ltr'><strong>Virginis</strong></span> 
     </span>
    </p>
   </div>
   <div class='ocr_carea' id='block_1_107' title="bbox 1854 4801 3446 4873">
    <p class='ocr_par' dir='ltr' id='par_1_107' title="bbox 1854 4801 3446 4873">
     <span class='ocr_line' id='line_1_107' title="bbox 1854 4801 3446 4873; baseline 0.008 -18"><span class='ocrx_word' id='word_1_819' title='bbox 1854 4801 2039 4870; x_wconf 90' lang='lat' dir='ltr'><strong>Filius,</strong></span> <span class='ocrx_word' id='word_1_820' title='bbox 2073 4810 2327 4868; x_wconf 87' lang='lat' dir='ltr'><strong>matrem,</strong></span> <span class='ocrx_word' id='word_1_821' title='bbox 2346 4801 2400 4856; x_wconf 92' lang='lat' dir='ltr'><strong>in</strong></span> <span class='ocrx_word' id='word_1_822' title='bbox 2422 4817 2523 4873; x_wconf 89' lang='lat' dir='ltr'><strong>qua</strong></span> <span class='ocrx_word' id='word_1_823' title='bbox 2539 4803 2683 4873; x_wconf 88' lang='lat' dir='ltr'><strong>cepit</strong></span> <span class='ocrx_word' id='word_1_824' title='bbox 2703 4804 2961 4873; x_wconf 91' lang='lat' dir='ltr'><strong>animam,</strong></span> <span class='ocrx_word' id='word_1_825' title='bbox 2992 4815 3281 4864; x_wconf 89' lang='lat' dir='ltr'><strong>etcarnem</strong></span> <span class='ocrx_word' id='word_1_826' title='bbox 3311 4825 3446 4867; x_wconf 90' lang='lat' dir='ltr'><strong>cor-</strong></span> 
     </span>
    </p>
   </div>
   <div class='ocr_carea' id='block_1_108' title="bbox 1852 4889 3447 4966">
    <p class='ocr_par' dir='ltr' id='par_1_108' title="bbox 1852 4889 3447 4966">
     <span class='ocr_line' id='line_1_108' title="bbox 1852 4889 3447 4966; baseline 0.008 -22"><span class='ocrx_word' id='word_1_827' title='bbox 1852 4890 2117 4962; x_wconf 91' lang='lat' dir='ltr'><strong>poraliter</strong></span> <span class='ocrx_word' id='word_1_828' title='bbox 2146 4889 2200 4945; x_wconf 89' lang='lat' dir='ltr'><strong>in</strong></span> <span class='ocrx_word' id='word_1_829' title='bbox 2232 4898 2376 4945; x_wconf 87' lang='lat' dir='ltr'><strong>terra</strong></span> <span class='ocrx_word' id='word_1_830' title='bbox 2408 4889 2575 4966; x_wconf 83' lang='lat'><strong>366</strong></span> <span class='ocrx_word' id='word_1_831' title='bbox 2622 4891 2861 4964; x_wconf 89' lang='lat' dir='ltr'><strong>reliquit,</strong></span> <span class='ocrx_word' id='word_1_832' title='bbox 2920 4903 2973 4951; x_wconf 91' lang='lat' dir='ltr'><strong>et</strong></span> <span class='ocrx_word' id='word_1_833' title='bbox 3028 4899 3334 4954; x_wconf 90' lang='lat' dir='ltr'><strong>ascendens</strong></span> <span class='ocrx_word' id='word_1_834' title='bbox 3392 4900 3447 4954; x_wconf 93' lang='lat' dir='ltr'><strong>in</strong></span> 
     </span>
    </p>
   </div>
   <div class='ocr_carea' id='block_1_109' title="bbox 1855 4985 3447 5063">
    <p class='ocr_par' dir='ltr' id='par_1_109' title="bbox 1855 4985 3447 5063">
     <span class='ocr_line' id='line_1_109' title="bbox 1855 4985 3447 5063; baseline 0.006 -21"><span class='ocrx_word' id='word_1_835' title='bbox 1855 4985 2054 5043; x_wconf 68' lang='lat' dir='ltr'><strong>caelum</strong></span> <span class='ocrx_word' id='word_1_836' title='bbox 2080 4985 2236 5057; x_wconf 91' lang='lat' dir='ltr'><strong>petiit</strong></span> <span class='ocrx_word' id='word_1_837' title='bbox 2262 4987 2484 5043; x_wconf 87' lang='lat' dir='ltr'><strong>Patrem</strong></span> <span class='ocrx_word' id='word_1_838' title='bbox 2518 5007 2530 5042; x_wconf 90' lang='lat'><strong>:</strong></span> <span class='ocrx_word' id='word_1_839' title='bbox 2566 4989 2656 5061; x_wconf 91' lang='lat' dir='ltr'><strong>qui</strong></span> <span class='ocrx_word' id='word_1_840' title='bbox 2687 4989 2811 5045; x_wconf 90' lang='lat' dir='ltr'><strong>licet</strong></span> <span class='ocrx_word' id='word_1_841' title='bbox 2832 4989 2888 5044; x_wconf 91' lang='lat' dir='ltr'><strong>in</strong></span> <span class='ocrx_word' id='word_1_842' title='bbox 2917 4991 3026 5047; x_wconf 93' lang='lat' dir='ltr'><strong>alio</strong></span> <span class='ocrx_word' id='word_1_843' title='bbox 3080 4993 3228 5049; x_wconf 88' lang='lat' dir='ltr'><strong>aliud</strong></span> <span class='ocrx_word' id='word_1_844' title='bbox 3280 5004 3447 5063; x_wconf 88' lang='lat' dir='ltr'><strong>esset,</strong></span> 
     </span>
    </p>
   </div>
   <div class='ocr_carea' id='block_1_110' title="bbox 1856 5073 3451 5150">
    <p class='ocr_par' dir='ltr' id='par_1_110' title="bbox 1856 5073 3451 5150">
     <span class='ocr_line' id='line_1_110' title="bbox 1856 5073 3451 5150; baseline 0.006 -22"><span class='ocrx_word' id='word_1_845' title='bbox 1856 5073 1918 5130; x_wconf 82' lang='lat' dir='ltr'><strong>in&#39;</strong></span> <span class='ocrx_word' id='word_1_846' title='bbox 1938 5076 2108 5131; x_wconf 91' lang='lat' dir='ltr'><strong>altero</strong></span> <span class='ocrx_word' id='word_1_847' title='bbox 2130 5075 2330 5131; x_wconf 89' lang='lat' dir='ltr'><strong>exstitit</strong></span> <span class='ocrx_word' id='word_1_848' title='bbox 2349 5076 2521 5132; x_wconf 91' lang='lat' dir='ltr'><strong>idem.</strong></span> <span class='ocrx_word' id='word_1_849' title='bbox 2560 5076 2720 5132; x_wconf 86' lang='lat' dir='ltr'><strong>Aliud</strong></span> <span class='ocrx_word' id='word_1_850' title='bbox 2751 5079 2970 5150; x_wconf 90' lang='lat' dir='ltr'><strong>quidem</strong></span> <span class='ocrx_word' id='word_1_851' title='bbox 3000 5081 3055 5135; x_wconf 91' lang='lat' dir='ltr'><strong>in</strong></span> <span class='ocrx_word' id='word_1_852' title='bbox 3109 5089 3304 5138; x_wconf 90' lang='lat' dir='ltr'><strong>natura</strong></span> <span class='ocrx_word' id='word_1_853' title='bbox 3357 5083 3451 5140; x_wconf 91' lang='lat' dir='ltr'><strong>di-</strong></span> 
     </span>
    </p>
   </div>
   <div class='ocr_carea' id='block_1_111' title="bbox 1855 5164 3449 5243">
    <p class='ocr_par' dir='ltr' id='par_1_111' title="bbox 1855 5164 3449 5243">
     <span class='ocr_line' id='line_1_111' title="bbox 1855 5164 3449 5243; baseline 0.004 -21"><span class='ocrx_word' id='word_1_854' title='bbox 1855 5164 2106 5233; x_wconf 85' lang='lat' dir='ltr'><strong>vinitatis,</strong></span> <span class='ocrx_word' id='word_1_855' title='bbox 2141 5180 2249 5220; x_wconf 91' lang='lat' dir='ltr'><strong>non</strong></span> <span class='ocrx_word' id='word_1_856' title='bbox 2274 5165 2420 5220; x_wconf 92' lang='lat' dir='ltr'><strong>aliud</strong></span> <span class='ocrx_word' id='word_1_857' title='bbox 2452 5173 2631 5222; x_wconf 88' lang='lat' dir='ltr'><strong>tamen</strong></span> <span class='ocrx_word' id='word_1_858' title='bbox 2660 5165 2714 5221; x_wconf 90' lang='lat' dir='ltr'><strong>in</strong></span> <span class='ocrx_word' id='word_1_859' title='bbox 2745 5183 2984 5238; x_wconf 90' lang='lat' dir='ltr'><strong>persona</strong></span> <span class='ocrx_word' id='word_1_860' title='bbox 3003 5178 3296 5243; x_wconf 59' lang='lat' dir='ltr'><strong>assumpta)</strong></span> <span class='ocrx_word' id='word_1_861' title='bbox 3346 5173 3449 5228; x_wconf 91' lang='lat' dir='ltr'><strong>hu-</strong></span> 
     </span>
    </p>
   </div>
   <div class='ocr_carea' id='block_1_112' title="bbox 1857 5253 3451 5327">
    <p class='ocr_par' dir='ltr' id='par_1_112' title="bbox 1857 5253 3451 5327">
     <span class='ocr_line' id='line_1_112' title="bbox 1857 5253 3451 5327; baseline 0.006 -19"><span class='ocrx_word' id='word_1_862' title='bbox 1857 5253 2155 5309; x_wconf 89' lang='lat' dir='ltr'><strong>manitatis.</strong></span> <span class='ocrx_word' id='word_1_863' title='bbox 2190 5253 2386 5309; x_wconf 85' lang='lat' dir='ltr'><strong>Forma</strong></span> <span class='ocrx_word' id='word_1_864' title='bbox 2413 5254 2599 5327; x_wconf 91' lang='lat' dir='ltr'><strong>utique</strong></span> <span class='ocrx_word' id='word_1_865' title='bbox 2630 5254 2731 5311; x_wconf 93' lang='lat' dir='ltr'><strong>Dei</strong></span> <span class='ocrx_word' id='word_1_866' title='bbox 2768 5255 2942 5312; x_wconf 91' lang='lat' dir='ltr'><strong>forma</strong></span> <span class='ocrx_word' id='word_1_867' title='bbox 2988 5258 3222 5314; x_wconf 90' lang='lat' dir='ltr'><strong>hominis</strong></span> <span class='ocrx_word' id='word_1_868' title='bbox 3261 5260 3451 5318; x_wconf 81' lang='lat' dir='ltr'><strong>induta</strong></span> 
     </span>
    </p>
   </div>
   <div class='ocr_carea' id='block_1_113' title="bbox 1856 5341 3455 5419">
    <p class='ocr_par' dir='ltr' id='par_1_113' title="bbox 1856 5341 3455 5419">
     <span class='ocr_line' id='line_1_113' title="bbox 1856 5341 3455 5419; baseline 0.004 -21"><span class='ocrx_word' id='word_1_869' title='bbox 1856 5349 1956 5408; x_wconf 89' lang='lat' dir='ltr'><strong>est,</strong></span> <span class='ocrx_word' id='word_1_870' title='bbox 1993 5342 2136 5414; x_wconf 92' lang='lat' dir='ltr'><strong>quod</strong></span> <span class='ocrx_word' id='word_1_871' title='bbox 2176 5341 2494 5398; x_wconf 89' lang='lat' dir='ltr'><strong>salubritrer</strong></span> <span class='ocrx_word' id='word_1_872' title='bbox 2517 5344 2774 5412; x_wconf 88' lang='lat' dir='ltr'><strong>creditur,</strong></span> <span class='ocrx_word' id='word_1_873' title='bbox 2791 5353 2843 5400; x_wconf 88' lang='lat' dir='ltr'><strong>et</strong></span> <span class='ocrx_word' id='word_1_874' title='bbox 2864 5346 2955 5418; x_wconf 90' lang='lat' dir='ltr'><strong>qui</strong></span> <span class='ocrx_word' id='word_1_875' title='bbox 2973 5355 3090 5402; x_wconf 89' lang='lat' dir='ltr'><strong>erat</strong></span> <span class='ocrx_word' id='word_1_876' title='bbox 3119 5363 3242 5404; x_wconf 90' lang='lat' dir='ltr'><strong>cum</strong></span> <span class='ocrx_word' id='word_1_877' title='bbox 3265 5350 3455 5419; x_wconf 87' lang='lat' dir='ltr'><strong>Patre,</strong></span> 
     </span>
    </p>
   </div>
   <div class='ocr_carea' id='block_1_114' title="bbox 1858 5431 3454 5502">
    <p class='ocr_par' dir='ltr' id='par_1_114' title="bbox 1858 5431 3454 5502">
     <span class='ocr_line' id='line_1_114' title="bbox 1858 5431 3454 5502; baseline 0.005 -16"><span class='ocrx_word' id='word_1_878' title='bbox 1858 5431 2077 5487; x_wconf 87' lang='lat' dir='ltr'><strong>Patrem</strong></span> <span class='ocrx_word' id='word_1_879' title='bbox 2109 5431 2263 5502; x_wconf 90' lang='lat' dir='ltr'><strong>petiit</strong></span> <span class='ocrx_word' id='word_1_880' title='bbox 2290 5431 2345 5485; x_wconf 90' lang='lat' dir='ltr'><strong>in</strong></span> <span class='ocrx_word' id='word_1_881' title='bbox 2371 5432 2610 5488; x_wconf 92' lang='lat' dir='ltr'><strong>homine.</strong></span> <span class='ocrx_word' id='word_1_882' title='bbox 2642 5433 2751 5490; x_wconf 88' lang='lat' dir='ltr'><strong>Sed</strong></span> <span class='ocrx_word' id='word_1_883' title='bbox 2780 5434 2918 5490; x_wconf 87' lang='lat' dir='ltr'><strong>alter</strong></span> <span class='ocrx_word' id='word_1_884' title='bbox 2937 5435 3004 5489; x_wconf 92' lang='lat' dir='ltr'><strong>ab</strong></span> <span class='ocrx_word' id='word_1_885' title='bbox 3032 5437 3207 5493; x_wconf 91' lang='lat' dir='ltr'><strong>altero</strong></span> <span class='ocrx_word' id='word_1_886' title='bbox 3265 5437 3454 5496; x_wconf 90' lang='lat' dir='ltr'><strong>eleva-</strong></span> 
     </span>
    </p>
   </div>
   <div class='ocr_carea' id='block_1_115' title="bbox 1863 5521 3452 5591">
    <p class='ocr_par' dir='ltr' id='par_1_115' title="bbox 1863 5521 3452 5591">
     <span class='ocr_line' id='line_1_115' title="bbox 1863 5521 3452 5591; baseline 0.006 -15"><span class='ocrx_word' id='word_1_887' title='bbox 1863 5529 1970 5590; x_wconf 89' lang='lat' dir='ltr'><strong>tur,</strong></span> <span class='ocrx_word' id='word_1_888' title='bbox 2005 5529 2056 5576; x_wconf 91' lang='lat' dir='ltr'><strong>et</strong></span> <span class='ocrx_word' id='word_1_889' title='bbox 2088 5529 2374 5591; x_wconf 89' lang='lat' dir='ltr'><strong>suspectus</strong></span> <span class='ocrx_word' id='word_1_890' title='bbox 2401 5537 2431 5575; x_wconf 92' lang='lat' dir='ltr'><strong>a</strong></span> <span class='ocrx_word' id='word_1_891' title='bbox 2461 5522 2604 5577; x_wconf 90' lang='lat' dir='ltr'><strong>nube</strong></span> <span class='ocrx_word' id='word_1_892' title='bbox 2617 5521 2670 5575; x_wconf 89' lang='lat' dir='ltr'><strong>in</strong></span> <span class='ocrx_word' id='word_1_893' title='bbox 2696 5523 2869 5578; x_wconf 88' lang='lat' dir='ltr'><strong>Patris</strong></span> <span class='ocrx_word' id='word_1_894' title='bbox 2887 5524 3120 5580; x_wconf 89' lang='lat' dir='ltr'><strong>dextera</strong></span> <span class='ocrx_word' id='word_1_895' title='bbox 3135 5526 3452 5585; x_wconf 88' lang='lat' dir='ltr'><strong>collocatur.</strong></span> 
     </span>
    </p>
   </div>
   <div class='ocr_carea' id='block_1_116' title="bbox 1863 5608 3450 5688">
    <p class='ocr_par' dir='ltr' id='par_1_116' title="bbox 1863 5608 3450 5688">
     <span class='ocr_line' id='line_1_116' title="bbox 1863 5608 3450 5688; baseline 0.004 -23"><span class='ocrx_word' id='word_1_896' title='bbox 1863 5611 2016 5665; x_wconf 85' lang='lat' dir='ltr'><strong>Hanc</strong></span> <span class='ocrx_word' id='word_1_897' title='bbox 2045 5608 2417 5665; x_wconf 85' lang='lat' dir='ltr'><strong>venerabilem</strong></span> <span class='ocrx_word' id='word_1_898' title='bbox 2447 5609 2827 5666; x_wconf 88' lang='lat' dir='ltr'><strong>ascensionem</strong></span> <span class='ocrx_word' id='word_1_899' title='bbox 2857 5628 3012 5667; x_wconf 90' lang='lat' dir='ltr'><strong>suam</strong></span> <span class='ocrx_word' id='word_1_900' title='bbox 3046 5613 3198 5684; x_wconf 91' lang='lat' dir='ltr'><strong>prius</strong></span> <span class='ocrx_word' id='word_1_901' title='bbox 3230 5616 3450 5688; x_wconf 90' lang='lat' dir='ltr'><strong>quidem</strong></span> 
     </span>
    </p>
   </div>
   <div class='ocr_carea' id='block_1_117' title="bbox 1856 5697 3457 5775">
    <p class='ocr_par' dir='ltr' id='par_1_117' title="bbox 1856 5697 3457 5775">
     <span class='ocr_line' id='line_1_117' title="bbox 1856 5697 3457 5775; baseline 0.005 -19"><span class='ocrx_word' id='word_1_902' title='bbox 1856 5717 1956 5773; x_wconf 91' lang='lat' dir='ltr'><strong>per</strong></span> <span class='ocrx_word' id='word_1_903' title='bbox 2011 5697 2384 5769; x_wconf 90' lang='lat' dir='ltr'><strong>semetipsum,</strong></span> <span class='ocrx_word' id='word_1_904' title='bbox 2445 5707 2497 5753; x_wconf 92' lang='lat' dir='ltr'><strong>et</strong></span> <span class='ocrx_word' id='word_1_905' title='bbox 2544 5707 2732 5769; x_wconf 86' lang='lat' dir='ltr'><strong>postea</strong></span> <span class='ocrx_word' id='word_1_906' title='bbox 2787 5701 3108 5775; x_wconf 83' lang='lat' dir='ltr'><strong>Magdalena</strong></span> <span class='ocrx_word' id='word_1_907' title='bbox 3173 5705 3457 5764; x_wconf 87' lang='lat' dir='ltr'><strong>nuntiante</strong></span> 
     </span>
    </p>
   </div>
   <div class='ocr_carea' id='block_1_118' title="bbox 1859 5785 3458 5862">
    <p class='ocr_par' dir='ltr' id='par_1_118' title="bbox 1859 5785 3458 5862">
     <span class='ocr_line' id='line_1_118' title="bbox 1859 5785 3458 5862; baseline 0.001 -15"><span class='ocrx_word' id='word_1_908' title='bbox 1859 5791 2048 5856; x_wconf 83' lang='lat' dir='ltr'><strong>Maria,</strong></span> <span class='ocrx_word' id='word_1_909' title='bbox 2083 5788 2329 5843; x_wconf 89' lang='lat' dir='ltr'><strong>Christus</strong></span> <span class='ocrx_word' id='word_1_910' title='bbox 2349 5785 2608 5857; x_wconf 67' lang='lat' dir='ltr'><strong>praadixit</strong></span> <span class='ocrx_word' id='word_1_911' title='bbox 2635 5787 2896 5858; x_wconf 88' lang='lat' dir='ltr'><strong>apostolis</strong></span> <span class='ocrx_word' id='word_1_912' title='bbox 2930 5805 2944 5843; x_wconf 92' lang='lat'><strong>:</strong></span> <span class='ocrx_word' id='word_1_913' title='bbox 2977 5789 3069 5862; x_wconf 89' lang='lat' dir='ltr'><strong>qui</strong></span> <span class='ocrx_word' id='word_1_914' title='bbox 3099 5806 3224 5846; x_wconf 92' lang='lat' dir='ltr'><strong>eum</strong></span> <span class='ocrx_word' id='word_1_915' title='bbox 3257 5806 3458 5850; x_wconf 86' lang='lat' dir='ltr'><strong>ascen-</strong></span> 
     </span>
    </p>
   </div>
   <div class='ocr_carea' id='block_1_119' title="bbox 1863 5870 3453 5946">
    <p class='ocr_par' dir='ltr' id='par_1_119' title="bbox 1863 5870 3453 5946">
     <span class='ocr_line' id='line_1_119' title="bbox 1863 5870 3453 5946; baseline 0.002 -15"><span class='ocrx_word' id='word_1_916' title='bbox 1863 5877 2083 5932; x_wconf 89' lang='lat' dir='ltr'><strong>dentem</strong></span> <span class='ocrx_word' id='word_1_917' title='bbox 2119 5873 2176 5928; x_wconf 92' lang='lat' dir='ltr'><strong>in</strong></span> <span class='ocrx_word' id='word_1_918' title='bbox 2205 5870 2402 5928; x_wconf 74' lang='lat' dir='ltr'><strong>ctelum</strong></span> <span class='ocrx_word' id='word_1_919' title='bbox 2433 5871 2680 5928; x_wconf 87' lang='lat' dir='ltr'><strong>videntes</strong></span> <span class='ocrx_word' id='word_1_920' title='bbox 2733 5871 2934 5945; x_wconf 87' lang='lat' dir='ltr'><strong>pariter</strong></span> <span class='ocrx_word' id='word_1_921' title='bbox 2986 5882 3039 5928; x_wconf 90' lang='lat' dir='ltr'><strong>et</strong></span> <span class='ocrx_word' id='word_1_922' title='bbox 3092 5875 3453 5946; x_wconf 83' lang='lat' dir='ltr'><strong>admirantes,</strong></span> 
     </span>
    </p>
   </div>
   <div class='ocr_carea' id='block_1_120' title="bbox 1861 5959 3458 6042">
    <p class='ocr_par' dir='ltr' id='par_1_120' title="bbox 1861 5959 3458 6042">
     <span class='ocr_line' id='line_1_120' title="bbox 1861 5959 3458 6042; baseline 0.002 -19"><span class='ocrx_word' id='word_1_923' title='bbox 1861 5964 2211 6042; x_wconf 82' lang='lat' dir='ltr'><strong>loquentibus</strong></span> <span class='ocrx_word' id='word_1_924' title='bbox 2241 5962 2306 6021; x_wconf 86' lang='lat' dir='ltr'><strong>ad</strong></span> <span class='ocrx_word' id='word_1_925' title='bbox 2339 5977 2436 6020; x_wconf 87' lang='lat' dir='ltr'><strong>cos</strong></span> <span class='ocrx_word' id='word_1_926' title='bbox 2467 5959 2706 6037; x_wconf 80' lang='lat' dir='ltr'><strong>angelis,</strong></span> <span class='ocrx_word' id='word_1_927' title='bbox 2735 5961 2793 6019; x_wconf 91' lang='lat' dir='ltr'><strong>in</strong></span> <span class='ocrx_word' id='word_1_928' title='bbox 2817 5960 2928 6022; x_wconf 81' lang='lat' dir='ltr'><strong>lida</strong></span> <span class='ocrx_word' id='word_1_929' title='bbox 2953 5969 3010 6024; x_wconf 83' lang='lat' dir='ltr'><strong>et</strong></span> <span class='ocrx_word' id='word_1_930' title='bbox 3034 5978 3135 6042; x_wconf 81' lang='lat' dir='ltr'><strong>spe</strong></span> <span class='ocrx_word' id='word_1_931' title='bbox 3159 5963 3358 6042; x_wconf 79' lang='lat' dir='ltr'><strong>primae</strong></span> <span class='ocrx_word' id='word_1_932' title='bbox 3397 5973 3458 6030; x_wconf 81' lang='lat' dir='ltr'><strong>et</strong></span> 
     </span>
    </p>
   </div>
  </div>
