3910 6426
503 401 607 471 259

1421 389 1756 461 GOFFRIDI
1790 384 2079 459 ABBA’I‘IS
2115 379 2663 458 VINDOGINENSIS

3687 401 3790 462 260

497 534 756 595 secundae
784 531 1208 592 resurrectionis
1252 529 1665 590 continuantur.
1709 529 1900 587 Prima
1965 530 2082 604 qui-
2111 528 2167 590 Α
2193 523 2445 581 divinitas
2474 522 2813 593 humanitati,
2843 531 2898 582 et
2916 525 3230 583 humanitas
3258 525 3528 585 divinitati
3570 544 3584 594 ;
3645 528 3792 603 quod
3878 518 3879 527 “

496 634 623 690 dem
679 631 1009 690 resurrectio
1050 631 1106 687 in
1151 630 1332 703 capite
1377 636 1567 686 nostro
1610 629 1724 699 jam
1786 630 2085 701 praecessit,

495 738 616 796 qua:
643 737 776 779 vera
812 720 919 778 fide
948 720 1189 778 creditur
1218 737 1232 784 ;
1267 718 1507 776 secunda
1547 734 1684 776 vero
1728 727 1988 791 sequetur
2032 720 2090 775 in

496 817 780 885 membris,
813 834 938 890 qua:
963 825 1111 873 certa
1139 832 1238 890 spe
1279 822 1652 889 exspectatur.
1712 816 1885 886 Hujus
1936 816 2091 873 mirae

499 908 700 983 gaudio
729 913 784 963 et
811 906 1103 962 dilectione
1157 905 1420 962 mirandae
1471 904 1674 962 divinas
1729 912 1785 961 et
1836 905 2089 962 humanae

499 995 838 1054 ascensionis
865 1010 1070 1068 magna
1099 1002 1224 1051 sunt
1252 1001 1610 1059 sacramenta,
1633 994 1703 1051 de
1724 1010 1957 1067 quorum
1980 1009 2091 1050 ma-

497 1095 782 1170 gnitudine
809 1108 913 1150 nec
939 1093 1123 1162 homo,
1156 1108 1260 1149 nec
1287 1091 1518 1165 angelus
1576 1092 1645 1148 de
1700 1092 1842 1148 coelo
1883 1100 2090 1148 tantum

500 1184 684 1241 dicere
711 1187 921 1256 posset,
956 1182 1103 1255 quod
1123 1185 1191 1240 ad
1207 1181 1673 1254 comparationem
1699 1180 2092 1255 magnitudinis

503 1288 690 1331 eorum
718 1270 1000 1328 modicum
1026 1286 1138 1329 non
1168 1271 1465 1339 videretur,
1498 1279 1552 1328 et
1583 1278 1745 1328 esset.
1777 1271 1893 1328 Hoc
1949 1271 2094 1327 inter

501 1380 702 1432 caetera
728 1378 813 1428 est
838 1383 1043 1442 magna
1064 1367 1361 1425 devotione
1397 1366 1722 1437 mirandum,
1754 1368 1901 1441 quod
1927 1368 2092 1425 homo

498 1465 655 1536 prius
684 1458 907 1517 diabolo
928 1457 1181 1514 subditus
1237 1472 1339 1530 per
1391 1464 1696 1529 peccatum,
1747 1472 1857 1513 non
1914 1456 2093 1513 solum

498 1551 641 1609 liber
669 1549 846 1607 factus
889 1554 945 1605 et
988 1563 1021 1603 a
1064 1555 1314 1620 peccato,
1360 1545 1460 1602 sed
1506 1546 1888 1619 quodcumque
1933 1545 2090 1620 ligat,

496 1649 724 1722 ligatum
752 1654 854 1715 est,
886 1653 941 1702 et
969 1644 1350 1718 quodcumque
1379 1642 1559 1710 solvit,
1588 1641 1835 1700 noscitur
1862 1641 2091 1699 absolu-

495 1743 640 1795 tum.
676 1737 853 1792 Homo
880 1734 1060 1791 minor
1086 1732 1286 1807 angelo
1333 1739 1460 1789 ante
1507 1733 1685 1789 factus
1726 1730 1924 1799 fuerat,
1993 1729 2093 1787 sed

495 1827 673 1903 gloria
702 1833 756 1883 et
782 1826 993 1882 honore
1031 1830 1226 1896 postea
1269 1828 1582 1890 coronatus,
1632 1820 1960 1878 constitutus
2007 1827 2091 1877 est

2197 619 2325 678 licet
2352 635 2462 678 non
2491 619 2599 677 sint
2627 637 2817 690 unum,
2847 638 2956 679 una
2985 630 3170 680 tamen
3188 631 3272 680 est
3308 639 3540 696 persona
3576 624 3787 681 utrius-

2198 726 2324 783 que,
2365 726 2534 766 uuum
2562 726 2719 783 opus,
2755 728 2922 768 unum
2949 712 3113 781 velle,
3144 722 3253 769 una
3271 721 3533 786 potestas,
3557 729 3668 769 una
3688 731 3788 771 ve-

2195 808 2349 877 ritas,
2379 826 2485 866 una
2511 810 2909 879 misericordia,
2942 828 3053 869 una
3081 827 3313 870 censura
3361 812 3584 883 iustitiae
3621 828 3636 869 :
3684 813 3788 870 Pa-

2196 899 2319 966 tris,
2353 907 2406 954 et
2434 899 2573 968 Filii,
2604 906 2657 956 et
2686 899 2922 972 Spiritus
2970 901 3144 958 sancti
3189 909 3272 958 est
3315 901 3516 974 ubique
3572 917 3677 957 una
3735 909 3789 958 et

2196 996 2499 1053 communis
2527 996 2796 1067 operatio,
2829 1005 2883 1054 et
2914 999 3079 1054 totius
3104 997 3383 1054 Trinitatis
3425 997 3784 1071 dispositione

2197 1084 2270 1140 ad
2299 1082 2528 1139 formam
2560 1083 2817 1153 hominis,
2874 1101 3039 1157 quam
3096 1085 3250 1142 solus
3304 1085 3470 1142 Filius
3526 1086 3783 1158 suscepit,

2199 1179 2513 1252 specialiter
2534 1178 2806 1249 judicium
2833 1181 3086 1254 pertinet.
3119 1180 3279 1250 Quod
3308 1181 3425 1255 ipse
3454 1181 3512 1238 in
3531 1182 3787 1255 Evange-

2198 1268 2273 1326 lio
2302 1268 2522 1338 asserit,
2551 1269 2745 1327 dicens
2773 1272 2984 1328 :Pater
3015 1284 3131 1328 non
3160 1271 3385 1342 iudicat
3430 1288 3784 1345 quemquam,

2198 1364 2294 1422 sed
2310 1364 2598 1437 judicium
2628 1380 2793 1422 omne
2812 1365 2971 1423 dedit
2999 1367 3143 1424 Filio
3163 1367 3355 1438 (Joan.
3391 1382 3450 1433 v,
3481 1368 3594 1438 22).
3627 1365 3788 1436 Quod

2200 1461 2333 1519 alibi
2357 1462 2564 1519 dicitur
2591 1464 2733 1537 :Ego
2748 1480 2862 1522 non
2873 1464 3068 1536 judico
3084 1480 3417 1539 quemquam
3451 1464 3632 1537 (Joan.
3671 1479 3791 1532 vm,

2203 1561 2309 1632 15),
2342 1561 2414 1617 ad
2442 1561 2548 1619 hoc
2571 1561 2796 1634 respicit
2826 1562 2977 1635 quod
3004 1562 3217 1619 dixerat
3247 1562 3449 1619 Iudaeis
3480 1579 3496 1620 :
3564 1564 3659 1621 Vos
3706 1580 3789 1621 se-

2199 1649 2450 1708 cundum
2478 1666 2709 1707 carnem
2738 1650 3008 1724 iudicatis
3028 1651 3241 1724 (ibid.),
3260 1650 3317 1707 id
3336 1658 3418 1708 est
3438 1650 3743 1709 carnaliter
3768 1670 3782 1707 :

2199 1748 2309 1820 Ego
2337 1752 2550 1820 autem,
2596 1749 2905 1818 carnaliter,
2954 1749 3162 1808 scilicet
3206 1750 3424 1821 injuste,
3454 1767 3786 1825 quemquam

2198 1853 2314 1892 non
2334 1837 2553 1909 judico,
2574 1837 2716 1895 sicut
2736 1854 2836 1896 vos
2857 1838 3056 1896 facitis.
3077 1839 3223 1906 Sive,
3245 1840 3561 1912 nonjudico
3589 1857 3785 1914 quem-

494 1942 663 1999 super
689 1922 875 1981 omnia
894 1937 1016 1994 quae
1041 1922 1190 1978 Deus
1221 1919 1443 1978 fecerat.
1481 1920 1657 1976 Homo
1688 1918 1959 1991 siquidem
1990 1933 2080 1974 an-

2198 1934 2694 2007 quam,secundum
2715 1951 2939 1993 carnem
2959 1943 3187 2002 tantum,
3210 1935 3348 1995 sicut
3369 1952 3465 1995 vos
3487 1937 3743 2007 judicatis
3768 1956 3785 1992 :

494 2027 672 2103 gelos,
732 2024 1122 2097 archangelos,
1164 2024 1413 2091 thronos,
1461 2022 1885 2093 dominationes,
1917 2020 2084 2098 367

488 2125 850 2198 principatus,
880 2130 1196 2196 potestates,
1228 2121 1455 2179 virtutes
1485 2120 1773 2187 caelorum,
1799 2119 2089 2177 cherubim

492 2230 547 2278 et
579 2221 858 2293 seraphim
877 2235 977 2277 sua
991 2216 1361 2291 magnitudine
1377 2224 1623 2290 superat,
1644 2224 1698 2272 et
1718 2217 1799 2274 eis
1829 2218 2086 2290 imperat,

490 2321 546 2369 et
572 2310 625 2368 ei
648 2310 912 2367 obediunt
937 2308 1419 2367 voluntate.Homo
1436 2314 1724 2380 praeterea,
1750 2306 1808 2363 in
1827 2307 1929 2365 Dei
1951 2306 2088 2365 Filio

492 2400 794 2459 collocatus
814 2399 871 2457 in
898 2399 1061 2467 coelo,
1090 2398 1147 2454 in
1177 2397 1310 2454 sede
1357 2397 1661 2468 majestatis
1701 2396 1902 2455 divinae
1946 2412 2085 2455 ven-

489 2508 643 2557 turus
673 2506 757 2556 est
780 2497 852 2554 ad
873 2497 1168 2569 judicium,
1200 2511 1312 2553 non
1374 2497 1432 2551 in
1491 2512 1556 2553 ea
1613 2494 1923 2553 humilitate
1979 2512 2086 2568 qua

488 2588 690 2659 injuste
715 2586 988 2658 judicatus
1014 2593 1119 2655 est,
1153 2585 1252 2641 sed
1276 2585 1333 2640 in
1363 2600 1429 2642 ea
1474 2591 1750 2658 potestate
1792 2601 1899 2659 qua
1939 2585 2087 2655 justc

482 2677 830 2750 iudicaturus
846 2683 950 2732 est.
971 2674 1261 2745 Quoddam
1280 2674 1618 2748 praecipuum
1647 2674 1891 2733 videteur
1909 2673 2085 2732 fuisse

487 2767 689 2825 divinae
712 2764 1140 2838 dispensationis
1163 2764 1500 2837 mysterium,
1525 2764 1671 2837 quod
1713 2764 1770 2820 in
1813 2763 1902 2821 eo
1936 2763 2085 2838 quod

487 2864 668 2921 minor
680 2871 766 2921 est
785 2864 949 2920 Patre
973 2861 1161 2931 Filius,
1189 2861 1417 2934 aequalis
1452 2861 1584 2918 Filio
1604 2868 1752 2919 esset
1784 2862 1949 2919 homo
1983 2876 1998 2933 ;
2030 2868 2083 2918 et

488 2954 560 3011 ab
590 2953 745 3010 initio
764 2952 869 3009 hoc
888 2950 1127 3025 speciale
1147 2950 1498 3024 privilegium
1519 2950 1725 3007 homini
1742 2957 2078 3019 servaretur,

486 3051 543 3100 ut
593 3058 704 3100 non
745 3041 920 3098 solum
966 3040 1247 3098 hominum
1296 3040 1465 3108 judex
1523 3040 1701 3111 ﬂeret,
1758 3040 1859 3097 sed
1913 3040 2080 3097 etiam

482 3140 831 3215 angelorum.
868 3140 932 3193 In
960 3152 1069 3210 qua
1096 3143 1366 3209 potestate
1382 3135 1574 3208 judicii
1592 3151 1719 3194 cum
1732 3137 1896 3194 homo
1911 3137 2078 3207 judex

2200 2033 2297 2089 sed
2326 2033 2488 2089 etiam
2516 2034 2818 2091 secundum
2861 2034 3043 2092 cordis
3083 2034 3458 2093 intentionem.
3510 2035 3627 2106 Vel,
3676 2038 3785 2108 Ego

2196 2150 2313 2192 non
2320 2134 2514 2207 judico
2535 2151 2891 2208 quemquam,
2915 2149 3025 2192 non
3043 2133 3196 2202 dixit,
3219 2149 3329 2192 non
3343 2134 3607 2205 judicabo
3638 2152 3654 2203 ;
3685 2134 3785 2191 sed

2199 2229 2367 2307 369
2401 2229 2492 2286 illa
2519 2231 2674 2298 hora,
2705 2246 2814 2303 qua
2842 2231 2948 2289 ista
2973 2230 3211 2301 dicebat,
3255 2231 3529 2289 neminem
3557 2231 3781 2305 judica-

2195 2328 2310 2385 bat.
2375 2329 2658 2386 Veraciter
2679 2328 3028 2401 judicandus,
3061 2337 3117 2386 et
3156 2329 3494 2400 judicaturus
3547 2330 3604 2386 in
3637 2330 3782 2388 hunc

2194 2417 2455 2474 mundum
2483 2418 2654 2488 venit,
2688 2425 2741 2474 et
2768 2433 2928 2476 sacra
2955 2416 3280 2475 testiﬁcante
3322 2418 3622 2491 Scriptura,
3673 2419 3779 2474 ite-

2193 2532 2314 2575 cum
2339 2516 2512 2588 judex
2539 2524 2802 2574 venturus
2829 2517 3109 2575 asseritur.
3144 2518 3247 2575 Ubi
3276 2533 3402 2575 eum
3429 2518 3622 2575 iterum
3639 2533 3781 2575 ven-

2191 2614 2369 2663 turum
2388 2607 2628 2677 judicem
2658 2621 2816 2664 sacra
2841 2607 3131 2681 Scriptura
3156 2613 3403 2675 testatur,
3449 2623 3571 2664 eum
3611 2607 3780 2665 exsti-

2189 2696 2457 2769 tissejam
2468 2696 2710 2766 judicem
2729 2695 3014 2754 manifeste
3035 2702 3384 2754 monstratur.
3408 2694 3568 2766 Quod
3589 2696 3775 2769 utique

2188 2784 2386 2843 iterum
2414 2784 2724 2845 faciendum
2752 2792 2855 2854 est,
2886 2786 2993 2842 hoc
3019 2785 3193 2843 altera
3221 2786 3341 2843 vice
3378 2785 3548 2843 fuisse
3574 2784 3775 2842 factum

2188 2882 2412 2941 minime
2440 2883 2746 2939 dubitatur.
2782 2882 2898 2939 Nos
2925 2882 3145 2953 quidem
3165 2883 3398 2940 miseros
3414 2883 3587 2939 bonus
3605 2881 3775 2940 factor

2187 2980 2243 3030 et
2270 2973 2393 3045 pius
2422 2972 2761 3044 Redemptor
2771 2972 3008 3044 respexit
3032 2972 3226 3028 intuitu
3247 2972 3654 3042 misericordia,
3678 2972 3774 3029 sed

2186 3078 2378 3127 contra
2405 3068 2685 3125 diabolum
2707 3068 2821 3142 egit
2844 3083 3075 3125 censura
3100 3067 3339 3139 iustitiae.
3368 3069 3509 3125 Nam
3537 3068 3634 3124 ubi
3677 3084 3773 3141 pro

2185 3159 2346 3215 nobis
2370 3158 2440 3214 ad
2457 3165 2685 3214 mortem
2698 3157 3052 3228 judicabatur
3079 3158 3299 3227 injuste,
3333 3158 3461 3230 quid
3490 3157 3639 3214 aliud
3684 3158 3771 3214 fa-

481 3229 703 3287 futurus
737 3226 1093 3300 singulariter
1118 3225 1339 3293 dicitur,
1369 3225 1621 3282 membra
1666 3241 1696 3282 a
1742 3226 1922 3298 capite
1968 3226 2076 3282 mi-

2186 3258 2381 3325 ciehat,
2414 3263 2585 3330 quam
2616 3225 2718 3314 nos
2747 3257 3103 3328 veroiudicio
3122 3225 3190 3313 ab
3211 3225 3417 3313 aeterna
3446 3265 3623 3315 morte
3643 3257 3775 3314 libe-

484 3319 632 3375 nime
677 3319 1016 3390 separantur.
1073 3316 1222 3372 Deus
1253 3314 1420 3371 Filius
1456 3314 1715 3382 hominis,
1756 3315 1943 3383 homo,
1995 3322 2079 3372 est

483 3426 649 3493 caput
673 3417 958 3484 Ecclesiae,
1001 3423 1057 3473 et
1099 3415 1259 3486 hujus
1305 3414 1499 3485 capitis
1542 3415 1796 3472 membra
1845 3413 2080 3488 apostoli

482 3508 757 3583 praecipue
785 3506 1060 3576 dicuntur,
1093 3505 1186 3577 qui
1214 3519 1337 3562 cum
1385 3503 1480 3561 illo
1529 3504 1871 3575 jubicabunt,
1931 3504 2080 3577 quod

484 3596 735 3654 Christus
763 3595 820 3651 in
849 3593 1154 3667 Evangelio
1173 3600 1507 3665 protestatur
1549 3593 1774 3664 (Matth.
1808 3608 1931 3661 xix,
1962 3593 2077 3665 28).

481 3687 599 3744 Nec
626 3684 860 3758 apostoli
889 3684 990 3741 soli
1007 3682 1328 3754 judicabunt
1357 3698 1482 3740 cum
1513 3698 1599 3751 eo,
1629 3683 1727 3739 sed
1747 3682 1840 3756 qui
1860 3690 2081 3755 aposto-

478 3786 565 3844 los
593 3786 702 3843 vita
729 3792 783 3841 et
809 3782 1059 3840 moribus
1084 3781 1391 3838 imitantur.
1430 3782 1560 3838 Haec
1588 3788 1834 3854 potestas
1878 3797 1909 3837 a
1961 3782 2078 3838 Deo

481 3877 642 3934 Patre
671 3874 799 3931 data
828 3881 912 3929 est
940 3871 1099 3942 Filio,
1132 3879 1189 3928 et
1217 3885 1251 3927 a
1280 3870 1417 3927 Filio
1441 3870 1570 3927 data
1599 3879 1680 3927 est
1712 3872 1892 3938 Petro,
1924 3878 1979 3927 et
2023 3870 2080 3926 in

481 3965 639 4023 Petro
667 3963 794 4020 data
821 3960 1106 4019 Ecclesiae.
1152 3961 1304 4017 Hanc
1333 3959 1502 4016 Filius
1539 3960 1749 4032 accepit
1792 3959 1849 4015 in
1896 3959 2079 4017 forma

478 4062 733 4134 hominis,
768 4076 873 4134 qua
898 4060 1056 4116 Patre
1083 4057 1263 4115 minor
1304 4064 1410 4128 est,
1441 4074 1555 4115 non
1584 4058 1641 4113 in
1670 4059 1852 4114 forma
1880 4058 2075 4130 Patris,

479 4168 585 4226 qua
614 4148 755 4207 Patri
782 4147 1028 4221 aqualis,
1054 4155 1165 4205 est.
1203 4146 1401 4204 Forma
1430 4147 1623 4216 Patris,
1656 4147 1713 4202 in
1756 4163 1862 4220 qua
1908 4146 2077 4203 Filius

477 4249 564 4299 est
591 4238 737 4295 Patri
762 4236 986 4310 aequalis
1029 4235 1167 4293 sicut
1190 4250 1295 4293 nec
1331 4235 1516 4293 minor
1556 4252 1681 4293 esse
1717 4241 1923 4309 potest,
1973 4252 2075 4293 nec

477 4337 674 4407 major,
705 4336 786 4393 sic
804 4349 908 4392 nec
934 4334 1113 4391 minus
1134 4342 1314 4406 potest
1334 4334 1542 4390 habere
1564 4349 1729 4407 quam
1750 4336 1935 4403 habet,
1970 4351 2073 4393 nec

477 4425 735 4500 amplius.
774 4425 836 4479 In
865 4438 933 4480 ea
959 4423 1146 4496 utique
1174 4421 1352 4479 forma
1371 4422 1507 4478 nihil
1540 4421 1650 4479 ﬁlio
1668 4423 1844 4493 datur,
1876 4426 1932 4480 in
1963 4440 2073 4497 qua

2186 3346 2341 3403 rabat
2363 3349 2392 3402 ‘P
2423 3346 2526 3403 Ubi
2564 3362 2701 3403 vero
2722 3346 3014 3420 ligabatur,
3043 3346 3190 3419 quod
3215 3346 3365 3403 aliud
3385 3346 3585 3419 agebat
3614 3362 3771 3420 opus,

2185 3460 2349 3518 quam
2373 3445 2518 3515 justo
2541 3444 2749 3514 judicio
2788 3443 3013 3501 vincula
3058 3451 3407 3516 peccatorum
3461 3452 3773 3502 nostrorum

2185 3533 2474 3591 solvebat?
2493 3532 2708 3590 Judicat
2729 3533 2892 3590 etiam
2908 3533 2963 3588 in
2993 3535 3097 3590 hoc
3126 3533 3326 3590 seculo
3346 3548 3478 3590 suos
3499 3533 3771 3600 Christus,

2184 3638 2310 3680 cum
2340 3639 2437 3680 eos
2464 3630 2555 3679 aut
2581 3623 2866 3695 martyrio,
2923 3629 3015 3679 aut
3069 3622 3281 3691 exsilio,
3343 3622 3461 3680 sive
3515 3621 3774 3679 falsorum

2182 3712 2563 3785 persecutione
2630 3711 2862 3768 fratrum
2899 3711 3198 3768 examinat.
3273 3710 3433 3768 Unde
3493 3711 3774 3785 apostolus

2186 3801 2384 3858 Paulus
2395 3801 2561 3858 dicit:
2577 3802 2715 3857 Cum
2719 3801 3072 3872 judieamur,
3093 3817 3130 3856 a
3146 3801 3384 3856 Domino
3403 3801 3771 3874 corripimur,

2183 3894 2252 3949 ut
2272 3906 2389 3947 non
2421 3905 2553 3947 cum
2577 3890 2678 3947 hoc
2702 3889 2915 3946 mundo
2941 3889 3282 3946 damnentur
3307 3889 3356 3960 (Ι
3383 3889 3501 3946 Cor.
3536 3903 3618 3956 χι,
3647 3891 3764 3961 32).

2183 3978 2435 4036 Christus
2491 3979 2610 4050 ipse
2663 3979 2812 4051 quod
2859 3978 3028 4049 judex
3078 3985 3304 4036 venerat
3357 3975 3771 4047 testiﬁcabatur,

2181 4077 2398 4150 quando
2424 4076 2637 4134 dicebat
2665 4094 2679 4131 :
2700 4078 2807 4147 Ego
2826 4078 2978 4133 sicut
2990 4076 3157 4133 audio
3165 4075 3404 4149 judicio,
3424 4079 3482 4132 et
3482 4076 3773 4148 judicium

2176 4182 2368 4224 meum
2394 4181 2590 4224 verum
2632 4168 2719 4223 est
2764 4165 2956 4237 (Joau.
2989 4181 3043 4233 v,
3074 4167 3163 4220 30.
3194 4164 3266 4220 Et
3296 4164 3495 4221 iterum
3527 4181 3543 4221 :
3573 4165 3639 4221 In
3662 4166 3768 4236 ju-

2180 4254 2396 4312 dicium
2423 4269 2517 4325 ego
2540 4254 2605 4310 in
2635 4252 2791 4309 hunc
2810 4251 3093 4310 mundum
3121 4253 3251 4309 veni
3270 4252 3458 4322 (Joan.
3511 4267 3586 4319 ix,
3642 4253 3763 4318 39).

2176 4353 2249 4409 Et
2275 4353 2406 4409 alibi
2428 4370 2443 4407 :
2467 4354 2742 4425 Princeps
2757 4350 2928 4424 hujus
2940 4351 3143 4408 mundi
3149 4351 3450 4422 judicatus
3466 4355 3553 4409 est
3580 4352 3767 4423 (Joan.

2175 4458 2296 4512 xvr,
2330 4442 2448 4514 11).
2484 4442 2608 4514 Ego
2626 4442 2770 4497 sicut
2786 4440 2971 4509 audio,
3003 4440 3208 4497 scilicet
3236 4456 3268 4495 a
3320 4441 3479 4497 Patre
3532 4454 3657 4497 meo
3710 4440 3770 4496 in

476 4517 597 4590 ipse
624 4513 807 4571 omnia
834 4512 1074 4571 continet
1116 4520 1170 4568 et
1219 4512 1416 4613 habet.
1481 4513 1813 4613 Potestatem
1861 4522 2066 4584 autem,
2177 4512 2455 4613 “summa
2474 4512 2978 4612 ϐαξηθνείεὶηάίεον
2999 4539 3552 4610 etjudmummeum
3572 4554 3769 4597 verum

475 4616 548 4673 de
577 4629 686 4688 qua
712 4612 1003 4687 loquimur,
1047 4610 1257 4684 accepit
1312 4610 1622 4668 humanitas
1675 4626 1706 4666 a
1763 4611 2063 4681 divinitate,

2186 4634 2286 4686 est.
2317 4610 2408 4686 Ac
2435 4629 2483 4685 si
2510 4628 2719 4687 diceret
2749 4610 2767 4682 :7
2794 4642 2905 4684 non
2933 4631 3117 4700 potest
3143 4642 3336 4683 verum
3363 4641 3473 4683 non
3518 4642 3642 4683 esse
3678 4627 3769 4696 ju-

477 4705 616 4763 sicut
641 4704 700 4761 in
725 4702 1029 4777 Evangelia
1056 4700 1259 4758 dicitur
1291 4715 1304 4755 :
1338 4701 1483 4758 Data
1512 4704 1598 4757 est
1631 4700 1798 4778 368
1851 4701 2068 4761 Christo

2186 4719 2375 4775 dicium
2406 4733 2614 4786 meum,
2638 4716 2767 4790 quia
2789 4717 2966 4787 Pater,
2987 4714 3081 4788 qui
3115 4715 3246 4770 mihi
3271 4714 3550 4786 judicandi
3577 4715 3769 4772 tribuit

472 4807 725 4880 potestas
745 4800 1035 4875 judicium
1062 4802 1272 4873 facere,
1304 4799 1437 4873 quia
1469 4800 1651 4856 Filius
1694 4801 1941 4858 hominis
1980 4804 2067 4859 est

2186 4824 2522 4889 potestatem,
2551 4832 2717 4875 verax
2735 4823 2839 4887 est,
2861 4822 2913 4872 et
2942 4829 3048 4889 ego
3069 4813 3163 4886 qui
3179 4813 3370 4887 judico
3389 4814 3594 4872 veritas
3609 4830 3726 4870 sum
3740 4854 3757 4870 .

474 4905 667 4976 (Ιοαη-
702 4917 760 4971 ν,
789 4904 904 4968 27)·
936 4901 1267 4956 Ροιθεῑεῑθω
1295 4913 1455 4972 quam
1510 4898 1761 4954 Christus
1807 4914 1920 4955 non
1966 4899 2068 4954 ha"
2175 4909 2238 4963 In
2262 4907 2528 4978 judicium
2548 4908 2608 4962 in
2626 4908 2771 4962 hunc
2789 4904 3053 4961 mundum
3083 4919 3144 4960 se
3177 4904 3392 4960 venisse
3430 4909 3683 4972 testatur,
3703 4911 3765 4958 ut

472 4992 592 5051 buit
617 5008 691 5049 ex
710 5005 777 5048 eo
806 4988 953 5063 quod
973 4996 1057 5045 est
1077 4987 1241 5044 Filius
1263 4987 1523 5058 hominis,
1555 4986 1776 5043 aliunde
1818 4988 2057 5061 accepit.
2169 4996 2458 5069 judicaret,
2487 5010 2600 5052 non
2626 4994 2804 5051 solum
2859 4992 3027 5070 370
3080 4999 3140 5048 ut
3187 4992 3542 5063 judicaretur.
3606 4991 3764 5049 Unde

473 5089 632 5149 Unde
653 5089 682 5146 ἳ
706 5088 950 5161 desuper
969 5085 1179 5160 utique,
1212 5100 1245 5142 a
1277 5086 1456 5156 Patre,
1481 5099 1516 5141 a
1568 5084 1724 5154 Filio,
1779 5101 1811 5140 a
1866 5086 2070 5158 Spiritu
2174 5094 2454 5151 subditur:
2481 5095 2545 5152 Ut
2574 5094 2673 5166 qui
2697 5108 2814 5149 non
2833 5092 3045 5161 vident,
3068 5092 3317 5159 videant,
3341 5095 3399 5149 et
3427 5092 3522 5164 qui
3546 5090 3757 5159 vident,

474 5194 690 5245 sancto.
729 5184 863 5242 Inde
893 5181 1112 5240 Christo
1141 5189 1381 5257 potestas
1426 5180 1555 5238 data
1601 5189 1705 5251 est,
1751 5181 1896 5238 unde
1949 5183 2067 5253 ejus

473 5276 658 5335 anima
695 5281 750 5332 et
787 5288 919 5332 caro
966 5272 1132 5329 beata
1189 5270 1337 5329 facta
1395 5278 1497 5328 est.
1555 5272 1603 5327 Α
1685 5270 1902 5328 Christo
1947 5272 2066 5329 Deo

473 5378 719 5436 Christus
749 5378 914 5435 homo
940 5375 1136 5433 beatus
1163 5374 1341 5431 factus
1371 5382 1472 5443 est,
1504 5382 1559 5432 et
1610 5373 1662 5431 ei
1704 5373 1774 5431 ab
1821 5373 1916 5431 illo
1957 5391 2064 5447 po-

472 5473 640 5524 testas
665 5467 788 5522 data
817 5472 926 5522 est.
957 5464 1119 5521 Aliud
1148 5462 1365 5538 quidem
1406 5471 1491 5520 est
1526 5464 1774 5520 Christus
1814 5464 1981 5530 Deus,
2010 5471 2066 5520 et

472 5564 620 5625 aliud
647 5562 899 5622 Christus
925 5561 1109 5631 homo,
1135 5577 1245 5618 non
1291 5569 1479 5618 tamen
1537 5562 1644 5620 duo
1690 5560 1911 5631 Christi,
1964 5560 2064 5619 sed

473 5669 614 5712 unus
650 5661 732 5711 est
762 5649 1029 5719 Christus,
1055 5651 1202 5707 Deus
1246 5658 1301 5706 et
1328 5651 1510 5708 homo.
1564 5649 1835 5707 Potestate
1881 5659 2064 5708 autem

470 5740 530 5798 in
554 5741 894 5801 humanitate
927 5747 1201 5810 suscepta,
1242 5738 1490 5795 Christus
1532 5739 1696 5795 homo
1739 5739 1796 5795 in
1840 5740 2065 5799 Christo

472 5837 614 5911 Deo,
644 5848 698 5897 et
728 5836 977 5897 Christus
1002 5836 1150 5892 Deus
1176 5835 1235 5891 in
1266 5835 1491 5892 homine
1516 5835 1735 5894 Christo
1761 5836 1911 5910 ligat,
1943 5839 2062 5897 sol-

472 5928 553 5987 vit
575 5936 629 5987 et
650 5928 883 6001 judicat.
914 5922 1067 5981 Adeo
1094 5922 1236 5981 enim
1267 5930 1389 5983 sunt
1419 5923 1569 5980 unita
1598 5924 1652 5980 in
1686 5923 1787 5982 Dei
1817 5926 1972 6000 Filio,
2006 5937 2065 5989 et

2173 5196 2308 5252 ειεθὶ
2340 5193 2487 5264 ﬁant
2512 5195 2693 5260 (Joan.
2726 5207 2801 5258 ix,
2833 5189 2951 5260 39).
2988 5189 3094 5260 Qui
3121 5189 3337 5247 Christo
3357 5188 3605 5247 veniente
3651 5202 3761 5244 non

2172 5267 2477 5348 videbant;
2510 5281 2602 5355 qui
2647 5296 2708 5338 se
2745 5295 2854 5337 non
2909 5280 3118 5347 videre,
3167 5277 3373 5335 scilicet
3426 5293 3536 5334 non
3583 5276 3761 5347 justos

2171 5389 2295 5431 esse
2323 5371 2683 5437 aestimabant,
2707 5369 2805 5427 sed
2820 5375 3145 5442 peccatores
3173 5366 3582 5435 conﬁtebantur,
3639 5365 3760 5421 illu-

2169 5471 2358 5527 minati
2385 5477 2530 5536 sunt,
2560 5468 2685 5541 quia
2734 5467 2922 5523 lumen
2965 5466 3088 5524 vitae
3123 5471 3515 5537 perceperunt.
3555 5461 3624 5517 Et
3667 5460 3759 5533 qui

2169 5561 2448 5628 videbant,
2482 5558 2735 5617 videlicet
2760 5557 2967 5613 Scriba:
2980 5563 3036 5612 et
3056 5553 3357 5622 Pharisaei;
3400 5552 3493 5626 qui
3520 5566 3581 5607 se
3612 5550 3757 5607 solos

2168 5663 2376 5731 videre,
2407 5661 2464 5718 id
2511 5667 2614 5729 est,
2664 5660 2842 5731 justos
2896 5673 3020 5715 esse
3056 5656 3373 5726 credebant,
3433 5662 3486 5711 et
3534 5659 3756 5711 caeteros

2167 5759 2427 5826 tanquam
2473 5764 2652 5808 amcos
2706 5747 3139 5821 aspernabantur
3157 5786 3176 5816 ,
3234 5744 3365 5803 caeci
3418 5741 3543 5800 facti
3609 5748 3753 5811 sunt,

2168 5841 2297 5915 quia
2321 5840 2507 5897 lumen
2533 5837 2799 5905 veritatis,
2848 5851 3014 5910 quam
3064 5834 3373 5891 habuerunt
3412 5837 3751 5905 precantem,

2166 5930 2548 6005 perdiderunt.
2582 5930 2698 5987 Hoc
2727 5928 2914 6002 itaque
2943 5924 3145 5984 Christi
3183 5921 3391 5995 judicio
3427 5929 3603 5980 actum
3649 5928 3750 5993 est,
