3910 6466
217 398 323 467 εις(

1661 394 2041 467 SERMONES
2055 448 2070 465 .

3403 412 3508 475 369

200 540 256 590 et
283 531 453 590 etiam
481 532 723 607 quotidie
751 529 1119 606 agitur,quod
1150 532 1525 590 illuminantur
1547 534 1803 591 humilies
1832 537 1889 597 A
1917 533 2087 590 nabili
2117 534 2457 594 ordinatione
2488 542 2707 595 contest
2753 553 2881 595 esse
2908 535 3248 612 dispositum,
3281 548 3339 599 ut
3358 544 3507 601 Deus

200 632 540 695 peccatores,
574 631 627 679 et
645 622 778 692 justi
823 623 1051 695 superbi
1099 632 1474 681 excaecantur.
1514 624 1677 679 Istam
1708 624 1802 679 di—

204 707 560 776 scretionem,
594 722 759 779 quam
790 707 933 763 inter
962 708 1106 763 bona
1138 716 1191 764 et
1249 707 1393 763 mala
1439 723 1605 780 opera
1636 708 1808 764 homi-

204 812 342 851 num
372 796 546 851 tenuit
574 796 820 851 Christus
871 804 924 852 et
956 804 1120 866 tenet,
1167 796 1432 865 judicium
1479 796 1797 869 appellavit.

210 892 358 946 Alibi
379 892 586 949 dictum
607 900 723 947 est:
756 894 876 949 Non
917 894 1079 949 misit
1120 892 1272 950 Deus
1313 894 1523 950 Filium
1563 911 1729 951 suum
1746 895 1808 949 in

211 980 492 1036 mundum
514 987 578 1037 ut
597 982 811 1051 judicet
838 982 1132 1047 mundum,
1149 983 1246 1039 sed
1268 986 1331 1039 ut
1357 984 1611 1039 salvetur
1633 999 1808 1039 mun-

220 1070 328 1126 dus
361 1086 465 1142 per
510 1071 696 1142 ipsum
755 1072 937 1141 (Joan.
972 1087 1051 1138 ιη,
1085 1071 1194 1141 t7).
1243 1072 1359 1129 Hoc
1386 1071 1573 1144 utique
1628 1086 1818 1129 verum

214 1166 435 1222 omnino
464 1166 738 1235 creditur;
769 1181 878 1222 non
905 1167 1048 1222 enim
1106 1171 1287 1239 potest
1316 1184 1507 1224 verum
1536 1183 1647 1223 non
1685 1182 1813 1223 esse

214 1250 361 1324 quod
392 1250 604 1306 Veritas
632 1251 896 1323 loquitur.
953 1252 1097 1308 Vere
1149 1251 1321 1307 Filius
1366 1251 1469 1308 Dei
1497 1268 1607 1307 non
1638 1260 1727 1308 est
1755 1252 1815 1306 in

215 1337 476 1395 mundum
508 1339 711 1394 missus
741 1355 774 1395 a
804 1342 963 1396 Patre
1019 1348 1077 1395 ut
1119 1340 1379 1396 mundum
1408 1340 1690 1411 judicaret,
1722 1340 1815 1413 qui

222 1427 291 1483 ad
324 1428 432 1485 hoc
461 1428 519 1483 in
550 1428 810 1483 mundum
837 1428 1001 1497 venit,
1036 1436 1093 1483 ut
1121 1429 1358 1484 mundus
1388 1428 1675 1500 peripsum
1708 1428 1816 1483 sal-

215 1526 454 1585 varetur,
512 1516 560 1571 si
616 1516 852 1573 mundus
934 1517 1216 1574 voluisset.
1284 1518 1394 1574 Sed
1448 1518 1593 1591 quod
1645 1516 1817 1574 voluit

216 1605 483 1673 Christus,
516 1605 683 1661 noluit
704 1604 961 1661 mundus.
1013 1606 1073 1662 Si
1102 1605 1370 1662 voluisset
1403 1606 1637 1662 mundus
1668 1606 1816 1679 quod

213 1701 387 1759 voluit
415 1702 687 1770 Christus,
720 1703 775 1757 in
804 1702 1109 1776 Evangelia
1136 1703 1255 1775 ipse
1285 1718 1395 1759 non
1421 1703 1666 1760 diceret:
1700 1704 1818 1759 Hie-

214 1801 485 1867 rusalem,
506 1802 721 1869 quoties
742 1800 895 1857 volui
914 1816 1253 1874 congregare
1281 1801 1428 1871 ﬁlios
1451 1805 1594 1865 tuos,
1626 1816 1816 1873 quem-

215 1899 516 1956 admodum
533 1899 753 1970 gallina
798 1904 1099 1971 congregat
1126 1899 1315 1972 pullos
1352 1915 1480 1956 suos
1521 1900 1623 1956 sub
1666 1900 1808 1967 alas,

215 1993 274 2044 et
292 1987 794 2059 noluisti?(lllath.
829 1994 985 2054 xxiii,
1018 1988 1135 2058 37.)
1167 1988 1224 2043 Si
1282 1988 1427 2060 quod
1459 1987 1627 2044 voluit
1661 1987 1817 2043 Chri-

219 2094 337 2141 stus
364 2085 598 2142 mnndus
654 2086 938 2153 voluisset,
1006 2086 1233 2143 credere
1287 2085 1473 2159 utique
1533 2094 1586 2141 et
1614 2084 1818 2141 salvari

219 2175 513 2246 potuisset.
547 2174 671 2231 Non
702 2174 847 2231 enim
863 2174 1090 2233 credere
1114 2175 1310 2247 potuit,
1333 2174 1457 2246 quia
1480 2174 1652 2231 noluit
1672 2173 1818 2247 quod

220 2273 468 2329 Christus
495 2270 683 2328 voluit.
715 2272 784 2328 Et
838 2272 967 2345 quia
1022 2288 1122 2328 sua
1178 2280 1396 2345 sponte,
1457 2287 1567 2327 non
1612 2271 1820 2327 Christi

224 2361 384 2438 371
427 2361 702 2418 voluntate
754 2359 991 2417 inﬁdelis
1020 2360 1191 2418 factus
1222 2369 1329 2429 est,
1366 2376 1492 2416 eum
1515 2359 1817 2433 judicatum

220 2475 331 2516 non
360 2457 691 2525 dubitamus,
718 2473 845 2515 cum
875 2456 1129 2515 Christus
1183 2457 1360 2514 dicat:
1394 2456 1501 2525 Qui
1544 2473 1661 2515 non
1691 2474 1818 2516 cre-

224 2553 331 2623 dit,
383 2555 499 2611 iam
525 2554 822 2625 judicatus
888 2557 974 2610 est
1012 2553 1195 2624 (Joan.
1232 2567 1313 2607 ιιι.
1346 2552 1438 2610 18)
1468 2552 1584 2608 Hoc
1614 2550 1669 2607 in
1698 2551 1820 2607 loco

223 2652 412 2709 mundi
441 2652 660 2709 nomine
689 2651 925 2725 populus
968 2653 1277 2709 Iudaeorum
1323 2650 1661 2723 intelligitur,
1695 2650 1821 2723 qui-

225 2752 329 2807 bus
357 2750 475 2823 ipse
502 2749 819 2822 specialiter
847 2750 1064 2807 locutus
1122 2758 1224 2820 est,
1281 2748 1350 2805 ad
1380 2764 1517 2821 quos
1546 2748 1822 2821 praecipue

225 2850 429 2906 missus
450 2856 552 2906 est.
583 2846 815 2906 Mundus
844 2849 1025 2922 itaque
1068 2857 1120 2906 et
1147 2850 1410 2921 princeps
1440 2846 1636 2903 mundi
1666 2846 1825 2916 hujus

228 2950 413 3020 (Joan.
455 2961 564 3013 xvr,
600 2948 711 3017 11).
762 2946 979 3003 Christo
1055 2946 1423 3003 testimonium
1480 2943 1822 3016 perhibente,

224 3042 499 3113 judicatus
524 3045 638 3099 est.
673 3040 779 3099 Ubi
809 3041 1110 3115 principem
1138 3041 1304 3114 hujus
1334 3040 1521 3097 mundi
1540 3040 1823 3097 diabolum

233 3140 469 3198 ostendit
499 3156 625 3197 cum
654 3155 684 3194 a
741 3140 893 3198 nullo
923 3140 1028 3195 nisi
1081 3141 1148 3195 ab
1196 3140 1336 3212 ipso,
1393 3147 1448 3196 et
1492 3155 1593 3212 per
1646 3139 1825 3211 ipsum

1910 624 1966 679 in
1996 639 2065 679 ea
2093 623 2287 691 forma,
2320 627 2377 682 in
2407 644 2517 701 qua
2540 627 2815 698 judicatus
2846 636 2930 685 est
2957 643 2991 685 a
3022 630 3244 699 mundo,
3296 633 3505 703 judicet

1913 713 2193 768 mundum.
2220 713 2394 783 Quam
2425 717 2551 789 quia
2581 717 2826 773 mundus
2856 717 2988 774 vidit
3019 719 3302 787 humilem,
3328 730 3383 777 et
3411 739 3511 778 su-

1910 801 2115 872 perbus
2147 805 2495 876 contempsit,
2546 806 2756 861 videbit
2787 806 3077 862 sublimem
3108 812 3164 864 et
3193 808 3422 878 timebit,
3456 820 3513 867 et

1918 906 2039 961 quae
2067 889 2165 946 fuit
2192 891 2247 947 in
2304 908 2469 951 cruce
2515 894 2752 951 exaltata
2779 895 2850 950 ad
2878 911 3118 966 poenam,
3160 898 3289 953 etin
3318 916 3509 957 ascen-

1918 978 2071 1034 sione
2092 980 2325 1037 exaltata
2353 983 2425 1038 ad
2480 983 2731 1055 gloriam,
2761 992 2815 1039 et
2840 984 2894 1039 in
2918 984 3104 1053 judico
3161 987 3507 1062 exaltabitur,

1919 1074 1973 1122 et
2000 1068 2425 1126 humiliabuntur
2454 1072 2700 1143 superbi.
2739 1073 2807 1128 Et
2837 1077 2967 1129 tunc
2995 1075 3230 1131 maxime
3260 1080 3514 1151 comple-

1921 1155 2061 1211 bitur
2081 1158 2228 1228 quod
2255 1158 2480 1215 dicitur:
2516 1161 2621 1228 Qui
2661 1177 2721 1216 se
2750 1162 2976 1217 exultat
2999 1161 3423 1237 humiliabitur,
3453 1175 3513 1226 et

1921 1246 2016 1317 qui
2043 1261 2102 1302 se
2124 1247 2393 1304 humiliat
2422 1250 2777 1306 exaltabitur
2794 1250 2959 1322 (Luc.
2998 1268 3149 1321 xvm,
3181 1256 3289 1324 ﬂ).
3322 1256 3510 1314 Nostri

1922 1333 2215 1390 Salvatoris
2243 1336 2509 1394 adventus
2554 1339 2679 1410 quia
2710 1338 2809 1395 Dei
2864 1348 2948 1395 est
2976 1348 3029 1397 et
3057 1341 3313 1414 hominis,
3345 1347 3512 1404 vehe-

1922 1428 2135 1476 menter
2162 1420 2472 1494 diligendus
2502 1431 2585 1480 est
2614 1431 2664 1480 et
2693 1424 2820 1497 quia
2842 1426 3088 1496 judicati,
3129 1438 3184 1484 et
3215 1429 3511 1499 judicaturi

1924 1517 2027 1576 est,
2057 1524 2167 1566 non
2195 1510 2547 1568 mediocriter
2565 1514 2908 1581 metuendus,
2943 1522 2996 1571 et
3024 1531 3125 1572 nos
3140 1516 3322 1590 itaque
3343 1521 3443 1577 Dei
3461 1539 3514 1594 et

1922 1597 2163 1653 hominis
2189 1599 2483 1656 adventum
2514 1616 2639 1657 cum
2667 1602 2958 1659 dilectione
2989 1604 3277 1662 timeamus
3306 1616 3359 1663 et
3387 1626 3513 1665 cum

1923 1685 2116 1741 timore
2144 1686 2457 1760 diligamus,
2496 1700 2769 1761 quatenus
2786 1691 2965 1762 ipsum
2998 1693 3089 1765 qui
3120 1710 3309 1751 secum
3350 1698 3512 1756 hodie

1925 1783 2171 1831 naturam
2204 1785 2444 1833 nostram
2475 1779 2706 1835 elevavit
2728 1779 2783 1834 in
2803 1780 3024 1850 coelum,
3054 1782 3161 1837 laeti
3178 1785 3419 1854 judicem
3437 1788 3514 1845 vi-

1841 1886 1895 1947 B
1927 1862 2059 1919 dere
2090 1872 2142 1918 et
2170 1864 2369 1921 habere
2400 1866 2676 1923 valeamus
2722 1868 3011 1924 Dominum
3041 1881 3288 1928 nostrum
3319 1875 3510 1932 Jesum

1926 1951 2214 2019 Christum,
2246 1953 2337 2025 qui
2391 1970 2501 2009 una
2555 1956 2858 2030 eademque
2912 1959 3088 2032 gloria
3115 1969 3169 2016 et
3198 1965 3509 2034 majestate,

1923 2055 2046 2097 cum
2083 2041 2257 2109 Patre,
2290 2050 2342 2097 et
2390 2043 2592 2114 Spiritu
2648 2055 2857 2113 sancto,
2887 2048 3019 2104 vivit
3047 2057 3101 2105 et
3122 2060 3312 2124 regnat
3340 2053 3508 2124 Deus,

1925 2145 2023 2201 per
2050 2129 2233 2186 omnia
2262 2131 2463 2188 saecula
2492 2133 2832 2191 saculorum.
2865 2138 3062 2194 Amen.

2426 2315 2592 2392 373
2625 2318 2861 2378 samo
2891 2322 3013 2380 vn.

2210 2480 2286 2521 DE
2316 2481 2737 2525 PURIFICATIONE
2766 2486 2988 2528 SANCTE
3019 2487 3228 2531 ΜΑΗῌΞ.

2003 2607 2331 2665 Solemnitas
2384 2610 2522 2679 haec,
2573 2628 2696 2683 quae
2757 2613 2825 2669 ad
2881 2615 3150 2673 honorem
3179 2618 3279 2675 Dei
3314 2626 3369 2676 et
3406 2621 3524 2691 ejus

1930 2696 2289 2755 sanctissima:
2317 2698 2509 2755 matris
2537 2700 2699 2757 hodie
2755 2702 3078 2774 celebratur,
3105 2708 3403 2778 majoribus
3438 2711 3523 2768 fe-

1932 2784 2256 2842 stivitatibus
2286 2787 2414 2844 anni
2438 2790 2557 2858 jure
2586 2790 2825 2847 creditur
2850 2809 2960 2848 non
2985 2795 3164 2851 minor
3184 2812 3338 2867 esse;
3380 2801 3527 2872 quod

1932 2874 2145 2931 ratione
2197 2882 2252 2931 et
2305 2875 2537 2933 veritate
2612 2880 3029 2937 monstrabitur.
3086 2884 3322 2940 Donabit
3378 2888 3529 2944 Deus

1932 2963 2104 3019 homo
2142 2970 2196 3019 et
2220 2972 2391 3019 mater
2422 2964 2600 3037 virgo,
2623 2974 2682 3022 ut
2711 2968 2855 3039 quod
2881 2970 2949 3024 ad
2968 2969 3185 3028 laudem
3215 2981 3267 3029 et
3296 2973 3527 3044 gloriam

1934 3050 2217 3123 utriusque
2246 3052 2577 3122 promissum
2632 3064 2732 3121 est,
2772 3056 3052 3130 utriusque
3080 3060 3335 3117 reddatur
3360 3064 3527 3118 auxi-

1935 3138 2029 3194 lio.
2062 3140 2263 3195 Eadem
2296 3141 2496 3212 quippe
2552 3141 2842 3200 devotione
2897 3162 3002 3216 qua
3060 3147 3178 3204 dies
3221 3150 3529 3208 Nativitatis

228 3238 403 3311 possit
432 3237 960 3309 diabolusjudicari.
1025 3238 1081 3292 A
1139 3237 1353 3293 Christo
1384 3236 1551 3310 igitur
1575 3236 1826 3293 diabolus
1859 3242 1909 3306 C
1937 3227 2154 3283 Domini
2180 3236 2233 3283 ει
2264 3229 2579 3300 Epiphania?
2606 3247 2637 3285 8
2666 3232 2975 3290 Christiana
2993 3234 3257 3309 religione
3284 3241 3532 3296 noscitur

225 3335 498 3407 judicatus
531 3342 632 3402 est,
656 3351 780 3392 cum
811 3351 913 3392 eos
944 3350 1080 3408 quos
1102 3333 1433 3391 infidelitatis
1455 3334 1684 3392 vinculis
1714 3334 1830 3390 alli-

225 3441 474 3509 gaverat,
508 3433 711 3491 Christi
768 3433 1163 3506 praedicatione
1208 3448 1506 3490 conversos
1535 3433 1826 3501 amitteret,

228 3540 284 3590 et
311 3532 551 3605 seipsum
606 3530 892 3605 plangeret
947 3531 1182 3601 ejectum
1240 3531 1390 3588 foras
1446 3532 1517 3588 de
1566 3531 1831 3588 cordibus

233 3621 536 3689 hominum,
589 3628 641 3677 et
694 3620 900 3676 nullum
946 3627 1135 3691 posset
1183 3628 1389 3687 tenere,
1421 3620 1514 3693 qui
1542 3620 1819 3677 crederet.

232 3720 415 3776 Etiam
444 3720 499 3775 in
528 3734 691 3776 cruce
742 3720 952 3791 positus
1007 3718 1156 3775 circa
1212 3718 1353 3774 duos
1398 3718 1523 3774 illos
1580 3717 1830 3773 latrones

234 3806 545 3878 cruciﬁxos,
577 3808 719 3863 inter
748 3823 886 3880 quos
941 3813 993 3862 et
1022 3806 1139 3878 ipse
1160 3806 1455 3863 cruciﬁxus
1484 3806 1682 3874 fuerat,
1710 3808 1832 3876 jura

228 3905 456 3979 justitiae
484 3906 788 3972 exercebat,
821 3904 913 3960 ubi
943 3903 1155 3960 illorum
1189 3903 1421 3960 alterum
1461 3904 1729 3974 judicavit
1762 3903 1832 3960 ad

228 4003 481 4074 gloriam,
513 4003 743 4060 alterum
789 4017 918 4059 vero
978 4001 1258 4073 deputavit
1322 4001 1394 4057 ad
1448 4017 1692 4072 poenam.
1725 4002 1832 4057 Sua

238 4100 517 4158 voluntate
563 4103 714 4156 stans
768 4098 911 4155 ﬁxus
955 4098 1011 4153 in
1040 4114 1203 4155 cruce
1230 4115 1396 4155 verus
1419 4098 1717 4170 imperator
1739 4098 1833 4156 ille

233 4189 304 4245 de
332 4189 488 4245 hoste
538 4188 777 4261 superbo
833 4186 1223 4258 triumphabat.
1293 4186 1409 4242 Jam
1458 4187 1641 4244 divina
1670 4194 1832 4259 pote-

234 4291 371 4341 state
393 4283 575 4357 justus
602 4282 775 4339 Judex
822 4282 1139 4352 judicabat;
1194 4282 1309 4353 jam
1358 4298 1533 4355 agnos
1562 4284 1628 4338 ab
1660 4283 1833 4339 hzedis

236 4382 549 4455 separabat,
581 4391 632 4438 et
653 4380 782 4455 quid
810 4380 867 4436 in
895 4379 1000 4436 alio
1022 4380 1232 4449 judicio
1278 4380 1347 4435 sit
1376 4380 1624 4437 facturus
1654 4381 1831 4455 signi—

239 4476 460 4546 ﬁcabat,
488 4478 717 4535 Ratione
745 4476 949 4550 pariter
974 4484 1025 4534 et
1053 4478 1372 4535 auctoritate
1414 4477 1659 4547 docetur,
1687 4479 1834 4552 quod

1935 3316 2229 3381 celebrata,
2262 3317 2424 3374 debet
2453 3327 2506 3375 et
2534 3319 2638 3376 ista
2667 3320 2961 3379 celebrari.
2991 3324 3129 3380 Nam
3160 3327 3303 3384 sicut
3332 3328 3425 3385 illa
3448 3338 3530 3387 est

1936 3420 2037 3460 sua
2066 3404 2357 3478 praecipue,
2390 3414 2443 3463 et
2497 3409 2687 3464 matris
2742 3409 2955 3483 ipsius;
2989 3413 3069 3470 sic
3114 3423 3168 3471 et
3194 3416 3297 3472 ista
3326 3427 3408 3474 est
3437 3435 3533 3475 sua

1937 3493 2252 3565 specialiter
2307 3503 2361 3551 et
2388 3497 2578 3552 matris
2608 3498 2779 3554 illius.
2814 3501 2912 3556 Est
2966 3501 3184 3574 quidem
3242 3505 3389 3562 illius
3422 3508 3534 3565 diei

1938 3582 2254 3639 solemnitas
2280 3599 2503 3657 magna,
2537 3602 2646 3656 qua
2702 3587 2953 3645 Christus
3000 3591 3070 3647 de
3101 3591 3329 3666 Virgine
3357 3601 3535 3655 matre

1937 3678 2098 3727 natus
2119 3678 2225 3739 est,
2279 3677 2335 3728 et
2394 3688 2503 3746 qua
2556 3690 2590 3730 a
2658 3677 2870 3733 Joanne
2934 3678 3265 3750 baptizatus;
3318 3687 3374 3739 et
3429 3686 3536 3742 ista

1938 3760 2222 3833 aequaliter
2250 3776 2472 3835 magna,
2496 3779 2605 3835 qua
2659 3764 2729 3820 ab
2758 3765 2875 3837 ipsa
2905 3767 3097 3824 eadem
3143 3770 3387 3844 Virgine,
3418 3783 3473 3830 et
3502 3791 3539 3832 a

1936 3857 2082 3927 justo
2115 3857 2368 3914 Simeone
2398 3866 2480 3914 est
2510 3860 2625 3915 Deo
2657 3862 2799 3916 Patri
2825 3862 2881 3917 in
2902 3863 3104 3935 templo
3129 3865 3359 3923 oblatus.
3387 3870 3537 3927 Deus

1942 3947 2104 4001 Pater
2131 3954 2258 4002 ante
2287 3954 2527 4018 tempora
2555 3964 2620 4004 ex
2651 3965 2710 4005 se
2738 3952 2984 4022 genitum
3042 3952 3249 4023 Filium,
3284 3962 3345 4012 ut
3372 3958 3535 4017 homo

1940 4033 2094 4090 ﬁeret
2128 4034 2186 4089 in
2241 4051 2325 4105 ea,
2386 4037 2610 4093 contulit
2669 4038 2870 4110 virgini
2916 4042 3114 4110 matri;
3171 4052 3349 4101 mater
3377 4048 3537 4122 virgo

1942 4123 2193 4179 eumdem
2226 4123 2406 4195 ipsum
2436 4141 2511 4181 ex
2540 4142 2601 4182 se
2631 4126 2685 4182 in
2739 4136 2985 4201 tempore
3035 4139 3239 4200 natum,
3271 4134 3539 4194 hodierna

1942 4211 2030 4267 die
2058 4212 2334 4268 hominem
2363 4213 2557 4270 obtulit
2587 4216 2703 4272 Deo
2734 4217 2899 4273 Patri.
2922 4220 3106 4275 Manet
3135 4221 3318 4294 itaque
3339 4232 3394 4281 et
3420 4226 3540 4285 Deo

1944 4300 2083 4356 Patri
2112 4308 2166 4356 et
2193 4301 2388 4373 virgini
2416 4304 2579 4358 matri
2630 4304 2908 4362 mirandus
2964 4306 3125 4365 ﬁlius.
3158 4310 3331 4369 Valde
3378 4330 3532 4371 nam-

1941 4405 2048 4462 que
2076 4388 2383 4445 mirandum
2413 4400 2514 4457 est,
2535 4393 2681 4463 quod
2708 4402 2936 4466 excepta
2952 4396 3234 4454 hominum
3264 4402 3540 4459 communi

1941 4480 2235 4549 creatione,
2269 4480 2417 4535 Deus
2445 4478 2611 4536 habet
2656 4481 2847 4538 Filium
2876 4485 3171 4555 hominem,
3229 4496 3283 4545 et
3337 4489 3543 4551 femina

236 4575 406 4646 judex
423 4576 537 4647 jam
566 4574 796 4643 venerit,
849 4582 903 4630 et
926 4573 1092 4644 judex
1146 4581 1405 4630 venturus
1454 4584 1823 4648 exspectatur.
1862 4605 1916 4666 D
1949 4567 2117 4666 {illum
2149 4570 2349 4666 Dfnm-
2382 4569 2498 4666 Ηοίξ
2518 4570 2707 4643 utique
2737 4571 2792 4626 in
2810 4572 3030 4629 Christo
3063 4574 3270 4633 factum
3302 4589 3538 4650 constat,

244 4664 587 4735 Majestatem
616 4662 875 4731 divinam,
895 4678 1057 4736 quam
1080 4678 1242 4718 unam
1257 4663 1615 4738 eamdemque
1634 4680 1834 4737 aequa-

244 4759 368 4841 liter
412 4760 577 4818 habet
606 4776 729 4817 cum
755 4761 914 4816 Patre
942 4767 995 4816 et
1032 4757 1235 4831 Spiritu
1282 4768 1496 4817 sancto.
1536 4761 1700 4816 Filius
1731 4761 1838 4816 hu-

246 4860 491 4928 miliavit,
522 4859 615 4915 ubi
641 4858 871 4915 formam
899 4857 1046 4914 servi
1074 4858 1351 4930 suscepit;
1411 4859 1466 4913 in
1496 4875 1605 4931 qua
1632 4859 1838 4916 Domi—

246 4966 353 5006 nus
382 4947 621 5005 omnium
643 4946 812 5005 lactus
840 4955 924 5005 est
949 4945 1231 5002 hominum
1289 4964 1498 5015 servus,
1530 4956 1583 5004 et
1615 4948 1845 5006 servivit

250 5037 563 5094 hominibus
592 5053 771 5110 usque
792 5036 862 5092 ad
914 5043 1175 5092 mortem.
1221 5034 1388 5111 372
1422 5037 1572 5093 Hanc
1626 5036 1843 5109 quidem

249 5135 548 5205 suscitavit,
595 5151 754 5208 quam
798 5134 1039 5192 secundo
1067 5133 1379 5205 assumpsit,
1410 5134 1464 5188 in
1495 5150 1557 5190 ea
1604 5133 1846 5191 novissi—

248 5241 399 5285 mum
435 5224 569 5280 illud
594 5232 648 5280 et
676 5223 1076 5281 formidandum
1104 5223 1267 5280 valde
1292 5221 1555 5293 judicium
1586 5223 1843 5291 facturus,

250 5323 485 5397 adquod
511 5323 695 5380 omnia
744 5323 1031 5391 elementa,
1092 5331 1146 5381 et
1189 5320 1355 5379 etiam
1411 5321 1639 5379 virtutes
1669 5321 1845 5378 coelo-

242 5441 372 5483 rum
404 5424 897 5482 commovebuntur
950 5425 1175 5496 (Matth.
1205 5438 1358 5493 XXIV,
1389 5424 1499 5493 29).
1533 5425 1730 5480 Forma
1760 5422 1849 5478 di-

250 5525 505 5592 vinitatis,
538 5541 659 5598 quae
689 5541 795 5581 una
841 5532 925 5581 est
980 5524 1149 5580 Patris
1210 5532 1263 5580 et
1326 5523 1447 5578 Filii
1496 5530 1548 5579 et
1603 5522 1846 5595 Spiritus

252 5623 447 5691 sancti,
471 5637 573 5680 nec
599 5622 803 5678 mundo
847 5620 1125 5693 apparuit,
1156 5634 1260 5676 nec
1290 5618 1576 5691 apparebit
1608 5618 1663 5674 in
1687 5618 1844 5689 judi-

255 5722 380 5795 cio;
411 5720 510 5777 sed
536 5720 717 5777 forma
740 5719 974 5776 hominis
1004 5734 1126 5775 cum
1148 5717 1392 5775 claritate
1420 5717 1610 5787 multa,
1645 5724 1698 5771 et
1722 5732 1848 5772 ma-

256 5834 372 5897 gna
390 5824 662 5895 potestate
714 5816 1007 5883 videbitur,
1069 5832 1190 5889 quae
1245 5815 1302 5871 in
1338 5814 1437 5871 Dei
1470 5814 1626 5879 Filio,
1660 5822 1714 5899 et
1744 5812 1848 5872 Dei

265 5918 436 5981 Filius
462 5917 521 5979 in
548 5932 615 5978 ea
636 5914 920 5989 judicabit.
940 5912 1010 5975 Et
1036 5913 1142 5972 hoc
1171 5912 1394 5989 quidem
1431 5912 1582 5984 justa
1605 5920 1657 5971 et
1676 5910 1848 5973 ratio-

1949 4658 2041 4730 qui
2069 4666 2151 4713 est
2179 4658 2327 4714 Deus
2383 4666 2437 4713 et
2482 4659 2666 4729 homo,
2727 4667 2785 4715 et
2844 4669 3073 4735 uterque
3102 4680 3259 4733 unus,
3288 4667 3456 4745 374
3488 4679 3543 4727 et

1948 4755 2090 4812 ﬁlius
2119 4755 2424 4828 utriusque.
2470 4756 2570 4814 Hic
2624 4757 2821 4815 unicus
2874 4758 3016 4817 ﬁlius
3072 4763 3235 4820 unico
3286 4766 3431 4822 Patri
3470 4769 3541 4824 ab

1949 4846 2107 4901 unica
2134 4853 2304 4901 matre
2358 4845 2574 4902 oblatus
2627 4855 2728 4917 est,
2786 4864 2927 4904 unus
2978 4850 3100 4914 uni;
3156 4851 3266 4909 imo
3321 4854 3376 4910 in
3433 4874 3542 4915 uno

1951 4949 2141 4989 omnes
2170 4932 2361 4990 ﬁdeles
2391 4942 2512 4990 sunt
2570 4935 2756 4993 oblati.
2788 4937 2942 4996 Hanc
2971 4939 3115 4995 diem
3146 4944 3539 5018 venerabilem,

1950 5022 2096 5079 diem
2126 5038 2251 5079 esse
2279 5024 2618 5095 purgationis
2638 5026 2819 5099 Maria
2836 5030 3134 5084 secundum
3152 5030 3330 5104 legem
3352 5033 3543 5091 Evan-

1951 5106 2154 5179 gelium
2185 5114 2429 5164 testatur.
2464 5109 2657 5166 Merito
2688 5121 2865 5167 mater
2892 5111 3069 5184 legem
3090 5117 3358 5185 servavit,
3389 5120 3545 5189 cujus

1953 5196 2117 5251 Filius
2146 5203 2200 5251 et
2228 5196 2408 5269 legem
2437 5196 2685 5267 dederat,
2746 5207 2799 5255 et
2828 5209 3055 5257 venerat
3102 5211 3160 5259 ut
3193 5204 3248 5259 in
3275 5222 3335 5262 se
3362 5206 3545 5280 legem

1953 5284 2295 5356 adimpleret,
2318 5301 2483 5357 quam
2499 5286 2625 5343 aliis
2665 5288 2894 5346 dederat
2920 5298 3063 5348 ante.
3101 5291 3200 5349 Illa
3230 5302 3413 5353 tamen
3438 5316 3545 5370 pu-

1953 5376 2074 5431 dica
2104 5373 2307 5444 puella,
2339 5390 2439 5430 nec
2497 5376 2553 5430 in
2600 5377 2807 5449 aliquo,
2868 5396 2970 5437 nec
3001 5382 3069 5437 de
3109 5382 3293 5456 aliquo
3335 5387 3542 5460 habuit,

1953 5462 2097 5519 unde
2126 5469 2253 5517 tunc
2277 5471 2637 5535 purgaretnr.
2672 5465 2870 5523 Sancta
2929 5471 3128 5525 etenim
3184 5474 3342 5547 virgo
3367 5476 3465 5531 fuit
3492 5487 3549 5534 et

1954 5552 2011 5608 in
2038 5550 2414 5621 conceptione,
2475 5560 2527 5607 et
2583 5553 2637 5607 in
2684 5555 2962 5613 nativitate
3019 5560 3206 5630 prolis,
3263 5572 3316 5619 et
3335 5564 3548 5624 idcirco

1954 5656 2093 5713 puer
2122 5647 2281 5694 natus
2332 5656 2398 5696 ex
2429 5655 2496 5695 ea
2549 5642 2763 5698 vulvam
2815 5645 2934 5714 ejus
2990 5663 3099 5703 non
3133 5652 3364 5721 aperuit,
3422 5655 3550 5713 licet

1953 5745 2057 5802 per
2082 5728 2226 5783 illam
2256 5727 2399 5784 illius
2431 5730 2566 5785 uteri
2598 5734 2810 5801 portam
2839 5744 3176 5793 nasceretur.
3218 5738 3387 5797 Porta
3410 5760 3548 5799 ven-

1954 5817 2051 5874 tris
2079 5816 2197 5885 ejus
2227 5815 2454 5888 virginis
2481 5818 2680 5875 exstitit
2710 5819 2873 5878 vulva
2900 5823 3018 5891 ejus
3073 5825 3143 5882 de
3163 5843 3269 5900 qua
3298 5829 3550 5889 Ezechiel

1953 5907 2227 5984 propheta
2255 5906 2336 5965 sic
2378 5905 2646 5983 loquitur:
2697 5910 2795 5970 Est
2824 5920 2991 5989 porta
3026 5914 3089 5974 in
3125 5915 3285 5978 domo
3314 5918 3547 5981 Domini
