3910 6456
436 392 541 473 263

1460 385 1798 464 sortitum
1822 389 2003 466 una
2022 398 2132 469 ris
2162 392 2723 477 VINDOCINENSIS

3637 412 3742 486 illi

437 531 657 622 causa,
679 532 736 585 et
783 544 902 622 non
926 528 1217 622 aperietur
1265 529 1486 622 (lineali.
1517 545 1666 622 rus,
1708 533 1793 604 2).
1830 533 2036 591 Domus
2063 537 2119 599 A
2150 544 2296 594 tanta
2326 538 2491 609 bona,
2526 558 2650 614 qum
2675 542 2731 598 in
2758 543 3334 622 prasentiEvangelio
3354 556 3728 608 memorantur

436 617 659 673 Domini
684 625 768 673 est
793 616 940 675 bona
994 617 1192 685 Maria,
1235 617 1361 690 quia
1386 617 1509 690 ipse
1541 617 1784 678 fundavit
1816 638 1956 691 eam,
1989 640 2046 691 et

434 707 600 762 homo
655 704 831 763 factus
884 714 969 764 est
1000 706 1054 761 in
1131 721 1198 763 ea
1252 707 1429 777 (Psal.
1468 723 1689 774 LXXXVI,
1747 713 1824 783 5).
1882 713 2041 768 Porta

432 796 594 866 hujus
622 795 836 862 domus,
870 803 929 851 ut
954 795 1159 852 dictum
1227 803 1313 851 est
1361 797 1641 867 superius,
1663 798 1762 854 fuit
1794 800 1958 857 vulva
1985 802 2041 857 in

431 893 663 967 virginis
697 902 874 964 utero,
895 910 993 966 per
1016 909 1181 967 quam
1237 893 1485 950 clausam
1518 895 1741 968 quidem
1771 913 2038 970 egressus

432 998 515 1047 est
542 992 597 1046 in
619 1007 723 1047 una
753 1006 996 1063 persona
1067 992 1214 1047 Deus
1238 999 1291 1047 et
1318 992 1503 1048 homo.
1531 993 1694 1063 Cujus
1724 994 2039 1051 beatissima

430 1087 618 1146 mater,
651 1080 778 1135 licet
805 1095 912 1136 non
938 1080 1220 1153 ignoraret
1262 1080 1386 1153 quis
1434 1089 1583 1136 esset
1610 1098 1771 1154 quem
1803 1085 2038 1157 genuis-

430 1176 550 1232 set;
583 1168 672 1225 cui
703 1168 957 1226 videlicet
982 1184 1092 1224 non
1124 1173 1247 1225 erat
1274 1168 1366 1224 lex
1425 1170 1624 1241 posita,
1660 1171 1754 1226 sed
1793 1173 2037 1242 subjecta

431 1258 486 1312 in
514 1256 719 1330 templo
805 1266 986 1313 tamen
1042 1258 1212 1313 ﬁlium
1233 1257 1445 1327 obtulit,
1463 1260 1615 1328 juxta
1642 1259 1783 1334 legis
1803 1263 2036 1317 manda-

430 1354 568 1402 tum.
606 1345 955 1418 Exspectavit
986 1346 1208 1419 quidem
1225 1345 1372 1402 diem
1392 1348 1749 1420 purgationis,
1774 1357 1827 1405 et
1857 1350 2036 1407 occul-

430 1436 563 1492 tavit
590 1435 690 1490 ﬁlii
716 1435 997 1491 deitatem.
1036 1436 1175 1490 Nam
1207 1435 1252 1490 si
1278 1433 1477 1491 Christi
1508 1436 1814 1493 incarnatio
1844 1437 2037 1496 fuisset

429 1532 555 1581 nota
582 1524 828 1594 diabolo,
874 1539 979 1581 nec
1034 1524 1286 1580 Christus
1340 1540 1444 1596 pro
1497 1525 1660 1581 nobis
1706 1536 2032 1599 moreretur,

425 1628 530 1669 nec
557 1610 715 1670 ﬁeret
745 1621 929 1669 nostra
960 1613 1287 1685 redemptio.
1319 1613 1459 1669 Nata
1489 1614 1645 1686 prole
1674 1630 1902 1688 agnum,
1924 1630 2024 1689 par

424 1710 726 1769 turturum,
749 1710 843 1758 aut
870 1701 1008 1757 duos
1060 1702 1241 1773 pullos
1299 1702 1674 1758 columbarum
1705 1701 1895 1759 oiferri
1927 1720 2030 1777 pro

406 1806 487 1847 ea
517 1790 695 1847 fuerat
732 1791 873 1863 legis
929 1799 1260 1862 praeceptum
1309 1791 1461 1863 (Leu.
1514 1807 1609 1861 xu,
1670 1794 1749 1862 6).
1793 1792 1952 1862 Quod
1983 1794 2030 1850 si

2149 637 2267 693 seni
2302 637 2543 696 Simeoni
2588 639 2783 698 collata
2842 641 3097 700 fuerunt:
3129 644 3175 700 si
3232 645 3353 719 quis
3409 647 3746 708 desideraret

2149 740 2333 796 nosse,
2367 742 2438 784 ex
2469 729 2586 799 ejus
2616 730 2852 786 nominis
2906 731 3353 805 interpretatione
3410 737 3610 795 discat.
3651 740 3743 796 Si-

2146 829 2308 870 meon
2340 817 2489 872 enim
2516 818 2739 875 audivit
2770 822 3075 877 tristitiam
3116 822 3521 895 interpretatur,
3554 832 3609 883 et
3638 829 3741 883 tri-

2146 913 2291 968 stitia
2322 912 2596 987 signiﬁcat
2624 918 3023 987 paenitentiam.
3072 919 3315 988 Simeon,
3339 923 3392 977 in
3416 940 3524 996 quo
3552 940 3743 982 omnes

2144 1001 2474 1073 poenitentes
2502 1002 2822 1077 ﬁgurantur,
2847 1023 2948 1080 per
3002 1010 3373 1080 pmnitentiam
3432 1013 3592 1068 desiit
3620 1031 3741 1071 esse

2148 1100 2420 1161 peccatur,
2448 1101 2502 1148 et
2531 1093 2704 1151 factus
2732 1103 2815 1152 est
2838 1097 3025 1169 justus
3047 1114 3111 1153 ex
3141 1108 3460 1170 peccatore.
3505 1099 3610 1171 Qui
3632 1119 3742 1158 non

2145 1179 2317 1235 solum
2349 1180 2420 1237 de
2442 1197 2520 1248 se,
2555 1183 2654 1239 sed
2709 1185 2871 1241 etiam
2893 1187 2961 1242 de
3018 1187 3281 1259 proximis
3310 1188 3425 1243 suis
3454 1190 3733 1255 sollicitus,

2145 1278 2334 1333 orabat
2363 1294 2461 1350 pro
2488 1279 2598 1335 illis
2626 1282 2843 1339 assidue
2899 1283 3103 1340 Orabat
3156 1301 3254 1357 pro
3284 1285 3390 1341 illis
3437 1294 3489 1342 et
3518 1303 3614 1359 pro
3633 1288 3737 1345 illis

2145 1365 2388 1433 timebat,
2418 1367 2638 1424 Sciebat
2665 1371 2808 1426 enim
2868 1374 3018 1445 quod
3070 1373 3145 1428 ita
3182 1390 3280 1446 pro
3309 1375 3573 1446 proximis
3601 1377 3741 1433 sicut

2141 1470 2244 1525 pro
2274 1458 2456 1528 seipso
2486 1466 2601 1513 erat
2632 1461 2941 1533 agendum;
3000 1470 3053 1517 et
3081 1463 3224 1535 quod
3258 1463 3361 1518 sibi
3387 1472 3439 1520 et
3469 1466 3738 1536 proximis

2142 1542 2320 1599 fuerat
2350 1546 2632 1615 praemium
2654 1550 3104 1620 exspectandum.
3136 1551 3441 1608 Timoratus
3488 1553 3650 1627 igitur
3669 1571 3737 1611 ex

2141 1634 2540 1703 praeteritorum
2596 1639 2856 1693 memoria
2940 1648 3311 1710 peccatorum,
3372 1647 3433 1697 et
3488 1659 3552 1698 ex
3596 1643 3738 1718 legis

2140 1722 2542 1793 observatione,
2577 1734 2628 1781 et
2688 1726 2854 1802 3'77
2889 1743 2960 1785 ex
3007 1728 3139 1785 ﬁdei
3185 1730 3517 1803 operatione,
3573 1742 3736 1805 atque

2141 1823 2230 1893 pia
2259 1825 2640 1896 compassione
2696 1826 3071 1896 proximorum
3114 1825 3315 1895 justus,
3361 1829 3506 1897 juste
3535 1829 3734 1899 perhi-

422 1881 565 1990 τοιςιε
597 1878 765 1955 375
816 1879 977 1936 διίοιιί
1033 1880 1509 1990 assesasses
1556 1881 1788 1936 alterum
1822 1883 2022 1990 _ho_mm
2054 1899 2108 1959 B
2139 1878 2650 1970 insignis;
2694 1878 3731 1990 spargis“;.;.a;gfersuam...

423 1979 511 2035 vel
549 1987 862 2050 utrumque,
947 1992 1049 2049 par
1100 1976 1353 2034 videlicet
1406 1984 1694 2045 turturum,
1744 1986 1836 2034 aut
1883 1980 2023 2035 duos

421 2067 605 2140 pullos
656 2066 1055 2134 columbarum,
1131 2066 1366 2121 Domino
1423 2066 1480 2121 in
1538 2066 1635 2122 filii
1691 2067 2022 2125 oblationem

419 2172 639 2230 oﬂ‘erret
655 2174 833 2245 (ibid.,
858 2172 939 2244 8).
971 2172 1031 2226 In
1051 2178 1277 2243 utroque
1292 2171 1655 2238 Testamento,
1672 2181 1725 2228 et
1740 2173 1793 2230 in
1810 2173 1953 2245 lege,
1969 2182 2026 2231 et

417 2276 474 2331 in
504 2275 810 2348 Evangelia
837 2274 1036 2330 mentis
1070 2282 1119 2330 et
1138 2274 1389 2348 corporis
1409 2274 1733 2346 parilitatem
1756 2277 2022 2333 Dominus

419 2375 612 2448 exigit.
649 2372 891 2428 Parilitas
919 2371 1013 2426 illa
1042 2372 1160 2427 haec
1176 2380 1278 2437 est,
1304 2387 1424 2443 quae
1442 2386 1471 2426 a
1501 2372 1734 2427 Domino
1761 2373 2017 2446 exigitur,

416 2473 473 2520 ut
502 2465 706 2519 bonum
735 2461 882 2533 quod
911 2475 945 2516 a
973 2460 1131 2516 nobis
1157 2460 1303 2517 foris
1351 2460 1676 2529 ostendtiur,
1709 2462 1862 2532 prius
1888 2479 2022 2518 con-

415 2563 650 2634 cipiatur
696 2561 752 2615 in
821 2568 1028 2616 mente.
1111 2559 1235 2613 Non
1318 2559 1465 2615 enim
1526 2575 1650 2615 cum
1702 2560 2017 2617 ditﬁcultate

415 2653 623 2708 bonum
669 2666 809 2721 opus
862 2648 981 2705 ﬁeri
1016 2648 1206 2715 debet,
1255 2649 1353 2705 sed
1383 2665 1510 2705 cum
1564 2649 1863 2719 hilaritate;
1914 2667 2018 2709 nec

414 2748 544 2804 inde
598 2746 855 2802 aii'ectare
913 2745 1179 2800 debemus
1252 2744 1472 2800 laudem
1555 2746 1857 2816 hominum,
1917 2749 2013 2804 sed

415 2853 739 2917 exspectare
775 2859 808 2900 a
844 2843 1079 2899 Domino
1126 2841 1562 2898 retributionem.
1619 2845 1734 2901 Hoc
1762 2845 1926 2902 modo
1957 2844 2016 2901 iit

412 2935 588 2992 hostia
618 2940 777 3008 grata
802 2934 937 2999 Deo,
997 2939 1329 3005 gratumque
1386 2930 1494 2987 sibi
1540 2933 1715 2988 Deum
1740 2932 1889 3002 fecit,
1922 2935 2013 3007 qui

413 3024 493 3080 sic
520 3022 747 3096 pauperi
777 3022 1012 3094 porrigit
1040 3037 1289 3077 manum.
1330 3021 1528 3077 Turtur
1574 3022 1692 3079 avis
1722 3032 1877 3079 casta
1904 3032 2006 3091 est,

412 3129 535 3187 quae
566 3126 861 3169 numerosa
891 3110 1149 3183 conjugis
1203 3125 1489 3182 respuens,
1550 3110 1847 3168 blanditias
1897 3129 2008 3169 non

408 3225 557 3274 curat
583 3216 832 3282 aliorum,
862 3229 976 3271 uno
1005 3212 1123 3270 solo
1153 3214 1388 3286 conjuge
1417 3221 1691 3270 contenta.
1733 3215 1838 3271 Per
1868 3216 2007 3274 hanc

406 3319 658 3377 Ecclesia
684 3317 952 3375 catholica
1009 3317 1274 3389 signatur,
1336 3333 1459 3388 qua:
1511 3316 1604 3372 uni
1650 3316 1767 3374 viro
1797 3333 2008 3389 sponso

408 3405 623 3462 Christo
673 3401 1019 3460 solummodo
1091 3401 1443 3472 desponsata,
1530 3417 1633 3458 nec
1685 3404 2005 3459 muneribus

405 3503 781 3573 corrumpitur,
812 3507 865 3556 et
892 3497 1058 3572 quasi
1095 3512 1385 3554 numerosa
1408 3498 1666 3570 conjugis
1705 3515 1996 3571 respuens,

403 3591 789 3649 haereticorum
818 3588 948 3643 vitat
965 3586 1269 3644 consortia.
1302 3586 1423 3642 Duo
1451 3586 1584 3657 pulli
1601 3587 2001 3658 columbarum,

400 3682 562 3752 juxta
598 3678 738 3749 legis
783 3678 1087 3743 decretum,
1133 3675 1187 3730 in
1247 3674 1624 3732 holocaustum
1679 3675 1999 3736 offeruntur.

405 3767 565 3840 Quod
591 3768 702 3823 duo
731 3772 874 3833 sunt,
906 3764 1254 3822 commendat
1273 3764 1636 3835 charitatem;
1671 3766 1816 3838 quod
1845 3767 1996 3837 pulli,

401 3855 773 3915 innocentiam
831 3854 1047 3927 signat;
1108 3853 1257 3925 quod
1309 3853 1694 3910 columbarum
1723 3855 1997 3925 dicuntur,

396 3946 600 4005 indicat
628 3944 913 4002 unitatem.
947 3942 1138 3999 Merito
1193 3941 1407 3999 duobus
1450 3942 1686 3999 charitas
1715 3959 1999 4002 commen-

394 4051 581 4118 datur,
607 4049 868 4121 quoniam
896 4045 951 4100 in
1018 4059 1085 4101 ea
1136 4044 1246 4102 duo
1302 4044 1646 4101 continentur
1684 4055 1956 4120 praecepta
1982 4089 1996 4116 ,

396 4140 593 4214 quibus
621 4139 767 4194 Deus
795 4143 849 4192 et
870 4134 1154 4207 proximus
1204 4133 1477 4207 diligitur.
1510 4136 1572 4190 In
1619 4135 1804 4207 pullis,
1833 4136 1891 4192 id
1916 4145 2000 4193 est

392 4230 451 4286 in
494 4225 753 4301 parvulis,
780 4231 933 4281 recte
960 4223 1211 4297 signatur
1238 4222 1570 4291 innocentia,
1602 4239 1636 4279 a
1662 4224 1858 4296 quibus
1887 4241 1999 4282 non

391 4325 623 4401 propria
652 4323 972 4389 vindicatur,
1004 4321 1107 4378 sed
1163 4321 1503 4378 condonatur
1532 4321 1753 4394 injuria.
1805 4323 1865 4378 In
1896 4339 1994 4381 co-

389 4422 575 4482 lumba
594 4437 703 4479 non
719 4422 1021 4492 incongrue
1038 4417 1299 4475 Ecclesiae
1319 4417 1495 4475 unitas
1523 4417 1801 4493 ﬁguratur,
1821 4420 1870 4496 3
1883 4418 1928 4496 7
1941 4421 1989 4499 6

387 4516 964 4581 sicutDominusdicit:
984 4519 1099 4577 Una
1112 4520 1197 4574 est
1208 4517 1466 4573 columba
1482 4534 1606 4574 mea
1620 4516 1803 4585 (Cant.
1824 4534 1894 4593 v1,
1914 4523 1989 4592 8).

2130 2002 2427 2069 acceperat
2447 2015 2481 2054 a
2503 1998 2735 2071 Spiritu
2753 2003 2951 2055 sancto
2966 2014 3080 2055 non
3100 2001 3351 2056 visurum
3385 2017 3441 2057 se
3468 2006 3727 2071 mortem,

2130 2086 2247 2141 nisi
2259 2087 2653 2157 priusvideret
2672 2086 2960 2143 Christum
2983 2089 3207 2144 Domini
3252 2090 3432 2159 (ibid.,
3450 2088 3560 2159 26).
3579 2090 3728 2146 Sicut

2131 2172 2408 2228 nescimus
2436 2171 2530 2227 ubi
2559 2172 2858 2244 etquando
2875 2173 3164 2244 acceperit,
3196 2174 3272 2229 ita
3318 2174 3463 2246 quod
3492 2189 3728 2246 accepe-

2130 2261 2218 2328 rit,
2251 2269 2304 2316 et
2333 2275 2368 2316 a
2396 2276 2505 2333 quo
2532 2268 2585 2315 et
2613 2262 2886 2334 quomodo
2905 2263 3330 2334 acceperitcerti
3352 2280 3560 2319 sumus.
3581 2265 3726 2320 Nam

2129 2367 2237 2423 fide
2266 2375 2317 2422 et
2346 2366 2663 2437 dilectione,
2694 2368 2979 2440 multiplici
3009 2384 3194 2441 prece,
3219 2369 3436 2425 assidua
3457 2370 3720 2437 oratione,

2127 2463 2181 2512 et
2208 2456 2476 2512 bonorum
2505 2457 2808 2513 assertione
2848 2472 3074 2529 operum
3104 2459 3206 2514 hoc
3238 2473 3561 2530 responsum
3607 2475 3724 2515 me-

2126 2546 2232 2600 ruit
2259 2560 2294 2600 a
2321 2545 2522 2617 Spiritu
2552 2554 2761 2613 sancto,
2812 2554 2867 2602 et
2919 2546 3146 2603 obtinuit
3199 2547 3550 2618 promissum.
3602 2549 3723 2606 Hoc

2124 2633 2304 2705 ipsum
2333 2634 2687 2706 spiritualiter
2714 2650 3057 2708 unaquaeque
3114 2634 3292 2691 ﬁdelis
3330 2637 3509 2692 anima
3534 2652 3569 2693 a
3598 2637 3723 2709 Spi-

2123 2724 2232 2777 ritu
2270 2732 2454 2778 sancto
2482 2723 2731 2795 percipit,
2764 2725 2862 2779 sed
2893 2722 3146 2780 videlicet
3173 2739 3284 2779 non
3301 2725 3543 2781 visurum
3558 2740 3714 2781 mor-

2123 2814 2252 2873 tem,
2285 2806 2389 2861 nisi
2442 2808 2595 2878 prius
2641 2808 2819 2863 videat
2874 2806 3243 2864 Salvatorem.
3310 2808 3453 2866 Vidit
3498 2810 3722 2866 Simeon

2122 2895 2395 2967 corporali
2423 2895 2616 2951 intuitu
2645 2896 2919 2951 Christum
2966 2897 3021 2952 in
3050 2912 3236 2967 carne,
3261 2905 3314 2953 et
3366 2898 3719 2970 corporaliter

2120 2998 2310 3054 habuit
2337 3006 2684 3070 praesentem.
2720 3000 2789 3054 Et
2816 3014 2919 3054 nos
2939 2999 3219 3055 obtutibus
3264 3000 3460 3070 mentis
3508 3008 3562 3056 et
3587 3000 3715 3057 ﬁdei

2118 3087 2272 3143 illum
2324 3068 2380 3143 in
2435 3088 2548 3144 suis
2602 3088 2963 3145 sacramentis
2996 3088 3246 3145 videmus
3302 3068 3612 3145 mandentem
3658 3090 3716 3145 in

2117 3184 2298 3252 nobis,
2323 3193 2377 3241 et
2403 3193 2739 3258 operantem.
2771 3186 2930 3253 Nam,
2962 3185 3067 3240 nisi
3086 3185 3316 3258 quisque
3332 3194 3457 3243 ante
3475 3194 3706 3242 mortem

2050 3257 2101 3321 Ο
2129 3274 2373 3347 corporis
2402 3273 2667 3345 spirituali
2695 3273 2876 3346 gratia
2902 3257 3157 3331 cerneret
3183 3257 3241 3330 et
3265 3274 3493 3332 haberet
3515 3276 3712 3343 Deum,

2116 3372 2290 3420 morte
2317 3362 2675 3419 damnaretur
2697 3372 2923 3420 aeterna.
2953 3363 3099 3419 Vidit
3146 3364 3365 3420 Simeon
3395 3364 3564 3421 oculis
3585 3379 3712 3420 cor-

2112 3466 2265 3538 poris
2286 3465 2556 3521 Christum
2603 3464 2901 3531 hominem,
2933 3469 2989 3521 et
3018 3464 3181 3521 corde
3238 3468 3293 3520 et
3348 3479 3577 3536 corpore
3609 3465 3714 3521 Dei

2112 3557 2171 3612 in
2201 3555 2421 3612 homine
2450 3555 2697 3610 adoravit
2725 3554 3089 3624 majestatem.
3143 3554 3210 3609 Et
3239 3568 3340 3609 nos
3396 3553 3611 3626 quidem
3650 3554 3708 3610 in

2114 3658 2432 3730 baptismate
2479 3657 2658 3714 oculis
2707 3657 2895 3714 carnis
2914 3671 3114 3729 aquam
3135 3655 3400 3719 videmus,
3425 3656 3544 3712 etin
3564 3671 3707 3729 aqua

2111 3761 2386 3817 Christum
2414 3760 2593 3832 ipsum
2625 3759 2799 3817 oculis
2824 3759 3021 3816 animae
3050 3767 3372 3829 praesentem
3401 3758 3693 3827 cernimus,

2110 3867 2164 3917 et
2192 3859 2248 3914 in
2277 3859 2398 3930 ipso
2428 3866 2594 3914 totam
2654 3857 2997 3913 Trinitatem.
3039 3857 3189 3915 Sicut
3215 3856 3358 3912 enim
3380 3864 3488 3912 tota
3516 3855 3701 3912 Trini-

2106 3967 2190 4015 tas
2221 3957 2391 4015 adfuit
2420 3959 2475 4013 in
2504 3956 2834 4028 baptismate
2865 3956 3086 4025 Christi,
3120 3955 3201 4012 sic
3228 3963 3341 4010 tota
3359 3954 3589 4010 Trinitas
3606 3954 3700 4011 ﬁr-

2105 4048 2268 4105 miter
2297 4046 2494 4103 adesse
2515 4044 2755 4101 creditur
2803 4053 2855 4102 et
2903 4045 2957 4100 in
3014 4043 3338 4117 baptismate
3386 4042 3689 4115 Christiani,

2103 4145 2160 4200 in
2191 4160 2299 4217 quo
2328 4159 2437 4200 non
2492 4142 2669 4200 solum
2710 4141 2983 4199 cernimus
3039 4139 3331 4208 Christum,
3392 4140 3489 4196 sed
3516 4140 3695 4212 ipsum

2102 4234 2397 4291 induimus.
2418 4233 2483 4288 Et
2508 4234 2664 4289 venit
2680 4232 2743 4287 in
2756 4231 2977 4304 Spiritu
2992 4230 3055 4286 in
3079 4229 3351 4305 templum
3369 4230 3547 4301 (ibid.,
3578 4231 3694 4300 27).

2104 4323 2161 4381 Si
2192 4323 2467 4396 quaeritur,
2497 4322 2553 4377 in
2583 4335 2690 4394 quo
2720 4319 2911 4393 spiritu
2968 4318 3193 4375 Simeon
3232 4318 3417 4391 justus
3448 4317 3501 4373 in
3552 4325 3693 4374 tem-

2100 4429 2253 4503 plum
2281 4428 2512 4497 venerit,
2542 4429 2725 4500 utique
2782 4425 2839 4481 in
2868 4423 3072 4498 Spiritu
3120 4431 3325 4494 sancto,
3352 4424 3445 4498 qui
3487 4441 3691 4482 secun-

2100 4520 2231 4576 dum
2259 4519 2635 4591 evangelicum
2663 4514 2949 4574 veritatem
2981 4511 3147 4589 378
3180 4512 3237 4567 in
3282 4528 3348 4569 eo
3377 4519 3511 4568 erat.
3550 4514 3689 4571 Vere

386 4623 656 4683 Columba
709 4627 972 4693 praeterea
1002 4617 1432 4675 cohabitantium
1489 4635 1677 4677 secum
1723 4621 1981 4677 unitatem
2009 4637 2064 4699 D
2093 4617 2331 4690 Spiritus
2361 4622 2601 4683 sanctus,
2634 4627 2742 4687 quo
2769 4612 2965 4669 ductus
2993 4619 3079 4667 est
3106 4610 3265 4667 Jesus
3304 4609 3362 4666 in
3390 4610 3683 4682 desertum,

387 4728 498 4773 non
527 4710 752 4778 deserit,
783 4709 881 4766 sed
910 4707 1144 4764 ﬁdeliter
1197 4715 1417 4774 servat;
1448 4714 1502 4765 et
1529 4708 1577 4763 si
1620 4725 1782 4765 causa
1810 4726 1987 4782 expo-

384 4811 567 4879 δίοιδε,
600 4807 811 4866 fortiter
837 4805 1080 4863 dimicat.
1112 4804 1264 4861 Tunc
1293 4802 1470 4860 ﬁdelis
1487 4805 1718 4878 quisque
1732 4806 1984 4863 columba

382 4911 506 4981 erit,
536 4910 583 4966 si
612 4908 699 4980 pia
725 4902 1422 4979 longanimitate,usquein
1454 4902 1618 4959 tinem
1640 4904 1697 4959 in
1718 4903 1982 4965 Ecclesia:

381 4999 664 5059 catholicae
721 4993 976 5051 manserit
1019 4992 1251 5059 unitate,
1284 4998 1337 5048 et
1373 4991 1420 5046 si
1450 4991 1696 5066 legitime
1721 5010 1820 5066 pro
1851 4994 1985 5053 ﬁdei

380 5088 702 5147 defensione
731 5081 1041 5142 certaverit.
1067 5082 1139 5137 Et
1160 5096 1285 5138 ecce
1301 5081 1463 5138 homo
1480 5086 1607 5138 erat
1627 5083 1690 5139 in
1711 5083 1982 5141 Hierusa-

380 5189 513 5255 lem,
525 5184 1017 5256 nomineSimeon;
1034 5184 1089 5236 et
1103 5178 1267 5235 homo
1278 5179 1389 5236 iste
1393 5179 1661 5254 justusjet
1674 5183 1982 5240 timoratus

378 5288 717 5359 exspectans
732 5278 1178 5338 consolationem
1198 5277 1374 5334 Israel
1403 5277 1561 5348 (Luc.
1594 5293 1657 5344 ιι,
1680 5278 1789 5351 25).
1810 5280 1977 5348 Ecce,

378 5372 741 5431 desiderantis
763 5369 945 5441 signat
969 5364 1244 5433 adactum,
1297 5364 1421 5438 quia
1479 5365 1750 5424 Simeonis
1795 5367 1979 5426 animo

380 5470 653 5527 Christum
700 5466 888 5522 videre
960 5463 1200 5535 cupienti
1247 5463 1323 5519 nil
1354 5463 1488 5523 satis
1564 5465 1877 5522 festinabat.
1910 5468 1977 5524 Et

380 5562 506 5617 erat
529 5558 711 5621 homo,
729 5554 960 5611 nomine
981 5553 1230 5619 Simeon,
1247 5554 1311 5608 in
1333 5554 1706 5621 Hierusalem,
1738 5554 1797 5611 id
1816 5563 1897 5610 est
1920 5555 1974 5611 in

377 5657 530 5730 pacis
560 5654 788 5711 visione.
822 5654 885 5708 In
939 5668 1045 5724 qua
1071 5651 1281 5708 visione
1325 5652 1499 5723 pacis,
1546 5653 1686 5711 sicut
1712 5654 1891 5711 omnis
1919 5655 1977 5710 in

380 5770 491 5829 quo
515 5758 707 5810 manet
734 5750 967 5823 Spiritus
993 5757 1239 5817 sanctus,
1294 5750 1669 5808 indubitanter
1696 5767 1822 5809 esse
1848 5767 1973 5810 cre-

375 5861 542 5929 ditur,
570 5858 647 5917 ita
673 5855 857 5915 omnis
883 5854 979 5929 qui
1006 5853 1267 5927 Spiritum
1323 5862 1572 5913 sanctum
1618 5872 1729 5914 non
1781 5858 1969 5927 habet,

377 5947 549 6025 longe
576 5945 697 6006 ﬁeri
720 5945 793 6004 ab
848 5944 945 6001 illa
967 5941 1196 6001 minime
1238 5942 1537 6003 dubitatur.
1599 5946 1757 6007 Unde
1812 5953 1892 6006 tot
1915 5955 1970 6007 et

2091 4707 2149 4764 in
2176 4706 2429 4763 Simeone
2458 4712 2607 4771 erat;
2641 4711 2695 4759 et
2718 4701 2940 4758 Simeon
2969 4701 3028 4754 in
3081 4700 3197 4769 ejus
3227 4700 3424 4756 virtute
3456 4700 3599 4757 venit
3629 4701 3685 4756 in

2091 4795 2375 4868 templum.
2392 4795 2601 4851 Etcum
2612 4791 2951 4848 inducet-ent
2968 4804 3209 4862 puerum
3224 4790 3595 4863 Jesumparen
3603 4794 3683 4846 tes

2091 4899 2235 4970 ejus,
2254 4900 2322 4952 ut
2334 4891 2909 4967 facerentsecundum
2927 4888 3397 4947 consuetudinem
3424 4890 3558 4961 legis
3582 4906 3681 4963 pro

2090 5013 2172 5069 eo,
2196 5001 2255 5053 et
2282 4997 2398 5070 ipse
2418 4996 2635 5068 accepit
2650 5010 2780 5051 eum
2803 4992 2866 5048 in
2889 4992 3061 5047 ulnas
3080 5005 3214 5046 suas
3238 4987 3417 5057 (ibid.,
3439 4989 3527 5056 2‘7,
3554 4989 3668 5059 28).

2092 5101 2161 5156 Et
2190 5100 2297 5155 hoc
2326 5096 2600 5170 siquidem
2637 5096 2787 5165 justa
2840 5089 3059 5149 Domini
3099 5089 3456 5163 dispositione
3483 5089 3679 5147 factum

2090 5197 2328 5271 Contigit
2354 5204 2414 5253 ut
2436 5196 2593 5266 cujus
2621 5191 2885 5250 divinitati
2903 5192 3072 5266 longo
3101 5197 3351 5263 tempore
3374 5192 3551 5261 justus
3578 5191 3679 5247 iste

2115 5296 2306 5352 cordis
2332 5294 2624 5350 devotione
2680 5290 2963 5357 servierat,
2983 5302 3127 5345 nunc
3180 5287 3403 5344 tandem
3444 5286 3593 5361 quasi
3622 5288 3678 5343 in

2088 5385 2282 5442 ultimo
2310 5384 2538 5456 positus,
2563 5390 2615 5438 et
2645 5380 2766 5453 ejus
2795 5376 3020 5451 corpori
3075 5376 3320 5448 corporis
3378 5374 3679 5433 deserviret

2092 5482 2292 5551 oﬂicio,
2324 5492 2378 5541 et
2407 5484 2487 5541 sic
2516 5483 2661 5555 piam
2711 5480 2877 5538 vitam
2906 5478 3076 5552 digna
3119 5486 3297 5533 morte
3345 5473 3546 5533 ﬁniret.
3608 5480 3676 5534 Et

2085 5575 2379 5632 benedixit
2402 5576 2575 5629 Deum
2593 5570 2773 5643 (ibid.,
2802 5569 2922 5639 28).
2961 5565 3243 5623 Benedixit
3263 5567 3455 5634 Deum,
3488 5565 3538 5622 ei
3565 5567 3674 5622 sci-

2084 5664 2219 5722 licet
2246 5662 2455 5736 gratias
2490 5676 2680 5734 agens,
2715 5656 2970 5735 benedlci
2998 5655 3070 5711 ab
3098 5671 3166 5712 eo
3196 5654 3411 5711 meruit.
3444 5654 3676 5711 Benedi-

2082 5769 2209 5810 cere
2237 5753 2435 5815 Deum,
2466 5754 2550 5808 est
2585 5757 2778 5821 optare
2806 5762 2840 5803 a
2868 5746 2987 5801 Deo
3018 5743 3269 5801 benedici
3311 5751 3366 5800 et
3392 5742 3441 5799 ei
3469 5744 3677 5815 gratias

2078 5870 2280 5931 agere.
2317 5848 2538 5913 Sciebat
2566 5853 2950 5911 beatussenex
2994 5863 3098 5921 per
3111 5846 3372 5921 Spiritum
3405 5852 3670 5912 sanctum,

2078 5959 2189 6022 quo
2223 5951 2338 6004 erat
2364 5942 2486 6019 ipsa
2512 5939 2776 6019 repletus,
2832 5954 2935 6014 per
2961 5935 3163 5998 Christi
3215 5934 3669 6013 incarnationem,
