3910 6428
164 402 275 460 265

1606 383 1983 443 SERMONES
1995 425 2008 438 .

3366 383 3470 443 266

169 534 228 583 et
252 523 524 598 originale
552 529 830 594 peccatum
860 535 983 577 esse
1014 517 1117 573 sibi
1145 516 1453 579 dimissum,
1504 521 1556 569 et
1600 525 1764 583 quem
1793 510 1846 571 Α
1874 508 1971 562 Est
1998 507 2178 578 itaque
2208 514 2384 598 mater
2413 505 2630 572 Christi,
2664 512 2841 562 mater
2896 504 3351 561 Christianorum.
3412 502 3469 559 Si

166 631 267 687 per
295 630 357 671 se
382 619 727 671 contraxerat
748 617 975 666 reatum.
999 607 1151 664 Unde
1173 604 1476 661 exsultabat
1519 600 1764 666 interius,

169 721 226 770 et
251 710 490 768 exterius
518 708 809 781 gaudebat,
841 706 1031 762 dicens
1057 723 1070 760 :
1093 705 1253 759 Nunc
1274 701 1520 757 dimittis
1547 716 1769 754 servum

172 806 360 870 tuum,
392 800 645 861 Domine.
678 796 988 854 secundum
1042 794 1271 849 verbum
1318 795 1483 846 tuum
1518 789 1582 844 in
1633 803 1769 859 pace

169 903 330 969 (Luc.
363 914 422 963 ll,
458 898 576 967 29).
617 895 686 951 Se
704 909 923 949 servum
948 890 1078 947 dicit
1106 897 1157 946 et
1178 888 1447 943 Christum
1478 885 1768 941 Dominum

169 996 353 1055 vocat,
374 1000 599 1042 servum
624 984 811 1055 utique
846 981 1016 1046 illius,
1039 988 1090 1035 et
1127 977 1429 1043 dimissum,
1466 974 1769 1031 secundum

173 1085 322 1159 quod
351 1083 400 1140 ei
428 1083 522 1138 ille
560 1081 910 1152 promiserat.
958 1077 1231 1146 Propheta
1286 1077 1510 1129 sanctus
1568 1070 1771 1126 missus

174 1174 417 1232 creditur
445 1180 499 1226 et
529 1170 804 1225 dimissus.
838 1166 959 1237 Quo
991 1166 1192 1220 missus
1212 1166 1239 1217 ‘?
1268 1162 1412 1218 unde
1459 1160 1716 1225 dissimus
1744 1164 1770 1212 τ

175 1264 435 1322 dimissus
462 1276 496 1316 θ.
525 1257 868 1315 tribulatione
898 1254 1104 1321 saeculi,
1138 1269 1170 1307 a
1221 1251 1398 1323 prima
1449 1259 1771 1320 transgres-

179 1360 355 1426 sione,
385 1372 419 1411 a
445 1354 663 1428 propria
693 1352 1016 1417 offensione,
1076 1359 1127 1405 et
1177 1348 1233 1404 in
1286 1363 1478 1419 pacem
1536 1345 1761 1400 missus.

177 1450 355 1505 Nemo
385 1446 530 1501 enim
560 1459 771 1515 pacem,
818 1457 978 1514 quam
1022 1437 1250 1494 Simeon
1300 1435 1485 1492 habuit
1541 1434 1768 1499 habere,

177 1543 381 1610 potest,
415 1533 517 1589 nisi
547 1532 614 1588 ab
645 1533 748 1588 hoc
770 1529 968 1586 sarculo
982 1528 1191 1584 alienus
1214 1525 1327 1593 ﬁat,
1355 1534 1408 1581 et
1437 1540 1469 1580 a
1516 1532 1771 1595 peccato-

179 1642 300 1680 rum
326 1622 567 1695 pondere
596 1620 757 1675 fuerit
796 1617 1099 1674 absolutus.
1153 1617 1291 1685 Quia
1328 1613 1592 1669 viderunt
1624 1613 1775 1667 oculi

178 1715 291 1771 mei
308 1714 560 1769 salutare
578 1716 742 1766 tuum
762 1708 922 1778 (ibid.
939 1749 953 1777 ,
987 1708 1103 1777 30).
1130 1704 1306 1774 Quem
1328 1702 1576 1774 corporis
1602 1701 1773 1757 oculis

180 1812 401 1869 videbat
432 1809 726 1873 hominem,
758 1806 923 1863 corde
952 1803 1209 1859 credebat
1256 1810 1311 1857 et
1363 1817 1495 1857 voce
1549 1797 1773 1854 conﬁte-

180 1902 346 1957 batur
361 1896 562 1972 {mundi
594 1894 760 1971 379
803 1894 1161 1949 Salvatorem.
1192 1891 1363 1960 Hujus
1402 1890 1583 1960 itaque
1612 1903 1777 1945 vene-

181 1998 368 2054 rabilis
396 1994 549 2051 senis
578 1994 762 2049 cordis
809 1990 1033 2047 intentio
1081 1991 1146 2043 ad
1192 2004 1343 2043 suam
1392 1986 1569 2058 ipsius
1609 1985 1775 2055 justi-

180 2099 309 2153 tiam
340 2095 664 2168 pertinebat,
698 2101 752 2148 et
782 2093 899 2161 ejus
928 2090 1041 2145 oris
1070 2089 1344 2144 confessio
1378 2088 1449 2142 ad
1492 2086 1778 2157 proximo-

181 2202 302 2241 rum
332 2183 585 2239 salutem.
625 2181 776 2248 Quod
814 2179 1038 2251 parasti
1082 2181 1219 2233 ante
1276 2177 1484 2247 faciem
1523 2175 1779 2231 omnium

179 2275 516 2348 papulorum
547 2270 725 2341 (ibid.,
752 2270 863 2339 31).
916 2268 1028 2322 Hoc
1074 2271 1319 2320 salutare
1359 2264 1455 2318 Dei
1507 2270 1777 2333 paratum,

184 2373 240 2428 id
290 2377 390 2436 est,
448 2370 517 2425 ad
575 2368 811 2423 salutem
866 2365 1127 2421 omnibus
1182 2362 1539 2434 pr0positum,
1590 2376 1782 2415 omnes

183 2461 386 2533 papuli,
419 2475 521 2515 nec
548 2456 849 2528 corporeis,
881 2470 983 2511 nec
1013 2452 1386 2524 spiritualibus
1428 2449 1601 2506 oculis
1629 2448 1783 2504 vide-

184 2559 328 2606 runt.
364 2549 471 2604 Sed
515 2548 639 2602 ideo
696 2550 831 2601 ante
878 2544 1085 2614 faciem
1137 2542 1392 2597 omnium
1442 2540 1784 2611 populorum

185 2656 434 2723 paratum
462 2645 673 2706 dicitur,
707 2643 831 2716 quia
862 2658 927 2696 ex
957 2639 1210 2696 omnibus
1254 2636 1470 2709 populis
1520 2634 1781 2691 credide-

184 2746 307 2795 runt
337 2737 392 2791 in
421 2735 714 2799 Christum,
748 2738 802 2787 et
829 2729 1119 2788 credentes
1149 2743 1271 2783 eum
1290 2726 1461 2782 oculis
1481 2740 1784 2795 conspexe-

187 2834 327 2883 runt.
350 2828 566 2881 Lumen
580 2823 652 2879 ad
669 2821 1074 2878 reuelationem
1084 2819 1341 2890 gentium
1365 2815 1516 2886 (ibid.
1544 2813 1658 2884 32.)
1675 2814 1788 2868 Hoc

188 2924 333 2981 enim
369 2922 591 2986 lumine,
616 2927 810 2991 gentes
832 2933 952 2989 quae
984 2915 1116 2971 deos
1150 2913 1396 2970 colentes
1427 2910 1636 2966 alienos
1666 2926 1725 2964 se
1756 2924 1789 2963 a

191 3012 331 3070 facie
360 3008 633 3066 Creatoris
665 3006 1085 3070 absconderant,
1146 3001 1399 3058 revelatis
1456 3008 1629 3063 sunt;
1684 2999 1789 3053 hoc

188 3101 394 3159 lumine
415 3116 536 3172 quae
556 3097 783 3169 perditae
801 3094 1033 3161 fuerant,
1059 3100 1184 3147 sunt
1204 3092 1457 3146 inventae.
1483 3089 1595 3144 Hoc
1624 3086 1788 3142 etiam

189 3199 397 3255 lumine
425 3195 741 3252 illuminata:
781 3200 928 3259 sunt,
986 3190 1111 3262 quia
1165 3192 1271 3244 hoc
1323 3187 1546 3251 lumine,
1600 3185 1787 3239 lumen

190 3288 318 3344 ﬁdei
374 3291 763 3358 perceperunt.
824 3280 1070 3336 Christus
1120 3279 1304 3333 lumen
1358 3284 1486 3340 est;
1539 3274 1631 3346 qui
1685 3288 1797 3360 non

192 3378 371 3434 solum
422 3382 618 3448 gentes
675 3370 962 3435 illuminat,
1023 3367 1122 3423 sed
1177 3366 1362 3421 lumen
1422 3365 1659 3420 omnium
1709 3367 1802 3433 qul

191 3473 586 3536 illuminantur,
629 3468 745 3523 sive
774 3467 829 3521 in
877 3465 1055 3520 anima
1107 3462 1357 3527 interius,
1410 3461 1523 3515 sive
1564 3458 1803 3514 exterius

192 3566 249 3621 in
274 3576 527 3634 corpore.
564 3560 642 3613 De
674 3558 776 3612 hoc
806 3553 1008 3609 lumine
1037 3553 1166 3608 dicit
1200 3552 1499 3621 Propheta:
1534 3548 1802 3604 Accedite

193 3656 267 3712 ad
279 3668 401 3709 eum
414 3654 489 3717 ,et
505 3644 1012 3708 illuminamini,et
1025 3643 1202 3712 facies
1221 3644 1419 3696 vestrce
1433 3656 1547 3695 non
1566 3641 1804 3709 confun-

193 3754 412 3809 dentur
430 3746 608 3816 (Psal.
634 3757 844 3810 xxxm,
879 3745 953 3812 6).
990 3739 1124 3809 Quae
1155 3738 1300 3794 enim
1344 3736 1475 3791 fiunt
1530 3737 1585 3791 in
1642 3743 1800 3791 tene-

194 3840 328 3907 bris,
362 3836 502 3891 mala
532 3840 677 3898 sunt,
702 3840 756 3887 et
783 3830 947 3901 digna
968 3828 1317 3884 confusione.
1344 3827 1499 3882 Unde
1538 3824 1802 3880 Dominus

193 3908 252 3985 in
271 3923 574 3999 Evangelia
594 3922 724 3977 dicit
747 3938 760 3974 :
787 3919 977 3976 Omnis
999 3918 1254 3990 quimale
1287 3918 1428 3986 agit,
1454 3914 1570 3970 odit
1596 3914 1798 3980 lucem,

195 4030 253 4083 et
280 4040 395 4080 non
416 4021 572 4077 venit
589 4018 662 4075 ad
688 4019 892 4082 lucem,
924 4031 998 4071 ne
1025 4015 1145 4085 ejus
1171 4014 1321 4068 mata
1342 4028 1510 4084 opera
1526 4011 1805 4080 manifes-

201 4118 399 4171 tentur
415 4113 684 4181 (Joan.ut,
702 4107 1035 4172 20).Lumeu
1047 4110 1295 4175 paratum
1314 4102 1386 4156 ad
1398 4101 1801 4157 reuelationem

200 4209 479 4284 gentium,
513 4212 759 4277 paratum
780 4208 860 4258 est
880 4205 937 4257 et
958 4200 1026 4255 ad
1036 4201 1277 4273 gloriam
1290 4198 1474 4270 plebis
1485 4198 1512 4252 J
1519 4198 1803 4252 udaeorum

203 4302 359 4373 (Luc.
390 4313 450 4365 ιι,
486 4296 597 4365 32).
630 4291 791 4348 Plebs
846 4289 949 4345 ista
1006 4289 1167 4345 valde
1225 4286 1527 4343 illuminata
1584 4296 1684 4351 est,
1750 4292 1803 4339 et

205 4386 517 4459 specialiter
534 4399 631 4439 sua
651 4389 753 4450 est,
779 4379 907 4452 quia
928 4395 1040 4449 prae
1062 4376 1276 4435 caeteris
1297 4375 1605 4431 nationibus
1627 4375 1803 4430 electa

205 4475 314 4534 est.
353 4476 432 4531 De
460 4473 617 4547 plebe
645 4470 749 4526 ista
777 4468 1194 4541 patriarchas,et
1224 4466 1546 4538 prophetas,
1575 4472 1804 4536 aposto-

1877 605 2048 652 mater
2077 595 2295 660 Christi,
2328 594 2760 650 Christianorum
2794 602 2965 650 mater
2994 602 3097 659 est,
3143 601 3294 666 patet
3340 609 3470 663 pro-

1879 684 2038 751 fecto,
2072 685 2199 755 quia
2231 683 2429 738 fratres
2460 692 2583 739 sunt
2612 684 2860 739 Christus
2890 691 2942 738 et
2985 681 3296 738 Christiani.
3353 681 3471 736 Nec

1878 773 2056 828 solum
2085 773 2326 828 Christus
2356 773 2782 828 Christianorum
2817 772 2986 827 frater
3016 783 3118 837 est,
3171 771 3267 826 sed
3316 778 3474 841 pater

1877 862 2114 917 omnium
2149 861 2426 915 hominum
2448 870 2499 917 et
2542 862 2816 932 praecipue
2872 861 3330 916 Christianorum.
3396 859 3468 912 Et

1877 967 1977 1004 nos
2011 949 2234 1021 quidem
2266 950 2553 1004 Christiani
2581 966 2807 1013 sumus;
2841 957 2892 1004 et
2923 950 3216 1015 voluntate,
3263 947 3477 1003 malitia

1878 1047 1929 1093 et
1959 1037 2243 1109 multiplici
2276 1038 2613 1108 malignitate
2662 1053 2695 1093 a
2750 1046 2894 1092 tanta
2951 1036 3290 1092 fraternitate
3347 1035 3476 1091 facti

1877 1126 2207 1200 degeneres,
2241 1126 2375 1181 tanti
2408 1127 2583 1181 Patris
2610 1143 2710 1181 nos
2753 1126 3011 1199 indignos
3044 1125 3275 1182 fecimus
3294 1125 3474 1181 haere-

1879 1216 2071 1270 ditate.
2108 1215 2324 1270 Undea
2364 1223 2590 1270 matrem
2650 1214 2846 1286 ipsius,
2915 1223 2966 1269 et
3022 1231 3118 1285 per
3175 1213 3350 1285 ipsam
3408 1215 3478 1269 ad

1878 1304 2054 1375 ipsum
2088 1319 2487 1370 reccurramus,
2518 1304 2607 1376 qui
2632 1304 2720 1375 pia
2752 1311 2803 1359 et
2824 1303 3169 1359 misericordi
3189 1303 3477 1374 dispensa-

1882 1394 2028 1449 tione
2056 1400 2282 1447 matrem
2316 1408 2467 1447 suam
2500 1400 2747 1447 nostram
2780 1409 2902 1448 esse
2934 1392 3118 1458 voluit,
3155 1399 3211 1446 ut
3241 1391 3478 1447 nobisin

1880 1489 2067 1536 nostra
2119 1481 2445 1536 necessitate
2500 1480 2668 1536 terret
2723 1481 3001 1535 auxilium.
3066 1482 3133 1534 Et
3218 1480 3475 1548 quoniam

1884 1569 2311 1640 Redemptorem
2344 1577 2585 1625 nostrum
2619 1569 3019 1641 piratissimum
3066 1568 3135 1624 ad
3181 1569 3480 1642 ignoscen-

1882 1659 2009 1713 dum
2040 1658 2310 1725 novimus,
2340 1666 2392 1713 et
2422 1658 2536 1725 ejus
2570 1658 2869 1729 gloriosam
2910 1666 3140 1712 matrem
3188 1658 3474 1725 habemus,

1881 1748 1928 1801 si
1961 1747 2228 1813 volumus,
2263 1746 2317 1799 in
2347 1747 2693 1814 adjutorium,
2724 1763 2831 1801 non
2860 1755 2944 1802 est
2974 1747 3134 1802 nobis
3184 1747 3479 1813 jacendum

1803 1868 1857 1929 Β
1887 1835 1940 1890 in
1967 1835 2224 1905 peccatis,
2260 1835 2356 1889 sed
2386 1835 2545 1890 citius
2578 1837 3003 1907 resurgendum.
3035 1837 3099 1890 Et
3128 1835 3254 1907 quia
3276 1835 3478 1891 nostris

1888 1924 2093 1980 meritis
2126 1922 2284 1998 381
2326 1925 2430 1979 hoc
2460 1924 2655 1991 minus,
2690 1924 2817 1992 imo,
2873 1924 3004 1979 nihil
3052 1925 3267 1995 penitus
3317 1941 3485 1997 agere

1887 2037 2195 2092 possumus,
2227 2021 2444 2075 aliunde
2464 2037 2777 2092 quaeramus
2794 2022 3102 2077 consilium.
3129 2022 3485 2078 Solummodo

1889 2119 1941 2165 et
1967 2109 2346 2165 misericordia
2378 2110 2779 2181 Redemptoris,
2815 2119 2867 2166 et
2896 2114 3013 2179 ejus
3046 2111 3227 2165 matris
3257 2109 3483 2178 auxilio,

1891 2197 2047 2252 nobis
2074 2206 2240 2253 restat
2270 2199 2559 2269 agendum.
2593 2200 2662 2253 Et
2692 2200 2836 2264 ideo,
2869 2199 3088 2266 fratres,
3121 2215 3222 2255 nos
3251 2199 3487 2255 miseros

1892 2294 1944 2341 et
1972 2286 2219 2341 infelices
2252 2287 2528 2342 humiliter
2575 2286 2948 2356 confiteamur,
3008 2296 3062 2343 et
3116 2304 3241 2343 cum
3294 2288 3490 2344 timore

1893 2376 2093 2445 pariter
2121 2386 2179 2429 et
2205 2376 2493 2432 dilectione
2524 2391 2746 2431 oremus
2778 2377 2976 2431 bonam
3009 2376 3225 2432 Domini
3258 2385 3489 2432 matrem

1895 2464 2116 2519 Mariam
2148 2464 2293 2534 piam
2326 2465 2613 2537 virginem,
2649 2475 2702 2519 ut
2733 2466 2894 2520 nobis
2947 2466 3329 2536 peccatoribus
3380 2482 3492 2520 non

1893 2554 2231 2625 indignetur,
2269 2570 2429 2625 quam
2459 2570 2757 2625 nunquam,
2790 2562 2848 2608 ut
2878 2554 3107 2626 dignum
3153 2562 3255 2623 est,
3314 2554 3491 2609 hono—

1898 2642 2155 2710 ravimus,
2183 2643 2279 2697 sed
2312 2642 2501 2697 multis
2532 2642 2752 2713 injuriis
2773 2643 3192 2714 provocavimus
3224 2644 3293 2698 ad
3321 2643 3490 2697 iram.

1894 2731 2017 2786 Non
2046 2731 2116 2787 sit
2158 2746 2367 2786 memor
2414 2731 2766 2801 injuriarum,
2828 2732 2924 2787 sed
2984 2747 3092 2803 quo
3149 2747 3250 2786 nos
3303 2733 3496 2805 genuit
3588 2736 3605 2742 ’

1896 2833 2084 2875 amore
2116 2819 2378 2889 vincatur,
2412 2827 2464 2875 et
2495 2820 2685 2874 matris
2715 2820 2917 2890 pietate
2948 2820 3090 2875 circa
3122 2836 3221 2875 nos
3262 2822 3490 2889 haereat,

1898 2908 2058 2979 quasi
2084 2907 2195 2978 jam
2229 2923 2330 2977 pro
2362 2908 2599 2977 peccatis
2622 2907 2909 2978 deputatos
2939 2909 3009 2964 ad
3030 2925 3269 2980 poenam.
3304 2910 3496 2966 Susci-

1899 2995 2010 3066 piat
2039 3012 2257 3050 causam
2288 3005 2530 3051 nostram
2564 2996 2809 3067 piissima
2866 3005 3057 3064 mater,
3109 3006 3161 3053 et
3215 2998 3495 3070 negotium

1896 3092 2147 3139 nostrum
2181 3088 2333 3157 agat,
2363 3084 2628 3155 nobisque
2660 3085 2967 3151 auxilietur,
3000 3093 3057 3139 ut
3101 3102 3202 3141 nos
3239 3101 3272 3140 a
3320 3095 3499 3143 morte

1824 3220 1873 3283 Ο
1901 3181 2254 3242 peccatorum
2312 3173 2430 3241 ejus
2488 3172 2687 3227 auxilio
2744 3173 3036 3227 suseitatos
3088 3173 3311 3229 inducat
3368 3189 3496 3230 cum

1909 3261 2108 3283 1--...S..-
2142 3260 2264 3283 RJ-!
2295 3268 2340 3283 ,ι
2372 3261 2645 3283 -.ι-2,...γι2μ
2669 3260 2718 3283 Ξ..
2744 3260 3000 3283 ικμ..1--...-
3030 3261 3206 3283 ..ΛΑ-Ξ..
3238 3262 3472 3283 ---ἶ--.3-

1909 3261 2112 3316 lumine
2142 3260 2266 3315 fidei
2290 3268 2343 3316 et
2369 3261 2649 3332 sapientiae
2668 3260 2723 3314 in
2744 3260 3004 3332 templum
3023 3261 3211 3334 gloriae
3231 3262 3496 3331 caelestis,

1910 3357 1962 3405 et
1990 3348 2185 3405 offerat
2216 3349 2324 3405 tilio
2357 3366 2456 3405 suo
2490 3367 2505 3417 ;
2535 3350 2603 3404 ad
2632 3350 2803 3421 pedes
2833 3352 2950 3418 ejus
2984 3366 3083 3405 nos
3112 3358 3297 3421 ponat,
3351 3360 3404 3407 et
3444 3352 3499 3408 in

1908 3438 2270 3505 Hierusalem,
2305 3456 2425 3510 quae
2452 3439 2605 3510 pacis
2635 3447 2719 3493 est
2748 3439 2907 3504 visio,
2935 3456 3057 3494 curn
3082 3440 3226 3508 justo
3248 3438 3502 3497 Simeoae

1910 3527 2023 3581 suis
2055 3528 2157 3598 piis
2197 3528 2452 3598 precibus
2508 3526 2673 3583 faciat
2724 3543 3098 3599 permanere;
3160 3529 3306 3601 quod
3354 3531 3503 3601 ispse

1909 3615 2074 3670 Filius
2105 3617 2225 3681 Dei,
2260 3623 2316 3672 et
2347 3615 2491 3671 ﬁlius
2526 3617 2761 3688 Virginis
2787 3619 2950 3673 Jesus
2971 3617 3219 3673 Christus
3241 3618 3504 3674 Dominus

1910 3714 2092 3761 noster
2123 3706 2285 3760 nobis
2314 3705 2522 3761 donare
2552 3705 2825 3778 dignetur,
2861 3706 2954 3777 qui
2984 3723 3125 3761 unus
3174 3708 3347 3774 Deus,
3395 3722 3508 3763 una.

1910 3802 1963 3850 et
1985 3793 2182 3865 aequali
2213 3793 2387 3866 gloria
2417 3801 2470 3849 et
2500 3796 2780 3863 majestate
2808 3811 2931 3850 cum
2960 3795 3117 3850 Patre
3144 3810 3244 3850 suo
3275 3805 3328 3851 et
3375 3796 3506 3867 Spi-

1909 3882 2021 3938 ritu
2051 3890 2241 3938 sancto
2271 3882 2400 3938 vivit
2427 3890 2479 3938 et
2508 3891 2703 3955 regnat
2728 3899 2829 3955 per
2856 3882 3036 3939 omnia
3058 3883 3258 3940 saecula
3275 3883 3502 3940 saeculo-

1910 3987 2025 4026 rum
2041 4012 2053 4025 .
2093 3973 2265 4027 Amen
2278 4012 2291 4025 .

2399 4151 2566 4229 332
2608 4153 2845 4210 SERMO
2886 4154 3032 4211 VIII.

1983 4319 2043 4359 IN
2081 4319 2221 4361 οΜΝι
2260 4318 2623 4364 Ρεετινιτλτκ
2662 4319 2713 4358 Β.
2754 4319 2943 4360 ΗΑΒιῶ
2981 4319 3180 4361 MATRIS
3218 4319 3442 4363 DOMINI.

1982 4451 2143 4509 Diem
2170 4453 2355 4522 istum,
2389 4451 2607 4523 fratres,
2642 4452 2839 4509 merito
2869 4452 3217 4510 celebramus
3238 4453 3512 4524 festivum,

202 4564 289 4633 les
317 4541 534 4631 sanctos
564 4569 750 4644 elegit,
784 4576 835 4623 et
865 4567 932 4623 de
963 4566 1069 4621 illis
1100 4566 1191 4638 qui
1221 4564 1274 4619 in
1303 4564 1465 4636 plebe
1494 4565 1597 4619 ista
1617 4568 1796 4634 erant,
1830 4585 1884 4645 D
1914 4558 2075 4641 (ἰξιθῐη
2099 4542 2464 4645 δξίᾞοοοτθτη
2500 4541 2792 4645 ,ξξφνξξξεὲ
2821 4542 3262 4645 ῐξιθξςίεροῐηὶξιὶ
3308 4544 3518 4601 beatis-

202 4678 460 4737 custodes
488 4688 764 4748 pecorum,
795 4676 1037 4727 rectores
1064 4668 1408 4740 populorum,
1452 4675 1505 4723 et
1556 4666 1809 4723 dominos

199 4775 368 4855 380
409 4773 553 4831 fecit.
588 4771 809 4843 Legem,
838 4766 1251 4840 promissiones,
1285 4765 1513 4823 multum
1544 4782 1641 4836 per
1683 4781 1807 4820 om-

198 4890 329 4932 nem
354 4872 594 4935 modum,
629 4868 772 4941 quod
816 4864 1095 4938 apostolus
1148 4862 1345 4918 Paulus
1399 4870 1651 4928 testatur,
1688 4861 1810 4917 huic

200 4963 404 5036 populo
436 4960 611 5016 dedit.
649 4958 857 5013 Praeter
897 4963 1093 5012 caetera
1141 4961 1192 5008 et
1239 4968 1404 5023 super
1460 4950 1643 5007 omnia
1690 4967 1810 5021 quae

202 5053 287 5113 eis
315 5051 562 5116 dederat,
592 5048 660 5102 de
690 5046 821 5118 ipsis
863 5043 1030 5116 elegit
1085 5050 1334 5108 matrem,
1393 5048 1447 5096 et
1499 5040 1569 5096 de
1625 5055 1813 5095 eorum

206 5165 372 5207 carne
416 5161 646 5203 carnem
689 5140 1000 5212 assumpsit.
1054 5138 1191 5195 Caro
1255 5137 1522 5208 siquidem
1570 5136 1811 5192 omnium

208 5238 491 5295 hominum
517 5251 623 5289 una
653 5241 757 5301 est,
790 5239 843 5286 et
871 5230 940 5285 de
986 5244 1093 5283 uno
1123 5228 1250 5282 limo
1293 5226 1460 5282 facta.
1501 5225 1607 5281 Sed
1638 5227 1814 5296 magis

209 5330 266 5385 in
310 5326 467 5400 plebe
507 5321 802 5378 Israelitica
841 5319 1087 5375 Christus
1116 5332 1334 5374 carnem
1367 5315 1615 5386 accipere
1647 5314 1817 5370 voluit

212 5425 281 5480 ad
311 5426 569 5493 majorem
603 5434 792 5475 eorum
819 5414 1079 5490 gloriam,
1113 5430 1272 5484 quam
1307 5413 1361 5467 in
1392 5412 1499 5467 alia
1528 5418 1716 5481 gente.
1754 5412 1815 5466 ln

211 5517 315 5571 hac
346 5512 513 5585 igitur
543 5524 710 5566 carne
758 5507 873 5577 ejus
917 5502 1255 5560 honorabilis
1279 5503 1452 5556 Mater
1494 5502 1662 5573 Virgo
1692 5517 1816 5557 eum

214 5600 481 5674 concepit,
517 5606 570 5655 et
600 5593 828 5669 peperit,
861 5603 913 5650 et
934 5608 1093 5649 causa
1121 5590 1330 5660 salutis,
1392 5598 1444 5645 et
1497 5589 1816 5644 humilitatis

218 5699 471 5772 exemplo
488 5693 677 5753 obtulit
707 5691 763 5746 in
825 5688 1032 5760 templo
1082 5686 1311 5742 hostiam
1357 5686 1540 5742 vivam
1587 5694 1640 5741 et
1681 5685 1815 5741 vivi-

216 5791 469 5849 ﬁcantem
501 5786 554 5840 in
599 5780 825 5837 odorem
881 5776 1187 5833 suavitatis.
1252 5776 1394 5831 Vere
1451 5776 1592 5831 bona
1648 5774 1816 5828 Maria

217 5887 432 5966 peperit
462 5880 758 5946 Christum,
790 5885 843 5931 et
871 5873 926 5929 in
957 5874 1174 5929 Christo
1204 5873 1413 5945 peperit
1466 5871 1816 5929 Christianos.

461 5981 733 6045 Parnoe.
764 5970 1006 6040 CLVII.

1919 4630 2071 4686 simae
2101 4637 2153 4685 et
2184 4628 2621 4700 incomparabilis
2644 4627 2882 4701 Virginis
2905 4630 3087 4685 Mariae
3100 4631 3349 4687 novimus
3379 4647 3519 4689 con-

1919 4727 2213 4775 secratum.
2256 4719 2385 4774 Haec
2414 4726 2494 4773 est
2554 4718 2695 4772 enim
2755 4734 2876 4790 qua:
2936 4718 3051 4774 sola
3100 4719 3256 4792 virgo
3312 4735 3518 4778 conce-

1918 4808 2015 4879 pit,
2049 4808 2207 4880 virgo
2238 4806 2468 4878 peperit,
2501 4814 2556 4861 et
2586 4814 2708 4877 post
2755 4814 2970 4877 partum
3014 4807 3173 4879 virgo
3228 4817 3411 4865 mente
3468 4818 3521 4867 et

1920 4911 2149 4968 corpore
2180 4896 2442 4951 inviolata
2468 4895 2792 4966 permansit.
2827 4896 2981 4951 Sicut
3015 4897 3199 4953 radius
3249 4914 3315 4953 ex
3366 4899 3522 4955 stella

1914 4986 2185 5057 procedit,
2216 4985 2295 5040 sic
2328 4985 2427 5039 Dei
2448 4984 2609 5039 Filius
2622 4984 2972 5055 processitex
3008 4986 3194 5041 Maria.
3230 4987 3340 5042 Nec
3360 4987 3520 5045 stella

1919 5075 2073 5130 radio
2103 5074 2405 5144 prodeunte
2436 5073 2823 5144 corrumpitur,
2856 5088 2958 5129 nec
2992 5075 3148 5129 beata
3181 5084 3357 5132 mater
3406 5075 3520 5133 ﬁlio

1920 5172 2181 5220 nascente
2213 5163 2467 5218 violatur.
2502 5163 2644 5217 Sine
2672 5163 2831 5231 hujus
2853 5162 3085 5235 virginis
3134 5174 3315 5235 partus
3358 5165 3520 5221 deiti-

1921 5269 2017 5325 cus
2040 5253 2086 5307 ei
2119 5252 2337 5323 quidem
2372 5251 2762 5307 fecunditatem
2794 5253 2989 5321 attulit,
3024 5262 3077 5308 et
3129 5256 3335 5309 salvam
3395 5254 3523 5313 fecit

1923 5343 2037 5409 ejus
2068 5340 2453 5413 virginitatem.
2488 5342 2555 5395 Et
2585 5341 2725 5397 sicut
2754 5342 2925 5397 voluit
2950 5350 3007 5396 ut
3036 5344 3303 5399 veraciter
3348 5345 3403 5398 in
3457 5361 3524 5401 ea

1923 5429 2072 5484 ﬁeret
2100 5444 2209 5484 una
2239 5445 2473 5499 persona
2498 5430 2615 5500 ipse
2646 5432 2795 5485 Deus
2821 5440 2873 5486 et
2904 5432 3085 5498 homo,
3132 5432 3202 5486 ita
3254 5433 3427 5488 voluit
3467 5444 3529 5490 ut

1920 5518 2038 5590 ipsa
2065 5517 2216 5573 fieret
2244 5535 2351 5573 una
2380 5535 2621 5589 persona
2652 5529 2826 5575 mater
2857 5528 2909 5575 et
2939 5521 3114 5592 virgo.
3148 5522 3301 5578 Hune
3340 5523 3526 5596 itaque

1924 5616 2130 5680 parturn
2164 5607 2375 5661 beatum
2403 5607 2671 5675 dicamus,
2704 5610 2812 5664 imo
2838 5610 3212 5665 beatissimum
3236 5621 3382 5668 certa
3418 5612 3527 5670 fide

1924 5697 2403 5767 credamus,quem
2417 5695 2710 5768 singularis
2726 5706 2775 5753 et
2796 5699 3131 5755 honorabilis
3147 5700 3353 5773 Regina
3368 5702 3532 5758 emto-

1926 5802 2041 5841 rum
2074 5785 2245 5858 Virgo
2278 5785 2443 5839 Maria
2467 5786 2671 5840 mundo
2693 5787 2936 5857 protulit,
2960 5804 3070 5844 non
3084 5789 3271 5845 mundi
3294 5789 3525 5856 meritis,

1927 5874 2023 5930 sed
2055 5874 2153 5930 Dei
2182 5872 2383 5948 gratia.
2420 5873 2619 5929 Verum
2653 5874 2754 5931 Dei
2788 5874 3003 5945 Filium,
3037 5895 3223 5934 verum
3255 5878 3528 5934 hominem

3097 5977 3136 6035 9
