3910 6410
456 365 563 424 ΞϐἿ

1539 364 1880 422 GOFFRIDI‘
1897 366 2184 425 ABBATIS
2215 367 2762 425 VINDOCINENSIS

3665 373 3768 430 368

460 490 578 546 haec
605 488 760 561 virgo
780 488 1070 544 ineﬂ‘abilis
1100 487 1445 544 ineﬁ'abiliter
1491 490 1744 561 concepit
1790 497 1842 545 et
1885 506 2056 561 pepe-
2085 492 2142 554 Α
2173 496 2322 550 Deus
2349 495 2694 566 omnipotens
2723 511 2832 550 non
2862 503 3028 564 esset,
3059 495 3106 551 si
3139 495 3342 568 aliquid
3372 495 3541 553 vellet
3587 495 3766 554 facere

461 579 550 648 rit,
582 579 640 634 in
659 593 761 634 sua
789 578 1142 648 conceptione
1173 586 1224 633 et
1245 585 1407 648 partu
1466 577 1596 632 satis
1641 577 1880 649 amplius
1930 595 2060 634 san-

461 676 660 733 ctitatis
717 683 771 731 et
841 675 1264 746 incorruptionis
1318 674 1647 746 percipiens,
1701 691 1863 747 quam
1937 685 2063 732 ante

463 765 788 837 susceperit.
823 764 979 820 Unde
1005 764 1103 820 Dei
1134 763 1270 820 Filio
1301 764 1416 819 haec
1445 773 1632 820 saneta
1660 764 1815 836 virgo
1844 769 2060 821 tantum

462 863 746 934 placuerit,
778 863 826 917 si
851 870 1164 935 quaeratur;
1190 861 1480 918 dilectione
1511 862 1767 918 videlicet
1797 867 1852 919 et
1878 864 2061 919 humi-

459 961 631 1028 litate,
666 975 773 1032 qua
802 960 977 1032 prima
1005 959 1245 1016 Domino
1267 959 1636 1032 virginitatem
1659 960 1902 1018 devovit.
1936 962 2062 1034 Ipsa

459 1059 602 1115 enim
633 1057 733 1114 Dei
765 1056 1037 1129 sapientia
1073 1056 1205 1114 dicit
1241 1075 1254 1111 :
1289 1059 1400 1128 Ego
1423 1058 1731 1130 diligentes
1769 1075 1858 1116 me
1889 1059 2060 1132 diligo

457 1156 661 1226 (Prov.
699 1170 822 1225 vm,
859 1154 975 1226 l7).
1021 1155 1164 1211 Vere
1193 1154 1381 1210 dilexit
1431 1155 1533 1211 Dei
1564 1155 1827 1228 sapientia
1887 1156 2054 1234 383

461 1255 710 1322 Mariam,
741 1262 795 1310 et
845 1252 1012 1309 Maria
1070 1253 1283 1322 dilexit,
1345 1262 1400 1311 et
1455 1254 1680 1310 multum
1738 1255 1910 1310 dilixit
1957 1253 2057 1312 Iei

455 1351 799 1424 sapientiam,
833 1350 1007 1406 Deum
1039 1350 1250 1408 scilicet
1276 1351 1377 1408 Dei
1400 1352 1570 1408 Patris
1620 1352 1835 1409 Filium.
1860 1353 2058 1409 Dilexit

457 1440 676 1513 quidem
707 1439 846 1496 alter
873 1439 1125 1509 alterum,
1151 1440 1246 1496 sed
1271 1441 1421 1496 Deus
1440 1440 1677 1513 amplius
1716 1441 1929 1510 dilexit,
1965 1441 2058 1514 qui

451 1530 687 1601 amplius
715 1529 950 1600 diligere
981 1537 1034 1585 et
1062 1529 1214 1585 novit
1259 1537 1313 1586 et
1369 1530 1560 1602 potuit.
1614 1529 1822 1586 Dilexit
1871 1531 2056 1604 utique

451 1635 572 1676 eam
603 1635 772 1690 super
793 1618 1007 1675 beatam
1041 1618 1358 1675 societatem
1387 1619 1780 1690 apostolorum,
1825 1620 2056 1694 angelos

449 1724 504 1772 et
533 1715 916 1790 archangelos,
950 1722 1004 1772 et
1031 1732 1200 1787 super
1218 1731 1414 1770 omnes
1433 1715 1662 1772 virtutes
1684 1724 1734 1772 et
1757 1723 2055 1788 potestates

449 1805 734 1862 caelorum.
795 1803 881 1860 Ad
941 1804 1080 1862 hanc
1140 1805 1508 1861 beatissimam
1563 1805 1834 1877 virginem
1901 1806 2052 1862 Deus

450 1906 620 1961 Pater
653 1921 718 1961 ex
749 1920 807 1960 se
836 1904 1085 1977 genitum
1102 1904 1297 1960 Filium
1327 1905 1490 1971 misit,
1517 1911 1575 1960 ut
1593 1905 1712 1976 ipse
1736 1904 1836 1961 Dei
1859 1905 2046 1971 Filius,

447 1994 680 2067 virginis
711 1993 869 2050 etiam
899 1992 1044 2049 ﬁlius
1074 1993 1234 2050 ﬁeret
1291 2002 1345 2050 et
1403 2011 1654 2065 sponsus.
1717 1995 1833 2050 Hoc
1890 1995 2053 2050 Pater

447 2083 714 2154 disposuit
741 2083 1021 2150 charitate,
1039 2083 1209 2138 Filius
1238 2083 1514 2140 voluntate
1561 2083 1872 2154 complevit,
1924 2084 2048 2155 Spi-

444 2182 583 2237 ritus
607 2191 834 2238 sanctus
857 2181 1070 2254 paravit
1092 2181 1388 2236 thalamum
1411 2189 1463 2237 et
1486 2181 1720 2248 ornavit,
1756 2181 1809 2236 id
1838 2190 1920 2237 est
1977 2181 2048 2236 ab

445 2271 595 2327 omni
627 2271 976 2341 corruptione
1008 2269 1523 2341 peccatimundavit
1554 2270 1783 2342 virginis
1811 2279 2047 2338 uterum,

447 2367 504 2416 et
542 2360 827 2432 multiplici
853 2361 1140 2416 sanctitate
1170 2359 1428 2430 replevit.
1457 2359 1535 2414 lbi
1558 2368 1816 2432 tanquam
1839 2360 1892 2414 in
1923 2360 2051 2415 aula

447 2459 605 2532 regia
635 2459 784 2513 Deus
809 2458 900 2530 qui
931 2458 1114 2513 omnia
1137 2465 1266 2514 ante
1289 2467 1588 2525 creaverat,
1613 2458 1850 2530 seipsum
1885 2475 2047 2514 crea-

448 2549 536 2602 vit
566 2548 620 2602 in
649 2548 840 2602 Maria.
872 2548 1048 2603 Nemo
1091 2547 1318 2602 miretur
1364 2549 1513 2619 quod
1563 2564 1825 2619 sponsum
1870 2540 2050 2604 Mariae

447 2639 571 2707 ejus
600 2635 772 2691 ﬁlium
803 2636 1064 2691 diximus.
1095 2638 1236 2691 Nam
1286 2638 1448 2692 Pater
1499 2645 1549 2691 et
1611 2653 1849 2708 sponsus
1893 2638 2049 2708 hujus

447 2735 708 2808 virginis,
743 2741 829 2789 est
852 2733 993 2789 ﬁlius
1025 2734 1168 2803 ejus.
1207 2735 1364 2789 Pater
1391 2733 1574 2804 plane,
1628 2734 1754 2806 quia
1811 2735 1882 2790 ab
1928 2736 2047 2807 ipso

450 2832 636 2881 creata
666 2833 750 2878 est
773 2841 785 2886 ;
808 2821 968 2892 ﬁlius,
997 2824 1121 2894 quia
1138 2831 1299 2878 natus
1319 2840 1382 2878 ex
1404 2839 1468 2878 ea
1493 2842 1506 2891 ;
1532 2840 1786 2895 sponsus,
1825 2825 1946 2897 quia
1996 2824 2046 2882 ei

449 2921 712 2980 cbaritate
744 2920 1062 2993 conjuncta.
1092 2922 1286 2976 Mirum
1315 2921 1649 2994 conjugium,
1684 2923 1780 2977 sed
1831 2923 1940 2979 ﬁde
1995 2932 2047 2980 et

438 3012 639 3084 pietate
669 3011 1125 3076 mirandum;ubi
1152 3010 1312 3082 virgo
1360 3018 1538 3066 mater
1594 3011 1816 3080 exstitit,
1877 3014 2043 3085 virgi-

437 3101 582 3156 nitas
611 3116 766 3166 uxor,
824 3099 1050 3154 maritus
1107 3099 1339 3170 Spiritus
1389 3108 1631 3169 sanctus,
1689 3117 1787 3172 per
1843 3117 2038 3157 aurem

2082 1855 2136 1915 B

2173 584 2320 656 quod
2349 583 2570 638 minime
2600 592 2815 655 posset.
2855 583 2976 654 Qua
3003 593 3185 642 autem
3218 587 3432 641 ratione
3466 587 3568 642 hoc
3619 587 3765 642 Deus

2171 681 2383 748 fecerit,
2415 698 2524 738 non
2553 690 2641 739 est
2668 699 2806 753 opus
2819 683 3204 754 disputatione,
3225 683 3321 739 sed
3349 683 3484 739 ﬁdes
3503 684 3767 740 adhibea-

2171 779 2258 827 tur
2284 780 2338 827 et
2368 770 2592 828 sufﬁcit.
2620 772 2752 828 Fide
2781 771 2977 828 etenim
3007 773 3124 828 haec
3144 788 3311 844 opera
3335 772 3434 828 Dei
3449 781 3762 840 noscuntur,

2170 886 2278 926 non
2307 869 2604 940 sophistica
2623 870 2989 927 contentione.
3020 871 3172 926 Hanc
3191 885 3347 926 suam
3368 871 3628 928 veraciter
3645 886 3765 928 car-

2167 975 2294 1015 nem
2324 961 2442 1030 ipse
2473 958 2754 1015 suscitavit
2783 975 2816 1014 a
2847 959 3068 1016 mortuis
3090 960 3248 1016 tertia
3275 959 3364 1015 die
3379 960 3761 1032 omnipotentis

2167 1057 2491 1123 divinitatis,
2525 1056 2684 1111 istam
2739 1057 3049 1113 videntibus
3102 1057 3366 1128 apostolis
3420 1057 3649 1114 elevavit
3703 1058 3760 1112 in

2168 1146 2389 1214 caelum,
2424 1145 2477 1200 in
2505 1145 2612 1201 bac
2641 1146 2712 1201 ad
2761 1145 3026 1216 judicium
3081 1145 3263 1203 veniet
3314 1162 3436 1202 cum
3492 1153 3758 1219 potestate

2167 1258 2370 1316 magna
2400 1249 2455 1299 et
2483 1243 2787 1312 majestate,
2821 1244 2998 1299 Deum
3031 1243 3088 1298 in
3127 1243 3232 1300 hac
3285 1258 3448 1300 carne
3504 1243 3758 1301 videbunt

2164 1340 2335 1413 impii,
2372 1357 2483 1396 non
2511 1340 2565 1395 in
2597 1357 2659 1399 ea
2690 1340 2990 1397 humilitate
3022 1339 3190 1417 385
3225 1355 3333 1414 qua
3370 1357 3472 1413 pro
3517 1340 3652 1414 ipsis
3706 1350 3757 1397 et

2165 1439 2235 1494 ab
2273 1439 2407 1511 ipsis
2437 1439 2636 1508 injuste
2659 1438 2938 1508 judicatus
2967 1447 3070 1508 est,
3104 1439 3200 1495 sed
3232 1439 3287 1494 in
3333 1454 3396 1495 ea
3436 1437 3755 1495 sublimitate

2163 1551 2273 1609 qua
2302 1553 2401 1608 pro
2431 1536 2544 1592 suis
2574 1553 2671 1593 eos
2716 1536 3021 1592 sceleribus
3062 1538 3208 1606 juste
3249 1537 3586 1606 judicaturus
3639 1545 3746 1594 est.

2165 1625 2458 1690 Videbunt,
2485 1625 2728 1699 inquam,
2760 1625 2911 1681 illum
2946 1642 3084 1698 quos
3104 1626 3222 1697 ipse
3245 1625 3451 1696 dilexit,
3485 1635 3540 1682 et
3593 1643 3753 1698 quem

2161 1714 2266 1786 ipsi
2321 1715 2571 1784 oderunt,
2599 1732 2757 1771 suum
2786 1715 3041 1772 videlicet
3071 1715 3508 1787 Redemptorem,
3538 1723 3592 1772 et
3631 1725 3755 1772 ante

2166 1803 2248 1859 sui
2271 1804 2655 1876 Redemptoris
2682 1813 3037 1876 conspectum
3063 1805 3340 1876 peribunt.
3370 1805 3507 1861 Justi
3551 1813 3747 1873 autem,

2167 1919 2339 1973 super
2369 1902 2424 1957 in
2456 1903 2601 1975 quod
2630 1902 2738 1959 dici
2768 1903 2855 1958 vel
2886 1902 3114 1975 cogitari
3141 1909 3338 1974 potest,
3371 1903 3440 1957 ab
3485 1903 3755 1959 auditione

2162 1993 2306 2048 bona
2323 1991 2672 2059 laetabuntur,
2696 1999 2749 2047 et
2769 1991 3134 2047 exsultabunt.
3164 1990 3396 2046 Audient
3416 1990 3557 2046 enim
3579 1989 3751 2062 ipsum

2161 2091 2260 2146 Dei
2302 2090 2492 2146 Filium
2542 2099 2830 2147 vocantem
2891 2107 3008 2156 eos,
3069 2099 3122 2146 et
3162 2090 3480 2146 dicentem:
3543 2091 3747 2157 Venite,

2160 2181 2443 2237 benedicti
2473 2183 2665 2236 Patris
2684 2183 2814 2246 mei,
2847 2180 3119 2253 percipite
3150 2196 3409 2252 regnum,
3435 2181 3577 2252 quod
3601 2181 3748 2236 vobis

2155 2282 2427 2351 paratum
2451 2282 2534 2334 est
2565 2278 2632 2333 ab
2655 2281 2872 2350 origine
2895 2279 3335 2348 mundi(Matth.
3368 2279 3626 2348 xxv,34).
3648 2279 3748 2333 Illo

2158 2368 2342 2439 utique
2374 2367 2460 2423 die
2524 2368 2777 2422 homines
2809 2367 2900 2439 qui
2931 2367 2982 2421 in
3015 2368 3118 2422 hoc
3149 2367 3348 2422 saeculo
3377 2367 3606 2423 humiles
3627 2375 3745 2423 sunt

2159 2465 2214 2511 et
2242 2457 2588 2522 obedientes,
2616 2456 2845 2528 patriam
2877 2455 3024 2511 illam
3057 2455 3340 2512 ccelestem
3371 2463 3422 2511 et
3437 2473 3746 2528 supernam,

2159 2555 2297 2610 duce
2327 2570 2428 2610 suo
2457 2554 2634 2625 capite
2657 2555 2893 2622 Christo,
2927 2569 3051 2610 cum
3079 2555 3287 2610 honore
3318 2569 3514 2626 magno
3543 2562 3595 2609 et
3650 2570 3749 2611 ex-

2159 2643 2447 2699 sultatione
2478 2643 2754 2698 intrabunt
2786 2661 2800 2708 ;
2834 2643 2980 2698 unde
3010 2643 3232 2714 superbi
3274 2650 3329 2696 et
3376 2643 3748 2699 inobedientes

2156 2732 2336 2806 angeli
2364 2748 2488 2789 cum
2517 2732 2849 2789 verecundia
2879 2747 3083 2806 magna
3114 2740 3169 2788 et
3197 2731 3515 2788 confusione
3543 2731 3748 2788 cecide-

2156 2830 2302 2877 runt.
2334 2822 2412 2877 lbi
2441 2822 2703 2878 videbunt
2737 2821 2986 2878 homines
3015 2823 3189 2878 Deum
3219 2821 3355 2878 facie
3410 2821 3478 2876 ad
3534 2820 3745 2889 faciem,

2156 2918 2317 2975 sicuti
2348 2927 2446 2984 est,
2485 2927 2537 2974 et
2568 2917 2866 2974 donabitur
2895 2918 2974 2974 eis
3003 2918 3129 2986 vita,
3162 2918 3310 2974 salus
3330 2925 3383 2974 et
3402 2917 3574 2990 gloria
3599 2934 3745 2973 sem-

2153 3007 2390 3079 piterna,
2426 3024 2548 3078 quae
2582 3008 2729 3062 Deus
2760 3016 2863 3063 est.
2905 3009 3066 3062 Beata
3123 3016 3306 3063 autem
3361 3007 3528 3062 Maria
3583 3017 3751 3064 mater

2153 3097 2332 3170 virgo,
2368 3105 2418 3152 et
2451 3112 2656 3168 sponsa
2676 3097 2892 3165 intacta,
2925 3097 2998 3151 ibi
3020 3096 3261 3169 piissima
3282 3096 3425 3168 apud
3448 3095 3745 3168 piissimum

436 3197 745 3269 conceptio,
778 3195 1156 3268 conceptionis
1212 3196 1480 3267 interpres
1535 3197 1787 3269 angelus,
1848 3217 2037 3256 semen
2071 3213 2120 3278 α
2151 3194 2319 3250 ﬁlium
2351 3211 2514 3249 suum
2549 3195 2811 3250 obtinebit
2843 3202 2900 3250 ut
2928 3211 3090 3251 nemo
3119 3194 3335 3250 illorum
3380 3203 3582 3266 pereat,
3643 3211 3745 3267 pro

438 3287 705 3354 Christus,
739 3285 922 3357 proles
953 3285 1182 3356 virginis
1213 3285 1382 3341 Filius
1410 3285 1541 3342 Dei.
1582 3289 1644 3341 In
1699 3288 1801 3344 hac
1856 3289 2042 3361 utique

436 3383 784 3433 sacrosancta
815 3375 1197 3444 conjunctione
1241 3390 1351 3430 non
1397 3391 1529 3432 caro
1559 3391 1780 3432 carnem
1842 3393 2042 3434 carna-

435 3475 559 3530 liter
587 3472 782 3546 tetigit,
805 3472 902 3528 sed
925 3473 1073 3527 Deus
1100 3473 1258 3528 Pater
1299 3473 1617 3544 sapientiam
1655 3491 1806 3530 suam
1853 3475 2038 3532 visce-

437 3564 587 3617 ribus
617 3561 851 3634 virginis
894 3560 1136 3628 infudit;
1189 3577 1309 3632 quas
1366 3569 1419 3616 et
1472 3563 1530 3617 in
1582 3563 1808 3636 Virgine
1871 3566 2040 3622 Matre

436 3667 659 3708 carnem
692 3649 1006 3721 assumpsit,
1058 3658 1111 3705 et
1159 3665 1314 3706 suam
1373 3650 1748 3707 beatissimam
1809 3661 2038 3710 matrem

435 3741 810 3812 incorruptam
861 3738 1116 3805 servavit,
1179 3746 1233 3794 et
1307 3756 1406 3811 per
1458 3741 1776 3814 virgineum
1837 3759 2040 3816 corpus

435 3839 724 3914 egrediens
782 3838 1040 3904 Verbum,
1103 3837 1251 3910 quod
1307 3839 1477 3894 Maria
1546 3841 1718 3897 verbo
1793 3843 2043 3914 concepit

435 3928 714 4002 angelico,
748 3943 913 3983 verus
970 3927 1116 3982 Deus
1171 3926 1228 3980 in
1283 3943 1410 3983 vero
1467 3929 1690 3986 homine
1748 3931 2030 4002 apparuit.

433 4025 744 4098 Assumpsit
773 4041 908 4081 vere
938 4026 994 4080 in
1039 4038 1174 4081 vera
1226 4024 1440 4096 virgine
1494 4043 1655 4082 verus
1705 4028 1806 4082 Dei
1869 4026 2039 4103 384

434 4123 602 4180 Filius
632 4123 879 4178 Christus
900 4122 1166 4178 Dominus
1203 4130 1376 4179 totum
1432 4123 1731 4192 hominem,
1791 4125 2035 4181 animam

437 4212 644 4268 scilicet
672 4217 729 4267 et
758 4227 1002 4267 carnem.
1035 4213 1095 4266 In
1135 4213 1239 4268 hac
1293 4228 1460 4268 carne
1514 4221 1676 4269 natus
1733 4222 1817 4270 est
1874 4215 2037 4270 homo

434 4316 538 4373 pro
570 4301 809 4356 homine.
841 4301 956 4356 Hac
986 4300 1039 4355 in
1069 4316 1233 4357 carne
1264 4301 1539 4358 hominem
1570 4303 1624 4358 in
1657 4319 1824 4360 cruce
1873 4304 2036 4360 rede-

437 4398 554 4454 mit.
587 4397 698 4453 Hac
719 4397 776 4452 in
803 4411 968 4454 carne
998 4397 1276 4454 Christum
1315 4399 1479 4454 homo
1537 4400 1793 4471 peremit.
1862 4401 2037 4457 Homo

436 4487 655 4560 quidem
686 4494 739 4542 et
766 4486 820 4542 in
850 4486 1027 4542 anima
1059 4496 1112 4542 et
1155 4487 1214 4543 in
1271 4504 1502 4560 corpore
1559 4489 1876 4562 redemptus
1931 4497 2034 4558 est,

2150 3284 2348 3355 quibus
2377 3283 2461 3339 vel
2491 3283 2661 3338 semel
2689 3284 2945 3340 oraverit.
2974 3285 3089 3340 Nec
3120 3283 3336 3350 mirum,
3372 3282 3496 3355 quia
3522 3283 3744 3340 univer-

2147 3387 2264 3425 sum
2298 3369 2410 3424 suis
2441 3371 2699 3441 precibus
2732 3370 2994 3426 mundum
3026 3371 3245 3426 salvare
3272 3377 3468 3442 potest,
3521 3371 3568 3425 si
3622 3371 3742 3442 ipsa

2145 3459 2395 3515 voluerit.
2430 3461 2496 3514 Et
2525 3459 2645 3531 ipsa
2680 3460 2900 3532 quidem
2932 3476 3032 3531 pro
3061 3459 3317 3515 universo
3346 3459 3546 3515 mundo
3579 3475 3740 3532 para-

2145 3556 2354 3611 tissima
2385 3563 2530 3611 esset
2560 3556 2624 3610 ad
2649 3556 3001 3627 precandum,
3036 3564 3291 3629 totusque
3337 3558 3572 3614 mundus
3626 3557 3739 3614 sal-

2144 3653 2390 3713 varetur,
2425 3645 2470 3699 si
2501 3645 2762 3716 precibus
2793 3647 2910 3715 ejus
2939 3662 2998 3701 se
3048 3645 3253 3702 faceret
3311 3647 3555 3720 dignum.
3614 3648 3742 3705 Haec

2143 3735 2501 3790 veracissime
2532 3735 2680 3807 apud
2703 3735 3133 3807 omnipotentem
3154 3735 3378 3803 Filium,
3400 3742 3460 3792 ut
3481 3737 3736 3803 diximus,

2143 3832 2354 3888 orando
2383 3840 2562 3904 potest
2591 3832 2858 3906 quidquid
2891 3833 3186 3901 desiderat,
3218 3836 3315 3891 sed
3345 3851 3445 3908 pro
3470 3835 3596 3902 illis,
3648 3835 3741 3908 qui

2142 3939 2363 3993 semper
2381 3937 2610 3993 peccare
2646 3923 2984 3991 desiderant,
3044 3923 3348 3980 nullatenus
3397 3934 3539 3981 orat.
3599 3925 3740 3980 Nam

2142 4012 2233 4083 qui
2268 4011 2579 4081 bujusmodi
2607 4016 2755 4081 sunt,
2788 4014 2904 4070 Deo
2934 4012 3147 4084 placere
3203 4014 3316 4070 ulla
3373 4015 3578 4071 ratione
3627 4030 3741 4071 non

2138 4117 2386 4179 possunt.
2421 4109 2590 4186 386
2627 4111 2730 4167 Pro
2759 4110 2958 4167 talibus
2985 4111 3168 4167 nullus
3198 4120 3515 4169 sanctorum
3536 4113 3740 4185 suppli-

2138 4223 2267 4263 care
2314 4208 2615 4280 praesumit,
2647 4224 2755 4264 nec
2782 4207 2862 4264 eis
2891 4208 3241 4280 ellemosynte
3286 4209 3357 4266 ad
3413 4211 3740 4284 conquiren-

2140 4305 2266 4360 dam
2299 4305 2464 4362 vitam
2493 4314 2768 4372 aeternam,
2811 4321 2914 4363 nec
2945 4305 3213 4363 sacriﬁcia
3265 4317 3518 4380 prosunt.
3584 4310 3740 4367 Unde

2136 4394 2391 4468 princeps
2410 4395 2733 4451 Christianae
2748 4395 3031 4462 doctrinae,
3058 4395 3258 4452 Paulus
3279 4396 3556 4469 apostolus
3572 4399 3702 4455 dicit
3721 4416 3736 4456 :

2136 4493 2270 4550 Post
2283 4497 2574 4566 acceptam
2590 4495 2862 4551 notitiam
2882 4495 3142 4551 veritatis
3155 4496 3478 4554 voluntarie
3487 4513 3737 4570 peccan-

435 4587 534 4643 sed
564 4587 678 4643 haec
707 4601 838 4643 caro
864 4585 1082 4642 Domini
1111 4585 1207 4642 fuit
1238 4587 1474 4658 pretium
1521 4605 1635 4645 suae
1689 4589 2028 4661 redemptio-
2059 4595 2112 4656 D
2145 4591 2292 4647 tibus
2311 4594 2466 4649 nobis
2486 4593 2612 4664 jam
2647 4611 2763 4651 non
2798 4594 3148 4666 relinquitur
3168 4595 3351 4651 hostia
3371 4613 3472 4670 pro
3489 4598 3738 4669 peccati:

434 4677 538 4733 nis.
575 4677 810 4733 Carnem
840 4675 999 4732 istam
1031 4677 1087 4731 in
1117 4677 1300 4748 specie
1329 4677 1490 4748 panis
1519 4677 1799 4750 discipulis
1831 4680 1946 4735 suis
1981 4679 2036 4734 in

433 4792 614 4844 ctrna,
647 4791 806 4849 quam
836 4783 959 4831 ante
980 4775 1296 4848 passionem
1327 4792 1487 4831 suam
1517 4793 1639 4833 cum
1661 4778 1741 4833 eis
1794 4778 2034 4834 novissi-

432 4891 578 4932 mam
604 4875 750 4944 fecit,
783 4874 1224 4930 manducandam
1255 4874 1506 4929 donavit.
1543 4876 1700 4932 Unde
1725 4875 1834 4930 illis
1876 4892 2033 4932 asse-

429 4975 538 5030 ruit
567 4973 756 5029 dicens
789 4974 926 5028 :Hoc
958 4976 1043 5028 est
1063 4988 1264 5044 corpus
1300 4989 1491 5029 meum
1527 4975 1683 5042 (Luc.
1723 4990 1864 5041 χχιι,
1907 4975 2022 5044 19).

432 5065 500 5119 Ει
532 5062 657 5134 quia
685 5063 754 5118 de
810 5077 911 5116 suo
958 5062 1176 5132 prOpric
1236 5063 1463 5134 proprio
1508 5079 1740 5134 corpore
1796 5063 2028 5132 diceret,-

429 5160 721 5230 subjunxit,
761 5161 865 5230 Qui
877 5175 978 5231 pro
1001 5160 1147 5216 vobis
1179 5161 1440 5216 tradetur
1457 5162 1669 5230 (ibid.).
1701 5163 1876 5218 Nemo
1906 5164 2024 5219 has-

427 5252 552 5306 sitet
581 5266 746 5320 super
774 5251 896 5316 hoc,
931 5249 1077 5320 quod
1107 5249 1356 5305 Christus
1385 5265 1546 5306 carne
1575 5266 1675 5306 sua
1726 5251 2028 5324 discipulos

426 5340 689 5396 cibaverit
718 5353 869 5407 suos,
901 5353 1023 5394 cum
1053 5339 1208 5394 cibus
1237 5339 1341 5395 iste
1367 5340 1670 5396 animarum
1717 5342 1787 5396 sit
1845 5343 2025 5413 potius

426 5436 814 5508 intelligendus
845 5451 1002 5507 quam
1034 5452 1353 5506 corporum.
1393 5438 1536 5493 Nam
1568 5439 1612 5493 si
1643 5454 1774 5495 caro
1822 5439 2022 5496 Christi

425 5525 730 5580 animarum
763 5530 970 5579 tantum
998 5524 1152 5579 cibus
1182 5542 1289 5582 non
1321 5536 1485 5594 esset,
1513 5536 1633 5599 post
1677 5530 1832 5585 cibos
1888 5545 2019 5587 cor-

422 5639 616 5693 porum
648 5621 897 5677 Christus
929 5638 1049 5676 eam
1079 5622 1360 5693 discipulis
1391 5642 1736 5699 nequaquam
1755 5628 2015 5685 dedisset.

417 5713 589 5766 lllorte
616 5728 730 5766 sua;
752 5711 932 5765 carnis
959 5712 1188 5766 redemit
1208 5730 1356 5781 suos,
1378 5732 1597 5771 suorum
1617 5717 1780 5772 etiam
1810 5718 2017 5775 animas

415 5800 607 5855 eadem
637 5815 804 5855 carne
833 5799 1188 5870 spiritualiter
1217 5803 1390 5872 pavit.
1457 5805 1604 5860 Fecit
1659 5806 1806 5862 enim
1865 5808 2014 5864 Deus

412 5889 555 5960 quod
586 5889 770 5956 voluit,
815 5897 867 5944 et
898 5888 1043 5960 quod
1075 5888 1242 5945 voluit
1272 5890 1449 5948 facere
1492 5894 1690 5965 potuit.
1747 5895 2007 5968 Alioquin

2138 4689 2388 4759 (Hebr.x,
2411 4692 2530 4762 16);
2551 4707 2617 4749 ac
2634 4692 2679 4747 si
2695 4691 2905 4748 diceret
2927 4707 2938 4746 :
2954 4693 3150 4748 Nullus
3164 4693 3465 4765 baptizatus
3484 4705 3606 4768 post
3618 4712 3740 4768 pec-

2136 4786 2314 4835 catum
2363 4781 2536 4836 Deum
2583 4782 2689 4836 sibi
2726 4781 3087 4838 reconciliare
3126 4784 3382 4854 potuerit,
3417 4786 3650 4857 quandiu
3677 4786 3737 4842 in

2134 4879 2348 4949 peccati
2382 4879 2661 4935 voluntate
2695 4879 3070 4950 permanserit.
3097 4879 3294 4936 Caeteri
3315 4881 3583 4954 siquidem
3605 4899 3732 4938 san-

2135 4967 2206 5022 cti
2238 4967 2530 5023 Dominum
2564 4970 2735 5024 Deum
2765 4977 2942 5036 orant,
2977 4977 3028 5024 et
3050 4971 3260 5026 orando
3291 4970 3598 5042 impetrant.
3633 4972 3733 5029 sed

2132 5056 2468 5112 honorabilis
2501 5059 2669 5130 Virgo
2701 5058 2866 5113 Maria
2899 5058 2945 5113 si
2974 5058 3123 5113 illum
3140 5075 3204 5114 ex
3235 5075 3302 5115 eo
3338 5061 3482 5132 quod
3510 5061 3655 5117 Deus
3675 5071 3734 5118 et

2132 5145 2397 5201 Dominus
2423 5155 2525 5214 est,
2559 5163 2794 5204 exorare
2825 5148 3019 5203 merito
3048 5148 3307 5214 creditur,
3333 5165 3399 5204 ex
3442 5165 3507 5205 eo
3550 5159 3728 5206 tamen

2130 5243 2277 5315 quod
2306 5246 2469 5302 homo
2500 5254 2601 5313 est,
2636 5254 2689 5301 et
2719 5255 2878 5300 natus
2909 5261 2980 5301 ex
3009 5261 3095 5312 ea,
3115 5245 3266 5318 quasi
3285 5247 3519 5320 quodam
3540 5248 3727 5304 matris

2125 5333 2355 5404 imperio
2379 5335 2523 5405 apud
2553 5335 2730 5406 ipsum
2761 5336 3056 5406 impetrare
3088 5336 3355 5408 quidquid
3376 5337 3596 5394 voluerit
3635 5338 3725 5410 pia

2125 5422 2234 5478 ﬁde
2257 5439 2366 5479 non
2397 5425 2696 5480 dubitatur.
2750 5425 2874 5479 Nan
2923 5425 2970 5479 si
3023 5425 3249 5497 quilibet
3303 5435 3528 5482 sanctus
3578 5428 3721 5499 apud

2117 5522 2324 5590 justum
2352 5521 2598 5594 judicem
2629 5523 2803 5578 Deum
2827 5521 3035 5577 obtinet
3063 5522 3328 5594 quidquid
3359 5523 3459 5578 sibi
3479 5526 3599 5594 jure
3628 5523 3721 5580 de-

2122 5611 2298 5678 betur,
2332 5612 2448 5668 haec
2468 5629 2590 5684 quae
2612 5619 2694 5666 est
2736 5619 2913 5666 mater
2933 5610 3135 5682 judicis
3165 5619 3217 5667 et
3245 5612 3486 5669 omnium
3515 5619 3720 5668 sancto-

2119 5726 2240 5765 rum
2272 5709 2512 5776 domina,
2528 5713 2652 5779 jure
2668 5709 2862 5764 matris
2885 5725 3156 5782 nunquam
3186 5709 3538 5767 fraudabitur.
3595 5710 3714 5768 Hoc

2117 5817 2200 5865 est
2231 5808 2376 5864 enim
2405 5807 2636 5863 materni
2653 5806 2794 5880 juris
2815 5807 2960 5880 apud
2981 5804 3122 5864 ﬁlios
3143 5807 3411 5881 dignitate
3429 5808 3710 5876 sublimes,

2117 5905 2176 5953 ut
2203 5897 2248 5953 si
2278 5913 2373 5955 eos
2393 5905 2595 5954 matres
2623 5913 2814 5954 eorum
2844 5896 3043 5970 saepius
3071 5905 3289 5970 rogent,
3341 5898 3467 5972 quia
3509 5898 3714 5955 domini
