3910 6472
213 427 319 482 269

1669 413 1953 485 SERMON
1961 421 2070 474 ES.

3419 422 3524 476 270

217 558 361 618 sunt,
397 549 477 604 eis
508 547 668 604 etiam
704 544 994 618 aliquando
1025 543 1184 616 quasi
1239 543 1526 614 imperent,
1561 541 1684 613 quia
1717 541 1815 596 ﬁlii
1845 561 1897 622 Α
1927 556 2111 596 amare
2141 539 2444 610 lacrymans
2470 538 2776 606 conﬁtetur,
2820 547 3012 611 pectus
3070 541 3395 598 verberibus
3423 559 3523 599 ur—

220 647 368 694 sunt.
402 639 609 693 Bonum
643 635 827 705 utique
885 640 1111 699 naturae,
1140 632 1284 704 quod
1317 633 1461 686 Deus
1516 630 1824 686 hominibus

219 728 390 793 dedit,
428 742 703 797 nunquam
736 722 862 788 sibi,
916 722 1006 793 qui
1037 729 1117 776 est
1139 737 1410 775 summum
1460 721 1684 785 bonum,
1709 727 1761 774 et
1791 733 1824 774 a

220 842 328 898 quo
362 827 508 882 bona
537 832 737 880 cuncta
769 821 1089 892 procedunt,
1141 819 1390 891 negabit.
1430 820 1499 874 Et
1530 818 1672 889 quod
1705 818 1822 872 haec

219 915 535 970 beatissima
563 913 728 984 Virgo
757 913 926 966 Mater
973 909 1187 964 Domini
1255 908 1451 963 fecisse
1506 907 1709 977 legitur
1766 907 1819 960 in

218 1004 401 1070 terris,
430 1003 703 1058 immerito
730 1001 916 1056 facere
949 999 1286 1054 dubitaretur
1306 1006 1361 1052 et
1391 996 1446 1050 in
1472 996 1646 1051 caelis.
1679 996 1821 1050 Nam

219 1101 348 1156 vino
381 1099 667 1156 deﬁciente
720 1097 1028 1168 nuptiarum
1065 1096 1119 1149 in
1175 1094 1329 1149 Cana
1381 1092 1626 1158 Galileze,
1685 1089 1822 1145 dixit

219 1191 390 1245 Mater
415 1190 544 1244 Jesu
581 1187 648 1242 ad
669 1188 875 1253 Jesum,
912 1185 1078 1256 Virgo
1132 1182 1385 1239 videlicet
1414 1181 1585 1235 Maria
1633 1180 1701 1235 ad
1763 1177 1824 1232 ﬁ-

217 1287 348 1343 lium
380 1304 393 1342 :
436 1289 635 1344 Vinum
667 1301 782 1341 non
815 1283 1042 1348 habent,
1075 1297 1141 1338 ac
1171 1281 1217 1336 si
1243 1280 1294 1336 ei
1323 1279 1439 1351 ipsa
1472 1278 1818 1350 praeciperet,

225 1392 283 1439 ut
328 1385 442 1455 ipse
477 1383 676 1438 faceret
697 1382 845 1456 quod
861 1381 954 1453 qui
981 1395 1092 1435 non
1113 1377 1382 1433 habebant
1411 1376 1622 1439 vinum;
1657 1375 1823 1430 habe-

218 1489 360 1536 rent.
388 1480 552 1556 387
574 1482 677 1536 hoc
707 1481 848 1534 bona
878 1486 1053 1533 mater
1073 1476 1270 1548 pietate
1295 1473 1512 1546 quidem
1539 1471 1818 1544 praecepit,

220 1579 369 1650 quod
399 1579 574 1634 bonus
604 1576 750 1631 ﬁlius
778 1575 870 1646 pia
899 1573 1208 1630 obedientia
1237 1571 1563 1643 complevit.
1600 1570 1747 1625 Nihil
1768 1570 1824 1623 in

219 1669 381 1738 hujus
408 1665 898 1740 virginislaudibus
920 1663 1232 1719 haesitemus
1261 1679 1274 1725 ;
1303 1662 1533 1716 honorat
1554 1659 1824 1731 siquidem

220 1757 395 1812 lilium
443 1756 533 1828 qui
573 1755 764 1809 laudat
818 1761 1070 1818 matrem,
1123 1751 1239 1806 sine
1283 1751 1442 1820 cujus
1490 1748 1649 1804 laude
1711 1749 1826 1803 Deo

221 1846 440 1917 placere
461 1842 802 1915 impossibile
832 1849 934 1905 est,
961 1849 1010 1896 et
1041 1856 1164 1896 cum
1193 1839 1352 1894 laude
1384 1839 1502 1906 ejus
1559 1837 1609 1892 ei
1639 1837 1827 1907 displi-

219 1951 352 1990 cere
379 1949 541 1988 nemo
572 1939 766 2003 potest.
785 1931 936 1986 Hanc
965 1929 1130 2002 igitur
1146 1927 1551 1984 sanctissimam
1575 1934 1630 1981 et
1648 1925 1824 1980 admi—
1853 1917 1904 1976 B

221 2023 451 2078 rabilem
480 2021 745 2092 virginem
807 2019 1111 2079 laudemus,
1135 2018 1266 2088 quia
1297 2015 1529 2087 virginis
1580 2015 1689 2069 tllio
1710 2014 1828 2084 pla-

231 2127 360 2168 cere
389 2111 506 2165 sine
537 2109 726 2164 matris
756 2107 982 2179 virginis
1013 2107 1173 2161 laude
1204 2121 1315 2160 non
1345 2120 1659 2175 possumus.
1701 2103 1829 2156 Dili-

227 2216 424 2272 gamus
455 2215 576 2254 eam
606 2199 744 2254 sicut
776 2196 1156 2252 charissimam
1188 2193 1830 2262 Dominilllatrem,quam

230 2291 353 2361 ipse
375 2289 550 2359 diligit
594 2295 650 2342 ut
680 2285 956 2358 pr0priam
977 2300 1225 2340 carnem.
1265 2283 1429 2352 Cujus
1459 2282 1615 2336 etiam
1647 2280 1834 2335 lauda—

237 2388 408 2442 bilem
455 2385 823 2458 virginitatem
894 2383 1036 2438 adeo
1091 2381 1396 2452 approbare
1453 2388 1506 2434 et
1561 2380 1835 2434 honorare

235 2485 504 2558 disposuit
533 2492 590 2538 ut
643 2482 906 2555 quosdam
962 2479 1139 2552 magis
1169 2479 1238 2534 de
1289 2495 1388 2533 suo
1409 2486 1532 2533 ortu
1551 2492 1712 2547 quam
1765 2476 1834 2530 de

235 2577 352 2645 ejus
385 2573 711 2646 virginitatis
766 2572 1072 2642 integritate
1114 2569 1360 2623 dubitare
1411 2565 1661 2622 voluerit.
1707 2565 1836 2620 Haec

237 2681 322 2729 est
351 2670 676 2726 dulcissima
702 2677 874 2722 mater
903 2665 1068 2738 Virgo
1092 2664 1280 2730 Maria,
1300 2681 1421 2736 quae
1445 2663 1641 2717 mortis
1662 2677 1834 2732 pepe-

231 2761 298 2816 rit
345 2768 599 2825 mortem,
647 2757 808 2814 vitam
863 2755 1120 2819 hominis,
1179 2753 1381 2808 diaboli
1437 2751 1833 2815 confusionem,

230 2849 632 2907 absolutionem
654 2860 1024 2917 peccarorum,
1068 2842 1600 2911 omniumjustorum
1659 2839 1836 2895 beati-

231 2949 500 3004 tudinem.
541 2946 656 3000 Res
680 2944 841 3010 mira,
876 2943 971 2998 sed
993 2957 1114 2998 cum
1145 2939 1354 3012 gaudio
1371 2948 1424 2994 et
1440 2937 1545 2993 ﬁde
1561 2937 1802 2991 miranda
1823 2935 1836 2991 l

232 3039 408 3093 Homo
435 3036 526 3108 qui
579 3050 642 3090 ex
680 3035 781 3088 hac
828 3031 1037 3104 virgine
1088 3039 1266 3097 natus,
1326 3045 1441 3083 non
1500 3026 1673 3082 solum
1735 3026 1839 3081 ho-

231 3121 439 3177 minum
460 3122 572 3175 Rex
602 3125 704 3182 est,
737 3116 835 3172 sed
855 3115 1178 3187 angelorum
1200 3120 1251 3168 et
1272 3111 1514 3167 omnium
1528 3109 1839 3166 caelestium

232 3211 490 3266 virtutum
521 3207 745 3262 Creator
786 3213 839 3260 et
872 3204 1158 3259 Dominus.
1222 3203 1349 3257 litec
1395 3209 1478 3256 est
1524 3199 1613 3254 cui
1660 3196 1842 3270 angeli

1932 637 2044 702 get,
2077 628 2370 700 gemitibus
2399 629 2664 699 supplicat
2705 629 2994 696 continuis,
3027 645 3148 684 eam
3206 630 3526 701 deprecatur

1931 718 2172 784 assidue,
2197 717 2292 772 sed
2326 717 2508 773 cordis
2531 717 2704 786 potius
2761 717 3060 774 intentione
3098 735 3258 790 quam
3311 720 3517 776 verbis.

1931 808 2102 861 Mater
2123 811 2303 861 autem
2335 806 2546 875 pietatis
2567 806 2859 878 diligenter
2887 808 3172 862 audiamus
3217 808 3345 879 quid
3376 809 3526 865 fece-

1933 896 2028 949 rit.
2061 895 2389 949 Consolatur
2417 893 2602 965 utique
2651 904 3017 965 peccatorem,
3077 905 3130 952 et
3152 897 3308 968 quasi
3367 913 3528 953 suum

1931 984 2164 1056 quodam
2193 983 2593 1054 compassionis
2623 981 2818 1039 affectu
2838 984 3040 1040 faciens
3066 993 3376 1056 peccatum,
3405 1002 3531 1043 cau-

1931 1089 2049 1128 sam
2078 1071 2383 1144 peccatoris
2427 1071 2678 1144 suscipit,
2710 1089 2811 1144 pro
2841 1089 2906 1129 eo
2935 1083 3256 1145 peroratura
3307 1075 3380 1130 ad
3429 1077 3526 1146 ju—

1930 1161 2134 1218 dicem.
2174 1162 2396 1216 Perorat
2453 1160 2768 1216 misericors
2825 1171 3000 1218 mater
3047 1178 3147 1234 pro
3201 1163 3406 1220 misero
3461 1167 3532 1220 ad

1931 1249 2340 1305 misericordem
2372 1247 2560 1317 ﬁlium,
2618 1249 2998 1308 misericordia
3024 1267 3055 1307 a
3086 1251 3308 1308 miseria
3336 1251 3530 1309 liberat

1930 1339 2210 1394 miserum.
2243 1337 2592 1409 Lacrymatur
2635 1348 2886 1410 peccator
2933 1339 3057 1411 iste,
3093 1339 3261 1416 389
3297 1348 3354 1396 ut
3383 1341 3530 1397 dixi-

1931 1452 2074 1503 mus,
2108 1435 2203 1490 sed
2233 1451 2436 1490 amare.
2461 1436 2634 1490 Mater
2653 1451 2754 1506 pro
2767 1445 3059 1506 peccatoer
3073 1437 3184 1493 ﬁlio
3209 1438 3526 1510 supplicans

1933 1525 2187 1590 accedit;
2221 1523 2361 1579 ﬁlius
2409 1523 2668 1595 respiciet
2699 1533 3043 1595 peccatorem
3077 1545 3092 1593 ;
3146 1543 3178 1582 a
3235 1535 3533 1598 peccatore

1933 1621 2212 1686 peccatum
2243 1613 2478 1668 discedit
2505 1631 2518 1680 ;
2545 1621 2599 1667 ut
2620 1613 2834 1684 decepti
2863 1613 3097 1669 hominis
3117 1615 3358 1671 chartam
3410 1617 3536 1674 red-

1934 1703 2047 1768 dat,
2098 1701 2320 1756 diabolo
2369 1701 2648 1773 deceptori
2736 1702 2900 1773 Virgo
2959 1707 3208 1774 potenter
3264 1704 3532 1776 imperat;

1935 1791 2133 1850 invitus
2193 1799 2246 1845 et
2283 1789 2546 1846 confusus
2605 1790 2921 1847 criminator
2958 1793 3140 1847 obedit
3173 1807 3187 1862 ;
3220 1793 3385 1850 homo
3436 1810 3538 1865 per

1935 1896 2153 1934 manum
2184 1879 2421 1950 Virginis
2451 1879 2698 1934 chartam
2729 1879 2926 1950 recipit
2966 1881 3266 1949 absolutus,
3301 1891 3352 1937 et
3380 1882 3538 1938 uber-

1935 1968 2030 2022 tim
2059 1968 2326 2038 lacrymas
2347 1967 2576 2022 fundens
2607 1985 2722 2039 prae
2752 1968 2973 2040 gaudio,
3011 1971 3124 2026 Deo
3163 1979 3216 2026 et
3246 1972 3363 2040 ejus
3401 1972 3536 2026 bea-

1937 2057 2160 2111 tissimae
2189 2057 2348 2111 matri
2394 2055 2590 2112 laudes
2654 2073 2765 2111 non
2819 2058 3060 2113 modicas
3108 2066 3158 2114 et
3205 2059 3536 2129 multiplices

1940 2146 2235 2217 gratiarum
2265 2145 2507 2200 actiones
2538 2146 2811 2215 rependit.
2845 2147 2975 2202 Haec
3005 2154 3084 2201 est
3118 2147 3429 2213 laudabilis,
3487 2157 3541 2204 et

1944 2233 2269 2288 universalis
2291 2233 2608 2304 imperatrix
2640 2234 2958 2305 angelorum
2983 2243 3034 2290 et
3065 2235 3340 2290 hominum
3374 2237 3540 2309 Virgo

1941 2323 2432 2394 sanctissima,quaa
2461 2321 2592 2378 licet
2611 2338 2639 2376 a
2660 2323 2917 2378 Creatore
2935 2324 3176 2379 omnium
3189 2332 3369 2381 creata
3382 2325 3469 2392 sit,
3485 2325 3542 2380 in

1942 2411 2062 2482 ipsa
2083 2412 2304 2466 Creator
2323 2411 2440 2482 ipse
2456 2410 2630 2466 factus
2647 2419 2728 2466 est
2748 2412 3164 2468 creatura.Filia
3185 2413 3406 2485 quidem
3421 2414 3540 2481 Dei,

1944 2500 2040 2556 sed
2064 2500 2159 2554 Dei
2183 2500 2342 2555 simul
2365 2509 2418 2554 et
2447 2499 2684 2555 hominis
2713 2501 2884 2556 Mater
2911 2501 3253 2573 incorrupta.
3275 2503 3404 2558 Haec
3420 2509 3544 2573 post

1945 2588 2114 2644 ﬁlium
2138 2606 2295 2644 suum
2327 2597 2408 2644 est
2437 2589 2768 2660 praecipuum
2813 2590 3082 2662 refugium
3143 2591 3543 2662 peccatoribus,

1947 2693 2053 2749 quo
2084 2685 2206 2748 post
2234 2677 2449 2748 lapsum
2507 2677 2736 2748 fugiant,
2767 2678 3074 2745 consilium,
3109 2687 3166 2734 ut
3224 2680 3542 2750 pmniteant,

1947 2767 2226 2832 auxilium,
2279 2774 2336 2821 ut
2378 2774 2769 2822 convertantur
2823 2783 2892 2822 ne
2921 2774 3170 2838 pereant.
3229 2768 3388 2823 Nulla
3435 2776 3546 2825 tam

1948 2855 2133 2927 gravis
2163 2863 2250 2910 est
2282 2856 2490 2926 peccati
2517 2854 2602 2911 vel
2625 2855 2869 2910 criminis
2899 2856 3079 2928 plaga,
3131 2857 3287 2925 cujus
3319 2872 3428 2912 non
3457 2857 3546 2924 sit,

1950 2945 1995 2999 si
2053 2945 2175 3015 ipsa
2232 2943 2475 3013 voluerit,
2505 2945 2800 3001 medicina.
2841 2945 3258 3001 Confessionem
3294 2946 3549 3018 etpmni-

1951 3034 2174 3088 tentiam
2205 3032 2257 3087 in
2291 3033 2600 3089 hominibus
2629 3033 2904 3089 desiderat
2936 3042 3306 3105 peccatorum,
3363 3043 3423 3090 ut
3448 3050 3552 3106 pro

1949 3122 2058 3177 illis
2088 3123 2431 3178 occasionem
2454 3123 2652 3178 habeat
2681 3123 3038 3195 deprecandi.
3087 3123 3224 3180 Huic
3253 3123 3419 3197 igitur
3447 3141 3548 3180 ex-

1950 3211 2352 3268 cellentissimtB
2401 3226 2467 3267 ac
2524 3211 2783 3282 piissimae
2844 3211 2999 3266 Matri
3057 3211 3272 3268 Domini
3329 3229 3552 3284 semper

234 3299 494 3363 serviunt,
525 3294 842 3367 archangeli
859 3292 1181 3348 famulantur
1213 3309 1226 3354 ;
1261 3290 1436 3345 omnis
1485 3289 1646 3344 etiam
1690 3287 1834 3341 mili-
1867 3277 1915 3340 Ο
1946 3300 2156 3372 Virgini
2218 3299 2396 3356 Maria;
2453 3277 2728 3354 ιιυξηίιίιει-
2785 3301 3178 3372 εηψριίεεηιεεετ)ἱ
3212 3303 3360 3373 quod
3408 3277 3554 3358 πίειε

236 3389 310 3443 tia
342 3387 580 3443 caelestis
611 3384 890 3439 exercitus
917 3383 1060 3437 hanc
1089 3380 1362 3452 virginem
1394 3378 1576 3434 laudat
1599 3385 1651 3432 et
1667 3392 1836 3431 vene-

235 3485 398 3530 ratur.
435 3476 561 3529 llaec
594 3473 710 3527 sola
755 3480 877 3542 post
903 3472 1070 3524 Deum
1123 3484 1288 3539 super
1316 3483 1508 3522 omnes
1558 3473 1836 3521 creaturas

237 3565 446 3620 obtinet
492 3562 880 3633 principatum.
947 3558 992 3613 Ο
1052 3575 1211 3630 quam
1262 3555 1616 3620 venerabilis,
1677 3569 1836 3625 quam

236 3652 484 3709 sublimis
516 3653 631 3706 haec
663 3649 982 3704 beatissima
1011 3656 1204 3712 mater,
1221 3647 1372 3713 cujus
1407 3645 1569 3706 ﬁlius,
1591 3642 1840 3715 quamvis

237 3742 584 3812 omnipotens
614 3740 759 3794 Deus
791 3738 880 3804 sit,
915 3737 963 3792 ei
990 3745 1172 3791 tamen
1211 3735 1342 3790 nihil
1375 3750 1611 3806 unquam
1634 3746 1840 3803 negare

238 3832 470 3906 potuerit
499 3829 511 3884 l
548 3830 676 3884 Haec
721 3828 875 3899 virgo
909 3835 1014 3881 tam
1037 3834 1246 3891 sancta,
1287 3835 1395 3879 tam
1430 3825 1696 3897 gloriosa,
1731 3833 1840 3876 tam

238 3922 523 3985 honorata,
557 3933 591 3972 a
622 3919 736 3972 Deo
757 3925 865 3970 tam
915 3915 1224 3981 sublimata,
1258 3913 1332 3968 ita
1363 3923 1443 3968 est
1500 3912 1736 3977 humilis,
1772 3911 1843 3965 ita

237 4022 597 4091 compatiens,
629 4016 702 4072 ita
722 4015 1032 4071 misericors
1062 4022 1112 4070 et
1142 4014 1252 4086 pia,
1285 4013 1431 4085 quod
1462 4020 1681 4084 pr0pter
1714 4010 1840 4067 ani-

238 4135 383 4174 mam
421 4116 802 4189 peccatricem,
835 4119 891 4170 et
931 4115 1043 4183 jam
1093 4111 1272 4184 poenis
1322 4111 1638 4182 deputatam
1673 4108 1840 4185 388

239 4217 480 4284 aeternis,
537 4213 816 4271 severitati
857 4210 1090 4268 districti
1131 4209 1332 4279 judicis
1386 4225 1446 4264 se
1493 4208 1836 4281 opposuerit.

239 4320 579 4377 Christianus
633 4316 835 4373 etenim
881 4314 1122 4388 quidam,
1179 4311 1518 4383 Theophilus
1601 4310 1842 4377 nomine,

242 4410 382 4466 sicut
409 4408 680 4466 veraciter
705 4405 924 4477 legitur,
967 4403 1081 4459 suis
1112 4401 1424 4459 infortuniis
1481 4401 1619 4456 adeo
1648 4401 1846 4471 despe-

243 4518 390 4566 ratus
411 4509 600 4576 fuerat,
635 4514 688 4561 et
740 4505 1003 4560 seductus
1059 4518 1092 4558 a
1145 4502 1378 4575 quodam
1430 4501 1641 4568 Iudaeo,
1702 4499 1848 4572 quod

243 4599 518 4655 Christum
575 4595 872 4651 Dominum
899 4600 952 4648 et
995 4594 1113 4662 ejus
1164 4589 1568 4646 sanctissimam
1618 4589 1843 4643 Matrem

243 4702 560 4768 negaverat,
595 4692 914 4749 Christianae
933 4691 1060 4746 ﬁdei
1092 4690 1431 4756 renuntians,
1458 4704 1619 4760 quam
1651 4703 1844 4743 susce-

245 4792 404 4858 perat
426 4784 480 4839 in
504 4782 796 4853 baptismo,
829 4789 881 4836 et
900 4780 1078 4851 ipsum
1109 4778 1389 4834 diabolum
1410 4777 1668 4847 adorans,
1691 4777 1851 4846 hujus

247 4882 594 4939 detestabilis
613 4878 943 4952 operationis
992 4878 1040 4933 ei
1092 4877 1300 4933 fecerat
1331 4877 1576 4932 chartam
1631 4875 1852 4946 proprio

250 4981 451 5038 annulo
469 4979 787 5052 sigillatam.
820 4979 1012 5032 Postea
1042 4991 1173 5032 vero
1204 4975 1402 5030 divina:
1425 4973 1648 5044 pietatis
1673 4973 1847 5028 mise-

249 5079 458 5136 ratione
487 5083 858 5148 compunctus,
909 5075 978 5129 ad
1002 5072 1568 5130 misericordissimam
1629 5069 1852 5126 Domini

253 5179 480 5233 Matrem
511 5177 733 5231 Mariam
782 5173 1090 5246 piissimam
1143 5171 1423 5244 Virginem
1485 5169 1774 5226 consilium
1803 5177 1859 5224 et

256 5266 512 5322 auxilium
542 5265 805 5336 petiturus
825 5279 885 5318 se
913 5262 1198 5327 convertit,
1254 5276 1437 5317 secum
1470 5259 1662 5315 merito
1690 5275 1859 5329 repu-

260 5370 387 5421 tans
440 5363 585 5435 quod
639 5359 819 5415 nullus
879 5368 1214 5426 sanctorum,
1298 5374 1400 5414 nec
1451 5356 1701 5428 angelus,
1759 5369 1862 5411 nec

266 5453 518 5525 quaelibet
546 5450 732 5506 ctelica
778 5448 945 5506 virtus
1003 5457 1208 5503 tantum
1263 5453 1479 5518 poterat
1512 5445 1662 5518 apud
1690 5446 1861 5500 Deum

272 5564 532 5629 quantum
562 5561 738 5608 mater
767 5552 909 5622 ejus.
938 5553 1054 5607 Hoc
1102 5551 1260 5608 etiam
1289 5557 1468 5606 mente
1497 5557 1860 5621 pertractans,

259 5655 405 5729 quod
436 5654 580 5710 ﬁlius
611 5651 803 5708 matris
854 5651 1106 5721 injuriam
1136 5649 1362 5724 gravius
1382 5649 1658 5706 ulciscitur
1704 5664 1863 5721 quam

261 5774 437 5825 suam,
470 5766 524 5814 et
554 5755 699 5812 nulla
729 5753 944 5810 ratione
975 5753 1200 5810 inultam
1243 5753 1555 5821 dimitteret,
1587 5751 1692 5808 nisi
1720 5751 1868 5823 prius

260 5856 382 5927 ipsa
429 5871 530 5926 pro
561 5869 662 5909 suo
709 5851 1029 5921 injuriatore
1077 5860 1313 5924 rogaret.
1373 5851 1640 5908 Gloriosae
1691 5851 1870 5922 itaque

262 5945 475 6018 Virgini
541 5941 700 5998 Matri
753 5940 1142 5998 misericordiae
1187 5941 1602 5998 amaritudinem
1659 5938 1872 6012 peccati

1943 3390 2169 3446 fecimus
2200 3388 2445 3444 confiteri
2477 3389 2624 3444 nulla
2657 3389 2948 3444 occasione
3006 3389 3340 3455 differamus,
3375 3400 3425 3446 et
3459 3408 3557 3463 per

1945 3477 2327 3550 supplicabiles
2383 3477 2555 3548 ipsius
2611 3494 2827 3548 preces,
2884 3495 2983 3533 nos
3041 3487 3094 3533 et
3145 3495 3343 3535 omnes
3403 3490 3558 3536 actus

1944 3576 2164 3623 nostros
2221 3566 2452 3621 Domino
2483 3567 2948 3635 commendemus,
2990 3575 3049 3622 ut
3079 3568 3149 3622 ad
3176 3568 3356 3639 ipsum
3377 3570 3469 3641 qui
3500 3577 3554 3626 et

1947 3656 2297 3728 peccantibus
2323 3656 2467 3724 juste
2499 3656 2774 3721 irascitur,
2809 3665 2859 3711 et
2887 3658 3279 3728 paenitentibus
3327 3659 3550 3715 miseri-

1951 3746 2192 3802 corditer
2223 3745 2487 3818 indulget,
2528 3745 2823 3816 pervenire
2880 3763 3212 3814 mereamur,
3261 3756 3558 3818 praestante

1949 3851 2018 3890 eo
2073 3835 2166 3906 qui
2199 3850 2298 3905 pro
2354 3833 2512 3888 nobis
2561 3849 2626 3888 ex
2659 3850 2721 3889 ea
2771 3833 2942 3889 factus
2990 3843 3072 3890 est
3103 3836 3266 3891 homo
3314 3837 3557 3894 Christus

1951 3925 2218 3979 Dominus
2255 3929 2464 3989 noster,
2518 3923 2609 3994 qui
2654 3939 2776 3978 cum
2811 3922 2980 4000 390
3031 3926 3189 3981 Patre
3247 3935 3300 3983 et
3355 3927 3558 3998 Spiritu

1945 4031 2135 4078 sancto
2166 4021 2294 4078 vivit
2325 4029 2378 4076 et
2407 4036 2574 4092 regna
2607 4021 2753 4077 Deus
2792 4038 2891 4093 per
2919 4023 3103 4079 omnia
3143 4025 3346 4082 saecula
3377 4041 3556 4084 sacu-

1945 4129 2126 4168 orum.
2159 4115 2355 4167 Amen.

2563 4289 2803 4348 SERMO
2838 4291 2935 4346 IX.

2157 4457 2214 4498 1N
2253 4456 2616 4498 FESTIVITATE
2657 4459 2714 4500 Β.
2760 4459 2949 4500 ΜΑΒῙᾸΞ
2986 4457 3359 4502 ΠΛϐυΛιΕΝΕ.

2029 4599 2368 4666 Audivimus,
2405 4599 2622 4667 fratres,
2665 4615 2792 4656 cum
2846 4600 3212 4674 Evangelium
3265 4603 3558 4675 legeretur,

1961 4691 2090 4762 quia
2117 4689 2336 4761 quidam
2383 4689 2688 4745 Pharismus
2718 4691 2930 4762 rogavit
2977 4691 3266 4746 Dominum
3297 4700 3354 4748 ut
3405 4709 3560 4748 man-

1961 4779 2186 4836 ducaret
2216 4795 2337 4834 cum
2367 4779 2460 4834 illo
2505 4781 2662 4850 (Luc.
2699 4795 2795 4845 vn,
2855 4779 2974 4850 36).
3033 4780 3200 4850 Cujus
3247 4781 3562 4851 superbiam

1962 4868 2090 4925 licet
2116 4883 2227 4924 non
2257 4868 2530 4940 ignoraret
2562 4867 2828 4924 Dominus
2857 4868 2947 4940 qui
2979 4869 3159 4924 omnia
3188 4869 3356 4936 novit,
3419 4871 3556 4925 Pha-

1964 4958 2109 5013 risaei
2131 4965 2312 5013 tamen
2344 4957 2565 5012 domum
2613 4957 2896 5030 ingressus
2927 4965 3026 5024 est,
3062 4965 3113 5013 et
3160 4957 3238 5014 sic
3267 4957 3562 5017 discubuit.

1967 5047 2123 5104 Unde
2154 5047 2453 5118 prudenter
2494 5047 2953 5102 considerandum
3001 5055 3082 5102 est
3112 5055 3367 5119 quantum
3415 5049 3563 5105 Deus

1966 5136 2283 5193 charitatem
2313 5135 2527 5209 diligat,
2559 5135 2650 5208 qui
2679 5152 2781 5193 nec
2811 5136 3050 5207 speciem
3106 5136 3384 5193 charitatis
3412 5137 3566 5194 relu-

1967 5233 2070 5281 tat.
2138 5225 2409 5280 Parisaeus
2465 5241 2698 5297 namque
2755 5226 2911 5282 valde
2969 5227 3238 5297 superbus
3323 5236 3452 5297 erat,
3511 5236 3567 5284 et

1969 5314 2176 5371 idcirco
2206 5314 2517 5370 charitatem
2561 5315 2766 5370 habere
2813 5331 2921 5371 non
2954 5324 3186 5387 poterat.
3235 5317 3376 5372 Dum
3405 5316 3570 5389 igitur

1971 5403 2282 5469 Dominum,
2317 5411 2375 5458 ut
2403 5419 2587 5459 secum
2641 5404 3009 5473 manducaret,
3036 5406 3264 5478 rogavit,
3313 5421 3420 5463 non
3452 5407 3572 5464 vir-

1971 5501 2140 5548 tutem
2181 5508 2343 5565 quam
2401 5509 2507 5548 non
2567 5493 2826 5560 habebat,
2858 5494 2956 5550 sed
3005 5497 3244 5566 speciem
3292 5496 3571 5552 charitatis

1974 5581 2241 5639 exhibuit.
2271 5582 2422 5637 Inter
2450 5581 2567 5638 haec
2596 5583 2807 5640 mulier
2821 5600 2944 5656 qua:
2963 5587 3162 5640 eratin
3199 5586 3432 5643 civitate
3444 5603 3574 5659 pec-

1975 5673 2188 5738 catrix,
2223 5675 2287 5726 ut
2309 5671 2564 5742 cognovit
2580 5671 2724 5743 quod
2739 5672 3007 5743 benignus
3024 5674 3182 5729 Iesus
3199 5675 3466 5730 accubuit
3510 5677 3576 5732 in

1976 5760 2134 5817 domo
2151 5759 2867 5824 Pharisei,attulitalabast
2875 5777 3000 5815 rum
3013 5764 3292 5834 unguenti
3307 5766 3578 5835 stansque

1978 5853 2130 5906 retro
2151 5864 2310 5905 secus
2329 5847 2491 5920 pedes
2514 5848 2758 5915 Domini,
2807 5850 2973 5920 carpit
2999 5849 3281 5906 humiliter
3313 5853 3580 5925 laerymi:

1979 5938 2165 6010 rigare
2193 5936 2360 6008 pede:
2389 5937 2531 6008 ejus,
2565 5941 2621 5994 et
2651 5937 2884 6008 capillis
2915 5939 3120 6010 capitis
3162 5941 3254 5996 sui
3282 5943 3506 6010 tergere
3527 5944 3586 5997 et
