3910 6422
433 383 532 442 2η

1449 379 1783 437 GOFFRIDI
1822 378 2113 436 ABBATIS
2155 378 2700 438 VINDOCINENSIS

3620 381 3732 441 272

435 507 703 568 osculari.
735 510 810 564 Ac
836 507 1030 563 deinde
1072 509 1365 577 unguento
1419 507 1564 576 quod
1593 506 1858 572 attulerat,
1915 523 2026 564 un-
2054 507 2111 568 A
2139 513 2240 571 rat,
2273 507 2521 578 lacrymis
2547 505 2852 562 conﬁtendo
2871 506 3070 562 delere.
3117 509 3270 563 Certe
3299 508 3442 564 Deus
3467 508 3581 582 ipse
3612 509 3738 566 fons

435 613 564 672 gere
609 613 724 655 non
781 595 1056 654 cessabat.
1129 597 1294 651 Istam
1363 594 1717 666 peccatricem
1776 595 2038 652 feminam

439 686 573 742 nulli
599 685 822 742 dubium
879 695 958 741 est
985 682 1209 739 Mariam
1239 682 1402 738 fuisse
1460 683 1860 756 Magdalenam,
1919 700 2040 756 quae

440 777 586 849 prius
613 775 831 846 quidem
861 773 1060 830 exstitit
1116 771 1326 828 famosa
1381 773 1672 845 peccatrix,
1731 773 1826 828 sed
1855 783 2042 846 postea

441 867 582 922 facta
610 873 663 922 et
689 865 930 938 gloriosa
956 863 1316 937 pradicatrix.
1348 866 1477 920 Haec
1532 873 1590 920 ut
1617 865 1876 937 cognovit
1915 865 2040 922 Sal-

439 963 680 1011 vatorem
709 970 826 1010 esse
853 970 977 1010 cum
1007 953 1300 1021 Pharisaeo,
1334 953 1595 1010 humilem
1639 954 1890 1010 videlicet
1917 970 2041 1010 cum

437 1051 861 1125 superbo,elegit
890 1051 1069 1125 magis
1094 1051 1162 1108 de
1192 1051 1389 1124 pietate
1422 1051 1719 1108 Salvatoris
1746 1051 2037 1121 conﬁdere,

437 1157 598 1213 quam
627 1139 991 1197 austeritatem
1019 1139 1276 1196 Pharisaei
1334 1139 1649 1196 formidare.
1693 1140 2044 1200 Formidabat

433 1256 596 1296 sexus
623 1238 832 1312 fragilis
857 1238 1208 1306 Pharisaeum,
1239 1239 1514 1296 hominem
1530 1238 1646 1294 sine
1675 1237 2042 1295 misericordia

434 1345 488 1393 et
515 1335 676 1392 nimis
703 1352 974 1410 asperum,
993 1337 1082 1408 qui
1113 1337 1395 1392 mulierem
1427 1335 1592 1414 391
1633 1336 2038 1408 aspernabatur,

433 1442 486 1490 et
512 1434 746 1490 alienam
775 1449 807 1489 a
835 1433 1006 1488 salute
1035 1433 1308 1502 credebat,
1341 1441 1394 1489 et
1449 1435 1519 1490 ab
1551 1450 1615 1490 ea
1645 1433 1796 1506 tangi
1827 1433 2042 1506 penitus

431 1521 843 1596 dedignabatur.
905 1521 1012 1578 Sed
1043 1522 1164 1580 fons
1217 1521 1473 1578 bonitatis
1530 1531 1583 1578 et
1610 1523 1827 1595 pietatis
1887 1523 2042 1595 origo

431 1612 577 1668 Deus
602 1611 842 1676 humilis,
873 1611 963 1681 qui
993 1611 1226 1666 humiles
1254 1619 1564 1683 peccatores
1592 1611 1896 1682 quaerebat,
1932 1627 2042 1666 non

429 1718 488 1765 ut
515 1709 816 1775 damnaret,
848 1709 944 1764 sed
973 1717 1029 1764 ut
1060 1707 1397 1779 justiﬁcaret,
1429 1709 1712 1766 mulierem
1775 1707 2040 1782 peccatri-

429 1815 548 1854 cem
580 1813 687 1856 nou
717 1797 982 1870 despexit,
1017 1813 1116 1853 nec
1171 1797 1219 1852 ei
1249 1814 1374 1854 suos
1401 1798 1668 1854 subtraxit
1726 1799 1913 1870 pedes,
1945 1797 2039 1852 sed

2141 595 2626 652 misericordiarum
2659 595 2939 667 peccatrici
2969 595 3188 653 feminae
3207 597 3413 654 fontem
3439 599 3740 656 contulerat

2142 684 2517 756 lacrymarum,
2550 693 2604 739 et
2633 684 2754 740 fons
2782 701 2880 756 per
2907 701 2964 740 se
2993 683 3248 741 deﬁciens
3295 701 3402 742 non
3431 687 3734 755 deficiebat,

2143 771 2268 842 quia
2301 772 2422 828 fons
2478 773 2790 828 naturaliter
2843 771 3156 830 indeﬁciens
3209 775 3360 830 illum
3407 776 3743 834 abundanter

2142 860 2419 934 irrigabat.
2479 861 2700 934 Capillis
2754 861 2864 917 suis
2893 862 3038 917 tersit
3077 863 3260 934 pedes,
3320 880 3454 934 quos
3489 864 3742 937 lacrymis

2141 949 2290 1004 lavit.
2305 952 2366 1004 In
2396 965 2503 1020 quo
2534 949 2692 1006 nobis
2721 949 3046 1007 fortitudinis
3073 951 3382 1024 exemplum
3402 953 3735 1010 monstravit.

2141 1046 2281 1102 Dum
2303 1045 2450 1102 enim
2479 1047 2752 1104 humiliter
2778 1047 2958 1104 ﬂendo
2985 1056 3208 1120 peccata
3235 1057 3289 1105 et
3313 1049 3537 1106 crimina
3557 1059 3739 1106 nostra

2140 1135 2429 1202 abluimus,
2487 1136 2714 1192 multum
2771 1151 2988 1193 necesse
3043 1145 3122 1194 est
3149 1145 3208 1193 ut
3261 1138 3457 1194 mentis
3507 1137 3733 1207 ratione,

2144 1231 2316 1310 393
2345 1233 2490 1304 quod
2518 1242 2598 1289 est
2625 1241 2806 1290 nostra
2845 1233 3120 1302 fortitudo,
3152 1250 3262 1292 non
3285 1236 3461 1292 solum
3487 1236 3733 1305 crimina,

2141 1347 2328 1386 verum
2383 1331 2546 1386 etiam
2603 1339 2824 1403 peccata
2860 1331 3118 1405 deinceps
3145 1333 3398 1390 vitemus.
3443 1335 3737 1407 ,Lacrymae

2141 1418 2320 1490 itaque
2349 1435 2458 1475 non
2486 1420 2674 1488 verbo,
2705 1421 2800 1476 sed
2856 1437 3019 1493 opere
3049 1430 3390 1493 peccatorum
3446 1423 3739 1494 praedicant

2141 1516 2572 1584 exstinctionem,
2605 1526 2659 1572 et
2687 1517 2847 1574 tersio
2874 1518 3213 1590 capillorum,
3246 1519 3372 1590 quia
3400 1521 3742 1592 postmodum

2142 1614 2362 1678 peccata
2391 1605 2560 1662 vitare
2599 1607 2879 1678 debemus,
2941 1607 3272 1664 fortitudinis
3325 1608 3524 1666 indicat
3575 1609 3742 1666 actio-

2141 1711 2286 1749 nem.
2319 1695 2513 1766 Capilli
2551 1695 2676 1750 licet
2728 1695 3053 1768 superﬂuere
3109 1696 3270 1768 capiti
3326 1697 3623 1765 videantur,
3681 1697 3742 1754 in

2142 1793 2274 1864 ipsis
2301 1800 2481 1848 tamen
2521 1792 2810 1863 aliquando
2864 1793 3100 1849 hominis
3155 1793 3408 1850 fortitudo
3462 1793 3739 1869 ﬁguratur.

431 1895 666 1964 tradidit,
699 1903 751 1951 et
780 1867 899 1965 ejus
926 1895 1244 1966 obsequium
1277 1896 1502 1952 multum
1531 1867 1808 1970 gratanter
1860 1911 2033 1951 susce-
2058 1867 2112 1928 Β
2142 1880 2300 1951 Ωυοά
2330 1881 2386 1935 in
2416 1881 2678 1938 δδωεοῐιθ
2709 1881 2802 1938 illo
2844 1881 3135 1939 ἷοηίεείῖηο
3163 1891 3346 1955 aperte
3400 1867 3742 1955 morm-mmo

427 1995 525 2068 pit.
557 1994 656 2050 Illa
685 2009 814 2050 vero
844 1992 1060 2063 quando
1089 1992 1323 2065 primum
1353 1993 1574 2050 accessit
1601 1994 1671 2049 ad
1715 1993 2028 2060 Dominum,

427 2093 679 2149 attentius
707 2090 990 2148 audiamus
1017 2091 1144 2163 quid
1193 2091 1401 2148 fecerit.
1459 2094 1626 2149 Retro
1678 2109 1839 2149 secus
1861 2091 2032 2164 pedes

425 2183 609 2252 stetit,
643 2185 700 2238 et
717 2181 906 2252 ﬂebat,
946 2180 1092 2252 quia,
1152 2181 1400 2252 quamvis
1427 2182 1495 2237 de
1525 2181 1894 2238 misericordia
1947 2181 2030 2236 Do

426 2271 558 2326 mini
588 2270 878 2343 plurimum
928 2278 1297 2340 praesumeret,
1330 2269 1631 2326 accusatrix
1688 2277 2029 2341 peccatorum

423 2366 754 2424 conscientia
781 2381 902 2422 eam
959 2368 1306 2422 vehementer
1360 2366 1608 2438 urgebat.
1667 2367 1796 2422 Hac
1852 2366 2032 2436 itaque

423 2455 695 2528 peccatrix
725 2455 856 2510 dum
883 2453 1099 2510 dilectio
1128 2455 1220 2510 dat
1249 2455 1296 2510 ei
1328 2471 1503 2526 spem,
1536 2463 1588 2511 et
1617 2455 1881 2511 memoria
1913 2471 2032 2526 pec-

421 2561 662 2609 catorum
719 2567 935 2607 suorum
994 2551 1182 2606 incutit
1237 2552 1508 2619 timorem,
1569 2551 1834 2607 dubitavit
1887 2567 2026 2622 pene

422 2641 553 2712 quid
583 2640 801 2707 faceret,
835 2639 1089 2710 quoniam
1119 2647 1173 2694 et
1201 2639 1270 2695 ad
1302 2639 1568 2696 Christum
1618 2640 1874 2696 accedere
1905 2655 2028 2710 pro-

420 2739 542 2812 pius
570 2737 870 2794 recordatio
900 2737 1185 2792 criminum
1217 2745 1270 2792 et
1296 2737 1458 2794 timor
1484 2753 1603 2793 eam
1658 2736 2021 2804 retardabant,

423 2836 476 2884 et
505 2829 577 2884 ab
607 2828 700 2883 illo
730 2827 998 2882 abstinere
1053 2826 1254 2882 diutius
1281 2843 1405 2899 spes
1432 2836 1484 2882 et
1511 2827 1728 2882 dilectio
1775 2827 2026 2899 prohibe-

427 2927 578 2982 bant.
611 2925 1074 2982 Timorertandem
1103 2925 1262 2981 bona
1292 2926 1406 2997 spei
1435 2925 1770 2982 concorditer
1795 2927 2020 2993 sociato,

419 3015 582 3071 ambo
611 3016 775 3070 duces
804 3014 1113 3086 peccatricis
1141 3014 1381 3070 mulieris
1408 3013 1560 3082 ﬁunt,
1593 3023 1645 3070 et
1673 3031 1793 3070 eam
1824 3015 2024 3086 pariter

420 3128 591 3184 usque
621 3113 689 3168 ad
723 3113 982 3168 tenendos
1011 3111 1157 3184 ipsos
1185 3113 1352 3184 pedes
1381 3113 1607 3168 multum
1637 3113 1862 3186 benigni
1892 3112 2018 3170 Sal-

2141 1970 2296 2040 cujus
2321 1970 2562 2026 maxima
2593 1971 2847 2027 fortitudo
2904 1971 2961 2026 in
3015 1971 3224 2044 capillis
3279 1971 3440 2028 fuisse
3493 1973 3739 2030 refertur.

2141 2067 2293 2125 Unde
2324 2067 2572 2123 Salvator
2599 2066 2760 2123 etiam
2790 2067 3066 2140 discipulis
3091 2067 3202 2125 suis
3229 2069 3478 2140 loquitur,
3509 2070 3690 2127 dicens
3723 2091 3739 2128 :

2143 2166 2350 2238 Capilli
2375 2167 2581 2238 capitis
2603 2165 2773 2222 vestri
2793 2181 2988 2223 omnes
3007 2168 3298 2224 numerati
3316 2172 3451 2224 sunt
3466 2170 3660 2240 (Matii.
3676 2185 3738 2239 x,

2141 2265 2251 2334 30).
2283 2264 2404 2320 Non
2439 2263 2560 2320 illos
2597 2263 2779 2334 utique
2835 2264 3062 2336 capillos
3092 2282 3208 2320 esse
3269 2275 3590 2332 numeratos,
3650 2271 3744 2338 qui

2137 2361 2224 2416 vel
2260 2360 2399 2416 ferro
2456 2361 2722 2416 attonderi
2779 2369 2831 2417 et
2859 2361 3052 2434 projici
3107 2362 3300 2430 solent,
3339 2363 3426 2418 vel
3485 2365 3744 2438 temporis

2137 2467 2292 2515 aetate
2321 2459 2554 2514 deﬂuere
2585 2476 2648 2514 ac
2677 2459 2872 2532 perire,
2905 2460 3035 2515 dicit
3063 2475 3079 2530 ;
3111 2461 3207 2516 sed
3249 2461 3468 2517 virtutes
3521 2463 3736 2532 animae,

2137 2556 2189 2602 et
2217 2547 2612 2602 multitudinem
2643 2565 2916 2616 sensuum,
2968 2548 3060 2620 qui
3087 2549 3154 2604 de
3183 2549 3466 2621 principali
3520 2553 3736 2620 mentis,

2135 2644 2287 2714 quasi
2317 2645 2384 2700 de
2413 2645 2590 2717 capite
2633 2646 3000 2718 apostolorum
3058 2647 3507 2718 producebantur,
3563 2650 3734 2722 capil-

2133 2734 2215 2789 los
2242 2734 2434 2805 capitis
2463 2735 2774 2806 appellavit.
2827 2735 2918 2790 Isti
2949 2736 3190 2807 profecto
3246 2737 3428 2808 capilli
3455 2737 3512 2792 in
3564 2739 3738 2796 Naza-

2131 2823 2257 2878 raais
2293 2831 2466 2892 erant,
2500 2823 2630 2890 istis,
2663 2832 2723 2878 ut
2775 2823 2848 2880 ita
2877 2824 3076 2892 dicam,
3137 2825 3354 2882 funibus
3409 2826 3741 2900 alienigenas

2131 2921 2448 2992 alligabant.
2484 2921 2656 2976 Pedes
2699 2938 2834 2992 quos
2893 2922 3144 2994 lacrymis
3171 2923 3395 2991 laverat,
3427 2932 3482 2980 et
3533 2923 3746 2996 capillis

2131 3017 2188 3065 ut
2235 3011 2489 3078 diximus,
2549 3017 2786 3081 torserat,
2851 3012 3138 3068 osculatur.
3197 3011 3453 3068 Osculum
3512 3013 3746 3070 familia-

2126 3107 2402 3163 rissimum
2449 3109 2600 3180 pacis
2629 3116 2710 3163 est
2738 3116 2897 3180 atque
2952 3109 3256 3166 concordiae
3310 3110 3546 3184 signum.
3603 3112 3744 3168 Ecce

421 3201 623 3258 vatoris
650 3202 940 3268 adducunt,
983 3201 1074 3256 ubi
1106 3201 1254 3257 illam
1283 3201 1568 3258 devotione
1623 3210 2020 3274 prosternentes
2065 3230 2114 3292 Ο
2143 3217 2372 3279 quantus
2401 3217 2480 3264 est
2511 3209 2835 3266 fortitudinis
2891 3209 3092 3266 fructus
3119 3219 3174 3267 et
3199 3213 3573 3284 lacrymarum,
3633 3213 3743 3270 pa-

444 3304 674 3362 feliciter
701 3305 1168 3362 commendarunt.
1201 3304 1349 3360 Beati
1408 3305 1540 3360 tales
1569 3305 1749 3374 duces,
1784 3305 1874 3376 qui
1903 3323 2043 3362 sem-

419 3421 518 3478 per
545 3404 745 3460 ducunt
783 3405 853 3460 ad
912 3403 1199 3459 Christum
1234 3401 1246 3458 l
1279 3411 1332 3458 et
1357 3403 1518 3459 beata
1572 3405 1860 3476 peccatrix,
1919 3421 2040 3476 quae

420 3503 584 3558 talem
614 3501 810 3558 meruit
835 3501 1034 3558 habere
1063 3501 1320 3557 ducatum
1353 3503 1366 3557 l
1400 3501 1565 3573 Spem
1581 3510 1740 3572 atque
1753 3502 2023 3570 timorem,

421 3591 777 3662 dilectissimi,
811 3591 886 3646 ita
913 3591 1142 3647 alterum
1189 3590 1344 3646 alteri
1373 3590 1734 3647 necessarium
1765 3609 1880 3648 esse
1941 3609 2033 3649 co-

423 3704 775 3762 gnoscamus,
807 3687 952 3760 quod
981 3704 1148 3742 unum
1204 3687 1319 3744 sine
1349 3687 1517 3744 altero
1575 3705 1851 3760 nunquam
1881 3689 2041 3745 nobis

423 3778 682 3852 prodesse
710 3777 1011 3834 credamus.
1055 3776 1242 3833 Timor
1297 3777 1478 3848 utique
1507 3776 1622 3833 sine
1652 3795 1768 3850 spe,
1828 3786 1908 3834 est
1937 3779 2038 3834 de-

417 3875 652 3948 speratio
685 3890 700 3946 ;
733 3883 786 3931 et
815 3892 941 3948 spes
995 3875 1114 3930 sine
1172 3875 1386 3943 timore,
1443 3875 1604 3931 stulta
1659 3877 2038 3955 praesumptio.

419 3975 558 4032 Ecce
588 3973 782 4029 mulier
810 3973 1082 4045 peccatrix
1138 3972 1306 4044 pedes
1337 3979 1502 4040 tenet,
1541 3989 1677 4042 quos
1713 3981 1891 4028 tenere
1947 3973 2040 4029 diu

420 4071 788 4140 desideravit;
819 4087 982 4142 super
1009 4071 1156 4142 ipsos
1181 4070 1448 4142 lacrymas
1480 4070 1674 4128 fundit.
1711 4069 1878 4148 392
1915 4072 2039 4127 Non

420 4169 497 4225 ibi
526 4185 647 4224 eam
677 4169 910 4224 locutam
970 4167 1134 4223 fuisse
1165 4168 1417 4241 legimus,
1463 4168 1558 4225 sed
1630 4169 1982 4241 lacrymatam
2023 4184 2036 4238 ;

423 4264 479 4313 et
505 4264 692 4313 tamen
736 4257 940 4328 Optime
996 4255 1233 4312 locutam
1287 4257 1576 4324 credimus,
1637 4257 1732 4312 sed
1788 4258 2040 4330 lacrymis

426 4344 612 4418 potius
641 4360 803 4415 quam
859 4344 1058 4400 verbis.
1121 4345 1286 4400 Valde
1345 4361 1577 4416 namque
1635 4345 1906 4402 fructuosa
1960 4355 2040 4402 est

423 4434 567 4506 apud
594 4433 798 4490 bonum
828 4433 1004 4488 Deum
1035 4433 1236 4490 locutio
1265 4434 1644 4506 lacrymarum.
1665 4434 1806 4490 Dum
1837 4435 2030 4492 mulier

423 4539 516 4580 ore
547 4529 691 4578 tenet
718 4521 1009 4589 silentium,
1044 4522 1279 4594 lacryma
1309 4523 1424 4596 agit
1479 4523 1777 4596 negotium,
1811 4532 1865 4579 et
1901 4524 2029 4580 dum

421 4619 608 4694 lingua
635 4619 848 4687 silebat,
879 4619 1116 4692 lacryma
1145 4619 1337 4676 melius
1391 4620 1763 4689 confitebatur,
1824 4629 1878 4676 et
1930 4622 2032 4676 de-

419 4719 624 4779 centius
653 4718 957 4790 perorabat.
991 4717 1180 4774 Merito
1237 4725 1423 4774 sancta
1452 4719 1722 4790 peccatrix
1779 4719 1909 4774 dum
1937 4719 2032 4776 ﬂe-

418 4809 515 4877 vit,
549 4808 728 4878 tacuit,
761 4825 828 4863 ne
859 4806 996 4866 forte
1027 4807 1204 4862 minus
1233 4807 1436 4863 diceret
1465 4809 1609 4878 quod
1623 4807 1867 4878 nequiter
1894 4809 2024 4882 egit.

419 4898 562 4957 Satis
588 4905 711 4954 sunt
737 4897 918 4968 utique
949 4897 1202 4952 meliores
1231 4896 1588 4968 lacrymarum
1621 4914 1828 4968 preces,
1865 4912 2024 4968 quam

415 4983 724 5044 verborum.
756 4987 898 5042 Nam
927 4986 1018 5058 qui
1049 4985 1231 5042 verbis
1281 4993 1530 5057 precatur
1559 4985 1826 5042 interdum
1858 4985 2026 5043 offen-

415 5074 492 5132 dit
523 5091 536 5146 ;
569 5077 806 5147 lacryma
836 5081 1016 5130 autem
1061 5072 1332 5130 offendere
1361 5074 1586 5130 minime
1616 5075 1784 5130 novit.
1849 5076 2025 5132 Verba

411 5173 702 5244 aliquando
733 5189 844 5229 non
873 5171 1156 5244 proferunt
1196 5179 1361 5228 totum
1420 5172 1699 5245 negotium
1735 5191 1748 5237 ;
1785 5173 2023 5245 lacryma

410 5279 626 5334 semper
655 5270 822 5319 totum
853 5261 1049 5317 mentis
1079 5261 1313 5318 ostendit
1349 5259 1620 5318 alfectum.
1655 5263 1720 5318 Et
1749 5262 1872 5318 ideo
1903 5280 2021 5318 mu-

411 5349 510 5405 lier
529 5348 650 5420 jam
679 5367 786 5406 non
808 5351 970 5406 utitur
999 5351 1199 5418 verbis,
1215 5367 1313 5422 per
1342 5367 1463 5421 quae
1483 5351 1681 5407 multos
1707 5351 2012 5424 deceperat,

407 5461 472 5504 ac
523 5447 844 5520 decipiendo
902 5448 1130 5504 multum
1187 5456 1524 5520 peccaverat,
1583 5465 1654 5504 ne
1714 5465 1810 5520 per
1850 5450 2016 5506 verba

405 5535 583 5592 minus
610 5535 686 5590 illi
715 5537 962 5594 credatur
1007 5538 1076 5593 ad
1107 5536 1494 5606 confitendum,
1528 5538 1724 5608 quibus
1752 5539 1828 5594 uti
1885 5555 2016 5596 con-

399 5631 647 5681 sueverat
674 5625 743 5680 ad
771 5626 1128 5698 peccandum.
1164 5627 1328 5682 Multa
1357 5626 1504 5682 enim
1535 5627 1769 5682 hominis
1809 5627 2012 5683 falsitas

398 5734 524 5776 eum
552 5722 728 5777 reddit
755 5723 917 5778 etiam
945 5723 1003 5776 in
1031 5723 1256 5778 veritate
1285 5732 1613 5796 suspectum.
1675 5724 1827 5780 Unde
1883 5741 2007 5782 ma-

399 5805 498 5863 luit
514 5825 732 5865 causam
779 5826 936 5866 suam
983 5817 1106 5865 ante
1156 5810 1418 5880 judicem,
1481 5828 1642 5882 quem
1673 5827 1774 5868 nec
1829 5815 2008 5870 cordis

399 5911 594 5952 arcana
623 5897 808 5968 latent,
840 5896 1054 5952 ﬂetibus
1094 5913 1276 5970 agere,
1335 5907 1389 5954 et
1415 5901 1560 5970 quod
1589 5916 1726 5958 voce
1753 5901 2004 5972 delique-

2145 3324 2268 3363 cem
2297 3317 2349 3364 et
2376 3309 2721 3364 concordiam
2775 3307 2954 3365 ﬁrmat
3007 3309 3146 3364 inter
3181 3311 3409 3366 multum
3462 3328 3609 3368 ream
3637 3327 3746 3366 an-

2145 3397 2324 3452 cillam
2355 3405 2407 3451 et
2432 3396 2788 3468 justissimum
2830 3397 3072 3468 judicem
3101 3399 3295 3454 Deum.
3330 3400 3466 3456 Vere
3519 3400 3747 3456 multum

2143 3502 2313 3551 ream,
2347 3487 2442 3541 sed
2470 3487 2698 3541 multum
2739 3487 3034 3558 gloriosam
3093 3489 3230 3544 hanc
3255 3487 3513 3544 feminam
3541 3489 3741 3546 dicam.

2144 3585 2268 3640 Non
2298 3583 2517 3654 quidem
2547 3585 2672 3638 inde
2716 3584 2955 3656 gloriosa
2984 3593 3082 3652 est,
3116 3586 3255 3640 unde
3283 3602 3396 3652 rea,
3455 3587 3581 3657 quia
3606 3587 3748 3643 mul-

2147 3680 2259 3728 tum
2289 3689 2402 3736 rea.
2434 3689 2556 3728 cum
2587 3673 2860 3744 peccando
2903 3673 3196 3730 Dominum
3252 3675 3572 3748 contempsit
3601 3693 3616 3742 ;
3645 3675 3745 3732 sed

2146 3770 2374 3825 multum
2403 3770 2661 3842 gloriosa,
2711 3787 2834 3826 cum
2883 3771 3037 3826 illum
3093 3771 3300 3826 dilexit.
3358 3773 3488 3829 Haec
3529 3774 3742 3841 mulier,

2145 3859 2275 3913 dum
2303 3858 2522 3914 Domini
2551 3859 2716 3931 pedes
2747 3867 3023 3932 unguento
3053 3861 3196 3930 quod
3225 3877 3405 3917 secum
3460 3861 3741 3932 detulerat,

2150 3955 2321 4034 394
2379 3957 2549 4024 unxit,
2609 3957 2881 4014 odorifero
2963 3958 3358 4015 medicamento
3421 3975 3534 4015 suae
3583 3960 3750 4018 bonae

2145 4055 2392 4122 actionis,
2428 4071 2589 4126 quam
2620 4072 2718 4127 per
2743 4057 3053 4112 universum
3111 4058 3371 4113 mundum
3399 4059 3560 4132 longe
3615 4059 3751 4116 late-

2146 4171 2248 4224 que
2278 4153 2547 4224 dispersit,
2599 4170 2707 4211 non
2754 4171 2851 4210 sua
2881 4161 3106 4224 tantum,
3163 4173 3352 4212 verum
3379 4157 3542 4214 etiam
3597 4157 3746 4214 mul-

2144 4260 2320 4308 torum
2372 4253 2595 4309 vulnera
2649 4262 2992 4325 peccatorum
3047 4253 3348 4328 mitigando
3403 4257 3631 4326 sanavit,
3689 4265 3747 4312 et

2145 4349 2384 4420 quotidie
2430 4366 2620 4406 sanare
2676 4367 2789 4408 non
2869 4351 3083 4406 desinit.
3143 4351 3278 4422 Quis
3329 4353 3476 4408 enim
3523 4361 3744 4426 peccata

2142 4438 2326 4494 Mariae
2353 4439 2578 4494 audiens
2607 4440 2802 4511 poterit
2855 4441 3088 4512 amplius
3116 4441 3331 4498 veniam
3355 4458 3464 4498 non
3502 4458 3738 4515 sperare,

2139 4528 2185 4584 si
2213 4527 2448 4600 perfecte
2499 4527 2760 4600 poenitere
2815 4529 3098 4586 voluerit?
3127 4531 3361 4602 Impium
3389 4538 3472 4588 est
3522 4531 3740 4589 credere

2063 4602 2116 4664 D
2141 4632 2200 4680 ut
2226 4626 2296 4682 ad
2327 4641 2546 4696 poenam
2589 4626 2872 4698 deputetur
2925 4635 3184 4684 aeternam
3241 4629 3351 4699 qui,
3409 4629 3496 4685 vel
3552 4636 3738 4702 postea

2131 4731 2294 4784 quam
2325 4715 2586 4786 peccavit,
2646 4715 2872 4787 paenitet
2900 4725 2953 4770 et
2978 4715 3200 4772 Domini
3255 4717 3508 4774 mandata
3561 4726 3734 4774 custo-

2127 4803 2224 4858 dit.
2277 4804 2425 4870 Haec,
2487 4803 2728 4874 inquam,
2789 4805 3060 4876 peccatrix
3115 4822 3148 4861 a
3189 4813 3396 4879 septem
3451 4806 3732 4862 daemoniis

2127 4907 2373 4963 possessa
2403 4891 2618 4964 legitur,
2669 4891 2725 4948 id
2754 4901 2834 4949 est
2861 4893 3205 4950 universitate
3262 4894 3512 4950 vitiorum
3569 4895 3731 4967 plena

2125 4979 2288 5035 fuisse
2335 4980 2666 5052 perhibetur.
2730 4981 2836 5037 Sed
2866 4998 2990 5038 cum
3045 4982 3114 5038 ad
3169 4981 3722 5039 misericordissimum

2122 5077 2414 5133 Dominum
2444 5087 2766 5150 compuncta
2795 5079 2957 5135 corde
3005 5080 3308 5149 revertitur,
3341 5081 3451 5137 imo
3480 5081 3550 5137 ab
3605 5081 3721 5152 ipso

2121 5167 2190 5222 ad
2219 5166 2394 5239 ipsum
2419 5166 2836 5224 misericorditer
2873 5169 3117 5238 trahitur,
3148 5168 3326 5226 statim
3383 5179 3721 5242 peccatorum

2119 5263 2172 5311 et
2196 5256 2481 5312 criminum
2513 5257 2761 5314 sordibus
2805 5264 3083 5330 purgatur,
3116 5267 3170 5314 et
3198 5275 3318 5330 quae
3373 5260 3521 5332 prius
3550 5259 3723 5315 fuerat

2117 5353 2384 5425 possessio
2441 5353 2772 5425 daemonum,
2838 5356 3014 5428 gratia
3081 5355 3309 5428 Spiritus
3390 5357 3556 5412 sancti
3613 5363 3721 5412 tota

2113 5443 2368 5514 repletur.
2399 5446 2475 5500 Ac
2503 5443 2578 5500 sic
2609 5461 2677 5499 ex
2735 5443 3042 5501 miseranda
3062 5445 3358 5517 peccatrice
3417 5445 3544 5502 felix
3564 5445 3720 5500 disci-

2112 5533 2239 5604 pula
2271 5533 2431 5600 facta,
2463 5533 2520 5588 in
2548 5533 2697 5590 omni
2753 5533 2864 5590 vita
2892 5550 2988 5590 sua
3015 5535 3270 5608 deinceps
3316 5534 3548 5592 Domino
3585 5534 3716 5590 dili-

2109 5638 2302 5702 genter
2323 5629 2652 5700 obsequitur.
2712 5634 2858 5687 Inter
2885 5632 3167 5704 obseqnia,
3211 5647 3332 5704 quae
3385 5641 3568 5691 sancta
3625 5631 3712 5688 fe-

2107 5718 2255 5776 mina
2285 5719 2362 5775 illi
2391 5719 2653 5789 exhibuit,
2700 5719 2831 5778 licet
2855 5722 3106 5778 universo
3131 5723 3204 5778 sit
3229 5722 3433 5779 mundo
3487 5721 3710 5779 notissi-

2105 5832 2274 5884 mum,
2308 5816 2668 5888 irreligiosum
2715 5818 2920 5875 credidi
2948 5819 3162 5876 silentio
3220 5821 3510 5892 praeterire.
3569 5819 3706 5876 Cum

2105 5905 2218 5977 ipse
2245 5905 2510 5962 Dominus
2528 5915 2580 5962 et
2607 5906 2860 5965 Salvator
2903 5917 3085 5966 noster
3109 5910 3264 5966 Jesus
3293 5909 3530 5968 Christus
3579 5925 3704 5966 cum

3339 6409 3480 6414 es
3667 6063 3910 6422 ml
