3910 6464
254 447 360 501 2¹73

1680 447 2088 504 ςΕιῃιοΝιεε.

3453 448 3556 505 274

254 569 544 643 discipulis
575 571 689 626 suis
719 570 773 625 in
804 569 968 627 domo
999 571 1234 628 Simonis
1255 579 1576 629 ctenaturus
1625 587 1850 627 recum-
1877 575 1931 634 Α
1961 575 2083 638 bus,
2108 573 2402 628 Dominum
2420 573 2610 628 Jesum
2630 572 2904 628 Christum
2925 573 3098 629 Deum
3115 588 3304 628 verum
3325 573 3546 629 assidue

257 660 432 728 heret,
466 662 583 716 haec
615 659 686 715 ad
717 660 868 714 illum
900 661 1096 716 mulier
1127 662 1380 727 accessit,
1439 665 1624 733 atque,
1685 668 1848 730 prout

255 749 398 806 bene
415 758 798 815 consueverat,
831 758 1167 821 unguentum
1198 750 1409 816 detulit,
1442 758 1515 815 et,
1551 749 1697 821 quod
1744 749 1848 818 ipsi

254 837 494 909 apostoli
523 837 757 893 minime
785 841 1285 908 praesumpsissent,
1310 855 1481 909 super
1501 846 1660 908 caput
1677 838 1848 908 ipsius

254 927 392 982 illud
422 942 545 983 cun:
579 942 780 998 magna
811 928 1102 983 devotione
1133 927 1340 983 effudit.
1384 927 1430 983 Ο
1476 942 1638 998 quam
1689 927 1849 981 beata

254 1015 473 1083 mulier,
508 1032 630 1088 quae
661 1015 876 1070 humilis
933 1017 1207 1087 peccatrix
1261 1025 1420 1071 antea
1476 1032 1600 1071 cum
1657 1016 1848 1070 timore

254 1112 473 1167 Domini
503 1112 674 1183 pedes
703 1113 876 1180 unxit,
911 1113 1261 1183 potsmodum
1291 1129 1399 1168 non
1447 1113 1624 1167 minus
1681 1127 1848 1183 quam

254 1209 374 1281 ipse
404 1211 623 1275 Petrus,
660 1209 826 1287 395
861 1211 944 1264 sui
973 1211 1246 1267 Creatoris
1291 1211 1489 1266 ardens
1532 1209 1844 1275 dilectione,

255 1315 421 1378 caput
452 1307 570 1376 ejus
599 1323 805 1378 ungere
834 1307 1026 1362 meruit
1061 1307 1072 1362 l
1108 1308 1263 1362 lllum
1323 1307 1589 1380 siquidem
1650 1309 1847 1362 Petrus

254 1405 424 1468 negat
455 1413 616 1468 quem
651 1396 848 1450 mulier
878 1396 1156 1467 praedicat,
1191 1405 1245 1451 et
1274 1397 1404 1468 quia
1436 1398 1584 1451 Deus
1615 1404 1697 1451 est
1736 1396 1849 1450 uni-

255 1500 544 1541 versorum
580 1485 811 1555 mystica
844 1486 1103 1540 unctione
1133 1485 1414 1555 designat.
1458 1487 1583 1541 Haec
1616 1493 1716 1544 est.
1761 1485 1848 1539 in-

255 1589 442 1646 quam,
475 1573 566 1628 illa
598 1575 739 1628 bona
771 1573 987 1640 femina,
1021 1591 1140 1645 quae
1172 1576 1350 1645 prima
1393 1591 1515 1628 cum
1565 1590 1717 1644 pura:
1760 1573 1848 1628 di-

253 1661 503 1718 lectionis
533 1662 711 1717 studio
741 1662 811 1717 ad
866 1672 1280 1718 monumentum
1341 1663 1534 1726 venit;
1597 1664 1712 1718 haec
1768 1669 1852 1716 est

1956 663 2261 734 praedicans
2281 670 2336 717 et
2365 661 2486 733 ejus
2516 663 2934 718 resurrectionis
2978 661 3274 718 testificaris
3323 663 3541 717 verita-

1957 761 2086 806 tem.
2122 751 2317 805 Mansit
2345 767 2516 822 usque
2544 751 2612 805 ad
2643 751 2843 806 exitum
2875 752 3016 817 vita,
3049 751 3102 805 in
3151 752 3254 806 hac
3301 750 3550 806 veritatis

1957 840 2258 896 assertione
2287 855 2676 910 perseverans.
2717 841 2844 896 Haec
2875 848 3065 896 sancta
3121 840 3316 895 mulier
3369 839 3550 895 corri-

1956 941 2151 1011 gendis
2184 936 2349 1012 397
2384 936 2693 992 hominibus
2741 937 2971 1007 praebuit
2999 936 3354 993 correctionis
3380 936 3554 992 docu-

1956 1037 2213 1099 mentum,
2274 1043 2323 1088 et
2379 1035 2643 1090 correctis
2702 1034 2916 1090 virtutis
2974 1033 3312 1105 exemplum.
3380 1035 3552 1103 Hujus

1956 1120 2132 1176 oratio
2163 1129 2245 1176 est
2272 1121 2545 1178 medicina
2575 1123 2803 1193 peccati,
2829 1124 2946 1192 ejus
2980 1123 3168 1196 lingua
3198 1123 3284 1194 pia
3335 1121 3557 1178 ostiaria

1956 1210 2097 1264 facta
2127 1210 2268 1265 coeli.
2300 1209 2462 1266 Omni
2492 1211 2738 1282 perfecte
2769 1211 3049 1282 pmnitenti
3089 1213 3310 1281 januam
3348 1211 3548 1282 aperit,

1956 1298 2133 1353 nullus
2161 1299 2230 1353 ab
2261 1315 2323 1355 ea
2359 1308 2619 1371 peccator
2647 1300 2976 1367 excluditur,
3010 1301 3115 1354 nisi
3145 1300 3235 1372 qui
3294 1299 3552 1371 impaeni-

1956 1394 2078 1441 tens
2107 1387 2308 1443 intrare
2337 1388 2595 1444 noluerit.
2631 1389 2768 1446 Huic
2797 1390 2965 1460 igitur
3003 1389 3264 1462 gloriosae
3313 1388 3546 1454 feminae,

1960 1475 2152 1530 fratres
2184 1477 2311 1544 mei,
2345 1478 2555 1532 animas
2585 1486 2636 1533 et
2679 1494 2909 1549 corpora
2967 1486 3152 1533 nostra
3209 1487 3320 1533 tota
3367 1478 3552 1534 inten-

1958 1564 2103 1620 tione
2133 1581 2200 1621 ac
2222 1566 2417 1622 virtute
2439 1568 2912 1631 commendemus,
2937 1575 3202 1639 quatenus
3224 1566 3341 1635 ejus
3357 1565 3554 1622 suifra-

1958 1653 2064 1724 giis
2121 1662 2173 1708 et
2229 1654 2707 1710 intercessionibus
2761 1655 2904 1710 intra
2953 1655 3107 1710 illam
3192 1654 3550 1712 beatitudinis

255 1760 352 1815 illa
379 1759 661 1828 veraciter,
696 1777 818 1833 quae
847 1760 921 1814 ibi
953 1761 1145 1816 beatas
1179 1761 1454 1832 lacrymas
1485 1759 1657 1814 ﬂevit.
1715 1749 1852 1813 Huic
1951 1741 2369 1833 ianuamgrecipi
2401 1743 2711 1813 valeamus,
2742 1752 2795 1800 et
2824 1745 2894 1800 ad
2925 1745 3123 1815 ipsum.
3156 1744 3221 1798 ad
3251 1759 3414 1814 quem
3437 1744 3550 1812 iam

255 1849 502 1904 Christus
531 1865 768 1920 surgens
798 1865 827 1904 a
861 1850 1092 1906 mortuis
1143 1849 1376 1920 primum
1438 1848 1686 1920 apparuit
1721 1867 1734 1914 ;
1800 1855 1852 1902 et

1959 1830 2079 1901 ipsa
2111 1830 2338 1888 feliciter
2367 1833 2636 1902 pervenit,
2671 1841 2724 1888 et
2782 1850 2883 1890 nos
2938 1833 3251 1904 pervenire,
3314 1847 3554 1904 eumque

255 1939 378 1993 hinc
405 1937 554 1992 illum
587 1938 884 1993 surrexisse
915 1938 1177 2009 apostolis
1209 1939 1388 2009 prima
1410 1918 1698 1992 nuntiavit.
1725 1937 1851 1992 Haec

1963 1918 2154 1974 videre
2214 1927 2266 1973 et
2322 1921 2530 1975 habere
2587 1937 2892 1976 mereamur
2958 1921 3249 1976 Dominum
3306 1928 3556 1975 nostrum

259 2034 343 2081 est
369 2027 748 2097 peccatoribus
797 2027 968 2082 forma
1024 2027 1376 2098 poenitentiae,
1436 2042 1564 2095 spes
1623 2026 1846 2091 veniae;

259 2131 382 2186 quae
437 2124 783 2186 peccatorem
838 2116 1001 2171 etiam
1061 2116 1242 2171 multis
1298 2116 1622 2171 criminibus
1695 2130 1850 2169 reum

257 2203 560 2276 desperare
590 2221 700 2259 non
731 2205 945 2276 patitur,
981 2205 1028 2259 si
1057 2213 1267 2260 tantum
1314 2203 1683 2260 admissorum
1732 2220 1850 2274 poe-

256 2305 446 2372 niteat,
477 2311 530 2359 et
585 2304 748 2359 corde
802 2303 873 2358 ad
929 2303 1221 2358 Dominum
1280 2309 1650 2358 convertatur.
1723 2302 1852 2357 Haec

253 2402 519 2466 praeterea
550 2407 657 2447 non
689 2393 906 2465 ignorat
955 2393 1248 2448 humanam
1301 2391 1667 2458 fragilitatem,
1719 2405 1848 2460 pro-

259 2497 370 2554 qua
407 2481 650 2536 divinam
709 2481 967 2552 pietatem
1023 2481 1365 2536 incessanter
1418 2487 1634 2534 exorat.
1701 2480 1852 2534 Hauc

255 2569 728 2642 specialiter,post
747 2571 1037 2625 Dominum
1059 2577 1112 2625 et
1148 2571 1267 2638 ejus
1295 2569 1696 2624 sanctissimam
1729 2583 1850 2622 ma-

257 2668 420 2728 trem,
452 2659 761 2714 mirabilem
795 2667 850 2715 et
896 2658 1373 2730 incomparabilem
1417 2657 1719 2729 Virginem,
1768 2656 1852 2711 la-

258 2748 468 2820 crymis
508 2747 688 2819 potius
725 2747 1078 2819 imploremus
1134 2763 1294 2820 quam
1351 2747 1560 2813 verbis,
1595 2754 1652 2800 ut
1709 2762 1849 2817 quae,

270 2843 504 2900 Domino
520 2843 869 2915 propitiante,
901 2859 1126 2898 suorum
1159 2842 1377 2898 veniam
1409 2841 1664 2912 lacrymis
1707 2841 1853 2896 obti-

259 2933 380 2988 nuit
405 2933 746 2998 dilectorum,
783 2940 972 2987 sancta
1010 2931 1401 2987 intercessione
1461 2946 1619 2984 suum
1677 2929 1855 3000 pr0pi-

257 3022 509 3078 tiatorem
547 3021 708 3077 nobis
755 3020 1141 3092 peccatoribus
1189 3019 1480 3092 propitium
1523 3018 1732 3084 reddat,
1778 3025 1850 3083 et,

254 3127 605 3193 peccatorum
635 3118 956 3174 remissione
985 3126 1262 3190 percepta,
1313 3133 1414 3173 nos
1455 3117 1595 3170 intra
1631 3116 1854 3183 januam

255 3208 488 3279 recipiat
508 3207 771 3278 paradisi,
796 3207 1046 3280 illiusque
1072 3207 1256 3262 divino
1277 3204 1597 3277 conspectui
1631 3212 1854 3260 sanctos

1957 2009 2145 2062 Jesum
2175 2008 2469 2075 Christum,
2499 2009 2739 2082 quicum
2788 2012 2943 2066 Patre
2995 2019 3047 2064 et
3105 2009 3309 2080 Spiritu
3364 2017 3555 2064 sanato

1959 2095 2090 2150 vivit
2119 2104 2172 2150 et
2193 2106 2382 2170 regnat
2411 2099 2559 2154 Deus
2588 2115 2688 2171 per
2719 2099 2902 2155 omnia
2959 2098 3159 2155 saecula
3204 2097 3548 2155 saeculorum.

1959 2186 2160 2240 Amen.

2585 2405 2820 2463 SERMO
2859 2407 2932 2462 X.

2265 2594 2334 2633 DE
2375 2593 2627 2633 LATRONE
2667 2593 2912 2632 SALVATO
2951 2593 3011 2632 ΙΝ
3053 2592 3248 2632 ειιυοΒ.

2036 2752 2095 2805 In
2128 2749 2384 2821 passione
2415 2747 2592 2804 nostri
2622 2746 2923 2802 Salvatoris
2978 2747 3119 2803 latro
3175 2745 3287 2813 ille,
3347 2746 3442 2817 qui
3498 2746 3558 2802 in

1964 2840 2206 2895 sinistris
2236 2838 2448 2909 positus
2497 2836 2689 2902 fuerat,
2747 2843 2801 2891 et
2853 2835 3178 2892 adulabatur
3226 2837 3447 2905 Iudaeis,
3507 2841 3561 2892 et

1964 2927 2372 2984 conviciabatur
2401 2924 2642 2987 Christo,
2690 2923 2890 2978 malam
2941 2924 3102 2978 vitam
3149 2925 3320 2996 pejori
3375 2931 3554 2980 morte

1966 3016 2155 3083 finivit,
2191 3022 2244 3070 et
2273 3013 2479 3084 recepit
2509 3013 2648 3068 sicut
2679 3020 2986 3068 meruerat.
3026 3014 3093 3067 Et
3114 3013 3238 3068 ideo
3263 3013 3361 3068 diu
3409 3012 3559 3084 loqui

1963 3105 2030 3160 de
2062 3121 2126 3160 eo
2156 3103 2330 3157 inanis
2359 3101 2516 3157 labor
2537 3109 2636 3167 est,
2688 3109 2741 3155 et
2769 3116 2926 3156 mora
2974 3100 3200 3156 inutilis.
3268 3101 3560 3172 Loquimur

1961 3193 2126 3264 igitur
2153 3192 2220 3246 de
2252 3191 2382 3257 alio,
2413 3191 2482 3244 de
2511 3204 2619 3262 quo
2653 3189 2802 3260 loqui
2831 3193 2885 3244 et
2915 3190 3141 3245 materia
3164 3189 3340 3245 fidelis
3371 3199 3472 3256 est,
3503 3197 3558 3244 et

257 3306 312 3354 et
342 3277 717 3353 immaculatos
747 3277 1021 3352 exhibeat.
1054 3297 1183 3352 Haac
1222 3295 1550 3366 specialiter,
1601 3301 1656 3347 ut
1704 3293 1852 3348 dixi-
1883 3285 1932 3348 C
1962 3296 2131 3338 0808a
2161 3279 2417 3334 Sﬁlubris-
2449 3279 2549 3334 Hi0
2596 3293 2732 3332 vero
2790 3277 2844 3332 in
2903 3278 3109 3333 dextris
3159 3277 3388 3348 positus,
3445 3293 3555 3334 non

255 3403 408 3453 mus,
436 3402 467 3440 a
494 3386 651 3442 nobis
681 3393 766 3442 est
793 3385 1092 3442 invocanda
1127 3405 1139 3451 ;
1173 3387 1310 3452 haec,
1347 3393 1404 3439 ut
1431 3381 1592 3438 nobis
1614 3383 1851 3452 patroci-

256 3481 438 3539 netur,
474 3474 752 3530 humiliter
805 3483 857 3529 et
911 3473 1229 3546 frequenter
1285 3470 1658 3544 deprecanda.
1715 3472 1850 3525 Nam

255 3573 388 3646 quid
419 3573 488 3628 sit
524 3572 702 3646 magis
759 3573 1134 3628 necessarium
1194 3571 1576 3643 peccatoribus
1631 3571 1853 3644 experi-

255 3670 438 3718 mento
467 3661 676 3717 didicit.
729 3661 1002 3733 quomodo
1069 3677 1173 3732 per
1202 3677 1261 3715 se
1305 3661 1414 3716 ruit
1455 3663 1692 3718 humana
1741 3662 1850 3716 fra-

253 3759 458 3832 gilitas,
493 3758 767 3830 quomodo
802 3757 968 3834 396
1003 3775 1068 3814 ex
1100 3758 1284 3815 divino
1339 3759 1537 3817 auxilio
1593 3761 1850 3832 resurgit,

254 3855 517 3931 quidquid
563 3863 647 3912 est
706 3855 874 3922 intus,
932 3863 986 3911 et
1041 3856 1304 3929 quidquid
1364 3865 1517 3913 extra
1577 3858 1851 3931 cognovit.

252 3946 384 4002 Haec
411 3944 578 4000 divini
610 3945 788 4002 adhuc
845 3944 1034 4017 ignara
1093 3945 1352 4017 mysterii,
1419 3947 1570 4018 prius
1630 3947 1852 4021 quidem

252 4033 536 4106 peccando
564 4042 875 4100 corruerat,
911 4034 1011 4089 sed
1042 4033 1111 4090 de
1141 4050 1240 4090 suo
1270 4050 1399 4092 casu
1433 4052 1493 4092 se
1524 4037 1700 4092 erexit
1733 4036 1856 4092 for-

253 4123 451 4179 tiorem
482 4137 642 4194 quam
675 4121 721 4177 si
750 4123 1031 4194 peccando
1077 4122 1300 4179 minime
1338 4125 1652 4180 cecidisset.
1721 4123 1856 4194 Quae

257 4223 402 4281 enim
432 4223 650 4280 vincula
680 4231 1031 4294 peccatorum
1062 4239 1170 4280 non
1206 4225 1476 4281 relaxaret
1526 4225 1648 4280 fusa
1691 4240 1858 4295 super

255 4313 430 4384 pedes
458 4311 759 4368 Salvatoris
787 4321 1102 4368 sanctarum
1123 4313 1402 4370 inundatio
1433 4314 1798 4386 lacrymarum
1829 4314 1858 4367 ?

257 4402 427 4470 Cujus
461 4401 684 4474 plagam
715 4400 961 4456 criminis
991 4417 1102 4457 non
1131 4410 1354 4458 sanaret
1382 4402 1470 4458 illa
1527 4418 1651 4459 cum
1710 4409 1859 4458 tanta

264 4489 558 4546 devotione
588 4489 864 4546 celebrata
895 4490 1087 4561 capitis
1116 4491 1299 4547 unctio
1328 4491 1709 4563 Redemptoris
1737 4491 1766 4545 ?
1811 4490 1857 4546 Ο

258 4603 426 4660 quam
459 4603 622 4659 pura,
657 4603 817 4660 quam
849 4588 1077 4660 provida
1107 4589 1310 4645 exstitit
1353 4591 1514 4660 hujus
1545 4589 1859 4662 paenitentis

259 4676 511 4744 intentio,
534 4677 617 4732 cui
641 4677 766 4732 licet
792 4676 912 4748 pius
934 4676 1198 4734 Dominus
1233 4679 1496 4751 quidquid
1527 4679 1854 4752 deliquerat,

257 4773 583 4844 dimisisset,
618 4775 773 4846 quasi
822 4775 1049 4840 odisset,
1108 4777 1382 4847 propriam
1429 4777 1689 4849 deinceps
1726 4793 1856 4848 per-

258 4873 443 4920 secuta
473 4872 558 4920 cst
586 4880 828 4929 carnem,
863 4864 1135 4920 continuis
1158 4866 1435 4939 castigans
1463 4882 1582 4922 eam
1608 4866 1853 4936 jejuniis,

258 4970 316 5017 et
334 4962 494 5034 longa
525 4963 835 5018 orationum
866 4969 920 5018 et
947 4962 1254 5033 vigiliarum
1298 4964 1613 5020 assiduitate
1654 4965 1855 5036 fatiga-

259 5060 370 5105 tam
401 5050 514 5123 legi
544 5051 743 5106 mentis
799 5067 864 5106 ac
921 5051 1150 5106 rationis
1197 5053 1492 5126 diligenter
1535 5053 1853 5124 subjiciens.

257 5139 381 5195 Non
409 5139 538 5211 quia
566 5147 752 5196 sancta
773 5154 903 5195 caro
938 5140 1152 5209 spiritui
1211 5151 1558 5213 repugnaret,
1621 5141 1719 5198 sed
1777 5143 1856 5198 sic

261 5238 484 5308 agebat,
516 5243 574 5290 ut
601 5235 670 5291 de
701 5251 800 5290 sua
831 5251 995 5292 carne
1026 5252 1134 5291 non
1166 5238 1538 5308 quotidianam
1564 5237 1706 5306 dico,
1758 5238 1855 5292 sed

259 5323 539 5380 assiduam
573 5323 808 5379 hostiam
838 5324 1016 5380 laudis
1059 5341 1160 5380 suo
1209 5327 1552 5397 propitiatori
1597 5326 1846 5382 offerret.

261 5411 309 5468 Ο
341 5429 500 5484 quam
531 5412 866 5468 venerabilis
925 5413 1188 5484 discipula
1245 5415 1506 5480 veritatis,
1565 5432 1684 5487 quae
1735 5423 1859 5484 post

258 5509 577 5573 perceptam
609 5517 642 5555 a
706 5500 945 5557 Domino
1002 5502 1133 5558 Jesu
1181 5502 1397 5559 Christo
1455 5503 1856 5559 absolutionem

259 5598 502 5655 omnium
535 5605 916 5668 peccatorum,
941 5606 1064 5668 post
1117 5598 1244 5668 ejus
1281 5601 1740 5656 resurrectionem
1802 5607 1856 5655 et

260 5686 636 5742 ascensionem
666 5685 720 5739 in
752 5684 943 5755 caelos,
967 5693 1022 5740 et
1055 5685 1238 5741 Sancti
1271 5687 1502 5758 spiritus
1541 5687 1853 5754 adventum,

261 5784 544 5842 declinans
573 5782 831 5839 invidiam
855 5783 1188 5851 Judmorum,
1250 5791 1303 5839 et
1363 5786 1556 5854 patriae
1612 5785 1857 5841 ultimum

264 5874 387 5930 vale
417 5873 627 5939 dicens,
661 5888 760 5943 pro
791 5871 872 5926 sui
903 5871 1216 5927 Conditoris
1239 5887 1428 5930 amore
1457 5875 1708 5946 suscepit
1731 5891 1861 5946 gau-

265 5965 402 6021 dens
432 5961 684 6019 exsilium
718 5959 732 6016 !
765 5961 864 6016 Est
895 5959 1076 6032 itaque
1103 5960 1173 6017 de
1203 5962 1442 6036 propriis
1471 5979 1703 6036 egressa
1732 5962 1860 6019 tini-

1963 3369 2086 3442 quia
2117 3367 2419 3424 crediderat
2473 3366 2712 3431 Christo,
2773 3366 3094 3437 patiebatur,
3146 3367 3244 3422 sed
3299 3366 3554 3433 credidit,

1961 3459 2088 3514 dum
2169 3463 2460 3528 pateretur,
2549 3455 2823 3510 Christum
2895 3455 3170 3511 hominem
3236 3454 3557 3512 crucifixum

1960 3547 2132 3602 clavis
2160 3547 2214 3600 in
2246 3560 2430 3608 cruce,
2465 3552 2574 3600 toto
2606 3559 2838 3616 corpore
2872 3551 3084 3600 tensum
3143 3545 3283 3600 vidit
3328 3551 3557 3615 aspectu

1961 3660 2249 3716 corporeo,
2284 3651 2337 3698 et
2377 3642 2432 3696 in
2478 3642 2598 3712 ipso
2628 3642 2912 3713 spinarum
2950 3642 3191 3710 vulnera,
3227 3641 3394 3718 398
3428 3656 3557 3697 san-

1960 3744 2183 3816 guinem
2213 3743 2280 3798 de
2301 3741 2566 3796 membris
2596 3740 2918 3804 radiantem,
2951 3747 3005 3794 et
3035 3739 3149 3794 sola
3196 3739 3358 3812 signa
3409 3739 3556 3794 afﬂi-

1963 3832 2155 3888 ctionis
2185 3839 2236 3886 et
2266 3829 2485 3894 mortis,
2523 3828 2662 3884 sicut
2716 3829 2771 3882 in
2825 3828 3044 3883 homine
3090 3842 3215 3883 mox
3264 3827 3551 3884 morituro.

1964 3922 2240 3992 Concepta
2271 3928 2450 3975 autem
2483 3925 2536 3973 et
2565 3925 2694 3973 nata
2723 3916 2775 3971 in
2809 3933 2874 3973 eo
2905 3915 3032 3982 ﬁde,
3065 3921 3328 3987 operante
3358 3917 3560 3988 Spiritu

1963 4017 2170 4076 sancto,
2206 4007 2472 4079 angelicis
2508 4005 2685 4062 oculis
2735 4005 3099 4061 immortalem
3132 4013 3185 4061 et
3205 4004 3446 4060 divinam
3504 4005 3562 4060 in

1963 4099 2180 4156 Christo
2214 4095 2619 4168 contemplatur
2673 4095 3034 4163 majestatem,
3082 4094 3394 4159 admiratur,
3453 4099 3559 4149 ad—

1964 4196 2104 4256 orat,
2139 4186 2326 4242 laudat
2356 4193 2408 4240 et
2439 4183 2750 4240 confitetur.
2782 4184 2864 4239 De
2894 4198 3057 4239 cruce
3079 4198 3180 4254 pro
3203 4181 3308 4239 fide
3330 4191 3556 4256 pugnat,

1966 4276 2173 4332 socium
2203 4275 2452 4344 increpat
2483 4272 2978 4343 blasphemantem,
3036 4279 3090 4326 et
3125 4271 3176 4326 in
3222 4288 3288 4327 eo
3333 4272 3560 4328 Judan-

1967 4382 2109 4433 rum,
2151 4363 2242 4436 qui
2273 4363 2522 4426 aderant,
2544 4361 2915 4416 infidelitatem
2947 4361 3148 4438 arguit,
3181 4377 3282 4417 nec
3338 4359 3558 4417 blandi-

1966 4462 2052 4509 tur
2075 4453 2174 4521 eis,
2199 4467 2298 4507 nec
2330 4467 2426 4506 eos
2457 4457 2693 4506 veretur.
2725 4448 2987 4504 Mirabilis
3027 4449 3211 4505 divina
3265 4450 3507 4520 potentia
3531 4449 3562 4504 ?

1968 4543 2112 4599 Crux
2137 4558 2258 4613 quae
2287 4547 2413 4595 ante
2441 4539 2510 4594 ad
2544 4537 2873 4611 supplicium
2920 4538 3235 4610 gerebatur,
3278 4539 3392 4608 jam
3439 4537 3558 4593 suf-

1892 4643 1944 4703 D
1975 4632 2223 4703 fragatur
2252 4628 2318 4683 ad
2349 4627 2655 4700 praemium,
2683 4635 2736 4682 et
2765 4643 2894 4682 reus
2922 4627 3012 4699 qui
3069 4642 3166 4698 pro
3207 4643 3304 4682 suo
3351 4627 3560 4684 scelere

1967 4719 2327 4776 damnabatur
2357 4717 2411 4772 in
2442 4731 2623 4782 cruce,
2659 4716 2727 4772 de
2750 4723 2906 4772 reatu
2936 4731 3037 4772 suo
3081 4715 3400 4782 antidotum,
3449 4731 3558 4788 quo

1967 4819 2204 4874 sanatur,
2228 4805 2464 4874 conficit,
2498 4814 2552 4861 et
2578 4805 2645 4861 dc
2677 4821 2838 4861 cruce
2894 4813 3148 4876 operatur
3201 4805 3550 4877 mysterium.

1965 4900 2169 4954 Reatus
2202 4896 2255 4950 in
2283 4894 2678 4968 paenitentiam,
2711 4893 2900 4949 mortis
2921 4892 3168 4949 interitus
3197 4893 3250 4948 in
3295 4897 3558 4948 :eternam

1965 4987 2130 5043 vitam
2161 4991 2543 5041 commutatur.
2579 4985 2688 5038 ista
2735 4982 2953 5055 quidem
3014 4981 3138 5038 felix
3189 4981 3554 5047 commutatio,

1964 5091 2067 5131 nec
2098 5083 2181 5130 est
2207 5073 2434 5128 inferior
2465 5073 2559 5128 illa
2589 5089 2711 5144 quze
2758 5071 3021 5143 sequitur.
3075 5071 3234 5126 Latro
3272 5069 3560 5126 confessor

1965 5181 2031 5220 ex
2060 5163 2269 5218 latrone
2317 5161 2563 5228 efficitur,
2624 5169 2677 5216 et
2727 5169 2933 5231 martyr
2987 5176 3051 5214 ex
3094 5158 3461 5224 confessore;
3505 5168 3561 5216 et

1963 5260 2233 5308 tormenta
2291 5268 2413 5322 quae
2452 5249 2604 5320 prius
2653 5249 2708 5303 in
2766 5249 2970 5304 latrone
3029 5257 3328 5319 coeperant,
3414 5263 3558 5304 nova

1963 5341 2140 5414 gratia
2167 5355 2423 5396 coronam
2478 5347 2531 5394 et
2588 5339 2870 5409 praemium
2924 5337 3182 5408 martyris
3241 5336 3556 5396 sortiuntur.

1967 5431 2102 5486 Huic
2129 5432 2282 5484 beato
2305 5437 2358 5483 et
2378 5427 2628 5482 mirando
2675 5427 2791 5481 viro
2845 5425 3050 5482 nullum
3109 5426 3341 5483 salutare
3387 5425 3558 5482 defuit

1967 5525 2392 5574 sacramentum.
2439 5517 2580 5571 Nam
2611 5517 2754 5587 quod
2785 5532 2882 5586 per
2909 5515 3143 5570 vicarios
3165 5516 3408 5571 Christus
3466 5517 3555 5571 vi-

1967 5607 2194 5662 sibiliter
2223 5606 2333 5677 agit
2385 5606 2439 5658 in
2485 5604 2604 5658 aliis
2660 5603 2998 5673 Christianis,
3061 5604 3162 5660 hoc
3212 5603 3557 5660 invisibiliter

1966 5696 2079 5769 egit
2110 5695 2161 5749 in
2191 5695 2285 5750 illo
2315 5711 2410 5764 per
2449 5693 2828 5764 semetipsum.
2886 5695 2990 5748 Per
3043 5692 3318 5748 Christum
3368 5694 3555 5764 itaque

1967 5785 2296 5856 baptismum
2327 5784 2379 5837 in
2410 5797 2570 5838 cruce
2599 5783 2862 5854 percepit,
2898 5791 2951 5837 et
2980 5789 3181 5838 cretera
3213 5782 3338 5838 fidei
3369 5797 3559 5838 sacra-

1967 5883 2172 5929 menta.
2214 5872 2332 5928 Nisi
2387 5871 2532 5926 enim
2583 5888 2616 5926 a
2664 5872 2873 5927 Christo
2924 5871 3226 5943 baptizatus
3280 5879 3444 5936 esset,
3505 5878 3561 5926 et

1968 5963 2140 6021 factus
2187 5961 2408 6019 omnino
2462 5959 2732 6034 perfectus
2787 5960 3140 6028 Christianus,
3198 5961 3253 6018 ei
3309 5959 3555 6015 Christus
