3910 6390
441 399 550 458 275

1470 406 1804 464 GOFFRIDI
1840 405 2128 464 ABBATIS
2159 406 2706 465 VINDOCINENSIS

3645 411 3770 465 276

430 521 656 580 minime
675 523 915 582 diceret:
939 527 1117 586 Hodie
1134 545 1355 587 mecum
1375 533 1490 588 eris
1504 531 1567 586 in
1586 532 1852 605 paradiso
1874 534 2031 601 (Luc.
2066 532 2122 593 A
2152 538 2206 587 et
2235 531 2305 587 de
2353 532 2567 588 latrone
2613 533 2894 590 veraciter.
2939 534 3133 590 Petrus
3178 548 3209 587 a
3254 532 3469 588 Christo
3517 541 3770 589 vocatus

432 626 595 679 xxm,
612 613 855 685 i3)..lam
876 617 1020 672 enim
1042 618 1280 675 dixerat:
1304 620 1424 675 Non
1446 620 1687 677 intrabit
1706 624 1768 677 in
1791 638 2032 694 regnum

435 703 721 771 calorum,
742 705 855 760 nisi
875 707 970 778 qui
990 712 1225 763 renatus
1236 709 1415 779 fuerit
1436 725 1511 765 ea:
1547 726 1693 783 aqua
1722 715 1779 766 et
1813 711 2034 784 Spiritu

436 804 634 858 sancto
673 803 853 873 (Joan.
886 818 967 871 ιιι,
999 806 1080 876 5).
1124 806 1221 861 Vir
1268 805 1368 862 iste
1409 806 1578 884 399
1626 808 1820 863 beatus
1866 825 2033 881 quam

438 896 713 968 perfectus
741 915 774 955 a
802 900 907 956 deo
936 900 1112 958 factus
1140 911 1241 969 est,
1285 903 1605 961 videamus.
1659 906 1742 962 Eo
1780 914 2028 979 tempore

439 993 586 1049 venit
613 996 683 1050 ad
711 994 873 1053 fidem
902 1014 1012 1070 quo
1043 1000 1233 1056 Petrus
1263 999 1427 1057 fidem
1456 1002 1706 1059 deseruit
1738 1022 1753 1070 ;
1786 1012 1839 1059 et
1868 1020 2031 1077 quam

438 1082 718 1153 apostolus
745 1086 1079 1156 perdiderat,
1095 1089 1238 1145 hanc
1266 1088 1357 1145 die
1387 1091 1640 1162 sequenti
1692 1092 1831 1148 latro
1872 1092 2033 1149 inve-

437 1168 535 1225 nit.
566 1172 652 1227 Λᾶ
682 1189 872 1230 vocem
895 1176 1109 1233 ancilla
1137 1178 1350 1250 primus
1382 1188 1565 1249 pastor
1584 1180 1848 1237 Ecclesia
1877 1181 2030 1236 illum

439 1274 500 1314 se
527 1275 693 1317 nosse
720 1271 904 1334 negat,
938 1281 1101 1336 quem
1130 1283 1269 1324 voce
1296 1268 1516 1338 publica
1552 1269 1693 1325 latro
1723 1270 1980 1342 pradicat
2011 1287 2029 1339 ;

441 1355 493 1403 et
539 1365 701 1421 quem
755 1352 1012 1424 princeps
1057 1355 1374 1425 apostolica
1428 1356 1713 1414 electionis
1760 1375 1820 1415 se
1866 1359 2032 1414 etiam

438 1445 716 1503 hominem
747 1465 911 1506 nosse
951 1451 1231 1520 difﬁtetur,
1292 1455 1435 1511 hunc
1483 1457 1658 1512 Deum
1716 1474 1840 1513 esse
1895 1458 2033 1514 latro

441 1535 730 1593 manifeste
785 1546 840 1593 et
894 1539 983 1611 pie
1039 1540 1355 1599 conﬁtetur.
1418 1545 1557 1601 Tota
1602 1545 1693 1600 illa
1750 1546 2033 1603 beatorum

440 1634 820 1704 apostolorum
846 1637 1041 1694 electio
1069 1639 1259 1697 relicto
1281 1641 1519 1699 Domino
1575 1644 1927 1715 perturbatur
1981 1654 2034 1701 et

442 1722 613 1795 fugit;
642 1723 783 1781 latro
814 1726 958 1782 inter
984 1728 1274 1785 savientes
1315 1731 1537 1787 Judaos
1578 1741 1761 1789 manet
1803 1733 2032 1805 intrepi-

438 1818 560 1889 dus,
593 1821 871 1877 Christum
899 1825 1097 1881 asserit
1123 1826 1489 1893 innocentem,
1535 1837 1586 1884 et
1624 1846 1683 1885 se
1729 1846 1885 1886 reum
1925 1847 2035 1902 pu-

439 1907 581 1966 blice
634 1910 818 1967 dicere
857 1928 967 1970 non
1016 1914 1309 1981 erubescit,
1369 1933 1471 1973 nec
1541 1935 1697 1973 suum
1779 1918 2029 1975 confiteri

442 2006 675 2054 reatum.
706 2000 754 2054 A
783 2000 998 2059 Christo
1026 2003 1210 2077 itaque
1245 2005 1461 2061 veniam
1482 2008 1744 2078 postulat,
1790 2018 2043 2080 precatur

444 2094 899 2167 misericordiam,
923 2100 1112 2157 dicens
1138 2120 1152 2159 :
1182 2103 1457 2162 Memento
1474 2107 1607 2171 mei,
1637 2108 1889 2174 Domine,
1912 2126 2043 2165 cum

448 2193 671 2248 veneris
700 2195 764 2249 in
793 2211 1032 2268 regnum
1050 2202 1215 2254 tuum
1245 2200 1409 2270 (Luc.
1449 2216 1605 2271 xxm,
1644 2203 1759 2267 42).
1799 2204 2044 2259 Christus

448 2279 666 2336 veniam
722 2284 1017 2352 postulanti
1068 2288 1418 2357 compatitur,
1464 2289 1757 2346 miseretur
1827 2292 2043 2348 miseri-

449 2368 697 2425 cordiam
728 2370 1092 2443 deprecantis,
1122 2384 1177 2431 et
1204 2377 1353 2433 Deus
1382 2378 1676 2434 cruciﬁxus
1719 2379 1774 2435 in
1825 2382 2045 2439 homine

450 2465 710 2523 crucifixo
736 2467 929 2524 latroni
950 2470 1031 2527 sic
1057 2472 1329 2545 loquitur:
1378 2476 1549 2533 Hodie
1569 2494 1791 2535 mecum
1824 2480 1936 2536 eris
1983 2483 2047 2536 in

452 2555 745 2627 paradiso.
808 2557 1290 2619 Conﬁrmationem
1355 2564 1564 2637 utique,
1623 2582 1789 2639 quam
1846 2568 1900 2623 in
1959 2569 2047 2625 die

455 2642 809 2702 Pentecostes
829 2650 1175 2722 apostoliper
1213 2651 1473 2723 Spiritum
1508 2664 1753 2711 sanctum
1784 2673 2046 2727 suscepe-

455 2740 602 2798 runt,
634 2732 776 2790 latro
799 2734 901 2791 iste
933 2737 1144 2809 positus
1172 2739 1229 2795 in
1258 2756 1420 2799 cruce
1448 2743 1657 2813 primus
1713 2755 2044 2817 susceperat,

451 2819 545 2891 qui
574 2837 675 2879 nec
700 2822 988 2881 Iudaicam
1009 2826 1295 2897 prrﬁdiam
1326 2830 1674 2903 formidabat,
1733 2842 1787 2890 et
1848 2851 2049 2892 nomen

451 2908 652 2965 Christi
708 2912 983 2983 perfectus
1031 2916 1392 2986 Christianus,
1452 2922 1576 2992 pius
1632 2922 1937 2991 confessor,
1997 2932 2050 2982 et

446 3006 655 3071 martyr
681 2999 979 3073 gloriosus,
1014 3020 1123 3061 non
1154 3006 1208 3061 in
1238 3008 1474 3075 occulto,
1508 3009 1606 3066 sed
1648 3011 1831 3083 palam
1874 3022 2055 3085 porta-

444 3085 564 3142 bat.
600 3090 848 3160 Apostoli
885 3092 1105 3165 quidem
1135 3110 1169 3151 a
1224 3096 1442 3154 Christo
1490 3100 1671 3156 vocati
1728 3101 1942 3159 fuerant
1997 3111 2052 3159 et

457 3173 640 3244 electi,
690 3186 745 3235 et
791 3195 937 3253 sape
987 3183 1248 3254 privatim
1305 3194 1359 3242 et
1412 3188 1628 3259 publice
1683 3189 1754 3245 ab
1812 3206 1878 3247 eo
1924 3191 2048 3247 vita

448 3270 670 3323 aterna
697 3269 865 3325 verba
895 3270 1195 3340 audierant,
1229 3274 1378 3331 illum
1406 3292 1584 3333 cacos
1630 3277 2042 3350 illuminantem,

450 3352 705 3425 leprosos
730 3359 1104 3429 mundantem,
1139 3363 1447 3432 ejicientem
1476 3366 1745 3423 damonis
1773 3368 2044 3438 viderant,

451 3447 508 3499 et
538 3453 784 3503 mortuos
821 3450 1194 3506 suscitantem.
1225 3453 1388 3509 Multa
1415 3464 1702 3526 praterea,
1734 3474 1855 3529 qua
1887 3474 2048 3514 nemo

450 3538 590 3595 alius
621 3540 802 3599 facere
832 3544 1002 3623 400
1034 3555 1263 3619 poterat,
1297 3550 1400 3606 nisi
1449 3552 1601 3608 solus
1645 3555 1811 3625 Deus,
1844 3555 1900 3610 in
1954 3557 2048 3612 illo

450 3650 848 3726 cognoverant.
882 3643 964 3700 illi
995 3645 1158 3701 etiam
1200 3646 1256 3702 in
1312 3647 1429 3718 ejus
1482 3650 1707 3707 nomine
1756 3668 1878 3724 qua
1931 3653 2049 3726 ipse

450 3723 683 3783 faciebat
708 3738 762 3785 et
789 3731 894 3803 ipsi
938 3732 1231 3791 faciebant.
1287 3737 1349 3792 In
1401 3739 1659 3809 passione
1714 3723 1847 3798 vero
1902 3723 2049 3799 illius

449 3829 623 3887 quam
650 3818 729 3873 eis
757 3829 879 3876 ante
907 3823 1256 3893 pradixerat,
1315 3826 1390 3881 ita
1449 3829 1846 3884 conturbantur
1904 3832 2047 3904 quod

450 3907 505 3960 et
534 3904 687 3962 illum
716 3908 992 3981 ignorant,
1029 3921 1079 3968 et
1107 3913 1343 3986 seipsos,
1377 3917 1570 3989 quales
1599 3918 1653 3974 in
1686 3919 1803 3988 ejus
1846 3920 2048 3977 virtute

447 4000 681 4073 fuerant,
739 4006 1155 4068 obliviscuntur.
1215 4012 1381 4070 Latro
1442 4023 1667 4072 sanctus
1722 4033 1827 4075 nec
1883 4016 2048 4075 ﬁdem

449 4099 575 4180 ante
603 4104 850 4164 noverat,
877 4114 981 4155 nec
1010 4098 1274 4157 dilexerat
1302 4103 1680 4173 sanctitatem,
1715 4106 1915 4179 quippe
1956 4107 2049 4180 qui

453 4178 667 4238 initium
698 4186 856 4242 bona
886 4187 1008 4246 vita
1044 4206 1324 4263 nunquam
1352 4203 1674 4266 perceperat
1704 4213 1718 4262 ;
1770 4178 1825 4250 in
1852 4178 2050 4253 morte

451 4285 630 4334 autem
662 4279 860 4337 Christi
880 4282 1009 4340 fidei
1025 4288 1284 4358 cognovit
1306 4290 1606 4358 veritatem,
1640 4307 1803 4364 quam
1859 4292 2051 4347 Petrus

453 4376 732 4439 prasente
786 4385 1046 4443 corporea
1101 4374 1379 4433 divinitate
1430 4386 1484 4433 et
1538 4378 1716 4450 ipsum
1786 4379 2052 4437 edocente

455 4453 751 4513 didicerat.
790 4460 923 4516 Mira
955 4477 1045 4518 res
1075 4462 1089 4518 ι
1123 4464 1216 4520 ubi
1249 4465 1413 4521 ﬁdem
1436 4466 1697 4539 deposuit
1742 4469 2046 4540 apostolus,

452 4541 600 4600 latro
628 4547 858 4620 recepit.
911 4551 1017 4608 Iste
1063 4552 1109 4608 si
1143 4554 1416 4611 Christum
1466 4564 1629 4612 antea
1669 4557 2044 4630 cognovisset,

456 4635 782 4694 credidisset
809 4639 1012 4714 utique,
1036 4649 1089 4698 et
1117 4642 1171 4699 in
1200 4644 1295 4699 illo
1322 4643 1466 4702 felici
1497 4644 1872 4717 apostolorum
1912 4662 2050 4703 cou-

457 4746 624 4795 ventu
652 4755 765 4795 non
796 4748 939 4796 esset
969 4740 1319 4810 novissimus,
1372 4743 1466 4816 qui
1521 4744 1576 4799 in
1620 4759 1795 4817 regno
1854 4744 2056 4800 exstitit

458 4830 694 4904 primus,
723 4839 779 4886 et
809 4828 943 4885 nulli
968 4829 1027 4886 in
1052 4829 1160 4887 fide
1202 4831 1498 4889 secundus.
1553 4833 1799 4904 Utraque
1848 4840 2054 4901 autem,

457 4927 513 4976 et
538 4918 701 4992 primi
729 4918 887 4976 electi
916 4918 973 4975 in
1001 4919 1201 4976 Christi
1230 4921 1484 4993 passione
1513 4921 1753 4994 negatio,
1786 4930 1839 4977 et
1884 4938 2054 4977 vene-

456 5017 644 5074 rabilis
673 5016 899 5074 latronis
951 5016 1009 5071 in
1065 5032 1228 5075 cruce
1284 5018 1580 5087 confessio,
1643 5034 1707 5074 ex
1767 5018 2057 5076 medicina

460 5107 699 5164 caelestis
727 5106 871 5163 venit
902 5106 1150 5165 consilio.
1176 5107 1491 5164 Permissus
1506 5116 1589 5165 est
1610 5107 1809 5165 cadere
1824 5108 2052 5178 electus,

457 5206 516 5254 ut
542 5196 923 5270 unusquisque
952 5195 1129 5253 discat
1148 5196 1296 5252 nulla
1325 5197 1661 5270 perfectione
1691 5198 1759 5253 de
1812 5213 1872 5254 se
1916 5213 2057 5269 pra-

460 5302 706 5343 sumere.
760 5286 993 5342 Erectus
1040 5293 1125 5341 est
1155 5285 1294 5342 latro
1346 5285 1440 5359 qui
1486 5287 1672 5358 lapsus
1747 5285 1939 5356 fuerat,
2000 5294 2057 5343 ut

458 5383 645 5439 nullus
672 5382 742 5439 de
773 5396 871 5438 sua
900 5381 1337 5456 imperfectione,
1371 5383 1419 5438 si
1450 5388 1662 5440 tantum
1699 5384 1978 5454 poeniteat,
2004 5390 2057 5440 et

459 5470 624 5545 digne
687 5469 1030 5537 confiteatur,
1091 5470 1267 5528 valeat
1321 5473 1635 5543 desperare.
1694 5474 1851 5529 Hunc
1908 5472 2055 5528 Deus

460 5559 617 5633 virga
648 5557 871 5629 justitia
908 5560 1159 5632 castigat,
1210 5566 1267 5617 et
1318 5561 1474 5616 illum
1539 5569 1803 5617 sustentat
1860 5561 2055 5617 baculo

460 5647 880 5705 misericordia.
904 5648 964 5703 In
991 5648 1096 5705 isto
1119 5650 1301 5720 justis,
1352 5667 1422 5707 ne
1471 5651 1714 5708 incidant
1758 5650 1811 5705 in
1862 5650 2053 5707 elatio-

456 5751 604 5804 nem,
644 5736 896 5791 timorem
933 5736 1144 5807 incutit,
1187 5746 1241 5794 et
1276 5739 1333 5794 in
1372 5737 1466 5797 illo
1505 5755 1665 5811 spem
1705 5739 1894 5795 tribuit
1926 5754 2050 5811 pec-

458 5824 748 5890 catoribus,
797 5839 868 5879 ne
909 5824 1127 5881 veniant
1174 5825 1229 5881 in
1268 5827 1726 5899 desperationem.
1791 5828 2052 5883 Dicamus

454 5908 659 5985 aliquid
686 5918 741 5970 et
768 5912 1013 5971 breviter
1041 5914 1193 5986 quod
1242 5913 1351 5971 dici
1402 5924 1601 5988 potest,
1658 5921 1714 5973 et
1763 5916 1832 5973 de
1890 5918 2053 5973 Petro

2143 627 2246 685 est,
2278 627 2330 675 et
2359 620 2563 676 electus
2592 628 2677 676 est
2710 640 2724 688 ;
2759 621 2897 678 latro
2926 621 3133 678 electus
3162 628 3261 687 est,
3315 636 3423 676 non
3477 628 3751 676 vocatus.

2144 710 2338 763 Petrus
2368 708 2648 779 apostolus
2668 718 2721 765 et
2751 718 2970 781 martyr,
3004 710 3146 765 latro
3168 707 3456 765 confessor
3494 718 3546 764 et
3588 726 3765 765 mar-

2142 806 2230 867 tyr
2248 797 2418 853 factus
2448 796 2608 873 401
2650 807 2754 854 est.
2779 798 2840 854 In
2868 799 3125 870 operibus
3155 798 3331 864 bonis,
3355 797 3408 853 in
3430 798 3762 862 virtutibus,

2141 893 2200 948 in
2244 894 2541 960 miraculis,
2593 895 2648 949 in
2695 894 2994 961 laboribus,
3041 895 3097 949 in
3134 894 3343 967 ligandi
3386 904 3439 951 et
3491 896 3775 952 solvendi.

2140 990 2427 1053 potestate,
2465 984 2664 1039 Petrus
2694 984 2903 1039 latrone
2933 983 3099 1057 longe
3137 983 3445 1039 excelsior:
3494 984 3656 1039 Latro
3709 984 3759 1038 si

2139 1087 2250 1127 non
2272 1073 2445 1141 major
2475 1074 2633 1128 Petro
2662 1072 2719 1128 in
2752 1071 2882 1135 fine,
2913 1088 3023 1128 non
3053 1081 3254 1129 tamam
3302 1072 3509 1128 exstitit
3542 1072 3751 1128 minor.

2141 1161 2378 1232 Uterque
2407 1161 2583 1216 bonus
2615 1161 2773 1217 valde
2799 1178 2813 1215 :
2837 1163 2933 1217 sed
2966 1161 3107 1216 latro
3129 1169 3213 1216 est
3231 1161 3287 1215 in
3316 1161 3422 1226 his,
3441 1178 3563 1233 qua
3591 1162 3751 1216 dixi-

2141 1265 2281 1314 mus,
2302 1250 2461 1305 Petro
2480 1249 2719 1306 inferior.
2745 1249 3087 1322 Quicumque
3108 1250 3338 1305 istorum
3367 1250 3544 1305 minus
3560 1257 3753 1321 potest

2140 1338 2283 1410 apud
2314 1340 2509 1405 Deum,
2538 1339 2609 1393 ab
2638 1338 2731 1394 illo
2756 1338 2965 1395 obtinet
2993 1339 3139 1411 quod
3172 1347 3349 1411 rogat,
3393 1339 3537 1410 quod
3577 1339 3748 1408 petit,

2143 1434 2196 1482 et
2228 1427 2374 1498 quod
2420 1427 2721 1483 desiderat.
2762 1428 2879 1483 Nos
2904 1433 3086 1484 autem
3133 1434 3186 1482 et
3244 1428 3458 1482 beatum
3521 1428 3751 1482 Petrum

2139 1516 2473 1587 pracipuum
2523 1516 2887 1587 apostolorum
2947 1526 3001 1571 et
3067 1516 3393 1587 principem,
3460 1523 3515 1570 et
3579 1515 3746 1569 illum

2138 1604 2441 1676 gloriosum
2478 1605 2849 1660 confessorem
2888 1612 2941 1661 et
2979 1613 3294 1676 martyrem,
3359 1603 3568 1659 Dimam
3631 1619 3747 1659 no-

2140 1693 2306 1759 mine,
2338 1692 2629 1765 diligenter
2657 1709 2894 1760 oremus,
2927 1700 3193 1765 quatenus
3253 1693 3365 1748 suis
3403 1693 3656 1763 precibus
3690 1699 3750 1747 et

2141 1782 2346 1837 meritis
2375 1782 2519 1853 apud
2548 1783 2748 1838 bonum
2779 1782 3094 1839 Creatorem
3150 1791 3419 1847 nostrum,
3477 1790 3529 1837 et
3587 1781 3744 1853 pium

2061 1888 2115 1949 Β
2144 1871 2574 1941 Redemptorem
2600 1871 2759 1927 nobis
2789 1871 3084 1937 obtineant,
3114 1879 3171 1924 ut
3188 1869 3305 1942 ipse
3336 1871 3391 1924 in
3421 1870 3564 1925 exitu
3610 1869 3750 1923 vita

2149 1966 2370 2027 nostra,
2399 1960 2607 2014 animas
2645 1968 2863 2015 nostras
2892 1975 2925 2014 a
2974 1959 3177 2014 diaboli
3226 1966 3519 2040 potestate.
3552 1962 3750 2013 custo-

2150 2048 2280 2115 diat,
2313 2057 2366 2104 et
2394 2064 2524 2106 cum
2556 2048 2611 2103 in
2641 2065 2797 2104 suum
2825 2064 3053 2119 regnum
3077 2048 3309 2114 venerit,
3345 2048 3400 2101 in
3445 2046 3586 2101 illam
3628 2046 3753 2103 sci-

2149 2137 2278 2193 licet
2309 2138 2521 2210 regiam
2552 2145 2605 2194 et
2631 2137 3003 2193 admirabilem
3035 2137 3331 2192 claritatem
3362 2152 3462 2207 qua
3494 2135 3647 2190 vivos
3695 2142 3755 2188 ot

2151 2235 2399 2282 mortuos
2418 2225 2758 2297 judicaturus
2787 2234 2889 2293 est,
2927 2225 3099 2281 nostri
3122 2224 3442 2279 meminisse
3466 2223 3752 2295 dignetur,

2154 2325 2208 2371 et
2235 2315 2537 2388 unicuique
2565 2324 2811 2371 nostrum
2840 2315 3027 2371 dicere
3058 2332 3071 2369 :
3106 2312 3274 2370 Hodie
3302 2329 3523 2369 mecum
3539 2314 3654 2369 cria
3684 2313 3752 2366 in

2150 2405 2431 2475 paradiso,
2465 2403 2556 2477 qui
2586 2404 2713 2459 vivit
2744 2412 2795 2460 et
2827 2412 3021 2477 regnat
3053 2420 3189 2458 unus
3222 2403 3367 2457 Deus
3412 2417 3531 2457 cum
3591 2402 3758 2455 Patre

2156 2501 2209 2549 et
2260 2493 2461 2564 Spiritu
2499 2501 2687 2549 sancto
2727 2510 2830 2565 per
2878 2492 3059 2548 omnia
3124 2491 3319 2548 sacula
3380 2489 3740 2547 saculorum.

2156 2585 2330 2638 Amen
2345 2624 2359 2638 .

2661 2798 2830 2875 402
2864 2798 3104 2857 saeuo
3134 2800 3236 2854 x1.

2445 2986 2505 3026 IN
2543 2986 2905 3028 FBSTIVITATE
2945 2987 3106 3028 BEA'II
3144 2987 3461 3030 BBNEDIC‘I‘I.

2229 3146 2399 3214 Licet,
2454 3147 2797 3204 dilectissimi
2860 3148 3078 3216 fratres,
3147 3148 3376 3205 aliorum
3435 3158 3749 3208 sanctorum

2080 3248 2130 3312 α
2161 3236 2478 3293 festivitates
2508 3238 2795 3293 celebrare
2824 3238 2917 3309 pio
2956 3238 3258 3294 debeamus
3294 3255 3499 3307 amore,
3545 3241 3752 3296 beatis-

2158 3325 2280 3381 simi
2314 3327 2499 3381 Patris
2528 3327 2701 3382 nostri
2729 3327 3005 3384 Benedicti
3042 3328 3164 3383 bac
3193 3338 3381 3384 sancta
3430 3328 3751 3385 solemnitas

2156 3430 2193 3471 a
2221 3415 2397 3480 nobis,
2422 3415 2579 3487 quasi
2609 3432 2679 3471 ex
2697 3416 2901 3483 debito,
2922 3418 3251 3488 pracipuum
3287 3417 3554 3473 honorem
3582 3418 3750 3490 exigit

2157 3511 2211 3560 et
2238 3503 2605 3560 devotionem.
2630 3503 2919 3560 Gloriosus
2944 3508 3142 3560 etenim
3179 3506 3279 3561 iste
3300 3516 3517 3562 sanctus
3546 3515 3746 3563 nostra

2157 3592 2413 3649 secunda
2443 3593 2875 3667 regenerationis
2900 3594 3151 3650 inventor
3199 3595 3401 3665 pariter
3446 3593 3642 3651 exstitit
3691 3604 3746 3652 et

2158 3681 2412 3752 scriptor.
2469 3682 2788 3747 Monastica,
2845 3681 3087 3754 inquam,
3141 3682 3353 3757 religio,
3413 3699 3576 3756 quam
3626 3683 3743 3755 ipse

2157 3770 2404 3837 instituit,
2445 3770 2683 3826 secunda
2739 3772 3086 3843 regeneratio
3146 3773 3271 3840 jure
3337 3772 3643 3828 nominatur
3689 3780 3745 3828 et

2159 3859 2318 3915 etiam
2345 3858 2640 3930 pontiﬁcali
2672 3858 3077 3916 conﬂrmationi
3117 3875 3226 3916 non
3277 3860 3545 3916 immerito
3590 3876 3742 3917 com-

2158 3956 2397 4018 paratur.
2426 3948 2599 4017 Hujus
2633 3964 2869 4021 namque
2894 3949 3015 4005 vita
3034 3949 3411 4005 observatione
3433 3957 3485 4005 et
3514 3958 3739 4020 prater-

2158 4037 2232 4091 ita
2260 4046 2506 4109 peccata,
2532 4037 2670 4093 sicut
2692 4037 2743 4092 in
2782 4038 3123 4110 baptismate,
3167 4038 3439 4105 delentur,
3477 4047 3529 4095 et
3565 4047 3742 4096 contra

2160 4124 2361 4190 futura,
2390 4125 2534 4182 velut
2555 4126 2608 4180 in
2637 4124 3068 4195 conﬁrmatione,
3111 4126 3448 4182 Christianus
3483 4127 3734 4185 munitur.

2160 4216 2273 4270 Hac
2301 4215 2458 4269 beata
2487 4215 2618 4282 vita,
2649 4215 2742 4286 qui
2770 4215 2925 4286 prius
2966 4216 3020 4270 in
3055 4215 3304 4272 saculari
3337 4217 3739 4273 conversatione

2160 4304 2439 4375 peccando
2459 4304 2658 4360 mortui
2678 4303 2915 4375 fuerant,
2941 4304 3281 4361 viviﬁcantur
3304 4324 3317 4370 ;
3341 4312 3393 4361 et
3416 4306 3519 4361 hac
3537 4313 3736 4376 postea,

2158 4392 2289 4447 dum
2320 4392 2651 4449 correctione
2680 4393 2927 4449 districta
2957 4393 3221 4464 peccandi
3242 4393 3457 4449 licentia
3490 4393 3734 4461 moritur,

2159 4481 2361 4552 optime
2390 4482 2627 4537 munitur
2667 4482 2846 4536 anima
2894 4482 3221 4548 Christiana,
3266 4482 3351 4538 cui
3409 4481 3737 4539 solummodo

2166 4568 2395 4626 facultas
2449 4570 2589 4626 bene
2645 4569 2908 4643 operandi
2958 4570 3303 4643 relinquitur.
3366 4571 3533 4640 Hujus
3586 4570 3741 4644 igitur

2168 4658 2496 4714 sanctissimi
2527 4666 2581 4714 et
2600 4657 2939 4715 honorabilis
2965 4658 3065 4713 viri
3119 4658 3263 4713 diem
3320 4656 3516 4714 festum
3569 4658 3736 4713 debita

2166 4746 2519 4803 veneratione
2592 4755 2646 4803 et
2717 4746 2943 4819 speciali
3017 4747 3310 4803 devotione
3383 4747 3732 4815 celebrantes,

2165 4836 2522 4909 gaudeamus,
2564 4836 2633 4892 de
2671 4838 2825 4907 cujus
2864 4837 3017 4891 beata
3057 4843 3111 4891 et
3147 4835 3320 4891 amica
3366 4836 3617 4892 societate
3643 4851 3733 4891 au-

2164 4925 2321 4998 gelos
2349 4934 2401 4983 et
2430 4925 2789 4997 archangelos
2854 4933 2908 4980 et
2962 4940 3156 4981 omnes
3207 4925 3472 4981 calorum
3525 4924 3730 4980 ordines

2165 5014 2432 5086 gaudere,
2465 5023 2516 5071 et
2544 5014 2645 5070 Dei
2674 5014 2863 5070 Filium
2912 5013 3226 5070 collaudare
3271 5014 3493 5070 minime
3533 5013 3730 5070 dubita-

2165 5120 2307 5159 mus.
2363 5103 2449 5160 ΕΚ
2499 5103 2673 5177 gratia
2729 5118 2983 5174 superna
3035 5102 3432 5159 benedictionis
3491 5102 3732 5159 Benedic-

2162 5201 2251 5249 tus
2316 5193 2663 5250 benedictum
2727 5208 2926 5248 nomen
3004 5192 3233 5264 accepit,
3303 5192 3400 5248 sed
3466 5192 3550 5247 vir
3606 5206 3725 5246 san-

2165 5291 2285 5339 ctus
2313 5282 2507 5355 gratia:
2546 5282 2793 5353 ingratus
2821 5296 2929 5337 non
2959 5280 3185 5336 exstitit.
3224 5282 3359 5337 Nam
3404 5297 3522 5338 cum
3577 5278 3727 5355 403

2163 5381 2342 5436 adhuc
2405 5395 2539 5450 puer
2600 5388 2766 5444 esset,
2834 5395 2972 5449 opus
3024 5378 3266 5450 quolibet
3327 5378 3533 5449 puerile
3610 5393 3726 5433 con-

2163 5470 2381 5541 tempsit
2414 5484 2427 5538 ;
2453 5469 2551 5525 sed
2571 5468 2913 5524 solummodo
2930 5467 2980 5522 in
3011 5468 3101 5538 pio
3137 5475 3352 5537 pectore
3373 5466 3725 5530 humilitatem,

2164 5558 2479 5631 patientiam
2510 5565 2562 5613 et
2605 5557 2966 5613 innocentiam
2998 5556 3262 5621 retinens,
3324 5556 3508 5611 mundi
3566 5554 3726 5610 relicta

2161 5648 2599 5713 conversatione,
2635 5663 2693 5701 se
2723 5653 2894 5702 totum
2925 5646 3159 5702 Domino
3188 5644 3597 5702 commendavit.
3627 5645 3725 5699 De-

2161 5737 2364 5810 spectis
2388 5738 2569 5809 itaque
2594 5735 2895 5792 litterarum
2925 5734 3135 5799 studiis,
3188 5735 3383 5808 quibus
3420 5751 3451 5789 a
3504 5733 3724 5806 parenti-

2160 5827 2260 5883 bus
2291 5825 2524 5882 traditus
2554 5824 2746 5891 fuerat,
2777 5840 2848 5880 ne
2874 5839 3028 5879 amor
3054 5830 3361 5895 parentum,
3392 5822 3508 5880 sive
3547 5821 3723 5879 divitia

2158 5930 2346 5973 eorum
2374 5914 2498 5974 vita
2543 5913 2786 5972 melioris
2827 5912 3167 5986 propositum
3207 5912 3567 5979 immutarent,
3613 5926 3716 5979 eos,
