3910 6472
230 447 341 501 277
1701 446 2089 504 SERMONES.
3427 450 3531 504 278

234 574 499 640 tanquam
528 568 744 642 odisset,
780 569 1012 643 fugiens,
1045 570 1173 626 dum
1202 570 1397 627 Christi
1451 570 1667 627 divitias
1702 589 1834 645 pau-
1858 574 1917 635 Α
1946 572 2103 628 vidus
2130 574 2424 629 sanctitatis
2453 574 2670 630 alterius
2714 573 3021 648 derogator,
3050 573 3145 629 sed
3201 572 3322 644 pius
3366 572 3547 629 conci.

234 679 369 733 pere
390 663 503 718 vita
532 664 722 718 lucrari
776 664 1062 731 desiderat,
1094 681 1294 719 vanum
1351 673 1405 719 et
1433 666 1584 735 quasi
1616 666 1842 737 impium
1944 673 2102 729 liator
2127 674 2286 727 simul
2308 682 2361 729 et
2380 673 2595 743 adjutor
2614 675 2833 741 exstitit,
2882 682 2935 729 et
2989 673 3058 739 ei,
3108 671 3263 741 cujus
3290 671 3538 728 virtutem

233 767 473 831 reputat,
509 761 652 830 quod
696 761 877 815 multis
924 762 1042 816 aliis
1088 764 1310 817 charum
1342 771 1395 817 et
1423 763 1571 834 pium
1611 764 1839 819 videtur.
1936 761 2053 831 jam
2092 772 2270 817 mente
2299 771 2636 834 conceperat,
2668 762 2946 835 religionis
3000 761 3242 817 habitum
3285 760 3521 817 tradidit.

239 847 335 903 Sic
364 849 464 904 Dei
498 850 731 904 famulus
779 850 1127 921 inspiratione
1182 852 1367 906 divina
1414 852 1684 922 repletur;
1727 852 1845 922 ejus
1944 860 2127 915 Cultor
2153 868 2331 915 autem
2361 860 2481 927 Dei,
2510 868 2563 915 et
2587 859 2697 915 suis
2734 867 3072 930 contemptor
3100 858 3435 926 Benedictus,
3465 859 3534 913 ad

232 937 415 992 adhuc
444 946 621 994 tenera
663 947 713 993 et
743 939 971 994 delicata
1017 956 1141 994 caro
1200 940 1394 995 mentis
1436 940 1734 995 constantia
1791 949 1844 997 et

237 1026 427 1098 vigore
454 1027 669 1098 spiritus
696 1029 994 1095 roboratur,
1046 1036 1099 1083 et
1142 1030 1184 1082 si
1243 1030 1497 1083 violentia
1552 1046 1688 1100 opus
1722 1030 1837 1098 fuit,

234 1130 361 1170 eam
389 1115 490 1170 sibi
521 1116 719 1171 inferre
773 1133 881 1171 non
935 1118 1155 1185 distulit,
1214 1126 1269 1172 ut
1297 1118 1582 1173 cruciﬁxus
1623 1116 1838 1174 cruciﬁ-

235 1220 370 1259 xum
408 1205 701 1260 Dominum
757 1215 1089 1276 sequeretur.
1150 1207 1304 1261 Hunc
1361 1207 1578 1261 Domini
1624 1224 1838 1261 servum

232 1294 353 1348 sola
383 1294 560 1348 nutrix
588 1310 704 1360 sua,
735 1310 857 1365 quae
886 1312 1008 1349 eum
1041 1303 1224 1351 tenere
1280 1297 1555 1363 nutrierat,
1598 1304 1649 1351 et
1678 1312 1839 1366 quam

234 1381 353 1453 ipse
383 1383 511 1437 satis
540 1384 629 1453 pie
657 1383 937 1455 diligebat,
970 1392 1153 1439 secuta
1191 1392 1288 1451 est,
1320 1400 1429 1439 non
1460 1384 1677 1454 quidem
1708 1400 1838 1439 san-

231 1471 432 1526 ctitatis
472 1487 658 1528 amore
684 1471 937 1544 ﬂagrans,
970 1473 1065 1527 sed
1097 1472 1145 1528 ei
1193 1474 1353 1529 etiam
1414 1474 1612 1528 nolenti
1640 1490 1835 1528 carna-

232 1559 302 1614 lis
331 1558 628 1616 aﬂ'eetionis
654 1561 829 1616 studio
886 1561 1188 1617 ministrare
1243 1562 1577 1618 desiderans.
1619 1561 1725 1617 Sed
1757 1562 1839 1616 vir

231 1649 425 1703 beatus
454 1650 568 1704 Deo
599 1650 775 1720 potius
830 1650 1135 1707 ministrare
1189 1651 1423 1718 volebat,
1458 1666 1563 1705 non
1592 1650 1693 1705 sibi
1724 1650 1835 1705 mi-

232 1737 547 1793 nistrariab
602 1738 840 1794 homine.
891 1739 1018 1793 Erat
1073 1748 1252 1794 tamen
1304 1739 1359 1793 in
1414 1740 1686 1808 utriusque
1732 1756 1833 1811 pe-

230 1834 380 1881 ctore
410 1826 618 1898 pietas;
650 1835 704 1881 at
731 1827 947 1882 diversa
1003 1828 1160 1883 valde
1215 1828 1457 1895 intentio,
1508 1828 1631 1883 licet
1658 1828 1834 1883 amica

231 1915 523 1983 videretur,
574 1916 704 1970 dum
754 1916 843 1971 illa
871 1917 1038 1985 carni,
1069 1916 1162 1972 ille
1185 1916 1390 1988 spiritui
1420 1917 1617 1971 servire
1649 1918 1826 1971 medi-
1856 1918 1908 1977 B

232 2008 389 2056 tatur.
424 2001 579 2055 Ibant
608 2000 769 2055 ambo
824 2001 983 2055 simul
1039 2010 1293 2071 tanquam
1348 2009 1520 2055 mater
1556 2009 1608 2056 et
1645 2000 1784 2055 ﬁlius
1808 2043 1822 2069 ,

227 2090 404 2145 donec
433 2096 650 2144 ventum
682 2096 760 2144 est
787 2090 855 2144 ad
910 2090 1109 2158 locum,
1143 2090 1233 2161 qui
1264 2089 1430 2144 Eﬂide
1462 2090 1671 2145 dicitur.
1705 2089 1824 2158 Quo

226 2179 283 2232 in
314 2178 431 2233 loco
462 2194 494 2232 a
524 2178 760 2248 quodam
790 2195 1027 2250 paupere
1060 2178 1196 2248 viro,
1230 2194 1326 2251 pro
1385 2179 1578 2234 Christi
1617 2194 1821 2247 amore,

227 2290 435 2345 pauper
462 2274 652 2330 Christi
680 2292 802 2330 cum
858 2292 954 2331 sua
1010 2276 1213 2332 nutrice
1271 2278 1465 2347 hospes
1519 2276 1821 2347 suscipitur.

223 2363 421 2418 Nutrix
450 2379 577 2419 vero
608 2363 748 2418 illius
775 2380 898 2419 eum
955 2380 987 2420 a
1017 2365 1205 2420 vicinis
1235 2365 1547 2420 mulieribus
1599 2364 1824 2435 capiste-

222 2459 365 2515 rium
393 2461 707 2532 accepisset,
740 2478 847 2531 quo
904 2463 1175 2518 modicum
1234 2463 1411 2531 tritici,
1444 2463 1587 2533 quod
1619 2463 1696 2516 eis
1727 2477 1821 2533 pro

220 2549 324 2603 Dei
354 2565 538 2605 amore
566 2550 819 2605 collatum
850 2550 1039 2619 fuerat,
1095 2568 1328 2624 purgare
1382 2551 1669 2619 debuisset,
1728 2568 1824 2606 vas

222 2641 403 2715 ipsum
432 2661 594 2717 super
641 2661 883 2700 mensam
938 2662 1047 2701 non
1100 2646 1240 2702 bene
1503 2647 1820 2701 collocatum

222 2742 437 2811 cecidit,
466 2751 517 2798 et
545 2743 617 2798 ita
644 2743 979 2798 confractum
1037 2751 1118 2798 est
1172 2752 1230 2798 ut
1287 2744 1342 2798 in
1371 2744 1504 2798 duas
1537 2752 1714 2814 partes
1744 2743 1823 2797 in-

222 2832 495 2887 veniretur
520 2832 771 2887 divisum.
805 2831 939 2902 Quae
1003 2848 1126 2887 cum
1174 2832 1467 2903 przestitum
1524 2832 1627 2887 sibi
1665 2832 1819 2903 capi-

222 2927 444 2983 sterium
503 2927 728 2983 fraetum
792 2928 1144 2999 conspiceret,
1216 2936 1269 2984 et
1307 2937 1526 3000 gentem
1584 2928 1822 3000 regionis

224 3016 370 3073 illius
399 3024 660 3083 tenacem,
718 3025 772 3072 et
801 3018 1105 3089 importune
1159 3018 1303 3088 quod
1360 3034 1517 3071 suum
1548 3025 1626 3072 est
1655 3034 1821 3088 repe-

223 3119 425 3167 tentem
454 3121 788 3185 agnosceret,
840 3129 937 3168 nec
966 3113 1185 3168 omnino
1246 3112 1467 3168 haberet
1496 3113 1639 3167 unde
1670 3113 1822 3166 dam-

222 3217 353 3255 num
382 3218 634 3274 reparare
666 3210 843 3273 posset
898 3201 1154 3268 alienum,
1212 3200 1342 3257 ﬂere
1399 3201 1563 3272 coepit
1622 3209 1673 3256 et
1726 3201 1822 3255 do-

221 3320 372 3359 mum
402 3304 457 3359 in
485 3320 591 3375 qua
638 3304 886 3377 hospitati
947 3304 1174 3372 fuerant,
1233 3304 1544 3375 lacrymosis
1598 3303 1821 3358 vocibus
1851 3278 1900 3340 α

219 3394 448 3464 replere.
478 3394 615 3449 Puer
643 3402 819 3449 autem
852 3393 970 3464 pius
1027 3401 1077 3448 et
1106 3401 1337 3459 sanctus,
1387 3409 1509 3448 cum
1560 3393 1818 3447 nutricem

219 3497 373 3537 suam
402 3483 725 3538 clamantem
756 3491 805 3537 et
835 3481 1048 3537 ﬂentem
1106 3481 1313 3536 audiret
1368 3481 1566 3552 pariter
1594 3490 1643 3536 et
1674 3481 1821 3536 vide-

217 3580 321 3639 ret,
379 3570 520 3626 illius
573 3571 900 3627 anxietatem
947 3586 1100 3625 suam
1158 3570 1361 3625 iaciens
1428 3569 1821 3641 compassionis

218 3653 433 3722 affectu,
464 3655 598 3709 duas
628 3652 778 3709 fracti
823 3653 1091 3724 eapisterii
1149 3662 1326 3724 partes
1354 3653 1578 3724 accepit,
1613 3661 1666 3708 et
1694 3670 1817 3708 cum

217 3752 468 3824 laerymis
496 3752 751 3807 orationis
779 3749 1096 3807 sacriﬁcium
1128 3758 1238 3806 tota
1295 3750 1488 3806 mentis
1533 3750 1818 3805 devotione

215 3841 451 3897 Domino
480 3840 689 3897 obtulit.
722 3840 878 3910 Quod
935 3840 1204 3911 completa
1252 3838 1493 3895 oratione
1526 3839 1599 3893 ita
1628 3855 1816 3894 sanum

215 3952 272 4000 et
298 3944 565 4016 integrum
596 3944 872 4000 inventum
903 3950 999 4010 est,
1036 3958 1099 3999 ac
1128 3943 1172 3997 si
1202 3941 1426 3998 minime
1458 3942 1682 3998 fractum
1700 3941 1822 3996 fuis-

214 4050 315 4097 set.
347 4041 506 4112 Quod
541 4042 795 4114 religiosa
824 4041 1006 4097 anima
1062 4039 1419 4111 omnipotenti
1474 4040 1589 4095 Deo
1618 4039 1820 4112 gratias

212 4144 453 4201 referens
479 4144 707 4215 accepit,
740 4152 792 4199 et
821 4143 1081 4199 nutricem
1136 4159 1291 4198 suam
1334 4141 1533 4197 sanctis
1564 4150 1617 4198 et
1644 4141 1820 4197 humi-

206 4219 355 4289 libus
410 4233 590 4288 verbis
643 4233 966 4300 consolatus,
1026 4231 1074 4287 ei
1140 4231 1482 4303 capisterium
1560 4230 1814 4289 reddidit.

212 4322 349 4392 Quae
378 4322 502 4377 licet
527 4321 826 4393 stupefacta
854 4321 1111 4376 miraculo
1171 4320 1376 4387 fuisset,
1438 4320 1587 4374 illam
1639 4326 1817 4374 tamen

210 4419 555 4489 capisterium
582 4435 773 4474 sanum
804 4421 1148 4474 vehementer
1203 4416 1455 4485 laetiﬁcat,
1515 4417 1659 4487 quod
1708 4433 1818 4471 non

213 4508 558 4564 mediocriter
636 4507 1068 4563 mmstiﬁeaverat
1124 4507 1374 4562 fraetum.
1447 4506 1581 4563 Rem
1638 4506 1817 4576 itaque

1940 948 2138 1016 locum,
2172 948 2263 1017 qui
2294 948 2556 1004 Sublaeus
2616 956 2855 1016 vocatur,
2916 948 3253 1019 perveniens,
3286 947 3424 1002 inter
3450 964 3543 1019 pe-

1943 1043 2137 1090 trarum
2169 1037 2441 1101 scissuras,
2478 1036 2533 1090 in
2583 1037 2870 1106 quemdam
2928 1036 3284 1091 arctissimum
3322 1051 3542 1105 specum

1938 1140 1996 1179 se
2025 1126 2264 1191 contulit,
2298 1125 2389 1179 ubi
2417 1125 2685 1180 desideria
2713 1124 2889 1180 carnis
2920 1126 3115 1179 mentis
3163 1124 3371 1179 ratione
3400 1141 3542 1179 mor-

1938 1211 2164 1280 tiﬁeans,
2198 1213 2365 1268 tribus
2393 1214 2547 1268 annis
2575 1213 2705 1267 nulli
2745 1213 3025 1269 hominum
3081 1221 3256 1281 notus,
3313 1221 3540 1285 excepto

1938 1301 2182 1356 Romano
2212 1304 2496 1370 monacho,
2553 1302 2768 1356 mansit.
2827 1301 3101 1356 Romanus
3143 1316 3271 1355 vero
3328 1301 3539 1357 abbatis

1936 1400 2038 1467 sui,
2070 1400 2327 1455 Adeodati
2358 1400 2594 1468 nomine,
2628 1400 2949 1471 aspectibus,
2981 1399 3126 1455 horis
3154 1399 3346 1469 quibus
3374 1406 3535 1469 pote-

1935 1497 2036 1555 rat,
2068 1506 2124 1543 se
2147 1490 2233 1559 pie
2261 1489 2593 1556 absentabat,
2626 1497 2678 1543 et
2707 1504 2868 1558 quem
2897 1505 2995 1544 suo
3050 1488 3264 1560 corpori
3321 1489 3532 1544 subtra-

1934 1586 2095 1640 hebat
2125 1604 2319 1657 panem
2352 1586 2635 1642 Benedicto
2667 1586 2937 1658 portabat.
2997 1586 3077 1640 Ad
3106 1586 3417 1657 przedictum
3447 1602 3538 1641 an-

1937 1682 2094 1740 trum,
2127 1676 2269 1744 quod
2300 1675 2398 1729 Dei
2432 1675 2665 1729 famulus
2700 1690 2797 1745 pro
2827 1674 2997 1746 patria
3027 1675 3351 1745 possidebat,
3409 1674 3536 1744 quia

1935 1771 2095 1825 nimis
2123 1771 2305 1843 gravis
2333 1778 2448 1826 erat
2527 1788 2799 1837 ascensus,
2860 1772 3133 1826 Romanus
3205 1770 3388 1826 venire
3421 1787 3528 1827 non

1937 1860 2183 1929 valebat;
2217 1860 2311 1913 sed
2343 1860 2397 1914 in
2426 1876 2579 1931 rupe,
2616 1876 2736 1929 qua:
2754 1860 2983 1930 desuper
2997 1860 3287 1926 eminebat,
3318 1860 3529 1931 longis-

1936 1955 2131 2009 simum
2163 1957 2509 2027 copulaverat
2542 1956 2745 2025 funem,
2781 1956 2834 2009 in
2890 1972 2995 2026 quo
3051 1972 3246 2027 panem
3302 1955 3526 2028 ligabat,

1931 2044 2021 2099 ubi
2053 2044 2212 2099 etiam
2245 2061 2469 2116 parvum
2516 2044 2736 2099 inseruit
2775 2045 3209 2113 tintinnabulum,
3260 2045 3330 2100 ad
3375 2045 3530 2115 cujus

1931 2142 2179 2197 videlicet
2208 2142 2546 2198 tintinnabuli
2576 2159 2769 2197 sonum
2799 2144 2882 2198 vir
2908 2151 3122 2198 sanctus
3151 2151 3331 2215 posset
3358 2159 3527 2216 agno-

1929 2248 2097 2297 scere,
2130 2232 2196 2286 ad
2222 2247 2279 2287 se
2308 2232 2609 2287 Romanum
2639 2248 2761 2286 cum
2818 2248 2959 2303 pane
3012 2233 3239 2287 venisse.
3283 2232 3390 2289 Sed
3420 2233 3529 2287 ini-

1930 2328 2100 2383 micus
2145 2329 2439 2383 amicorum
2496 2328 2595 2383 Dei
2658 2329 2923 2395 diabolus,
2958 2337 3218 2399 quatenus
3248 2338 3300 2384 et
3329 2330 3381 2384 in
3411 2330 3527 2385 Ro-

1930 2433 2091 2472 mano
2122 2418 2302 2489 ignem
2323 2417 2597 2472 eharitatis
2625 2417 3008 2489 exstingueret,
3041 2426 3094 2473 et
3122 2436 3153 2473 a
3180 2419 3328 2474 bona
3357 2418 3528 2475 inten-

1931 2505 2074 2561 tione
2094 2507 2362 2561 Benedicti
2393 2506 2633 2561 animum
2664 2508 2750 2562 vel
2784 2507 2928 2561 fame
2967 2515 3198 2579 cogente
3228 2516 3527 2575 revocaret,

1929 2595 2165 2667 lapidem
2393 2594 2638 2664 jactavit,
2672 2603 2725 2650 et
2752 2596 2897 2666 quod
2928 2595 3041 2650 funi
3074 2596 3246 2651 fuerat
3273 2596 3530 2651 insertum

1930 2692 2340 2747 tintinnabulum
2400 2691 2578 2764 fregit.
2638 2693 2814 2746 Bonus
2868 2699 3047 2747 tamen
3092 2692 3367 2747 Romanus
3393 2708 3530 2765 opus

1927 2782 2217 2850 charitatis,
2259 2782 2401 2851 quod
2432 2790 2688 2851 coeperat,
2753 2797 2861 2838 non
2908 2781 3141 2852 reliquit.
3174 2780 3531 2853 Omnipotens

1928 2886 2057 2925 vero
2087 2871 2229 2926 Deus
2257 2877 2309 2924 et
2362 2870 2625 2925 Dominus
2681 2870 2857 2925 bonus
2911 2878 3282 2926 remunerator
3311 2878 3365 2926 et
3409 2870 3531 2942 pius

1928 2958 2183 3033 indultor,
2215 2974 2338 3013 cum
2366 2958 2524 3013 beato
2556 2958 2669 3013 viro
2736 2958 3048 3035 Benedicto,
3107 2958 3162 3013 in
3190 2958 3343 3028 cujus
3371 2960 3536 3016 corde

1928 3055 1983 3101 et
2008 3063 2235 3117 corpore
2263 3047 2495 3101 mundus
2524 3055 2576 3101 et
2605 3047 2703 3102 ﬂos
2732 3046 2869 3116 ejus,
2886 3047 3074 3118 patria:
3090 3047 3322 3102 caelestis
3343 3064 3529 3104 amore

1930 3152 2145 3206 prorsus
2174 3143 2405 3200 eruerat,
2465 3134 2521 3189 in
2567 3137 2671 3189 hoc
2698 3135 2895 3192 saeculo
2942 3136 3251 3206 centuplum
3307 3135 3530 3191 reddere

1928 3231 2269 3299 decrevisset,
2304 3237 2359 3284 ut
2387 3229 2564 3298 prima
2622 3229 2979 3300 promissione
3007 3230 3295 3301 completa,
3331 3246 3531 3285 secun-

1928 3320 2074 3386 dam,
2107 3319 2272 3373 vitam
2295 3317 2543 3374 videlicet
2596 3325 2876 3386 aeternam,
2936 3318 3206 3390 perfectus
3242 3319 3531 3375 mundanas

1926 3407 2351 3479 imperfectionis
2379 3414 2721 3476 contemptor
2747 3422 2804 3461 se
2836 3414 3172 3479 recepturum
3229 3407 3533 3462 indubitan-

1928 3506 2008 3553 ter
2035 3504 2367 3569 agnosceret,
2400 3496 2619 3567 quidam
2650 3495 2906 3568 religioso
2939 3496 3270 3567 presbytero,
3304 3496 3394 3567 qui
3424 3497 3528 3552 sibi

1927 3596 1980 3649 in
2002 3594 2091 3649 die
2114 3596 2331 3649 Pascha:
2371 3593 2522 3649 cibos
2577 3594 2821 3664 parabat,
2880 3594 3144 3649 Dominus
3201 3611 3298 3665 per
3352 3595 3529 3650 visum

1926 3699 2186 3754 apparere
2216 3683 2500 3754 dignatur:
2559 3697 2790 3751 cumque
2838 3681 3127 3754 diligenter
3161 3682 3410 3738 sollicitat
3437 3682 3527 3737 di-

1925 3789 2053 3829 cens
2090 3791 2101 3827 :
2154 3773 2232 3827 Tu
2280 3772 2383 3827 tibi
2423 3771 2571 3827 cibos
2629 3770 2905 3826 delicatos
2946 3772 3183 3843 parasti,
3231 3775 3288 3827 et
3332 3786 3527 3829 servus

1924 3887 2086 3927 mea:
2110 3869 2445 3927 Benedictus
2456 3872 2609 3939 fame
2628 3870 2943 3926 cruciatur.
2975 3868 3077 3938 Qui
3092 3869 3216 3927 licet
3243 3878 3296 3925 et
3322 3871 3523 3936 locum.

1925 3968 1979 4014 et
2006 3961 2157 4014 illum
2187 3958 2403 4013 Domini
2429 3975 2643 4014 servum
2696 3957 2988 4031 ignoraret,
3049 3958 3228 4014 statim
3278 3960 3526 4031 surrexit,

1926 4057 1980 4104 et
2005 4047 2265 4118 quidquid
2308 4047 2376 4102 ad
2432 4046 2867 4101 manducandum
2914 4045 3018 4101 sibi
3066 4056 3369 4118 paraverat,
3424 4049 3523 4103 Dei

1928 4137 2201 4192 hominem
2233 4136 2505 4191 cibaturus
2558 4151 2740 4190 secum
2798 4136 3103 4207 assumpsit.
3163 4137 3225 4191 Et
3267 4136 3523 4207 quoniam

1925 4230 2278 4287 admonitioni
2306 4230 2505 4285 divinae
2529 4229 2747 4286 obedire
2786 4229 3011 4286 minime
3062 4230 3285 4307 distulit,
3338 4240 3523 4288 saneto

1927 4328 2128 4400 Spiritu
2172 4327 2253 4382 sui
2282 4326 2486 4382 itineris
2514 4326 2649 4381 duce
2678 4343 2861 4381 carere
2889 4342 2998 4383 non
3016 4329 3206 4399 potuit.
3238 4328 3358 4397 Quo
3373 4345 3520 4401 prae-

1925 4427 2015 4481 vio
2046 4426 2293 4498 pervenit
2318 4426 2386 4480 ad
2412 4426 2612 4501 locum,
2646 4425 2700 4479 in
2731 4442 2837 4495 quo
2866 4426 2950 4481 vir
3002 4435 3215 4481 sanctus
3242 4444 3302 4483 se
3330 4428 3516 4483 occul-

1927 4524 2044 4570 tans
2071 4515 2331 4570 latitabat.
2364 4514 2469 4583 Qui
2496 4515 2596 4569 soli
2626 4515 2741 4570 Deo
2773 4515 2986 4586 placere
3022 4516 3265 4593 cupiens,
3299 4532 3405 4572 non
3434 4532 3521 4573 so-

210 4619 422 4685 gestam
453 4627 575 4667 cum
606 4610 848 4680 ejusdem
878 4608 983 4665 loci
1039 4609 1250 4675 incolae,
1310 4624 1417 4664 nan
1448 4608 1666 4679 quidem
1698 4608 1815 4664 sine

1926 4618 2035 4673 lum
2069 4617 2272 4672 notitia)
2324 4616 2624 4680 hominum,
2682 4617 2778 4671 sed
2831 4617 2993 4672 etiam
3054 4633 3262 4687 eorum,
3321 4635 3442 4688 quae
3463 4620 3517 4673 in

210 4715 413 4773 magna
440 4699 813 4767 admiratione,
872 4698 1238 4771 agnovissent,
1296 4714 1458 4769 super
1516 4697 1658 4753 fores
1717 4698 1815 4753 Ec-

209 4788 410 4858 clesiae,
441 4806 562 4860 qua:
591 4788 665 4844 ibi
695 4789 751 4843 in
779 4790 984 4844 honore
1014 4788 1073 4844 C.
1105 4786 1244 4842 Petri
1303 4785 1568 4842 aediﬁcata
1618 4786 1810 4853 fuerat,

210 4907 309 4946 vas
335 4891 511 4962 ipsum
539 4892 947 4962 suspenderunt,
1006 4897 1267 4960 quatenus
1322 4904 1512 4944 omnes
1560 4904 1814 4960 agnosce'

208 4996 348 5056 rent,
381 4995 668 5059 praesentes
695 4987 898 5043 scilicet
953 4995 1005 5042 et
1064 4985 1243 5053 futuri,
1286 4984 1459 5040 ﬁdelis
1488 5001 1674 5041 servus
1704 4986 1811 5041 Do-

210 5085 343 5141 mini
373 5084 688 5141 Benedictus
715 5101 749 5139 a
803 5091 1003 5154 quanta
1060 5082 1389 5155 perfectione
1467 5082 1517 5137 ei
1572 5082 1798 5153 coeperit

210 5173 482 5229 famulari.
541 5173 825 5244 Templum
881 5179 1061 5227 autem
1117 5171 1346 5242 Spiritus
1402 5171 1570 5225 sancti
1629 5170 1805 5242 gratia

206 5272 493 5342 repletum,
524 5272 711 5326 laudes
730 5269 1010 5325 hominum
1066 5277 1118 5325 et
1174 5268 1589 5340 vituperationes
1620 5284 1803 5323 eorum

206 5361 400 5417 eodem
444 5360 626 5415 animo
670 5358 984 5429 suscipiens,
1230 5356 1489 5412 nutricem
1529 5373 1680 5411 suam
1723 5372 1804 5411 oc-

203 5458 346 5513 culte
374 5457 625 5525 deseruit,
657 5455 853 5511 deserti
884 5456 985 5510 loci
1015 5471 1281 5511 secessum
1341 5461 1527 5525 petens
1565 5453 1797 5508 amicum

201 5547 475 5620 religioni.
508 5544 627 5615 Quo
657 5546 785 5599 dum
818 5544 1074 5611 tenderet,
1133 5543 1346 5598 cuidam
1377 5544 1661 5609 monacho,
1704 5543 1801 5596 Ro-

203 5666 368 5706 mano
397 5649 636 5715 nomine,
667 5645 940 5715 obviavit;
974 5664 1006 5701 a
1034 5660 1140 5716 quo
1183 5645 1470 5717 diligenter
1498 5644 1796 5714 inquisitus,

202 5745 311 5816 pia:
349 5745 640 5800 voluntatis
665 5749 928 5798 secretum
960 5742 1008 5798 ei
1040 5742 1253 5797 tandem
1282 5743 1383 5797 sub
1430 5741 1647 5797 nomine
1675 5756 1802 5795 eon-

205 5833 456 5890 fessionis
496 5831 722 5904 aperuit.
782 5829 948 5899 Cujus
992 5831 1243 5885 devotam
1301 5829 1509 5885 Christo
1564 5828 1801 5885 animam

201 5956 329 6001 cum
357 5939 637 5996 Romanus
662 5936 961 5993 monachus
1014 5933 1375 6009 cognovisset,
1426 5951 1532 5992 non
1561 5934 1697 5989 sicut
1725 5933 1806 5990 in-

1923 4707 2123 4761 mundo
2142 4703 2343 4761 ﬁebant
2354 4705 2490 4760 adeo
2510 4720 2703 4777 expers
2723 4713 2838 4761 erat
2852 4706 3015 4775 quod,
3050 4707 3265 4777 quando
3290 4706 3514 4777 Pascha,

1921 4805 2006 4859 vel
2035 4803 2288 4874 quaelibet
2311 4802 2621 4858 solemnitas
2649 4809 2915 4875 ageretur,
2951 4802 3163 4874 penitus
3207 4802 3512 4875 ignorabat.

1920 4904 2081 4958 Facta
2109 4902 2287 4972 itaque
2316 4899 2556 4956 oratione
2587 4908 2707 4971 post
2760 4900 2938 4955 dulcia
2965 4901 3090 4955 vitae
3129 4901 3379 4973 perennis
3404 4902 3515 4958 col-

1916 5003 2118 5074 loquia,
2149 5002 2446 5078 presbyter,
2479 5001 2570 5071 qui
2627 5001 2696 5056 ad
2725 5018 2848 5055 cum
2880 5010 3117 5066 venerat,
3160 5001 3238 5057 sic
3265 5010 3507 5058 sanctum

1917 5091 2206 5162 alloquitur
2244 5092 2460 5162 :Surge,
2510 5094 2566 5146 et
2618 5090 2779 5148 ambo
2843 5091 3062 5161 pariter
3103 5107 3394 5147 sumamus
3429 5094 3508 5148 ci-

1915 5190 2065 5256 bum,
2102 5190 2235 5263 quia
2277 5188 2440 5245 hodie
2470 5187 2759 5261 paschalis
2775 5189 3107 5245 solemnitas
3153 5190 3499 5246 celebratur.

1916 5285 2085 5363 407
2141 5284 2236 5341 Cui
2292 5285 2375 5340 vir
2419 5285 2516 5340 Dei
2548 5285 2787 5354 protinus
2832 5284 3110 5355 respondit
3150 5304 3162 5339 :
3204 5286 3339 5342 Novi
3378 5288 3512 5357 quia

1912 5385 2125 5439 Pascha
2145 5387 2249 5449 est,
2263 5384 2531 5457 quoniam
2551 5383 2849 5438 humilitas
2860 5399 2985 5437 mea
3004 5381 3187 5438 videre
3206 5383 3507 5439 temeruit.

1907 5472 2250 5527 Honorabilis
2278 5472 2403 5527 vitae
2433 5472 2709 5543 presbyter
2754 5472 2881 5525 item
2923 5472 3149 5526 asseruit
3178 5491 3189 5526 :
3230 5473 3512 5528 Vcraciter

1909 5568 2070 5624 hodie
2087 5569 2205 5625 dics
2222 5573 2306 5626 est
2318 5569 2748 5625 resurrectionis
2765 5568 3071 5625 Dominicae
3087 5588 3106 5631 :
3121 5568 3404 5627 abstinere
3420 5569 3521 5625 tibi

1909 5673 2024 5712 non
2058 5658 2191 5713 licet
2209 5658 2269 5713 in
2311 5662 2429 5713 tam
2461 5658 2707 5729 gloriosa
2747 5657 3086 5728 festivitate.
3134 5659 3439 5729 Propterea
3472 5676 3509 5713 (ι

1910 5745 2143 5801 Domino
2160 5748 2363 5802 missus
2384 5762 2529 5813 sum,
2545 5750 2609 5802 ut
2629 5762 2791 5819 quem
2811 5745 2954 5800 mihi
2969 5745 3155 5802 cibum
3171 5762 3502 5818 paraveram

1913 5841 2018 5896 tibi
2045 5841 2270 5898 debeam
2300 5844 2653 5901 ministrare.
2714 5842 3097 5899 Benedieentes
3153 5843 3333 5913 itaque
3388 5844 3504 5899 Do-

1913 5938 2119 5994 minum
2148 5947 2200 5995 et
2245 5940 2443 6012 pariter
2495 5942 2676 5999 cibum
2736 5948 3026 6014 sumentes,
3086 5948 3210 6017 post
3235 5940 3504 6013 expletam
