3910 6418
495 420 598 474 279

1577 417 1908 475 GOFFRIDI
1949 418 2240 474 ABBATIS
2279 419 2826 474 VINDOCINENSIS

3731 419 3850 476 980

492 543 843 601 refectionem
867 551 918 598 et
947 552 1185 600 sanctam
1243 545 1676 613 collocutionem,
1738 561 1897 614 quem
1955 546 2100 600 Deus
2129 544 2184 606 Α
2215 546 2457 599 nedicttts
2487 545 2696 615 plenius
2720 544 2957 616 agnovit,
2999 559 3160 615 quam
3215 552 3338 600 ante
3391 543 3542 599 illum
3595 543 3850 614 quilibet

493 633 804 689 hominibus
835 634 1139 704 exemplum
1169 635 1310 689 bene
1363 634 1579 690 vivendi
1639 635 1808 689 voluit
1864 635 2095 689 demon-

495 731 661 778 strare
693 723 988 792 presbyter,
1016 723 1083 776 ad
1121 724 1590 792 Ecclesiamquam
1617 723 2094 794 regebatveniens,

495 827 594 867 nec
623 811 797 880 potuit
823 812 1090 865 occultare
1125 828 1221 866 nec
1258 813 1448 866 voluit.
1512 813 1678 866 Fama
1711 812 1872 883 igitur
1898 813 2100 866 discur-

495 909 641 956 rente
672 909 868 954 sancta:
896 900 1318 956 conversationis
1368 902 1529 969 illius,
1589 899 1863 955 Benedicti
1901 917 2096 955 nomen

495 1005 600 1044 non
631 989 971 1043 mediocriter
1000 990 1201 1044 mundo
1250 990 1498 1057 innotuit,
1542 990 1667 1060 quia
1722 991 1897 1059 posita
1937 1006 2100 1059 super

494 1087 874 1141 candelabrum
907 1087 1123 1142 lucerna
1151 1087 1314 1142 latere
1365 1105 1474 1143 non
1506 1087 1696 1158 potuit,
1754 1104 1874 1157 qua:
1907 1089 1960 1141 in
1993 1091 2096 1142 ho-

494 1175 727 1230 minibus
757 1187 1098 1246 peccatorum
1133 1178 1379 1232 tenebras
1411 1177 1607 1248 fugans
1637 1185 1685 1231 et
1717 1193 1904 1231 eorum
1947 1194 2097 1230 men-

493 1273 570 1318 tes
596 1265 880 1335 splendore
929 1265 1088 1320 bome
1140 1267 1368 1320 actionis
1421 1267 1700 1333 irratlians,
1745 1267 1799 1320 in
1856 1282 2096 1321 amorem

484 1356 570 1410 sui
599 1356 865 1410 Creatoris
893 1357 1172 1411 convertit.
1227 1358 1318 1411 Vir
1347 1359 1444 1412 iste
1473 1358 1759 1412 laudabilis
1793 1358 1937 1422 vitm,
1962 1358 2097 1412 mira

490 1453 629 1510 sunt,
660 1445 754 1498 sed
800 1444 923 1498 ﬁdei
981 1445 1338 1500 admiratione
1398 1447 1644 1501 miranda
1705 1464 1825 1516 quae
1887 1449 1942 1500 in
1997 1449 2097 1500 hoc

491 1534 714 1600 mundo,
746 1533 979 1588 Domino
999 1543 1349 1605 cooperante,
1412 1537 1647 1606 peregit.
1706 1537 1845 1589 Nam
1905 1544 2100 1606 przeter

491 1623 753 1693 Regulam
785 1625 1192 1692 monachorum,
1224 1625 1317 1678 ubi
1348 1624 1620 1678 invenitur
1648 1626 2098 1695 omnispert‘ectio

489 1719 790 1801 hominum,
827 1736 986 1789 quam
1012 1720 1245 1775 dictante
1277 1721 1478 1792 Spiritu
1501 1730 1686 1776 sancto
1742 1723 1970 1799 scripsit,
2001 1739 2102 1776 nec

491 1809 604 1874 lpse
659 1804 878 1874 quidem
936 1805 1112 1859 minus
1168 1806 1404 1876 perfecte
1482 1806 1618 1860 vixit
1679 1823 1840 1876 quam
1896 1807 2096 1862 docuit.

491 1901 694 1955 Omnes
730 1909 944 1956 sanctos
1000 1919 1062 1956 ac
1092 1903 1426 1957 venerabiles
1467 1905 1662 1971 Patres,
1711 1911 1972 1974 quotquot
2028 1905 2096 1958 ab
2127 1903 2178 1963 Β

492 1997 641 2053 initio
697 1999 877 2054 saeculi
937 1999 1166 2066 fuerunt,
1233 2000 1470 2055 imitatus
1517 2001 1781 2055 veraciter
1844 2002 2099 2071 agnosci—

499 2102 598 2162 tur,
630 2094 721 2164 qui
751 2102 844 2149 aut
870 2095 1100 2166 zequale,
1133 2104 1226 2151 aut
1253 2113 1388 2168 opus
1415 2097 1612 2164 simile,
1676 2097 1819 2167 quod
1853 2098 1927 2151 illi
1961 2098 2101 2152 fece-

492 2200 634 2258 runt,
670 2193 856 2247 fecisse
913 2193 1136 2248 minime
1191 2194 1484 2249 dubitatur.
1546 2195 1698 2250 Unde
1753 2195 1942 2249 merito
1991 2211 2100 2250 non

495 2291 740 2346 omnium
789 2291 1058 2360 justorum
1114 2292 1358 2362 spiritum
1599 2293 1848 2348 habuisse
1898 2301 2099 2347 tantum

495 2387 590 2440 sed
617 2387 858 2442 omnium
873 2387 1140 2457 justorum
1161 2389 1358 2458 spiritu
1389 2391 1577 2461 plenus
1610 2391 1768 2444 fuisse
1801 2391 2100 2446 insecundo

495 2475 634 2531 libro
665 2477 1015 2547 Dialogorum
1049 2479 1216 2533 sancti
1251 2478 1502 2550 Gregorii
1534 2480 1818 2534 laudabilis
1854 2481 1978 2535 vita:
2006 2481 2102 2535 do-

497 2565 677 2630 ctoris,
710 2565 800 2634 qui
829 2566 1196 2621 venerabilem
1251 2567 1418 2622 vitam
1477 2568 1620 2622 illius
1652 2569 1880 2639 scripsit,
1913 2570 2104 2638 praedi-

497 2661 664 2708 catur.
719 2654 879 2708 Nulla
914 2655 1120 2710 ratione
1175 2655 1440 2710 silendum
1493 2665 1592 2723 est,
1624 2657 1718 2712 sed
1759 2657 1980 2712 veritate
2010 2658 2098 2711 di-

499 2747 727 2802 cendum
783 2749 1056 2816 quomodo
1085 2749 1328 2804 Romano
1385 2751 1649 2805 monacho
1705 2757 1828 2805 tunc
1884 2750 2096 2818 licebat,

495 2844 610 2898 sine
639 2843 719 2898 sui
749 2845 958 2899 abbatis
990 2845 1202 2900 licentia
1255 2847 1534 2916 quodlibet
1587 2864 1722 2918 opus
1776 2849 1977 2903 bonum
2013 2866 2102 2918 pa-

496 2939 655 2998 trare,
687 2949 807 2987 cum
840 2934 1117 2989 monachis
1171 2935 1332 2990 modo
1362 2952 1469 2990 non
1527 2937 1702 2991 liceat.
1737 2938 1850 2991 Hoc
1917 2939 2096 3006 utique

493 3017 620 3072 satis
647 3019 972 3090 agnoscitur,
1030 3020 1074 3072 si
1133 3027 1364 3089 tempus,
1434 3029 1487 3075 et
1517 3023 1774 3090 temporis
1805 3023 1937 3076 ordo
1964 3023 2094 3076 dili-

491 3115 682 3177 genter
729 3116 1002 3176 pensatur.
1073 3108 1306 3164 Fuerunt
1361 3126 1596 3179 namque
1669 3119 1794 3165 ante
1851 3119 2093 3166 sanctum

492 3194 838 3250 Benedictum
880 3197 1102 3252 abbates
1139 3207 1192 3252 et
1233 3198 1490 3252 abbatum
1551 3199 1926 3265 institutiones,
1959 3201 2095 3255 sicut

492 3301 616 3348 ante
661 3294 927 3350 Christum
1011 3295 1288 3366 legislator
1341 3297 1542 3351 exstitit
1606 3300 1832 3368 Moyses.
1893 3301 2094 3353 Bonam

495 3391 711 3460 quidem
744 3401 795 3447 et
843 3402 1082 3448 sanctam
1142 3395 1365 3449 Judaico
1415 3396 1618 3466 populo
1677 3397 1886 3466 Moyses
1923 3398 2096 3451 attulit

489 3479 688 3552 legem,
713 3483 806 3536 sed
838 3483 1079 3537 Christus
1106 3483 1405 3538 Christiano
1434 3485 1634 3554 populo
1665 3485 1888 3539 Contulit
1915 3486 2097 3540 melio-

489 3585 626 3624 rem.
651 3573 730 3626 lta
759 3572 927 3625 sancti
958 3571 1058 3627 viri
1090 3572 1232 3626 illius
1289 3573 1546 3642 temporis
1583 3575 1874 3628 secundum
1913 3575 2094 3627 datam

491 3657 594 3712 sini
623 3659 790 3713 aDeo
845 3659 1077 3730 gratiam
1133 3663 1519 3714 monachorum
1574 3659 1725 3731 leges
1777 3669 2092 3727 statuerunt,

489 3755 582 3810 sed
614 3756 770 3810 Pater
796 3773 857 3811 ac
889 3757 1082 3829 legifer
1139 3765 1321 3812 noster
1367 3758 1710 3824 Benedictus,
1739 3759 1877 3813 sicut
1907 3776 1939 3814 a
1979 3760 2094 3814 Deo

493 3843 756 3913 majorem
786 3847 1018 3917 gratiam
1076 3847 1334 3918 percepit,
1373 3846 1444 3900 ita
1468 3847 1747 3901 meliorem
1795 3848 1972 3920 legem
2004 3849 2092 3902 in-

496 3933 684 3988 stituit.
718 3935 858 3988 Nam
890 3935 1150 4005 quidquid
1182 3935 1258 3990 illi
1313 3935 1490 3989 minus
1519 3937 1604 3990 vel
1634 3937 1865 4007 amplius
1898 3937 2098 3992 iacien-

491 4021 619 4076 dum
649 4024 1035 4094 przedixerunt,
1091 4025 1177 4079 vel
1231 4023 1344 4079 fieri
1395 4024 1769 4095 permiserunt,
1831 4026 1944 4095 ipse
1973 4037 2095 4098 post

490 4110 611 4166 illos
637 4113 894 4167 correxit.
932 4113 1084 4168 Unde
1129 4113 1427 4180 monachis,
1486 4121 1545 4168 ut
1592 4131 1758 4185 opera
1805 4115 1950 4170 bona
1978 4117 2091 4170 sine

488 4207 778 4277 spiritualis
833 4211 1000 4263 Patris
1057 4210 1272 4265 licentia
1317 4211 1540 4264 minime
1599 4211 1824 4278 faciant,
1891 4212 2090 4268 idcirco

490 4321 632 4359 nunc
679 4305 1008 4377 prohibetur,
1091 4323 1158 4362 ne
1214 4307 1496 4378 quisquam
1554 4325 1738 4363 eorum
1815 4311 2090 4380 propriam

490 4393 820 4449 voluntatem
851 4396 950 4450 sub
977 4395 1157 4466 specie
1213 4396 1444 4467 pictatis,
1503 4397 1587 4450 vel
1617 4397 1903 4466 cujuslibet
1933 4399 2092 4454 bona:

493 4483 842 4552 operationis,
875 4493 1144 4553 sequatur.
1202 4485 1266 4538 Et
1312 4500 1409 4555 per
1459 4487 1562 4540 hoc
1621 4487 1858 4541 maxime
1915 4488 2090 4556 qualis

2126 3262 2174 3324 C

2208 635 2463 688 abbatum
2520 642 2612 687 aut
2664 633 2836 688 noluit
2878 634 3138 699 revelare,
3183 641 3274 688 aut
3301 633 3476 687 minus
3525 633 3841 686 intellexit.

2206 724 2479 777 Romanus
2509 723 2672 793 igitur
2694 723 2747 776 in
2791 723 2882 776 illo
2936 739 3033 777 suo
3091 722 3231 778 facto
3285 723 3477 777 merito
3534 722 3833 786 laudatur,

2208 811 2330 882 quia
2361 811 2458 864 ista
2513 820 2567 866 et
2618 811 2866 880 quaedam
2935 811 3040 866 alia
3096 811 3374 866 monachis
3395 818 3524 864 tunc
3552 810 3837 872 licebant,

2209 927 2328 980 qum
2360 926 2495 963 nunc
2525 909 2892 980 prohibentur.
2928 909 3063 964 Sunt
3090 909 3287 963 etenim
3345 908 3594 979 quaedam
3651 908 3836 972 bona,

2207 1015 2328 1069 quae
2345 998 2490 1070 prius
2520 999 2735 1068 quidem
2771 998 2928 1052 licere
2957 1006 3198 1066 possunt,
3231 999 3323 1051 sed
3380 997 3562 1052 illicita
3625 1006 3838 1068 postea

2207 1087 2357 1142 fiunt.
2389 1089 2526 1142 Nam
2559 1087 2837 1142 monachis
2864 1087 3005 1142 illius
3045 1087 3299 1158 temporis
3343 1087 3435 1142 illa
3464 1087 3836 1142 humanitatis

2206 1193 2371 1247 opera
2401 1177 2650 1240 licebant,
2685 1177 2810 1246 quia
2839 1191 2896 1231 se
2927 1191 3035 1229 non
3100 1175 3169 1230 ab
3226 1175 3329 1230 illis
3365 1175 3621 1246 operibus
3653 1176 3837 1229 absti-

2207 1291 2331 1329 nere
2363 1275 2736 1345 promiserant.
2795 1273 3066 1328 Modernis
3109 1289 3236 1328 vero
3267 1274 3341 1328 sic
3389 1273 3479 1328 illa
3509 1273 3678 1328 licere
3711 1274 3832 1327 mi-

2207 1365 2350 1418 nime
2382 1372 2620 1434 possunt,
2658 1363 2746 1432 qui
2778 1380 2872 1416 nec
2896 1363 3006 1429 illa,
3039 1378 3135 1416 nec
3166 1362 3270 1417 alia
3298 1363 3440 1417 bona
3481 1362 3667 1417 facere
3699 1363 3830 1416 sine

2206 1459 2494 1530 spiritualis
2525 1459 2689 1530 patris
2746 1460 3018 1514 voluntate
3075 1461 3426 1528 devoverunt,
3480 1468 3532 1514 et
3559 1459 3672 1514 fide
3706 1478 3827 1514 sum

2209 1547 2554 1617 professionis
2599 1547 2967 1616 ﬁrmaverunt,
3003 1564 3163 1618 quam
3211 1547 3458 1602 videlicet
3515 1565 3630 1602 suae
3693 1565 3826 1620 pro—

2211 1633 2454 1687 fessionis
2481 1633 2663 1698 tidem,
2723 1633 3017 1686 secundum
3076 1633 3337 1704 Regulam
3393 1633 3449 1688 8.
3483 1633 3812 1700 Benedicti,

2209 1731 2494 1784 tenendam
2525 1747 2707 1785 coram
2764 1731 2898 1796 Deo,
2931 1740 2980 1786 et
3035 1733 3232 1786 sanctis
3277 1731 3395 1800 ejus
3423 1733 3819 1801 promiserunt.

2208 1819 2352 1874 Licet
2383 1819 2542 1874 etiam
2574 1819 2804 1886 mulieri,
2836 1820 2879 1872 si
2911 1819 3155 1886 voluerit,
3190 1819 3409 1884 nubere,
3443 1820 3566 1890 quia
3587 1821 3639 1873 ei
3674 1821 3822 1874 bene

2208 1917 2535 1972 conceditur.
2571 1917 2676 1971 Sed
2705 1917 2747 1970 si
2781 1917 3142 1988 virginitatem
3173 1918 3397 1984 voverit,
3423 1926 3474 1972 et
3502 1926 3697 1987 postea
3729 1935 3824 1971 nu-

2208 2007 2392 2075 pserit,
2427 2022 2517 2060 rea
2541 2006 2823 2061 tenebitur.
2858 2007 3064 2061 Bonum
3113 2013 3193 2060 est
3241 2013 3418 2061 tamen
3461 2006 3816 2078 conjugium,

2208 2104 2301 2158 sed
2330 2104 2586 2175 conjugio
2731 2102 2778 2179 ο
2811 2104 3090 2175 virginitas
3118 2104 3326 2159 melior.
3379 2103 3466 2159 Sic
3503 2113 3818 2160 sanctorum

2212 2200 2626 2270 pra-cedentium
2678 2203 2892 2256 Patrum
2925 2201 3100 2256 omnis
3155 2201 3411 2257 institutio
3480 2209 3557 2255 est
3589 2201 3816 2271 quidem

2206 2290 2368 2355 bona,
2402 2289 2496 2344 sed
2526 2290 2848 2345 venerabilis
2903 2290 3172 2345 Benedicti
3231 2291 3392 2363 longe
3442 2291 3814 2359 praestantior.

2207 2378 2340 2448 Qum
2369 2388 2490 2433 ante
2520 2379 2667 2433 illum
2725 2381 2906 2434 Patres
2969 2380 3136 2434 sancti
3193 2381 3596 2444 constituerunt,
3659 2380 3814 2433 velut

2207 2477 2293 2531 lex
2323 2477 2510 2548 Moysi,
2543 2476 2676 2532 dura
2712 2485 2765 2532 et
2811 2494 3000 2548 aspera
3051 2477 3283 2532 fuerunt.
3346 2476 3614 2547 Sapientis
3677 2493 3812 2532 vero

2207 2566 2476 2621 Benedicti
2535 2567 2791 2621 institutio
2848 2574 3048 2634 sancta,
3112 2567 3292 2621 suavis
3338 2573 3392 2620 et
3429 2566 3563 2620 levis
3618 2573 3719 2632 est,
3757 2575 3812 2620 et

2209 2672 2378 2718 matre
2417 2665 2669 2718 virtutum
2701 2663 3019 2720 discretione
3050 2664 3298 2720 videlicet
3327 2664 3502 2736 plena.
3535 2664 3805 2734 Antiquo-

2205 2770 2322 2806 rum
2371 2753 2574 2807 sanctio
2623 2754 2858 2819 Patrum,
2921 2753 3070 2823 quasi
3130 2754 3324 2809 veteris
3383 2753 3516 2825 legis
3569 2753 3805 2807 cultores

2207 2842 2410 2895 habuit.
2468 2843 2590 2895 Pius
2635 2850 2811 2896 autem
2871 2850 2922 2895 et
2977 2843 3234 2896 discretus
3281 2843 3436 2896 Pater
3487 2841 3803 2896 Benedictus

2205 2931 2415 2985 illorum
2473 2938 2666 2985 statuta
2727 2939 2978 3000 tanquam
3018 2931 3166 2986 durze
3241 2931 3376 3003 legis
3430 2931 3797 2986 auctoritatem

2205 3035 2530 3100 temperans,
2563 3045 2659 3083 nos
2704 3045 2858 3083 novre
2910 3029 3100 3099 gratiae
3127 3027 3266 3084 ﬁlios
3327 3028 3642 3099 procreavit.
3703 3029 3800 3083 Illa

2205 3126 2354 3196 quasi
2387 3133 2566 3181 vetera
2587 3143 2724 3198 pene
2754 3128 2837 3181 vel
2869 3127 3079 3198 penitus
3133 3128 3315 3183 omnia
3370 3127 3704 3192 transierunt,
3745 3134 3798 3180 et

2205 3238 2330 3276 ecce
2359 3238 2390 3275 a
2421 3222 2457 3276 8
2489 3222 2775 3277 Benedicto
2813 3222 2952 3277 facta
2995 3231 3118 3276 sunt
3171 3239 3327 3277 nova.
3360 3223 3456 3276 llla
3485 3221 3644 3276 etiam
3675 3227 3796 3274 tan-

2205 3336 2366 3388 quam
2399 3318 2588 3373 umbra
2619 3328 2673 3373 et
2702 3319 2875 3391 figura
2909 3319 3097 3375 futura}
3145 3321 3454 3374 monasticae.
3482 3319 3605 3373 vitae
3637 3318 3797 3372 fuisse

2205 3415 2471 3482 videntur,
2505 3417 2598 3471 sed
2631 3434 2728 3488 per
2783 3417 3109 3472 laudabilem
3167 3418 3375 3472 Patrem
3434 3416 3791 3484 Benedictum,

2204 3513 2531 3574 cooperante
2562 3506 2761 3575 Spiritu
2793 3515 2996 3572 sancto,
3044 3515 3122 3560 est
3151 3507 3346 3562 veritas
3392 3507 3641 3561 revelata.
3674 3508 3792 3574 Ipse

2205 3602 2387 3649 tamen
2407 3611 2506 3664 pro
2537 3613 2734 3668 magna
2756 3613 2851 3651 sua
2881 3596 3177 3651 humilitate
3228 3597 3284 3650 S.
3345 3595 3521 3651 Basilii
3558 3601 3609 3648 et
3660 3611 3792 3666 prie-

2203 3691 2508 3746 cedentium
2537 3692 2703 3747 vitam
2733 3700 2785 3746 et
2823 3709 2988 3762 opera
3035 3693 3268 3759 Patrum,
3318 3693 3402 3748 vel
3453 3708 3547 3747 sua
3592 3699 3784 3757 tacens,

2202 3781 2286 3835 vel
2318 3781 2468 3850 quasi
2503 3781 2714 3835 modica
2743 3782 2948 3847 dicens,
2978 3782 3159 3836 laudat
3213 3789 3264 3834 et
3329 3781 3566 3835 miratur.
3621 3781 3790 3834 Bonus

2201 3866 2464 3934 Optimum
2505 3867 2808 3936 discipulus
2836 3867 3151 3939 Magistrum
3191 3866 3446 3935 imitatus,
3490 3867 3578 3936 qui
3635 3865 3787 3920 taceri

2201 3955 2566 4024 praecipiebat,
2598 3972 2718 4009 cum
2751 3971 2836 4022 ea,
2869 3972 2971 4025 que
3002 3956 3114 4009 sine
3144 3955 3259 4026 ipso
3291 3956 3593 4010 nemoalius
3619 3953 3784 4009 facere

2199 4060 2410 4122 poterat
2437 4053 2778 4122 operabatur.
2810 4054 2874 4107 Et
2903 4054 3118 4123 quidem
3145 4053 3219 4106 illi
3249 4052 3411 4107 nostri
3468 4052 3629 4107 sancti
3655 4067 3788 4121 prte-

2200 4140 2526 4207 decessores,
2553 4142 2641 4212 qui
2673 4158 2772 4196 nos
2827 4149 3212 4211 praecesserunt
3241 4141 3310 4196 ad
3360 4141 3591 4196 sidereas
3640 4157 3783 4195 man-

2200 4239 2397 4305 siones,
2433 4247 2483 4294 et
2513 4239 2764 4311 religiose
2793 4239 3060 4306 vixerunt,
3094 4246 3145 4292 ct
3175 4239 3423 4311 religiose
3453 4239 3778 4308 scripserunt.

2203 4327 2309 4382 Sed
2338 4327 2475 4382 sicut
2499 4337 2621 4397 post
2668 4328 2856 4382 beatos
2904 4335 3010 4382 tres
3051 4328 3426 4400 evangelistas,
3489 4329 3776 4382 Matthaaum

2196 4417 2416 4482 scilicet,
2448 4418 2644 4470 Lucam
2677 4425 2730 4471 et
2759 4418 3017 4484 Marcum,
3051 4433 3236 4471 eorum
3294 4423 3510 4486 quartus
3564 4417 3777 4471 Joannes

2197 4515 2470 4586 apostolus
2497 4515 2726 4584 scripsit,
2768 4523 2820 4568 et
2841 4515 3052 4582 melius,
3085 4515 3161 4569 sic
3189 4515 3272 4569 vir
3326 4515 3420 4568 iste
3461 4515 3640 4569 beatus
3665 4523 3771 4582 post

489 4587 772 4684 et‘quanm
799 4581 867 4684 Si“
893 4581 1056 4680 νίῐςωδ
1112 4582 1437 4684 οδθίξίθηῐξίθ
1493 4583 1816 4684 οεῐθιξξῙίίυξι
1849 4601 1951 4684 (ἰαὶ)
1983 4601 2086 4684 ηοοη
2118 4622 2170 4682 D
2203 4581 2336 4658 alios
2375 4604 2558 4658 Patres
2604 4581 3026 4658 _monachorum
3083 4603 3344 4675 Regulam
3407 4603 3627 4674 scripsit,
3668 4581 3772 4672 qua

487 4669 662 4724 solum
720 4671 863 4724 mala
919 4671 1107 4738 vitare,
1166 4671 1259 4726 sed
1307 4671 1469 4726 etiam
1499 4672 1872 4741 aquibusdam
1931 4675 2090 4729 bonis

489 4759 743 4828 operibus
771 4759 996 4814 subditis
1050 4760 1317 4815 abstinere
1373 4761 1702 4832 przecipitur.
1763 4763 1898 4817 Cum
1931 4763 2096 4836 igitur

488 4856 694 4930 alligati
932 4858 1148 4914 funibus
1176 4858 1500 4914 obedientiae
1537 4859 1734 4914 subditi
1765 4877 1829 4914 ea
1861 4877 1965 4916 non
2005 4862 2092 4916 fa-

489 4956 637 5012 ciunt
663 4973 784 5027 qua:
813 4957 915 5011 sibi
943 4957 1089 5011 bona
1119 4957 1385 5022 videntur,
1417 4973 1637 5012 necesse
1665 4965 1765 5022 est,
1817 4965 1874 5011 ut
1901 4958 1954 5012 hi
2003 4960 2091 5028 qui

491 5059 568 5113 eis
587 5067 842 5130 praesunt,
875 5073 941 5113 ex
969 5075 1066 5113 sua
1119 5065 1274 5128 parte
1328 5058 1474 5113 bona
1531 5058 1919 5126 demonstrent,
1971 5078 2092 5130 quae

489 5170 795 5232 Operentur.
828 5161 978 5217 Hanc
1005 5161 1330 5217 obedientiae
1365 5160 1594 5216 formam
1641 5161 1904 5216 Dominus
1928 5163 1980 5216 in
1997 5181 2091 5234 pa-

489 5261 666 5315 radiso
685 5259 998 5330 parentibus
1053 5259 1241 5331 primis
1289 5259 1492 5329 primus
1540 5257 1796 5325 instituit;
1849 5261 1938 5330 qui
1967 5279 2088 5317 cum

489 5371 679 5410 omnes
704 5357 838 5412 alias
867 5357 1098 5427 paradisi
1128 5357 1348 5412 arbores
1385 5356 1464 5410 eis
1493 5357 1862 5424 concessisset,
1925 5375 2088 5412 unam

489 5452 778 5520 interdixit,
812 5463 1072 5524 quatenus
1099 5456 1349 5510 videlicet
1384 5455 1484 5527 ipsi
1551 5465 1909 5528 agnoscerent
1940 5459 2083 5528 quod

488 5540 778 5596 Dominum
821 5550 872 5597 et
918 5545 1234 5617 magistrum
1292 5562 1454 5616 super
1502 5562 1560 5600 se
1609 5547 1898 5615 habebant,
1934 5547 2088 5616 cujus

486 5643 744 5698 voluntati
773 5644 990 5699 obedire
1019 5647 1306 5702 debebant.
1367 5646 1470 5716 Qui
1523 5664 1630 5702 non
1677 5648 1798 5704 ideo
1831 5666 2087 5718 peccave-

483 5737 625 5796 runt,
657 5732 801 5800 quod
830 5734 1031 5787 malum
1069 5743 1208 5788 esset
1254 5751 1476 5805 pomum
1509 5737 1653 5804 quod
1712 5740 2080 5798 comederunt.

489 5819 582 5872 sed
610 5820 736 5888 quia
766 5821 908 5888 quod
955 5822 1158 5876 bonum
1188 5829 1303 5877 erat
1347 5831 1534 5877 contra
1582 5825 1920 5880 interdictum
1979 5829 2086 5883 Do-

490 5914 620 5968 mini
661 5917 964 5986 tetigerunt.
1021 5917 1192 5985 Hujus
1233 5918 1525 5973 obdientiae
1579 5921 1828 5977 virtutem
1877 5923 1934 5978 S.
1987 5926 2083 5979 Be-

2201 4701 2454 4762 tanquam
2486 4692 2739 4747 dulcioris
2783 4693 3056 4747 charitatis
3107 4699 3391 4759 cremento,
3459 4692 3580 4746 vivo
3625 4690 3768 4762 lapidi

2202 4791 2410 4845 Christo
2439 4791 2657 4844 homine
2689 4780 2998 4862 diligentius
3138 4789 3178 4864 1
3196 4789 3279 4864 ,1
3300 4788 3345 4864 7
3365 4789 3562 4861 jungit,
3589 4789 3648 4843 de
3673 4805 3766 4860 quo

2202 4888 2462 4943 veraciter
2489 4888 2666 4942 dicere
2696 4904 2999 4958 possumus,
3033 4896 3084 4943 et
3113 4887 3334 4942 ﬁrmiter
3385 4887 3596 4942 credere
3630 4886 3765 4940 dcbe

2203 5008 2321 5044 mus
2349 4991 2491 5060 quod
2521 5007 2552 5044 a
2572 4991 2685 5044 Deo
2715 4990 2870 5044 nobis
2902 4990 2968 5044 sit
2998 4998 3251 5060 tanquam
3284 4989 3552 5060 apostolus
3598 4997 3640 5043 et
3681 5005 3761 5041 an-

2200 5080 2355 5152 gelus
2383 5081 2700 5134 destinatus.
2749 5081 2886 5132 Nam
2921 5079 3051 5133 illun
3083 5080 3278 5134 idcirco
3310 5078 3465 5132 nobis
3493 5077 3760 5148 specialiter

2202 5169 2343 5222 misit
2371 5170 2514 5224 Deus
2545 5177 2596 5222 ut
2627 5169 2758 5239 ipsa?
2817 5168 3060 5224 formatae
3113 5177 3164 5223 et
3209 5169 3458 5223 formoszr
3513 5168 3626 5222 vita:
3663 5183 3756 5220 sua?

2199 5276 2451 5346 exemplo
2481 5292 2578 5329 nos
2608 5274 2822 5346 proprie
2861 5284 2912 5329 et
2940 5275 3282 5346 singulariter
3337 5275 3650 5340 informaret,
3680 5281 3754 5328 at-

2199 5391 2303 5444 que
2349 5391 2460 5427 sua:
2515 5374 2756 5427 doctrina
2811 5373 3089 5442 sapientiae
3134 5373 3290 5427 nobis
3319 5389 3439 5442 quae
3486 5379 3597 5426 sunt
3635 5372 3751 5426 bona

2199 5471 2531 5526 familiariter
2557 5471 2841 5525 nuntiaret.
2875 5472 3028 5524 Illum
3061 5471 3220 5526 etiam
3246 5478 3429 5541 pestsc
3461 5470 3746 5540 praecipuum

2197 5562 2428 5625 Patrem,
2461 5568 2752 5628 pastorem,
2787 5561 3053 5616 medicum
3109 5567 3159 5614 et
3184 5560 3500 5632 magistrum
3551 5559 3748 5614 decrevit

2193 5675 2306 5713 (esse
2339 5661 2741 5713 monachorum.
2777 5659 2928 5712 Hunc
2977 5657 3138 5729 igitur
3195 5657 3556 5712 beatissimum
3580 5656 3744 5720 virum,

2190 5747 2567 5816 praecordiales
2587 5747 2743 5800 amici
2775 5755 2826 5800 et
2859 5747 3066 5810 fratres,
3099 5747 3259 5802 corde.
3291 5754 3340 5800 et
3371 5762 3464 5800 ore
3517 5745 3740 5815 supplici-

2191 5845 2270 5890 ter
2325 5851 2629 5902 exoremus,
2684 5842 2946 5906 quatenus
2999 5836 3170 5901 Pater,
3226 5841 3420 5906 pastor,
3473 5833 3683 5888 medicus
3701 5841 3742 5887 et

2191 5925 2449 5995 magister
2476 5924 2553 5980 sic
2609 5932 2789 5979 noster
2849 5941 2964 5979 esse
3002 5924 3274 5996 dignetur,
3329 5929 3387 5978 ut
3421 5923 3512 5994 pia
3535 5922 3738 5991 paterni-
