3910 6404
186 418 283 469 281

896 410 1138 466 TRACT.
1181 408 1272 464 DE
1310 409 1640 468 ORDINAT.
1682 414 1915 469 EPISC-
1940 414 2026 468 ET
2064 414 2159 471 DE
2194 414 2539 470 INVESTIT.
2581 417 2760 471 LAIC.

3375 420 3479 474 282

177 544 293 611 tate
322 551 425 592 nos
452 535 674 604 nutriat,
706 535 915 591 animas
939 542 1165 590 nostras
1196 542 1386 606 pascat
1441 552 1582 607 pane
1612 536 1777 592 virtu-
1807 540 1860 599 Α
1890 553 2028 604 mur,
2052 537 2144 610 qui
2170 545 2253 593 est
2279 538 2441 595 dator
2468 547 2522 595 et
2552 539 3211 595 remuneratorbonorum
3224 555 3473 611 operum,

178 634 315 693 tum,
348 625 667 681 vulneribus
696 633 1044 697 peccatorum
1077 632 1129 678 et
1153 622 1441 679 criminum
1471 633 1780 682 nostrorum

176 714 480 781 medeatur,
512 723 563 769 et
594 729 693 769 suo
724 712 1048 785 magisterio
1083 712 1373 785 diligenter
1430 714 1628 782 edocti,
1663 731 1781 787 quae

178 805 323 860 bona
355 810 480 858 sunt
505 818 822 875 operemur,
860 809 913 857 et
942 801 1011 857 ad
1040 800 1215 872 ipsum
1245 803 1530 872 pervenire
1568 820 1781 860 merea-

1892 626 2038 682 Deus
2093 633 2145 681 et
2204 626 2468 683 Dominus
2516 632 2704 684 noster
2748 630 2927 695 Jesus,
2960 628 3048 700 qui
3097 643 3220 684 cum
3250 630 3480 686 Patreet

1890 714 2087 785 Spiritu
2119 724 2310 771 sancto
2330 716 2464 772 vivit
2493 725 2543 773 et
2574 723 2772 790 regnat
2824 733 2921 790 per
2941 717 3119 775 omnia
3140 718 3338 774 saecula
3382 736 3480 776 sae-

1890 804 2156 861 culorum.
2187 806 2359 860 Amen
2372 848 2386 861 .

178 982 3462 1009 Μ

1546 1114 2033 1209 LECTORI
2060 1185 2080 1205 .

249 1340 418 1415 Pene,
449 1341 513 1393 ut
554 1340 725 1415 vides,
759 1341 1081 1415 consilium,
1094 1342 1288 1411 fuerat
1321 1338 1470 1415 hunc
1531 1338 1787 1393 libellum
1827 1339 2107 1415 omittere,
2143 1340 2285 1415 quod
2314 1340 2475 1415 aliud
2524 1343 2675 1399 nihil
2706 1342 2991 1400 videretur
3037 1359 3207 1415 quam
3262 1340 3486 1415 aliquot

179 1410 601 1487 opusculorum,
627 1411 729 1465 hoc
748 1416 903 1487 eslz,
927 1417 978 1480 3,
998 1414 1049 1481 4,
1070 1409 1122 1476 £5,
1140 1415 1169 1465 6
1187 1426 1369 1487 unum
1399 1409 1459 1463 in
1490 1424 1688 1487 corpus
1712 1412 1977 1487 congesta
2009 1409 2292 1487 repetitio.
2316 1413 2516 1468 Postea
2540 1418 2731 1468 tamen
2751 1430 2880 1469 cum
2900 1409 3093 1470 anim'o
3108 1415 3338 1477 subiret.
3355 1409 3476 1469 'non

179 1481 374 1558 soluat
392 1481 455 1558 in
474 1485 708 1558 utroque
729 1480 1125 1558 codicenostro
1142 1484 1390 1558 exstare,
1412 1481 1687 1558 uerumin
1701 1480 1806 1558 illo
1825 1482 2000 1558 etiam
2028 1480 2228 1558 fuisse,
2242 1497 2345 1553 quo
2367 1498 2503 1558 usus
2520 1486 2712 1558 est_Fr.
2735 1487 3043 1540 Turriunus
3067 1506 3083 1538 :
3115 1501 3183 1545 ac~
3198 1489 3480 1558 praeterea

179 1551 335 1628 sicin
354 1552 466 1628 isto
482 1551 662 1628 repeti
673 1569 793 1624 qua:
805 1555 924 1628 init
932 1553 1003 1628 lis
1014 1552 1300 1628 opusculis
1314 1551 1709 1628 dictasuntmt
1733 1552 2018 1628 nonnulla
2039 1551 2328 1628 interdum
2341 1551 3220 1628 adjecta,detracta,interpolata
3233 1561 3475 1620 constet,

179 1622 432 1708 dubitari
443 1626 506 1708 ut
518 1621 924 1708 nequeat,quin
944 1621 1115 1697 hujus
1128 1626 1308 1680 etiam
1326 1621 1508 1677 libelli
1522 1626 1722 1677 auctor
1741 1624 1818 1677 sit
1844 1622 2120 1692 Go/fridus
2141 1642 2158 1676 :
2177 1621 2706 1695 prwteririomnino
2727 1630 2892 1698 nefas
2906 1621 3133 1694 rati,ch
3150 1629 3250 1685 hoc
3269 1628 3477 1683 saltem

185 1693 300 1748 loco
320 1692 967 1752 edendum—curavimus.

923 1961 1638 2102 DOMNI
1743 1963 2765 2106 GOFFRIDI

1446 2215 2216 2323 TRACTATUS

446 2450 556 2513 DE
598 2450 1161 2516 OhDINATlONE
1204 2447 1824 2531 EPISCOPORUM,
1870 2456 1976 2517 ET
2018 2456 2127 2517 DE
2173 2457 2740 2523 INVESTITURA
2782 2458 3232 2524 LAICORUM.

185 2746 476 2819 (io/[rillus
511 2745 928 2802 Vindocinensi:
943 2747 1286 2803 monasterii
1311 2748 1545 2804 humilis
1570 2764 1783 2817 servus,
1815 2760 1871 2821 Α
1899 2762 2271 2822 consecretur,
2323 2753 2578 2827 Alioquin
2609 2752 2668 2809 ﬁt
2723 2752 2966 2826 quaedam
2997 2766 3166 2824 prava
3220 2748 3491 2807 simulatio

216 2853 317 2893 suo
324 2836 881 2908 praecordialiamico
902 2838 1068 2891 Petro
1082 2836 1257 2892 Leoni
1275 2838 1600 2893 S.Romance
1615 2839 1795 2893 Eccle.

216 2928 318 2981 sia:
336 2925 641 2990 cardinali,
666 2924 1004 2979 catholicam
1024 2924 1191 2993 ﬁdem
1210 2929 1323 2982 toto
1345 2926 1510 2982 corde
1540 2926 1792 2998 diligere,

216 3018 377 3071 eteos
395 3016 491 3087 qui
510 3013 917 3069 contradicunt
955 3014 1087 3069 totis
1108 3014 1319 3070 viribus
1352 3016 1714 3088 impugnare.

253 3141 386 3194 Tuae
432 3137 706 3209 petitionis
759 3145 811 3193 et
836 3154 972 3193 mea:
1022 3138 1409 3206 promissionis
1453 3155 1561 3195 non
1604 3138 1795 3195 imme-

181 3244 325 3295 mor,
391 3227 438 3283 si
492 3241 604 3281 non
657 3233 714 3281 ut
767 3225 953 3296 debui,
1019 3225 1219 3283 saltem
1268 3236 1323 3283 ut
1365 3228 1534 3297 potui,
1595 3228 1791 3284 tentavi

183 3316 425 3385 solvere,
459 3324 511 3371 et
543 3314 689 3386 quod
718 3330 750 3370 a
782 3323 834 3370 te
892 3314 1184 3386 quaesitum
1216 3314 1316 3391 41
1337 3316 1385 3392 8
1439 3324 1520 3372 est
1547 3326 1598 3372 et
1645 3332 1678 3371 a
1707 3334 1793 3373 me

182 3411 524 3482 promissum
557 3430 570 3469 :
605 3413 674 3467 de
702 3412 1046 3468 ordinatione
1079 3412 1334 3469 videlicet
1373 3414 1615 3485 episcopi
1640 3422 1696 3469 et
1725 3417 1793 3471 de

182 3500 820 3558 investituralaicorum.
875 3503 937 3556 In
968 3501 1156 3572 primis
1185 3500 1412 3558 firmiter
1434 3502 1665 3558 credere
1694 3519 1792 3559 nos

180 3598 407 3659 oportet
456 3597 510 3644 et
565 3589 875 3645 nullatenus
930 3589 1179 3645 dubitare
1222 3599 1281 3645 ut
1334 3591 1793 3662 quemadmodum

181 3678 490 3749 baptismus
536 3678 897 3734 Christianum
942 3678 1085 3746 facit,
1136 3679 1214 3735 ita
1268 3679 1464 3735 electio
1493 3688 1546 3735 et
1601 3697 1793 3736 conse-

183 3767 364 3823 cratio
394 3767 525 3823 facit
552 3768 898 3839 episcopum.
943 3769 1010 3822 Et
1036 3767 1175 3824 sicut
1200 3768 1539 3840 impossibile
1567 3778 1650 3824 est
1678 3769 1795 3825 sine

185 3856 521 3928 baptismate
576 3856 951 3912 Christianum
1007 3855 1143 3925 ﬁeri,
1202 3857 1277 3912 ita
1323 3867 1406 3913 est
1459 3858 1795 3929 impossibile

186 3948 510 4018 episcopum
540 3944 657 4001 sine
688 3945 957 4001 electione
989 3953 1044 4001 et
1070 3947 1482 4003 consecratione
1503 3947 1700 4002 creari.
1735 3950 1795 4002 In

187 4035 537 4092 ordinatione
593 4033 838 4104 episcOpi
866 4034 1060 4089 electio
1108 4042 1160 4089 et
1207 4036 1548 4092 consecratio
1577 4038 1658 4092 sic
1712 4045 1798 4091 est

1905 2845 1958 2899 in
1988 2844 2256 2910 Ecclesia,
2288 2852 2341 2900 et
2380 2843 2767 2900 ecclesiasticae
2822 2841 3102 2916 dignitatis
3155 2840 3336 2896 illusio
3381 2853 3492 2894 non

1901 2949 2098 3004 parva.
2136 2933 2457 3004 Quicunque
2476 2932 2644 3005 igitur
2672 2932 2933 2988 canonice
2962 2947 3069 2986 non
3099 2930 3307 2985 electus
3336 2925 3495 3001 quasi

1902 3023 2203 3078 sacrandus
2234 3020 2565 3087 accedit,vel
2586 3020 2677 3092 qui
2706 3036 2815 3075 non
2836 3029 2918 3076 est
2929 3019 3099 3074 libere
3116 3024 3490 3082 consecratus,

1903 3112 2067 3167 etiam
2097 3112 2144 3166 si
2200 3110 2459 3166 canonica
2513 3108 2856 3180 praecesserit
2907 3106 3121 3181 electio,
3180 3111 3499 3161 exsecratus

1901 3201 2136 3257 recedit.
2174 3200 2315 3255 Nam
2345 3200 2483 3255 sicut
2503 3197 2595 3252 ubi
2618 3212 2729 3251 non
2750 3205 2830 3252 est
2848 3212 2978 3252 vera
2992 3192 3495 3260 cordisconversio,

1901 3305 2009 3345 non
2041 3288 2284 3360 sequitur
2340 3287 2501 3359 plena
2531 3286 2801 3352 remissio,
2852 3285 2926 3339 ita
2956 3284 3050 3340 ubi
3080 3299 3190 3340 non
3246 3280 3494 3353 sequitur

1900 3378 2078 3433 libera
2106 3375 2677 3440 consecratio,etiamsi
2706 3375 2967 3431 canonica
2986 3371 3178 3428 electio
3193 3369 3489 3442 praecedat,

1898 3466 2123 3522 minime
2162 3467 2404 3536 prodest,
2434 3481 2555 3521 cum
2590 3472 2781 3519 neutra
2809 3462 2928 3518 sola
2956 3462 3272 3532 episcopum
3302 3472 3492 3515 creare

1899 3555 2273 3612 sufﬁciat.Nec
2287 3562 2370 3611 est
2388 3554 2477 3609 illa
2498 3553 2671 3609 libera
2691 3550 3035 3609 consecratio
3055 3566 3215 3622 quam
3232 3545 3495 3620 praecedit

1900 3645 2103 3702 factum
2132 3643 2251 3700 sine
2274 3643 2480 3713 judicio
2511 3651 2563 3698 et
2606 3642 2808 3712 justitia
2829 3641 3215 3709 juramentum,
3262 3651 3386 3693 cum
3416 3635 3485 3689 B.

1905 3748 2264 3819 Hieronymus
2319 3763 2484 3817 super
2548 3744 2869 3809 Jeremiam,
2936 3744 3077 3799 dicat
3126 3741 3493 3809 juramenlum

1902 3850 2013 3891 non
2070 3851 2193 3890 esse
2247 3833 2576 3899 faciendum,
2636 3831 2728 3887 ubi
2781 3846 2891 3887 non
2945 3838 3026 3885 est
3076 3825 3490 3899 justitiasimul,

1900 3923 2099 3983 veritas
2128 3931 2179 3979 et
2202 3922 2485 3991 judicium.
2545 3920 2706 3989 Quod
2758 3918 2805 3974 si
2833 3919 2990 3975 aliter
3021 3915 3176 3973 fuerit
3227 3928 3495 3987 praesum-

1902 4022 2073 4086 ptum,
2100 4012 2477 4083 juramentum
2506 4025 2614 4065 non
2644 4008 2763 4076 erit,
2794 4009 2892 4063 sed
2922 4005 3237 4079 perjurium.

187 4133 424 4197 utraque
452 4121 758 4178 necessaria
787 4123 933 4195 quod
963 4124 1301 4179 consecratio
1359 4126 1480 4179 sine
1505 4125 1789 4192 electione,
1822 4117 1873 4177 B
1975 4121 2250 4175 Praeterea
2281 4116 2383 4172 tria
2438 4116 2660 4188 proprie
2717 4115 2934 4187 propria
2988 4111 3235 4170 Ecclesia
3288 4110 3493 4166 habere

185 4224 239 4269 et
265 4213 387 4269 sine
409 4211 825 4268 consecratione
871 4210 1066 4267 electio
1082 4212 1399 4282 episcOpum
1455 4212 1642 4269 facere
1672 4214 1791 4269 sola

183 4318 294 4358 non
326 4300 546 4357 sufﬁcit.
596 4301 730 4356 Nam
763 4299 902 4357 sicut
950 4301 1004 4354 in
1033 4300 1357 4371 baptismate
1380 4316 1519 4373 aqua
1546 4310 1605 4358 et
1633 4303 1789 4358 invo-

182 4392 324 4448 catio
354 4390 591 4462 Spiritus
645 4388 820 4444 sancti
874 4398 1000 4443 sunt
1024 4389 1356 4457 necessaria,
1426 4406 1550 4462 quae
1580 4389 1788 4447 faciunt

183 4479 570 4547 Christianum,
626 4478 699 4534 ita
740 4478 795 4533 in
843 4477 1149 4534 ordinando
1195 4478 1453 4549 episcopo
1497 4481 1691 4535 electio
1736 4490 1788 4536 et

180 4569 529 4627 consecratio
559 4571 686 4623 sunt
710 4566 1041 4624 necessitate
1068 4567 1383 4636 conjuncta,
1436 4585 1558 4639 quae
1590 4573 1788 4625 creant

182 4659 528 4731 episcopum.
560 4656 787 4713 Etsicut
817 4672 958 4728 aqua
988 4654 1125 4723 sola,
1157 4665 1251 4709 aut
1306 4655 1422 4711 sola
1449 4655 1786 4714 invocatione

180 4748 355 4806 sancti
386 4747 620 4819 Spiritus
650 4761 751 4802 nec
783 4746 1083 4816 baptismus
1110 4742 1226 4799 tieri
1245 4754 1445 4817 potest,
1481 4761 1581 4802 nec
1614 4747 1777 4803 homo

180 4856 307 4896 esse
335 4837 696 4902 Christianus,
741 4835 813 4889 ita
834 4834 953 4889 sola
997 4834 1283 4902 electione,
1316 4842 1408 4887 aut
1439 4835 1560 4889 sola
1591 4850 1786 4891 conse-

180 4928 425 4985 oratione
454 4941 616 4981 nemo
662 4924 902 4980 ordinari
949 4922 1037 4979 vel
1092 4922 1209 4977 ﬁeri
1269 4922 1413 4978 valet
1453 4922 1774 4996 episcopus.

180 5018 444 5089 Magnum
474 5014 691 5086 quidem
724 5020 776 5068 et
805 5011 1162 5083 baptismatis,
1188 5019 1240 5065 et
1263 5011 1544 5067 electionis
1577 5022 1627 5067 et
1661 5028 1786 5068 con-

178 5103 506 5163 secrationis
525 5102 1180 5174 episcopisacramentum
1202 5118 1216 5165 ;
1238 5100 1336 5154 sed
1350 5099 1480 5153 illud
1500 5100 1784 5171 praecepit,

180 5204 237 5251 et
264 5210 368 5266 per
393 5192 530 5248 alios
579 5191 706 5247 facit
734 5188 1019 5254 Christus;
1045 5196 1099 5243 et
1128 5189 1231 5244 hoc
1278 5188 1391 5261 egit
1418 5204 1521 5259 per
1578 5198 1784 5244 semet-

174 5285 377 5357 ipsum.
404 5283 467 5337 In
488 5281 581 5336 illo
610 5279 962 5351 spiritualiter
986 5285 1198 5334 creatur
1230 5277 1474 5341 homo,et
1505 5292 1535 5332 a
1567 5277 1785 5335 Christo

175 5370 727 5430 Christianusdicitur
757 5386 771 5435 ;
804 5369 858 5422 in
876 5368 1122 5423 istovero
1140 5367 1393 5422 dominus
1421 5378 1473 5421 et
1490 5367 1788 5437 imperator

1900 4208 2081 4275 debet,
2127 4222 2360 4279 quorum
2389 4221 2556 4261 unum
2611 4205 2659 4260 si
2687 4203 2938 4271 defuerit,
2996 4202 3144 4259 velut
3196 4196 3493 4271 paralytica

1893 4297 2057 4365 jacet,
2093 4311 2195 4352 nec
2226 4295 2439 4367 ligandi
2495 4310 2596 4351 nec
2626 4292 2874 4350 solvendi
2925 4298 3250 4364 potestatem
3306 4287 3489 4343 habet.

1900 4386 2074 4441 Debet
2105 4384 2291 4456 itaque
2321 4383 2563 4440 Ecclesia
2592 4383 2854 4439 catholica
2873 4388 3172 4448 esse,casta
3189 4387 3246 4436 et
3273 4378 3443 4433 libera
3476 4389 3490 4430 :

1899 4473 2313 4544 catholica,quia
2342 4489 2443 4529 nec
2478 4472 2639 4528 vendi
2667 4471 2830 4527 debet
2875 4485 2978 4527 nec
2998 4469 3103 4525 emi
3123 4474 3332 4534 masta,
3365 4464 3495 4537 quia

1899 4572 2216 4627 nullatenus
2245 4571 2407 4627 debet
2436 4569 2749 4627 muneribus
2776 4567 3051 4639 corrumpi
3083 4586 3097 4631 ;
3129 4567 3321 4632 libera,
3363 4565 3495 4637 quia

1900 4660 2152 4717 saeculari
2182 4660 2438 4731 potestati
2480 4675 2590 4715 non
2638 4659 2803 4714 debet
2858 4656 3051 4726 subjici
3106 4672 3207 4712 nec
3243 4656 3313 4711 ab
3367 4654 3493 4724 ejus

1902 4765 2107 4821 sponso
2154 4749 2397 4821 qualibet
2477 4747 2767 4805 occasione
2813 4763 2842 4801 a
2899 4745 3149 4802 saeculari
3224 4750 3493 4815 potestate

1900 4850 2304 4894 sacramentum
2333 4836 2667 4909 extorqueri,
2698 4852 2819 4892 cum
2877 4834 3097 4890 omnino
3127 4833 3252 4905 lege
3306 4831 3489 4887 divina

1896 4928 2245 4997 prohibeatur
2301 4942 2402 4982 nec
2458 4928 2523 4980 ab
2581 4925 2840 4997 episcopo
2897 4922 3002 4978 nisi
3056 4938 3158 4993 pro
3205 4920 3324 4977 sola
3382 4920 3491 4975 ﬁde

1897 5014 2160 5072 catholica
2206 5023 2607 5069 sacramentum
2657 5013 2921 5085 exigatur.
2999 5011 3246 5067 Christus
3305 5009 3491 5080 utique

1895 5121 2083 5183 paslor
2116 5113 2288 5168 bonus
2317 5128 2572 5184 sponsam
2808 5110 2999 5183 quaerit
3026 5108 3264 5174 fidelem,
3294 5105 3495 5162 inﬁde—

1893 5209 2001 5265 lem
2045 5209 2271 5280 respuit,
2329 5219 2538 5266 castam
2577 5209 2770 5282 diligit,
2786 5209 2899 5265 odit
2919 5206 3492 5279 corruptam,liberam

1894 5298 1999 5353 sibi
2032 5298 2222 5363 sociat,
2258 5298 2507 5353 ancillam
2538 5298 2750 5369 abjicit.
2792 5297 3143 5368 Falsoitaque
3185 5294 3493 5351 nominatur

1894 5386 2205 5457 episcopus,
2231 5387 2321 5458 qui
2358 5387 2634 5442 adnullare
2666 5396 2890 5443 conatur
2945 5384 3225 5443 electionis
3278 5393 3331 5439 et
3359 5399 3489 5440 con-

173 5471 401 5520 "eam"
455 5460 904 5548 δδτίειίδηονυηιν
947 5457 1073 5548 _‘l“_i
1123 5470 1253 5548 non“
1285 5455 1476 5548 5919'?
1546 5465 1778 5512 νοοδίιπ
1809 5475 1857 5537 C
1888 5455 2213 5530 sacrationis
2246 5455 2515 5541 ordinem,
2550 5491 2711 5548 quem
2742 5475 2985 5531 Christus
3014 5491 3113 5547 per
3136 5473 3487 5545 semetipsum

172 5551 517 5609 Christianus
546 5564 577 5602 a
607 5547 843 5614 Christo,
862 5546 958 5601 sed
990 5545 1151 5600 etiam
1198 5544 1399 5597 Christi
1429 5543 1578 5600 vices
1602 5560 1778 5617 agere

171 5641 443 5699 creditur.
482 5636 775 5693 Sciendum
806 5650 935 5691 vero
965 5634 1111 5706 quod
1143 5633 1227 5687 hic
1252 5632 1338 5687 vel
1372 5633 1679 5705 ubicunque
1713 5637 1779 5690 de

173 5730 445 5787 electione
473 5735 524 5782 et
545 5724 959 5782 consecratione
977 5722 1223 5794 episcOpi
1247 5721 1778 5794 agitancanonicam

172 5831 406 5875 necesse
436 5823 519 5870 est
565 5814 905 5881 electionem,
940 5810 1042 5887 41
1061 5811 1109 5887 9
1143 5814 1197 5866 et
1226 5809 1457 5865 liberam
1487 5826 1779 5868 consecra-

171 5918 386 5974 tionem
409 5910 658 5983 intelligi,
693 5917 751 5967 ut
792 5908 888 5981 qui
916 5907 1181 5965 canonice
1229 5906 1470 5979 eligitur,
1523 5917 1577 5967 et
1603 5909 1779 5973 libere

1889 5563 2100 5635 primus
2120 5562 2375 5617 instituit.
2436 5565 2560 5634 Ipse
2589 5564 2733 5618 enim
2790 5565 3002 5636 primus
3051 5572 3103 5620 et
3132 5563 3298 5637 elegit
3352 5580 3489 5635 apo-

1892 5652 2080 5719 stolos,
2114 5658 2167 5706 et
2196 5652 2559 5707 consecravit.
2591 5653 2725 5708 Tota
2755 5654 2939 5727 itaque
2954 5653 3225 5710 ordinatio
3242 5652 3487 5724 episcOpi

1890 5741 1943 5793 in
1975 5741 2241 5796 electione
2289 5748 2341 5795 et
2370 5741 2783 5798 consecratione
2839 5742 3105 5798 consistit.
3150 5743 3280 5797 Haec
3336 5742 3488 5812 prius

1890 5845 1990 5901 per
2045 5829 2419 5901 semetipsum,
2479 5838 2538 5885 ut
2591 5829 2799 5887 dictum
2842 5839 2949 5897 est,
3009 5829 3258 5885 Christus
3312 5828 3484 5891 fecit;

1888 5917 2088 5975 deinde
2116 5933 2249 5974 vero
2278 5917 2463 5977 vicarii
2514 5919 2655 5990 ejus.
2688 5919 2760 5975 Et
2787 5919 2843 5975 in
2875 5918 3140 5991 apostolis
3198 5917 3417 5989 quidem
3453 5929 3488 5970 a
