3910 6390
463 396 567 454 283

1485 398 1816 455 GOFFRIDI
1861 395 2144 454 ABBATIS
2182 394 2730 452 VINDOCINENSIS

3666 392 3783 449 284

468 518 685 578 Christo
740 521 880 580 facta
925 533 1069 592 sunt,
1119 526 1377 599 quoniam
1433 524 1501 580 ab
1528 524 1649 595 ipso
1705 531 1758 580 et
1787 521 1947 580 electi
2001 529 2055 578 et
2084 519 2139 580 A
2169 520 2471 589 (Joan.xv,
2497 520 2572 591 5).
2606 518 2744 574 Sunt
2770 516 3011 591 quidam,
3064 516 3157 585 qui
3185 515 3443 573 Romane
3495 514 3784 572 Ecclesiae

468 611 775 666 consecrati
834 612 1068 669 fuerunt.
1102 616 1160 670 In
1208 615 1334 670 aliis
1361 631 1493 670 vero
1542 614 1815 680 omnibus,
1848 612 2063 668 anullis

470 696 594 753 aliis
632 697 750 755 ﬁeri
779 700 923 768 licet,
985 703 1090 758 nisi
1117 719 1147 759 a
1176 703 1395 761 vicariis
1442 703 1659 759 Christi.
1694 706 1829 759 Sunt
1884 710 2061 757 autem

471 785 662 842 vicarii
693 789 897 845 Christi
928 791 1112 848 clerici
1144 793 1196 847 in
1225 792 1511 858 electione,
1543 792 1783 863 episcopi
1807 792 1859 845 in
1877 806 2066 847 conse-

470 875 746 933 cratione.
784 878 977 934 Caeteri
1006 896 1200 937 omnes
1254 890 1440 953 petere
1470 881 1690 952 quidem
1747 880 2063 950 episcopum

470 973 714 1034 possunt,
748 966 953 1036 eligere
1011 985 1142 1025 vero
1170 969 1259 1025 vel
1286 986 1608 1026 consecrare
1663 985 1770 1024 non
1802 975 2055 1040 possunt.

469 1053 585 1110 Hoc
614 1064 866 1111 sanctum
896 1068 1315 1127 sacramentum,
1350 1059 1675 1115 electionem
1731 1058 1984 1113 videlicet
2012 1065 2066 1113 et

470 1143 940 1201 consecrationem
972 1148 1364 1217 apostolorum,
1387 1148 1632 1204 Christus
1662 1147 1893 1218 primum
1919 1145 2063 1213 fecit,

470 1246 567 1301 per
592 1232 739 1303 quod
770 1241 973 1290 caetera
1002 1235 1192 1293 ﬁerent
1222 1244 1589 1293 sacramenta.
1623 1236 1682 1293 Si
1712 1251 1843 1291 vero
1872 1250 2065 1291 sacra-

470 1327 731 1389 mentum,
795 1325 940 1396 quod
996 1325 1253 1397 primum,
1287 1334 1347 1381 ut
1399 1327 1609 1382 dictum
1668 1333 1770 1391 est,
1819 1325 2065 1381 Christus

468 1406 597 1464 fecit
641 1426 743 1481 per
792 1414 1163 1485 semetipsum,
1217 1415 1376 1471 aliter
1433 1414 1630 1471 factum
1687 1413 1848 1470 fuerit
1904 1428 2067 1483 quam

469 1495 672 1565 docuit,
708 1500 1065 1558 Sacramenta
1121 1512 1320 1560 caetera
1375 1521 1498 1575 quae
1551 1511 1873 1575 sequuntur,
1932 1517 2070 1575 quas

470 1584 616 1643 vires
647 1588 857 1646 habere
885 1591 1126 1659 valeant,
1159 1609 1262 1650 nec
1283 1593 1421 1648 ratio
1434 1592 1613 1658 docet,
1644 1600 1697 1648 et
1711 1591 2070 1665 fidesignorat

471 1675 813 1734 Christiana.
853 1679 1178 1753 Quicunque
1208 1697 1345 1755 ergo
1375 1682 1496 1737 sine
1512 1681 1776 1737 canonica
1805 1680 2072 1737 electione

475 1772 528 1820 et
556 1764 733 1823 libera
762 1771 1178 1827 consecratione
1206 1771 1308 1826 sub
1342 1772 1563 1826 nomine
1593 1768 1863 1842 pontiﬁcis
1891 1769 2068 1826 eccle-

2170 608 2354 664 omnia
2384 608 2548 664 licere
2576 615 2784 679 putant,
2816 615 2870 663 et
2900 606 3055 680 quasi
3086 605 3321 679 quadam
3350 605 3776 677 dispensatione

2172 706 2329 761 aliter
2357 721 2517 777 quam
2549 704 2738 760 divina
2777 705 3059 776 Scriptura
3106 702 3371 775 praecipit,
3406 718 3527 757 eam
3588 703 3786 760 facere

2171 810 2359 865 posse.
2414 792 2741 865 Quicunque
2792 809 2926 867 ergo
2976 792 3055 848 sic
3102 792 3258 862 sapit,
3330 790 3551 860 decipit.
3624 791 3783 846 Nam

2172 883 2438 938 Romanae
2459 882 2725 939 Ecclesiae
2752 890 2875 951 post
2906 883 3123 938 Petrum
3159 879 3385 935 minime
3414 879 3560 946 licet,
3617 879 3783 952 quod

2176 972 2330 1027 Petro
2360 987 2468 1027 non
2496 971 2671 1027 licuit.
2711 972 2871 1027 Petro
2890 986 3013 1043 qum
3042 969 3258 1040 liganda
3314 976 3470 1023 erant
3487 967 3701 1039 ligandi
3724 975 3786 1023 et

2174 1076 2297 1132 quae
2324 1060 2586 1115 solvenda
2631 1059 2879 1116 solvendi
2905 1068 2986 1115 est
3014 1075 3045 1113 a
3069 1057 3285 1114 Christo
3339 1056 3463 1112 data
3504 1066 3780 1128 potestas,

2173 1165 2282 1206 non
2304 1165 2426 1221 quas
2457 1148 2679 1223 liganda
2724 1148 2993 1213 solvendi,
3026 1146 3113 1203 vel
3144 1163 3267 1219 qua:
3295 1154 3448 1201 erant
3496 1146 3781 1201 solvenda.

2174 1238 2385 1310 ligandi
2405 1252 2669 1293 concessa
2700 1236 2956 1293 facultas.
2996 1236 3188 1292 Petrus
3215 1234 3426 1290 etiamsi
3473 1234 3782 1307 aliquando

2175 1326 2333 1382 aliter
2363 1326 2496 1399 egit,
2530 1325 2729 1381 Paulus
2751 1325 2879 1382 licet
2906 1324 2959 1380 in
2977 1322 3783 1381 conversioneadhucnovitius

2175 1414 2226 1471 ei
2256 1414 2312 1469 in
2338 1414 2538 1471 faciem
2567 1414 2822 1471 resistere
2872 1412 3095 1470 minime
3142 1411 3320 1467 timuit
3347 1412 3493 1483 (Gal.
3550 1426 3611 1479 ιι,
3644 1412 3772 1482 ti).

2177 1504 2364 1560 Petrus
2383 1520 2513 1560 vero
2541 1503 2625 1558 sui
2644 1503 2881 1572 junioris
2912 1501 3340 1573 increpationem
3369 1501 3601 1556 libenter
3634 1516 3775 1554 sus-

2177 1592 2405 1663 cipiens,
2431 1591 2571 1664 quod
2604 1591 2725 1662 plus
2749 1590 2899 1662 justo
2929 1589 3155 1655 fecerat,
3186 1589 3482 1662 diligenter
3499 1588 3766 1643 correxit.

2178 1688 2442 1743 Praeterea
2471 1686 2617 1741 nulla
2640 1686 2848 1742 ratione
2880 1685 2997 1741 ﬁeri
3043 1683 3170 1742 licet
3200 1684 3345 1757 quod
3390 1683 3637 1740 Christus
3670 1698 3778 1739 suo

2180 1785 2430 1858 exemplo
2454 1801 2561 1841 non
2593 1785 2813 1852 docuit;
2845 1785 2963 1857 ipse
3018 1784 3163 1840 enim
3194 1784 3375 1857 legem
3422 1781 3631 1839 solvere
3659 1796 3778 1838 non

468 1853 607 1909 siam
641 1856 728 1946 vel
765 1866 1092 1929 potestatem
1151 1860 1575 1917 ecclesiasticam
1631 1859 1737 1914 sibi
1792 1858 2068 1914 vindicare
2097 1882 2150 1942 Β
2180 1853 2354 1940 venit;
2380 1874 2478 1930 sed
2509 1873 2813 1946 adimpjere
2840 1853 3061 1946 (ﬁatut,
3085 1890 3138 1939 ν,
3164 1853 3276 1942 is):
3300 1872 3538 1927 Romam
3584 1870 3778 1942 itaque

466 1944 768 2015 praesumit,
830 1948 918 2004 hic
967 1948 1086 2019 jam
1145 1964 1254 2004 non
1332 1964 1434 2021 per
1486 1948 1682 2006 ostium
1729 1947 1910 2015 intrat,
1971 1946 2068 2002 sed

468 2031 687 2089 aliunde
709 2037 956 2093 ascendit
983 2046 1038 2093 ut
1067 2039 1263 2094 merito
1285 2053 1395 2093 non
1426 2038 1564 2093 inter
1590 2038 1882 2109 episcopos
1911 2052 2066 2093 com-

468 2129 701 2193 putetur,
736 2125 833 2181 sed
880 2126 1020 2183 inter
1049 2126 1198 2183 fures
1255 2135 1309 2183 et
1356 2128 1599 2183 latrones
1645 2134 2070 2184 connumeretur

468 2217 653 2291 (Joan.
703 2240 754 2288 χ,
816 2224 890 2296 1).
926 2224 1085 2301 421
1127 2226 1236 2281 Iste
1291 2224 1413 2281 aliis
1459 2223 1897 2281 benedictionem
1956 2240 2068 2279 non

469 2319 724 2393 porrigit,
757 2321 852 2377 sed
885 2324 1397 2395 pestem,etvulnus
1426 2325 1608 2396 potius
1638 2324 2070 2380 inferrevidetur

469 2423 633 2480 quam
664 2408 915 2477 salutem,
965 2413 1056 2484 qui
1086 2421 1232 2469 tanta
1255 2414 1684 2485 praesumptione
1713 2414 1816 2471 Dei
1848 2413 2072 2469 maledi-

471 2496 707 2553 ctionem
737 2507 1004 2557 meretur.
1069 2503 1208 2557 Nam
1267 2502 1557 2574 episcopus
1614 2502 1704 2575 qui
1752 2502 2069 2559 canonicam

472 2584 818 2658 electionem,
851 2596 906 2644 et
932 2589 1164 2646 liberam
1198 2590 1661 2649 consecrationem
1716 2607 1828 2648 non
1884 2592 2066 2660 habet,

470 2690 551 2738 est
580 2685 736 2757 quasi
756 2686 921 2743 arbor
940 2704 1050 2744 non
1104 2690 1317 2746 habens
1345 2689 1613 2746 radicem.
1679 2690 1859 2746 Arbor
1887 2697 2068 2745 autem

475 2789 599 2845 quae
644 2774 888 2833 radicem
957 2793 1066 2833 non
1124 2779 1304 2847 habet,
1373 2779 1537 2835 etiam
1596 2778 1641 2833 si
1664 2778 1797 2834 folia
1851 2779 2066 2848 habeat,

475 2859 712 2919 fructum
771 2863 916 2920 ferre
970 2867 1276 2923 nullatenus
1332 2867 1497 2924 valet.
1562 2868 1644 2924 Ad
1692 2866 2070 2938 hujuscemodi

476 2951 732 3008 arborem
754 2954 998 3011 Christus
1027 2955 1245 3028 quidem
1282 2956 1537 3025 accessit,
1595 2966 1648 3013 et
1676 2974 1796 3014 cum
1827 2956 1903 3012 ibi
1926 2956 2067 3014 fruc-

470 3055 582 3105 tum
603 3066 713 3107 non
732 3050 1048 3121 invenisset,
1072 3068 1194 3110 eam
1214 3053 1489 3112 maledixit
1518 3056 1706 3127 (Marc.
1732 3071 1806 3118 χι,
1840 3056 1955 3125 2t).
1973 3053 2070 3110 Ille

470 3138 703 3196 maxime
731 3156 764 3195 a
796 3142 914 3198 Deo
933 3142 1407 3216 maledicitur,qui
1425 3144 1788 3201 sacramentis
1805 3142 2069 3200 Ecclesiae

473 3238 635 3310 quasi
661 3238 862 3296 sociari
893 3256 994 3295 sua
1046 3241 1337 3313 cupiditate
1365 3241 1664 3308 desiderat,
1695 3257 1805 3299 non
1858 3241 2062 3298 Christi
2094 3243 2143 3307 C

472 3333 762 3392 charitate.
822 3336 893 3392 Et
974 3337 1153 3394 omnis
1199 3339 1292 3411 qui
1368 3338 1728 3396 sacramentis
1808 3338 2074 3396 Ecclesia:

472 3442 738 3491 memento
765 3434 1048 3492 charitatis
1094 3451 1201 3492 non
1248 3436 1505 3510 iungitur,
1540 3436 1799 3508 injuriam
1854 3436 2074 3510 quidem

476 3529 741 3588 Ecclesia:
768 3531 915 3597 facit,
971 3534 1070 3590 sed
1100 3534 1254 3606 quasi
1298 3534 1479 3606 paries
1533 3534 1710 3592 luteus
1751 3534 2070 3607 dissipatur,

477 3627 573 3700 qui
620 3627 746 3685 licet
798 3629 1044 3686 dealbari
1090 3631 1262 3702 possit
1316 3632 1385 3688 ad
1446 3640 1681 3704 tempus,
1742 3631 1857 3701 ejus
1896 3632 2078 3687 subita

475 3724 953 3800 dissolutione,qui
972 3737 1097 3785 ante
1126 3728 1473 3786 confidebant
1518 3730 1574 3785 in
1598 3746 1685 3795 eo,
1718 3738 2065 3801 premuntur.

476 3814 591 3873 Hac
618 3815 784 3889 igitur
806 3816 1162 3875 similitudine
1192 3826 1346 3876 recte
1402 3818 1680 3892 colligitur
1706 3819 1851 3891 quod
1883 3819 1976 3890 qui
2004 3819 2074 3875 ad

474 3910 730 3983 injuriam
759 3924 965 3973 sancte
999 3916 1267 3973 Ecclesia:
1320 3915 1749 3974 ecclesiasticum
1805 3916 2074 3985 ordinem,

472 4009 525 4059 et
579 4004 813 4062 maxime
868 4003 1183 4077 pontiﬁcum
1236 4006 1565 4079 assequitur,
1628 4021 1784 4063 suam
1852 4005 2075 4061 destru-

477 4098 716 4155 ctionem
736 4099 790 4155 in
821 4099 1032 4171 primis,
1066 4100 1266 4157 deinde
1295 4100 1482 4173 populi
1510 4109 1746 4156 mortem
1775 4108 2065 4172 operatur.

479 4197 549 4251 Et
577 4202 706 4253 tunc
733 4197 984 4254 Ecclesia
1028 4197 1279 4268 injuriam
1306 4198 1515 4269 pariter
1561 4197 1788 4254 sustinet
1819 4206 1872 4255 et
1909 4214 2069 4256 vere-

479 4292 754 4358 cundiam,
785 4292 1002 4366 quando
1056 4293 1111 4348 in
1163 4294 1418 4367 eligendo
1473 4292 1747 4366 pontiﬁce,
1808 4295 2076 4352 canonica

479 4381 677 4439 electio
722 4390 775 4438 et
830 4381 1002 4438 libera
1056 4383 1392 4439 consecratio
1450 4383 1592 4455 perit
1642 4390 1696 4438 et
1752 4383 1898 4456 quod
1955 4383 2078 4440 vitae

480 4469 768 4537 meritis,ct
794 4471 1077 4543 sapientia:
1105 4471 1367 4528 doctrinas
1394 4478 1561 4542 atque
1592 4473 1766 4529 sacris
1794 4472 2078 4528 ordinibus

480 4560 730 4626 debetur,
755 4559 859 4616 illis
888 4560 1043 4633 quasi
1066 4560 1359 4633 imponitur
1401 4560 1597 4633 quibus
1627 4575 1731 4618 nec
1760 4561 1919 4618 bonae
1949 4561 2072 4617 vitae
2104 4598 2155 4658 Β

473 4657 682 4723 merita,
714 4674 816 4715 nec
862 4658 1140 4730 sapientiae
1197 4658 1465 4725 doctrina,
1524 4675 1626 4714 nec
1661 4659 1805 4714 sacri
1851 4659 2074 4715 ordines

475 4737 868 4821 suffragantur.
902 4748 999 4803 Isti
1054 4756 1352 4817 terrenum,
1376 4748 1487 4804 imo
1517 4748 1840 4818 paludosum
1874 4748 2077 4804 habent

478 4846 912 4915 fundamentum,
945 4854 998 4903 et
1026 4846 1150 4902 ideo
1177 4854 1438 4902 corruunt
1468 4844 1636 4921 422
1670 4845 1759 4917 qui
1819 4845 1916 4900 tali
1957 4844 2079 4901 fun-

481 4944 738 5001 damento
781 4944 1147 5002 aedificantur.
1214 4944 1290 4999 De
1333 4942 1532 4999 talibus
1587 4942 1728 4998 enim
1787 4943 1985 4999 dicitur
2023 4943 2075 4999 in

480 5042 695 5099 Psalmo
710 5062 723 5099 :
738 5044 1041 5118 Profecisti
1055 5042 1309 5108 eos,dum
1322 5041 2076 5113 αιὶευατ·εηιτι›·(Ρδαι.ιχκιι,

481 5136 586 5201 t8).
649 5132 886 5188 Gravius
941 5131 1076 5187 nihil
1132 5140 1218 5187 est
1302 5130 1448 5203 apud
1493 5130 1769 5186 Christum
1820 5130 2081 5187 Ecclesia:

475 5230 694 5299 injuria,
753 5231 904 5299 cujus
934 5239 1282 5286 sacramenta
1311 5228 1399 5301 qui
1431 5244 1689 5300 pervorse
1745 5227 2078 5300 suscipiunt,

477 5339 604 5383 cum
632 5327 845 5384 Christo
876 5343 1000 5383 esse
1046 5327 1131 5383 vel
1185 5327 1448 5398 prodesse
1477 5341 1585 5381 non
1633 5326 1886 5396 possunt.
1947 5326 2081 5382 Cum

485 5421 697 5479 Christo
726 5423 925 5480 etenim
957 5424 1115 5479 simul
1144 5440 1268 5480 esse
1285 5432 1338 5479 et
1366 5431 1555 5480 contra
1593 5422 1873 5478 Christum
1899 5421 2083 5479 facere

485 5535 646 5578 nemo
677 5530 874 5594 potest,
904 5538 1026 5580 cum
1057 5523 1175 5595 ipse
1205 5522 1351 5579 dicat
1384 5536 1396 5576 :
1421 5524 1527 5592 Qui
1548 5537 1666 5577 mm
1722 5525 1810 5578 est
1838 5538 2081 5587 mecum,

482 5624 687 5676 contra
706 5634 795 5676 me
824 5625 909 5678 est
929 5622 1081 5692 (Luc.
1113 5636 1191 5686 xl,
1223 5620 1337 5692 23).
1359 5620 1466 5690 Qui
1485 5628 1670 5676 autem
1720 5635 1845 5676 cum
1872 5619 2088 5676 Christo

495 5731 605 5772 non
637 5727 739 5783 est,
769 5732 873 5774 nec
902 5718 1004 5773 sibi
1022 5718 1306 5788 prodesse,
1335 5732 1440 5774 nec
1465 5716 1589 5773 aliis
1607 5724 1815 5788 potest,
1834 5716 2089 5787 cumipse

490 5809 685 5868 iterum
703 5816 1211 5883 asserat:0uinon
1253 5814 1472 5884 colligit
1518 5829 1765 5878 mecum,
1815 5813 2090 5886 dispergit

482 5907 671 5983 (ibid).
709 5910 780 5965 Et
807 5908 935 5967 alibi
961 5908 1091 5970 dicit
1119 5924 1135 5964 :
1166 5908 1299 5966 Sine
1326 5923 1417 5965 me
1443 5907 1598 5964 nihil
1621 5912 1860 5983 potestis
1899 5914 2091 5976 lacere

2176 1963 2436 2020 Ecclesia
2461 1962 2767 2018 divinarum
2799 1962 3199 2034 Scripturarum
3215 1961 3392 2032 legem
3423 1960 3632 2016 solvere
3660 1974 3777 2014 non

2177 2052 2362 2119 debet,
2424 2052 2521 2107 sed
2570 2067 2910 2107 conservare
2964 2056 3020 2105 et
3076 2050 3270 2106 tradita
3327 2049 3430 2105 sibi
3471 2065 3502 2104 a
3555 2048 3776 2104 Christo

2175 2148 2444 2213 potestate
2472 2156 2581 2196 non
2610 2140 2678 2196 ad
2711 2156 2865 2195 suam
2895 2139 3230 2196 voluntatem
3246 2138 3453 2204 uti,sed
3472 2137 3777 2194 secundum

2179 2238 2348 2315 423
2388 2238 2590 2295 Christi
2623 2238 3055 2310 dispositionem.
3079 2236 3135 2292 Si
3174 2236 3333 2292 etiam
3363 2252 3393 2291 a
3421 2251 3527 2291 suo
3549 2234 3776 2306 juniore

2177 2339 2423 2394 Romano
2452 2336 2694 2408 pontiﬁci
2745 2335 3075 2409 suggeritur,
3124 2342 3184 2390 ut
3233 2334 3280 2390 si
3309 2333 3596 2406 aliquando
3647 2331 3778 2404 plus

2171 2425 2325 2495 justo
2355 2425 2564 2491 fecerit,
2593 2426 2742 2495 jnste
2764 2425 3028 2497 corrigat,
3090 2431 3345 2496 tanquam
3378 2424 3566 2478 Petrus
3622 2420 3781 2476 Pauli

2178 2515 2609 2571 admonitionem
2638 2514 2906 2587 suscepit,
2940 2522 2993 2570 et
3021 2513 3138 2586 ipse
3171 2511 3445 2584 suscipiet,
3471 2511 3520 2567 si
3547 2510 3775 2567 Petrum

2177 2603 2379 2659 imitari
2405 2603 2696 2660 desiderat.

2253 2743 2545 2798 Adversus
2571 2758 2667 2798 eos
2721 2740 2815 2815 qui
2852 2748 3038 2799 contra
3095 2738 3295 2796 Christi
3349 2737 3763 2811 dispositionem

2178 2832 2665 2901 armantur,bonus
2695 2831 2885 2887 doctor
2929 2838 2980 2886 et
3009 2838 3216 2902 martyr
3234 2828 3534 2900 Cyprianus
3588 2825 3767 2899 loqui-

2181 2935 2289 2995 tur,
2309 2930 2497 2986 dicens
2522 2947 2535 2984 :
2556 2929 2898 2986 Adulterum
2918 2931 3022 2997 est,
3067 2928 3309 3001 impium
3338 2930 3395 2984 et
3412 2926 3769 2998 sacrilegum,

2178 3029 2544 3103 quodcunque
2565 3029 2814 3085 humano
2825 3030 2978 3099 facto
2998 3026 3422 3091 in:lituilur,ut
3432 3023 3775 3097 dispensatio

2182 3117 2395 3174 Christi
2417 3115 2791 3186 violeturQui
2805 3116 2885 3173 sic
2902 3114 3293 3189 agit,tenehras
3309 3128 3407 3187 pro
3418 3113 3775 3178 luce,noctem

2177 3232 2276 3288 pro
2305 3216 2413 3281 die,
2446 3230 2548 3288 pro
2580 3216 2705 3272 cibo
2729 3214 2951 3277 famem,
2982 3231 3084 3287 pro
3122 3221 3251 3285 potu
3306 3212 3471 3279 sitim,
3503 3226 3770 3268 venenum

2185 3320 2287 3378 pro
2316 3304 2558 3360 remedio
2588 3304 2799 3371 tribuit,
2857 3319 2960 3374 pro
3022 3302 3139 3358 vita
3178 3309 3438 3358 mortem.
3500 3301 3624 3356 Non
3677 3298 3774 3355 fuit

2180 3392 2392 3450 illorum
2420 3402 2562 3449 aetas
2590 3392 2922 3450 venerabilis
2950 3406 3054 3448 nec
3083 3399 3163 3448 est
3194 3387 3771 3458 auctoritasimitanda,

2184 3482 2278 3555 qui
2308 3483 2617 3538 Susannam
2648 3482 2899 3554 pudicam
2930 3495 3286 3552 corrumpere
3312 3477 3578 3535 voluerint
3613 3492 3753 3549 ;quo

2185 3586 2306 3625 rum
2339 3579 2581 3627 veterem
2604 3569 2905 3643 nequitiam
2935 3568 3234 3633 imitantur,
3259 3567 3349 3639 qui
3400 3565 3599 3623 Christi
3624 3565 3771 3622 veri-

2184 3666 2377 3726 tatem,
2409 3666 2462 3715 et
2490 3660 2616 3730 ejus
2647 3674 2866 3730 sponsae
2909 3655 3274 3729 virginitatem
3303 3654 3511 3712 violare
3565 3653 3774 3709 machi-

2182 3755 2409 3803 nantur.
2458 3750 2527 3803 Hi
2583 3755 2711 3803 sunt
2790 3746 2976 3819 utique
3033 3746 3125 3818 qui
3206 3744 3312 3801 Dei
3394 3742 3773 3815 dispositioncs

2183 3836 2493 3905 immutant,
2527 3845 2580 3893 et
2607 3836 2932 3891 traditiones
2975 3849 3103 3890 suas
3127 3841 3368 3889 statuere
3411 3839 3690 3890 conantur.
3724 3831 3771 3885 A

2185 3926 2383 3998 quibus
2438 3925 2728 3982 recedente
2781 3923 3026 3981 doctrina
3080 3922 3379 3990 Dominica,
3468 3919 3669 3977 recedit
3720 3927 3771 3974 et

2186 4014 2402 4071 Domini
2425 4013 2618 4086 gratia,
2638 4029 2869 4086 quorum
2891 4028 3051 4070 secus
3061 4019 3179 4068 acta
3189 4010 3519 4084 quandoque
3531 4024 3765 4064 summus

2185 4105 2380 4160 Pastor
2408 4102 2704 4160 vindicabit
2731 4110 2783 4157 et
2810 4101 3004 4157 ultoris
3060 4100 3272 4174 vigore,
3305 4097 3571 4169 etjudicis
3612 4104 3767 4169 pote—

2186 4213 2346 4262 state.
2379 4204 2829 4276 Dispensationes
2859 4202 3078 4276 quidem
3108 4201 3162 4256 in
3207 4198 3457 4257 Ecclesia
3506 4196 3762 4255 faciendae

2186 4301 2332 4361 sunt,
2390 4309 2501 4349 non
2548 4308 2733 4349 amore
2779 4291 3046 4364 pecuniae,
3122 4289 3206 4345 vel
3250 4287 3490 4361 quolibet
3535 4288 3761 4343 humano

2187 4383 2396 4449 favore,
2422 4382 2519 4439 sed
2550 4382 2641 4452 pia
2666 4389 2719 4437 et
2748 4378 3089 4436 misericordi
3139 4376 3615 4433 intentione.'l'unc
3629 4374 3769 4430 enim

2184 4489 2215 4527 a
2245 4480 2461 4545 pastore
2489 4469 2757 4528 Ecclesiae
2782 4468 3116 4541 dispensatio
3135 4466 3225 4539 pie
3256 4474 3312 4522 et
3351 4464 3767 4521 misericorditer

2186 4569 2304 4628 ﬁeri
2335 4569 2595 4638 creditur,
2629 4583 2754 4625 cum
2797 4566 2999 4640 aliquid
3019 4565 3196 4620 minus
3217 4563 3458 4636 perfecte
3474 4562 3543 4619 ad
3566 4570 3768 4633 tempus

2188 4659 2247 4715 ﬁt
2275 4659 2346 4715 ab
2367 4658 2480 4721 illo,
2513 4658 2598 4714 vel
2635 4656 2758 4713 ﬁeri
2790 4656 3137 4728 permittitur,
3169 4669 3281 4709 non
3327 4651 3604 4709 voluntate
3652 4666 3767 4715 sua,

2185 4749 2284 4805 sed
2314 4747 2544 4804 aliorum
2575 4745 2903 4803 necessitate
2962 4760 3031 4800 ne
3060 4744 3116 4798 in
3151 4742 3286 4814 ipsis
3343 4740 3590 4797 videlicet
3643 4737 3767 4795 ﬁdes

2187 4845 2498 4903 Christiana
2518 4844 2875 4916 periclitetur.
2892 4843 2979 4899 Sic
3014 4842 3178 4914 igitur
3204 4838 3455 4896 facienda
3473 4844 3527 4894 et
3555 4835 3766 4908 dispen-

2188 4933 2326 4990 satio
2383 4930 2552 5009 424
2608 4932 2680 4987 ab
2728 4929 2990 4997 Ecclesia,
3043 4937 3102 4985 ut
3156 4926 3283 4983 ﬁdei
3336 4933 3538 4981 nostra:
3583 4923 3766 4980 veritas

2188 5032 2485 5087 instruatur
2504 5038 2557 5086 et
2585 5029 2628 5083 si
2661 5028 2791 5102 quid
2847 5026 3004 5083 aliter
3034 5026 3103 5081 ad
3144 5027 3331 5081 horam
3373 5023 3573 5081 factum
3616 5019 3766 5077 fuerit

2190 5128 2276 5185 vel
2306 5126 2655 5199 permissum,
2689 5132 2996 5197 opportuno
3026 5131 3273 5195 tempore
3302 5121 3631 5194 corrigatur.
3659 5120 3763 5174 Hac

2190 5225 2490 5281 indiscreta
2536 5232 2590 5280 et
2618 5231 2807 5285 sancta
2843 5220 3252 5294 dispensatione
3325 5218 3410 5274 usi
3459 5224 3584 5273 sunt
3633 5214 3764 5271 beati

2191 5321 2421 5395 apostoli
2446 5323 2638 5377 Petrus
2658 5329 2712 5378 et
2728 5320 2925 5376 Paulus
2960 5326 3188 5390 pr0pter
3215 5324 3420 5374 metum
3452 5314 3761 5378 Iudaeorum,

2192 5438 2263 5478 ne
2293 5421 2399 5493 ipsi
2442 5419 3115 5477 scandalizarentur.Nam
3164 5415 3364 5472 Paulus
3408 5421 3532 5485 post
3560 5426 3765 5469 conver-

2194 5519 2407 5575 sionem
2439 5518 2780 5574 Timotheum
2804 5514 3189 5573 circumcisum
3214 5506 3765 5575 fecit,etcmremonias

2196 5616 2360 5671 etiam
2390 5614 2632 5671 exercuit
2660 5613 2972 5669 Iudaeorum
3003 5619 3057 5667 et
3089 5611 3282 5666 Petrus
3319 5606 3498 5679 coegit
3525 5603 3765 5678 quosdam

2192 5713 2485 5785 judaizare
2543 5711 2850 5783 gentilium.
2916 5712 3158 5781 Uterque
3231 5714 3457 5764 sanctus
3511 5700 3766 5775 apostolus

2201 5811 2463 5867 simulans
2494 5826 2554 5866 se
2584 5809 2790 5866 veteris
2835 5806 2979 5882 legis
3007 5812 3284 5879 prmeepta
3339 5816 3587 5866 servare;
3606 5815 3665 5855 ne
3689 5797 3767 5871 qui

2203 5907 2393 5966 ﬁdeles
2422 5923 2490 5965 ex
2516 5906 2719 5965 Iudaeis
2746 5905 2876 5965 facti
2923 5904 3157 5975 fuerant,
3188 5910 3499 5976 susceptam
3551 5896 3769 5958 veritatis
