3910 6418
0 665 82 682 Ξ·τιι«

6 1038 74 1056 ’Ὑῖβ-

217 436 329 492 285

932 431 1182 489 TRACT.
1223 430 1315 484 DE
1341 427 1674 486 ORDINAT.
1719 428 1945 484 EPISC.
1978 429 2072 484 ET
2103 430 2195 485 DE
2229 428 2568 484 INVESTIT.
2603 429 2782 486 LAIC.
3418 429 3522 482 286

219 562 473 619 notitiam
504 560 858 619 scandalizati
887 567 1183 632 negarent.
1223 559 1492 615 Fecerunt
1511 557 1616 612 hoc
1651 556 1825 611 sancti
1853 556 1907 616 Α
1937 557 2404 614 consecrationem
2434 556 2620 612 habet.
2653 555 2807 612 Illum
2839 555 3105 629 siquidem
3137 552 3288 625 prius
3317 557 3528 623 oportet

221 653 461 723 apostoli
490 651 836 709 misericordi
858 658 908 706 et
939 650 1030 720 pia
1058 649 1458 720 compassione,
1509 663 1618 702 non
1651 647 1821 701 simu-

222 737 429 793 latione
459 736 641 792 fallaci
667 753 678 791 :
713 734 962 806 quamvis
990 735 1168 805 legem
1191 742 1314 804 post
1333 731 1694 804 Evangelium
1715 746 1822 784 non

224 842 352 882 esse
383 841 587 881 servan
609 824 730 879 dam
765 822 984 878 minime
1013 823 1342 876 dubitarent.
1377 824 1476 878 Ubi
1499 819 1825 875 beatissima:

223 916 353 970 vita:
384 914 490 970 viri
547 913 925 984 intelliguntur
954 927 1060 966 non
1113 919 1479 967 commutasse
1517 909 1820 972 consilium,

223 1003 328 1059 sed
357 1003 425 1058 ad
485 1003 675 1058 horam
725 1017 824 1072 pro
882 1000 1110 1055 aliorum
1168 1000 1344 1055 salute
1393 1015 1509 1054 suae
1560 997 1826 1054 doctrinae

223 1100 574 1156 sententiam.
598 1101 735 1154 Nam
765 1114 932 1169 super
977 1097 1081 1153 hoc
1109 1097 1255 1170 quod
1312 1096 1416 1168 ipsi
1447 1105 1499 1152 et
1545 1097 1635 1151 alii
1666 1095 1827 1150 aliter

221 1188 489 1254 fecerant,
523 1197 576 1244 et
607 1205 667 1244 se
697 1196 748 1243 et
771 1187 909 1242 alios
939 1195 1131 1257 postea
1169 1189 1553 1242 correxerunt.
1597 1187 1826 1240 Possunt

223 1278 391 1332 etiam
422 1285 475 1332 et
513 1277 716 1333 debent
739 1275 858 1331 fieri
888 1275 1348 1346 dispensationes,
1400 1275 1601 1346 quibus
1632 1274 1824 1329 Eccle-

224 1367 457 1433 siarum,
474 1363 1824 1430 etmonasteriorumconsuetudinesimmutentur;

225 1456 326 1510 sed
356 1455 449 1509 ubi
504 1453 850 1526 postponitur
908 1455 1090 1508 minus
1145 1453 1367 1522 bonum,
1426 1460 1484 1506 ut
1539 1452 1684 1523 quod
1744 1459 1827 1506 est

223 1543 421 1598 melius
442 1544 790 1597 instituatur.
831 1544 891 1596 In
921 1541 1071 1597 nullo
1097 1547 1279 1596 autem
1302 1541 1502 1596 malum
1529 1540 1827 1596 fieridebet

224 1632 314 1687 vel
398 1631 662 1704 permitti,
747 1631 852 1686 nisi
917 1646 983 1686 ea
1051 1638 1259 1686 tantum
1349 1629 1673 1685 necessitate
1732 1628 1827 1683 ubi

222 1720 442 1776 timetur
497 1737 565 1776 ne
621 1719 960 1791 periclitetur
999 1719 1156 1783 ﬁdes,
1191 1727 1244 1774 et
1274 1719 1406 1773 illud
1465 1718 1825 1789 postmodum

225 1817 562 1887 corrigatur.
599 1818 737 1872 Nam
771 1817 861 1890 qui
892 1817 1037 1871 mala
1064 1816 1286 1884 faciunt,
1320 1825 1378 1871 ut
1411 1817 1631 1872 veniant
1660 1817 1822 1886 bona,

1933 646 2490 712 consecrari,deinde
2542 661 2675 700 vero
2729 653 2987 715 tanquam
3047 659 3235 715 regem
3265 641 3528 698 Ecclesiae

1933 735 2110 791 sacris
2141 735 2448 804 insignibus
2476 735 2753 790 decorari.
2819 735 2874 790 Si
2905 737 3025 806 quis
3079 741 3259 788 autem
3306 729 3527 786 cuilibet

1935 825 2182 881 saeculari
2211 824 2464 894 potestati
2492 824 2596 878 ista
2644 823 2812 878 licere
2867 831 3043 892 putat,
3077 830 3262 886 errat;
3305 819 3449 892 quod
3481 817 3526 872 si

1933 914 2230 969 defendere
2254 913 2457 978 nititur,
2509 913 2879 983 apostolorum
2922 911 3228 967 doctrinam
3260 917 3311 964 et
3352 906 3527 963 sancti

1933 1004 2163 1075 Spiritus
2185 1018 2406 1056 sensum
2437 1001 2716 1056 adnullare
2745 1001 3048 1056 desiderat.
3089 1000 3210 1056 Und
3230 997 3522 1054 haereticus

1935 1117 2058 1158 esse
2086 1100 2397 1154 nullatenus
2427 1099 2730 1153 dubitatur.
2777 1098 3107 1154 Investitura
3136 1097 3318 1167 itaque
3348 1094 3525 1150 laico-

1935 1207 2074 1256 rum,
2110 1205 2228 1260 quae
2253 1187 2309 1242 ﬁt
2337 1204 2439 1258 per
2467 1188 2672 1258 virgam
2705 1195 2758 1242 et
2778 1186 3063 1251 annulum,
3084 1185 3277 1241 merito
3297 1182 3527 1242 haeresis

1934 1278 2254 1350 appellatur.
2285 1279 2424 1332 Nam
2455 1276 2593 1333 sicut
2622 1292 2654 1330 a
2685 1277 2906 1332 Simone
2952 1274 3267 1331 Simoniaca
3297 1271 3522 1326 haeresis

1934 1369 2151 1436 dicitur,
2185 1367 2258 1420 ita
2278 1368 2348 1420 ab
2377 1381 2443 1420 eo
2473 1366 2564 1436 qui
2588 1365 2826 1431 investit,
2859 1372 2914 1420 et
2941 1365 3010 1418 ab
3041 1363 3135 1418 illo
3165 1362 3257 1434 qui
3297 1360 3524 1416 investi-

1935 1465 2036 1523 tur,
2070 1455 2326 1528 quoniam
2357 1462 2588 1526 uterque
2616 1454 2671 1508 in
2701 1453 2789 1508 illa
2821 1469 2921 1508 sua
2977 1452 3209 1520 actione,
3244 1458 3296 1505 et
3321 1449 3527 1524 agitare

1933 1554 2114 1610 claves
2144 1553 2424 1619 Ecclesia,
2456 1560 2510 1607 et
2537 1552 2654 1622 ejus
2682 1551 2897 1606 unicum
2921 1566 2988 1606 ac
3019 1549 3300 1623 singulare
3329 1547 3526 1603 ostium

1933 1643 2140 1699 violare
2169 1652 2413 1710 conatur,
2443 1649 2597 1697 recto
2616 1641 2834 1696 nomine
2863 1639 3085 1695 haeresis
3113 1638 3181 1694 de
3213 1635 3530 1692 investitura

1934 1739 2180 1788 vocatur.
2215 1732 2350 1786 Haec
2396 1738 2664 1801 praeterea
2719 1729 2946 1784 haeresis
2975 1728 3054 1800 ide
3109 1725 3446 1790 investitura,
3480 1725 3530 1778 si

1936 1828 2083 1876 recte
2114 1820 2497 1891 perspiciatur,
2529 1818 2694 1873 etiam
2737 1817 2964 1873 haeresis
3009 1815 3323 1871 Simoniaca
3380 1827 3523 1878 esse,

221 1906 634 1974 horumlusmm
667 1923 790 1962 esse
850 1906 1259 1961 damnationem
1295 1905 1496 1960 ΡαυῘυε
1541 1906 1822 1976 apo-“Olus
1863 1913 1911 1974 Β
1939 1917 2067 1973 viva
2096 1925 2148 1972 et
2168 1932 2303 1971 vera
2331 1915 2542 1971 ratione
2597 1914 2878 1986 probatur.
2909 1914 3048 1968 Nam
3081 1928 3203 1984 quae
3248 1908 3528 1966 saecularis

222 2002 582 2065 protestatur.
613 1995 668 2049 Si
699 1995 820 2066 quis
861 2011 995 2050 vero
1026 1995 1184 2049 aliter
1228 1995 1281 2048 in
1312 1994 1564 2050 Ecclesia
1598 1994 1825 2064 dispen-

224 2083 468 2138 sationes
495 2082 646 2148 facit,
678 2083 876 2139 rationi
901 2083 1062 2138 simul
1086 2088 1141 2138 et
1171 2083 1382 2138 veritati
1415 2081 1582 2158 425
1616 2091 1831 2138 contra-

219 2178 373 2248 dicit,
399 2195 501 2236 nec
521 2179 695 2235 solum
719 2180 997 2236 lucernam
1031 2181 1311 2236 ardentem
1332 2197 1438 2235 non
1453 2181 1610 2235 habet
1637 2195 1831 2237 verum

220 2267 440 2323 etiamm
456 2268 682 2325 aliorum
703 2269 958 2324 ardentes
988 2271 1316 2342 exstinguit.
1339 2270 1406 2324 Et
1421 2270 1545 2324 ideo
1558 2285 1664 2324 non
1681 2277 1830 2324 recte

219 2356 425 2437 dicitur
471 2357 672 2413 Christi
700 2356 952 2426 vicarius,
987 2358 1088 2414 sed
1135 2359 1243 2412 dux
1301 2366 1384 2414 est
1413 2373 1681 2414 caecorum
1712 2358 1830 2429 ipse

232 2460 442 2501 CECUS.
1799 2497 1802 2500 .

294 2535 373 2589 De
403 2533 736 2588 investitura
804 2541 984 2590 autem
1050 2533 1334 2602 laicorum,
1385 2534 1429 2588 si
1460 2534 1582 2596 quis
1626 2550 1830 2606 cogno-

221 2645 382 2687 scere
415 2631 651 2687 voluerit
696 2632 828 2703 quid
857 2632 1122 2689 catholica
1151 2639 1206 2689 et
1259 2632 1556 2704 apostolica
1586 2632 1831 2689 Ecclesia

223 2719 482 2785 senserit,
522 2720 651 2792 quid
682 2720 949 2789 docuerit,
1011 2721 1145 2792 quid
1181 2721 1504 2789 iudicaverit
1541 2729 1595 2777 et
1623 2722 1831 2777 consti-

223 2808 407 2875 tuerit,
445 2808 591 2880 legat
619 2809 674 2864 in
703 2809 882 2881 primo
913 2809 1148 2881 capitulo
1203 2809 1347 2864 illius
1396 2810 1610 2866 concilii
1656 2810 1825 2882 (374),

223 2897 374 2969 quod
428 2905 675 2968 tempore
733 2897 990 2968 Gregorii
1047 2898 1266 2969 septimi
1311 2915 1466 2969 papa:
1519 2901 1716 2955 tactum
1749 2907 1832 2953 est

224 2993 280 3041 et
311 2985 388 3039 ibi
417 3001 609 3041 omnes
667 2985 921 3054 clericos,
980 2987 1072 3059 qui
1133 2987 1202 3043 de
1232 3003 1396 3042 manu
1449 2987 1573 3044 laici
1603 2987 1829 3043 investi-

219 3082 399 3129 turam
485 3075 803 3145 suscipiunt,
886 3075 1178 3131 haereticos
1259 3084 1502 3141 vocatos,
1588 3085 1641 3131 et
1706 3077 1828 3131 ideo

218 3163 513 3218 damnatos
545 3177 668 3219 esse
715 3171 769 3218 et
829 3163 1329 3220 excommunicatos
1361 3164 1648 3220 invenerit.
1681 3165 1830 3220 Licet

222 3251 334 3306 alia
386 3252 612 3307 heresis
668 3251 738 3307 de
793 3251 1119 3307 investitura
1175 3253 1404 3320 dicatur,
1465 3254 1576 3308 alia
1642 3253 1826 3310 Simo-
1858 3284 1906 3346 Ο

221 3339 417 3409 niaca;
444 3339 544 3394 ista
576 3356 696 3412 quae
739 3340 808 3395 de
857 3339 1180 3396 investitura
1209 3341 1423 3409 dicitur,
1484 3350 1675 3397 contra
1706 3359 1830 3396 san-

223 3437 366 3485 ctam
394 3429 702 3484 Ecclesiam
731 3427 920 3484 fortius
943 3429 1239 3498 jaculatur.
1280 3430 1590 3486 Simouiaca
1630 3431 1829 3486 etenim

222 3515 466 3588 pravitas
519 3516 799 3572 multoties
840 3515 895 3572 fit
953 3517 1228 3585 latenter;
1290 3519 1517 3574 hmresis
1571 3536 1703 3576 vero
1761 3521 1829 3576 de

225 3601 550 3656 investitura
567 3617 783 3672 semper
799 3601 1011 3672 publice
1042 3601 1241 3673 agitur.
1266 3601 1348 3656 Ibi
1378 3603 1543 3657 etiam
1565 3604 1619 3658 in
1639 3604 1829 3675 primis

229 3697 408 3753 omnis
438 3697 844 3754 ecclesiasticus
876 3699 1012 3754 ordo
1044 3698 1413 3766 confunditur,
1475 3701 1696 3772 quando
1727 3701 1832 3756 hoc

229 3793 378 3866 quod
409 3793 695 3867 unicuique
725 3812 754 3848 a
777 3795 895 3850 solo
931 3810 1036 3850 suo
1065 3803 1446 3852 consecratore
1494 3797 1547 3850 in
1579 3797 1832 3852 Ecclesia

231 3898 353 3938 cum
385 3883 749 3949 orationibus,
778 3901 898 3954 quae
929 3883 1003 3938 ibi
1035 3886 1389 3952 conveniunt,
1421 3885 1540 3940 dari
1585 3885 1769 3952 debet,
1802 3902 1832 3941 a

232 3978 482 4034 saculari
564 3987 839 4051 potestate
892 3980 1041 4051 prius
1087 3982 1374 4052 accipitur.
1446 3981 1605 4050 Quod
1665 3984 1832 4038 sancti

234 4074 469 4146 apostoli
481 4091 589 4132 non
608 4076 790 4132 solum
811 4078 1226 4146 interdixerunt,
1252 4096 1437 4135 verum
1460 4079 1621 4134 etiam
1643 4096 1832 4135 omnes

232 4171 377 4242 illos,
411 4172 505 4245 qui
537 4189 636 4244 per
665 4174 991 4230 saecularem
1023 4183 1341 4247 potestatem
1363 4175 1668 4231 Ecclesiarn
1697 4175 1834 4230 obti-

233 4277 382 4336 nent,
417 4271 687 4326 aChristo
718 4272 824 4326 sibi
862 4273 1062 4329 tradita
1103 4283 1365 4345 potestate
1409 4274 1825 4330 damnaverunt.

233 4359 308 4413 Et
361 4360 553 4416 merito
611 4361 841 4432 apostoli
879 4362 1084 4430 judicio
1143 4363 1380 4434 Spiritus
1463 4363 1636 4418 sancti
1693 4364 1834 4418 hanc

235 4456 493 4511 haeresim
520 4457 576 4512 in
609 4458 729 4529 ipso
763 4460 1020 4515 Ecclesia:
1051 4461 1320 4533 principio
1349 4462 1608 4518 damnare
1639 4462 1833 4517 decre-

236 4553 456 4613 verunt,
488 4563 648 4618 quam
679 4548 844 4620 longo
874 4558 996 4619 post
1045 4558 1290 4620 tempore
1331 4566 1394 4604 ex
1434 4559 1586 4621 patre
1617 4551 1833 4606 diabolo

236 4645 575 4700 nascituram
605 4662 728 4702 esse
767 4648 1168 4718 praeviderunt.
1227 4650 1363 4703 Cum
1413 4650 1582 4721 igitur
1608 4649 1749 4706 laico
1781 4659 1832 4705 et
1863 4644 1914 4702 D

233 4744 582 4814 investitura,
617 4752 672 4801 et
700 4745 875 4800 omnis
896 4746 1058 4802 etiam
1076 4747 1541 4818 disponendarum
1563 4748 1840 4804 Ecclesia-

235 4857 360 4896 rum
406 4840 494 4896 vel
554 4841 720 4917 426
755 4843 1249 4899 ecclesiasticorum
1303 4861 1485 4899 rerum
1535 4845 1766 4902 facultas
1807 4861 1840 4900 a

237 4939 442 5009 Spiritu
474 4948 682 5005 sancto,
709 4941 799 5011 qui
847 4939 900 4993 in
946 4941 1208 5011 apostolis
1241 4942 1586 5014 loquebatur,
1643 4951 1840 5017 negata

237 5028 310 5083 sit
337 5027 553 5098 penitus
613 5035 664 5082 et
716 5029 1024 5090 interdicta.
1073 5031 1164 5102 qui
1220 5029 1595 5086 investituram
1625 5048 1658 5086 a
1698 5033 1839 5089 laico

236 5117 483 5187 suscipit,
533 5132 642 5172 non
694 5117 805 5186 jam
865 5127 1054 5173 contra
1092 5119 1372 5189 apostolos
1428 5123 1660 5187 tantum,
1731 5121 1839 5176 imo

237 5223 429 5270 contra
458 5214 745 5270 Dominum
803 5215 1196 5285 apostolorum,
1257 5216 1400 5287 quod
1464 5225 1716 5273 sanctum
1751 5225 1834 5272 est

235 5313 467 5370 canibus
496 5314 740 5384 exponit.
767 5314 1090 5368 Investitura
1107 5315 1272 5381 enim,
1296 5316 1365 5370 de
1398 5331 1504 5386 qua
1540 5315 1837 5388 loquimur,

238 5419 643 5467 sacramentum
675 5419 775 5477 est,
807 5411 862 5466 id
893 5419 974 5466 est
1004 5427 1218 5468 sacrum
1250 5413 1484 5486 signum,
1531 5430 1638 5486 quo
1692 5414 1841 5485 prin-

240 5515 372 5570 ceps
388 5500 669 5565 Ecclesiae,
685 5500 976 5571 episcopus
993 5500 1226 5566 scilicet,
1245 5516 1276 5554 a
1297 5502 1508 5556 caeteris
1533 5501 1841 5558 hominibus

241 5598 549 5654 secernitur
576 5597 784 5667 pariter
831 5605 995 5668 atque
1051 5597 1397 5670 dignoscitur
1425 5607 1477 5655 et
1532 5616 1639 5670 quo
1676 5617 1842 5671 δαρει-

243 5686 608 5742 Christianum
650 5702 878 5758 gregem
940 5701 1065 5740 cura
1123 5687 1418 5756 pastoralis
1463 5688 1509 5743 ei
1570 5688 1835 5742 tribuitur-

244 5774 789 5832 Hancinvestituram
808 5771 983 5828 abillo
1007 5773 1123 5829 solo
1146 5775 1426 5844 suscipere
1444 5778 1606 5833 debet
1623 5793 1649 5831 a
1667 5792 1773 5847 quo
1791 5785 1841 5832 et

314 5937 467 6012 (87L)
496 5937 581 5992 De
609 5949 716 6007 quo
744 5941 800 5992 et
828 5947 1015 6005 supra,
1041 5934 1200 6008 epist.
1233 5935 1321 6004 11,
1351 5934 1454 5993 lib.
1493 5955 1581 5994 nt.

1938 2027 2180 2090 potestas
2210 2019 2312 2073 sibi
2334 2019 2613 2074 vindicare
2657 2017 2846 2072 nititur
2901 2015 3296 2080 investituram,
3339 2010 3445 2066 nisi
3471 2017 3530 2065 ut

1937 2125 2038 2180 per
2083 2110 2188 2164 hoc
2233 2111 2513 2179 pecuniam
2544 2115 2886 2178 extorqueat,
2935 2112 3027 2159 aut
3071 2102 3217 2175 quod
3250 2100 3415 2177 427
3447 2105 3532 2154 est

1937 2207 2182 2279 gravius,
2217 2205 2319 2260 sibi
2348 2205 2651 2260 inordinate
2682 2203 2983 2272 subjectam
3012 2201 3210 2256 efficiat
3255 2196 3531 2270 pontificis

1939 2311 2230 2367 personam
2251 2297 2278 2348 ?
2335 2294 2527 2349 Nullus
2556 2300 2640 2348 est
2683 2292 2864 2363 utique
2921 2291 3205 2354 laicorum,
3239 2286 3452 2343 etiamsi
3483 2285 3532 2341 ei

1938 2385 2143 2449 liceret,
2178 2384 2268 2455 qui
2302 2391 2449 2438 tanta
2505 2381 2801 2436 intentione
2855 2379 3120 2434 annulum
3176 2377 3262 2432 vel
3316 2375 3530 2446 virgam

1939 2475 2073 2529 dare
2104 2473 2400 2537 desideret,
2432 2471 2535 2525 nisi
2562 2486 2666 2541 per
2709 2471 2828 2526 hac
2852 2485 2973 2541 quae
3019 2474 3143 2522 sunt
3185 2469 3526 2522 sacramenta

1937 2570 2219 2636 Ecclesia,
2251 2568 2640 2640 temporalibus
2668 2566 2835 2622 lucris
2884 2565 3141 2620 inhiaret.
3200 2561 3380 2618 Laicis
3402 2558 3528 2633 qui—

1937 2661 2064 2715 dem
2089 2665 2434 2715 sacramenta
2473 2657 2543 2712 ab
2589 2655 2836 2712 Ecclesia
2894 2654 3171 2724 suscipere
3226 2651 3368 2716 licet,
3420 2663 3532 2703 non

1941 2748 2200 2804 Ecclesia:
2221 2747 2473 2820 quaelibet
2506 2752 2856 2801 sacramenta
2885 2744 3038 2798 dare.
3092 2743 3322 2811 Semper
3351 2738 3524 2793 laicus

1939 2847 2008 2902 de
2037 2845 2382 2911 investitura,
2415 2851 2472 2898 ut
2501 2843 2756 2909 diximus,
2785 2849 2878 2896 aut
2909 2839 3195 2912 pecuniam
3226 2837 3329 2893 sibi
3359 2835 3534 2892 vindi-

1937 2943 2041 3001 cat,
2072 2942 2182 3001 aut,
2211 2933 2355 3004 quod
2376 2939 2459 2987 est
2487 2930 2743 3002 amplius,
2773 2929 3015 3000 episcopi
3043 2927 3129 2984 vel
3162 2926 3368 2981 abbatis
3405 2940 3533 2996 per-

1939 3047 2152 3087 sonam.
2194 3032 2308 3086 Hac
2337 3046 2444 3084 non
2466 3037 2572 3083 tam
2600 3030 2836 3083 humana
2865 3042 3028 3099 quam
3058 3024 3326 3081 diabolica
3370 3021 3536 3077 mali-

1937 3121 2162 3193 gnitate,
2194 3119 2437 3175 Ecclesia
2467 3116 2800 3173 catholicam
2845 3115 3030 3181 fidem,
3091 3113 3423 3177 libertatem,
3475 3116 3531 3164 et

1937 3221 2244 3278 castitalem
2274 3219 2492 3285 amittit,
2553 3219 2671 3274 sine
2727 3217 2925 3290 quibus
2981 3214 3128 3271 nulla
3159 3213 3364 3268 ratione
3399 3211 3534 3266 sub-

1936 3311 2094 3365 sistit.
2126 3312 2276 3366 Hanc
2306 3309 2508 3381 agitur,
2569 3323 2733 3380 quam
2791 3321 2952 3377 supra
2998 3303 3254 3372 diximus,
3303 3299 3532 3356 investi-

1938 3421 2114 3468 turam
2174 3413 2483 3484 quicunque
2558 3410 2660 3465 sub
2719 3408 2905 3480 specie
2959 3405 3198 3479 pastoris
3249 3402 3535 3473 suscipere

1936 3512 2235 3583 praesumit,
2268 3510 2326 3564 fit
2355 3508 2707 3582 paralyticus,
2741 3515 2793 3563 et
2818 3501 3525 3576 hazreticaleprapollutus.

1937 3615 2093 3670 Illum
2124 3629 2232 3669 non
2261 3621 2538 3685 pastorem
2570 3610 2890 3668 ﬁducialiter
2943 3608 3088 3674 dico,
3110 3622 3213 3663 nec
3243 3605 3391 3660 illius
3422 3604 3532 3658 Pa-

1938 3718 2103 3773 storis
2132 3717 2220 3789 qui
2254 3715 2494 3771 animam
2536 3729 2690 3769 suam
2743 3711 2922 3785 posuit
2973 3726 3073 3782 pro
3127 3709 3320 3764 ovibus
3375 3705 3527 3770 suis,

1940 3814 2221 3888 quoblibet
2241 3814 2569 3878 membrum,
2601 3811 2698 3867 sed
2728 3810 2833 3877 fur,
2867 3819 2917 3866 et
2949 3816 3133 3878 raptor
3155 3810 3209 3862 et
3233 3805 3394 3876 lupus
3425 3809 3528 3858 est.

1937 3905 2075 3959 Nam
2107 3903 2175 3957 ad
2216 3904 2320 3958 hoc
2349 3901 2496 3957 venit
2525 3909 2584 3956 ut
2632 3900 2860 3963 furetur,
2915 3905 2968 3953 et
3021 3895 3200 3967 rapiat
3229 3897 3285 3947 et
3333 3897 3536 3947 mactet

1940 4013 2126 4081 (Joan,
2159 4026 2215 4077 χ,
2250 4010 2364 4079 10).
2406 4009 2559 4064 Hanc
2587 4014 2768 4062 autem
2798 4003 3179 4061 detestabilem
3198 3998 3532 4071 impietatem

1939 4124 2050 4163 non
2083 4107 2257 4162 solum
2287 4106 2377 4178 qui
2408 4105 2632 4172 faciunt,
2665 4104 2762 4160 sed
2792 4103 2884 4175 qui
2913 4100 3257 4159 consentiunt
3288 4097 3360 4164 ei,
3385 4095 3534 4151 dam-

1940 4212 2052 4267 nati
2082 4220 2228 4267 sunt.
2268 4211 2365 4266 Ille
2387 4227 2516 4267 vero
2544 4209 2813 4266 consentit
2843 4207 2936 4279 qui
2965 4223 3089 4262 eam
3119 4212 3279 4270 tacet,
3305 4201 3397 4275 qui
3415 4217 3532 4257 eam

1940 4327 2048 4367 non
2098 4310 2342 4383 corrigit,
2395 4317 2446 4365 et
2503 4309 2594 4381 qui
2647 4308 2697 4364 ei
2743 4307 2922 4380 palam
2961 4322 3071 4362 non
3109 4301 3447 4367 contradicit,
3481 4306 3538 4355 et

1941 4426 2104 4464 nemo
2133 4417 2218 4464 est
2246 4408 2339 4481 qui
2388 4407 2773 4465 contradicere
2815 4405 3000 4477 palam
3046 4418 3154 4458 non
3202 4401 3416 4466 debeat,
3479 4405 3534 4453 et

1941 4507 2138 4577 possit.
2176 4508 2316 4561 Nam
2347 4505 2394 4560 si
2414 4504 2622 4576 praelati
2646 4520 2755 4558 non
2784 4503 2950 4557 habet
3003 4499 3400 4562 auctoritatem,
3437 4497 3533 4550 lia-

1943 4595 2032 4650 bet
2063 4603 2244 4650 tamen
2301 4593 2589 4650 Christiani
2644 4608 2852 4648 vocem.
2916 4593 2983 4646 Et
3041 4589 3319 4658 Scriptura
3375 4584 3523 4649 dicit,

1946 4693 2284 4749 etneminem
2304 4692 2503 4763 excipit
2526 4692 2874 4748 :Maledictus
2895 4691 2990 4761 qui
3003 4687 3258 4760 prohibet
3283 4683 3538 4756 gladium

1945 4809 2111 4848 suum
2129 4809 2163 4846 (ι
2181 4792 2478 4863 sanguine.
2504 4792 2640 4860 (Jer.
2660 4803 2844 4850 vam,
2868 4788 2974 4856 10),
2998 4786 3054 4840 id
3075 4794 3154 4840 est
3178 4798 3366 4838 vocem
3381 4795 3534 4835 suam

1946 4881 2014 4935 ab
2047 4880 2416 4951 increpatione
2447 4879 2678 4950 peccati.
2735 4875 2875 4931 Illud
2905 4875 3067 4930 etiam
3121 4873 3320 4927 factum
3351 4867 3543 4924 memi-

1946 4978 2108 5042 nerit,
2135 4978 2279 5049 quod
2303 4977 2459 5031 asina
2489 4977 2693 5031 fatuum
2730 4976 3056 5047 prophetam
3085 4971 3215 5027 olim
3242 4965 3540 5026 correxerit

1949 5075 2137 5145 (Num.
2173 5089 2306 5140 xxii,
2333 5075 2452 5140 ς28).
2490 5073 2648 5141 Quod
2679 5072 2726 5125 si
2757 5071 2916 5127 fuerit
2973 5070 3218 5128 vitiosus.
3278 5065 3364 5122 vel
3405 5080 3542 5137 quo-

1945 5177 2076 5231 libet
2105 5176 2211 5230 alio
2235 5175 2465 5231 crimine
2491 5175 2709 5230 infamis
2740 5173 2932 5240 factus,
2963 5188 3074 5228 non
3102 5172 3226 5226 ideo
3257 5168 3418 5223 silere
3450 5165 3544 5220 dc-

1947 5275 2057 5340 bet,
2089 5273 2344 5345 quoniam
2373 5273 2664 5346 unicuique
2693 5272 2867 5348 428
2901 5268 3176 5342 peccatori
3198 5278 3542 5325 communem

1947 5371 2212 5428 Ecclesiae
2243 5370 2426 5439 fidem,
2461 5387 2620 5442 quam
2649 5387 2804 5426 suam
2841 5385 2964 5426 esse
2994 5365 3186 5430 credit,
3220 5371 3272 5420 et
3311 5360 3539 5418 conﬁte-

1950 5469 2052 5525 tur,
2099 5459 2414 5522 defendere,
2473 5467 2528 5514 et
2584 5467 2771 5515 contra
2809 5459 2927 5528 ejus
2973 5454 3317 5512 adversarios
3364 5451 3540 5506 libere

1949 5563 2198 5623 pugnare
2228 5547 2374 5603 licet.
2406 5549 2548 5602 Nam
2575 5548 2648 5602 illi
2681 5548 2808 5615 duo,
2844 5547 2935 5618 qui
2963 5547 3016 5600 in
3045 5545 3302 5616 passione
3324 5539 3540 5596 Domini

1949 5646 2190 5703 crucifixi
2223 5654 2350 5701 sunt
2378 5661 2499 5701 cum
2531 5661 2596 5702 eo
2626 5644 2848 5701 omnino
2903 5643 3136 5700 infames
3168 5649 3362 5704 erant;
3412 5655 3539 5694 nam

1951 5736 2152 5808 publici
2181 5736 2444 5801 latrones,
2505 5749 2736 5806 quorum
2796 5749 2937 5788 unus
2980 5748 3090 5788 non
3147 5734 3358 5786 tantum
3413 5728 3542 5799 quia

1949 5832 2198 5899 credidit,
2231 5831 2330 5887 sed
2361 5831 2488 5903 quia
2516 5846 2630 5886 suae
2661 5828 2787 5886 fidei
2842 5829 3126 5884 veritatem
3173 5834 3360 5882 contra
3409 5825 3541 5879 alte-

1949 5957 2072 5998 rum
2100 5939 2398 5998 defendere
2453 5937 2636 6011 coepit,
2687 5937 2890 5994 bonum
2915 5935 3056 5991 illud
3114 5943 3168 5992 et
3221 5931 3538 5994 delectabile
