3910 6414
438 418 545 476 287

859 420 1194 479 GOFFRIDI
1225 423 1511 479 ABBATIS
1545 419 2094 479 VINDOCINENSIS
2121 420 2368 477 TRACT.
2405 421 2502 476 DE
2533 419 2869 477 ORDINAT.
2902 418 3144 486 EPISC.,
3187 418 3318 475 ETC

3633 415 3759 473 288

443 542 676 600 verbum
703 558 739 600 a
769 544 1050 604 Salvatore
1096 553 1286 603 nostro
1330 545 1519 603 audire
1576 545 1774 602 meruit
1799 562 1811 601 :
1867 545 2037 603 Hodie
2066 543 2125 607 A
2152 542 2359 611 nititur,
2393 544 2491 599 sed
2518 543 2758 615 seipsum
2791 541 2883 598 Dei
2911 541 3044 597 Filio
3073 539 3411 612 superiorem
3441 553 3541 593 sua
3578 534 3758 609 impia

445 622 656 681 scilicet
674 640 895 682 mecum
911 628 1023 682 eris
1040 629 1101 682 in
1119 628 1382 699 paradiso
1401 628 1556 697 (Luc.
1575 644 1727 691 χχιιι,
1749 628 1858 695 43).
1889 626 2048 683 Unde

446 710 503 767 in
533 712 743 769 latrone
761 714 858 770 illo
886 716 1127 771 mxxime
1168 716 1508 772 declaratum
1533 716 1869 787 agnoscitur,
1903 714 2049 786 quod

451 801 537 857 vir
564 801 881 871 catholicus,
915 804 1037 859 licet
1058 804 1213 876 prius
1242 804 1476 860 infamia:
1505 804 1735 861 maculis
1764 820 2046 874 aspersus,

456 890 582 945 fidei
612 889 932 947 defensione
960 893 1283 963 paradisum
1339 893 1542 964 pariter
1572 901 1625 949 et
1653 908 1778 948 cum
1834 892 2050 948 Christo

456 994 579 1034 esse
610 984 872 1034 meretur.
907 982 973 1036 Et
1020 982 1277 1052 quoniam
1324 982 1394 1037 de
1425 980 1670 1037 Simonia
1723 982 2049 1037 mentionem

454 1065 703 1135 fecimus,
734 1083 833 1124 cur
854 1069 974 1141 ipsa
1006 1077 1059 1126 et
1078 1070 1345 1126 laicorum
1366 1071 1696 1127 investitura
1715 1071 1779 1125 sit
1795 1070 2048 1139 haeresis,

455 1182 507 1230 et
537 1173 729 1230 merito
756 1175 986 1232 haeresis
1014 1177 1285 1250 appellari
1312 1178 1531 1244 debeat,
1556 1177 1793 1249 amplius
1811 1177 1927 1233 Deo
1956 1177 2053 1232 ad-

451 1275 675 1345 juvante
704 1278 937 1345 dicetur,
969 1294 1038 1335 ne
1068 1296 1237 1351 super
1290 1281 1395 1337 hoc
1451 1280 1714 1351 deinceps
1747 1280 2043 1336 dubitetur.

458 1365 574 1422 Hoc
601 1373 741 1421 etam
778 1366 1078 1422 silendumi
1105 1383 1211 1422 non
1273 1370 1394 1433 erit,
1429 1369 1575 1441 quod
1633 1369 1773 1425 sicut
1801 1368 2051 1441 quasdam

457 1453 777 1511 investitura
806 1455 1075 1511 laicorum
1097 1465 1286 1513 contra
1335 1457 1521 1524 ﬁdem,
1554 1458 1628 1513 ita
1660 1458 1910 1530 quaedam
1964 1458 2056 1512 in—

459 1544 718 1599 vestitura
746 1560 936 1601 eorum
967 1546 1113 1601 salva
1145 1544 1255 1602 ﬁde
1288 1546 1406 1603 ﬁeri
1464 1555 1669 1619 potest.
1708 1547 2053 1603 Credendum

460 1648 564 1705 est,
593 1640 768 1697 frater
820 1641 1161 1707 charissime,
1192 1650 1246 1697 et
1302 1641 1530 1697 firmiter
1578 1643 1871 1698 tenendum
1921 1641 2055 1696 illud

462 1729 737 1801 praecipue
763 1730 1018 1785 haeresim
1045 1746 1170 1786 esse
1201 1730 1393 1802 quoda
1423 1731 1605 1786 Patris
1620 1731 1821 1787 unitate
1839 1730 2051 1796 Filium,

458 1818 573 1874 sive
603 1817 867 1889 Spiritum
887 1825 1135 1875 sanctum
1163 1827 1391 1876 conatur
1419 1835 1695 1891 separare,
1729 1820 1815 1876 vel
1856 1834 2054 1889 perso-

2157 632 2368 688 actione
2425 630 2739 703 signiﬁcare
2792 630 3025 693 videtur,
3075 638 3223 685 recto
3267 628 3485 684 nomine
3524 634 3578 682 et
3629 626 3759 697 ipse

2158 729 2464 795 haereticus,
2496 737 2549 785 et
2577 728 2696 797 ejus
2750 728 3073 784 investitura
3126 724 3348 784 haeresis
3400 722 3750 795 appellatur.

2157 819 2282 875 Non
2311 818 2379 872 sit
2399 817 2838 889 :imperatoribus
2892 825 2945 871 et
2973 815 3197 888 regibus
3252 813 3545 869 molestum
3601 810 3759 885 quod

2159 906 2410 973 dicimus,
2445 923 2547 963 nec
2577 905 2973 963 consuetudine
3012 904 3115 959 sibi
3175 903 3453 959 vindicare
3491 901 3758 968 nitantur,

2162 997 2307 1068 quod
2337 996 2418 1052 eis
2449 995 2673 1052 veritate
2700 1003 2951 1068 negatur.
2991 994 3126 1050 Cum
3155 992 3308 1049 laicis
3337 991 3498 1048 etiam
3528 990 3761 1063 religio-

2162 1097 2238 1152 sis
2258 1096 2723 1169 disponendarum
2752 1094 3119 1152 Ecclesiarum
3144 1092 3231 1149 vel
3259 1090 3761 1148 ecclesiasticarum

2164 1202 2345 1241 rerum
2379 1186 2555 1242 omnis
2589 1184 2815 1242 facultas
2843 1184 2913 1239 ab
2941 1182 3202 1255 apostolis
3230 1181 3603 1254 prohibeatur,
3638 1194 3766 1233 ma-

2163 1275 2419 1331 nifestum
2451 1283 2541 1331 est
2560 1274 2791 1346 quodeis
2824 1273 3144 1329 investitura
3158 1270 3461 1345 negaturab
3478 1269 3593 1340 ipsa
3616 1266 3767 1324 veri-

2163 1371 2295 1431 tate,
2328 1380 2357 1419 a
2388 1364 2606 1419 Christo
2624 1362 2876 1418 videlicet
2904 1361 3001 1434 qui
3029 1360 3082 1415 in
3111 1359 3375 1432 apostolis
3404 1357 3740 1430 loquebatur

2166 1452 2323 1522 Quod
2352 1461 2534 1507 autem
2554 1451 2874 1508 Christusin
2904 1450 3164 1521 apostolis
3193 1448 3262 1503 sit
3300 1448 3531 1514 locutus,
3556 1445 3767 1501 Paulus

2165 1542 2443 1613 apostolus
2482 1541 2679 1597 asserit
2712 1540 2905 1595 dicens
2938 1556 2952 1595 :
2993 1541 3079 1595 Αη
3136 1538 3597 1610 experimentum
3635 1536 3770 1606 ejus

2164 1641 2436 1712 quwritis,
2453 1645 2547 1712 qui
2561 1640 2621 1696 in
2636 1655 2722 1694 me
2737 1638 2986 1711 loquitur
3002 1635 3257 1693 Christus
3269 1635 3298 1689 .9
3315 1635 3390 1705 (II
3401 1632 3522 1689 Cor.
3546 1648 3667 1701 xm,
3683 1632 3769 1703 3.)

2165 1738 2307 1793 Cum
2326 1736 2495 1810 igitur
2522 1736 2768 1792 Christus
2798 1735 2997 1791 veritas
3028 1733 3115 1799 sit,
3149 1733 3286 1789 sicut
3316 1734 3434 1804 ipse
3460 1728 3593 1784 dixit
3616 1747 3631 1783 ε
3652 1731 3767 1801 Ego

2164 1844 2292 1884 sum
2322 1827 2728 1896 veritaonan.
2754 1840 2863 1892 xtv,
2898 1824 2972 1894 6),
3004 1839 3106 1879 nec
3161 1836 3418 1894 unquam,
3471 1819 3591 1893 Ego
3639 1832 3767 1872 sum

458 1923 654 1963 narum
682 1907 909 1963 alteram
933 1908 1110 1969 altera
1138 1908 1407 1965 minorem
1434 1909 1522 1964 vel
1573 1910 1836 1977 majorem
1893 1924 2050 1963 asse-
2080 1904 2132 1963 B
2163 1914 2524 1981 consuetudo,
2556 1913 2771 1981 dixerit,
2794 1912 2883 1985 qui
2915 1911 3254 1968 Christianus
3284 1917 3387 1977 est,
3443 1907 3721 1963 Chaistum
3750 1925 3763 1962 ;

461 2012 606 2052 rere.
639 1996 773 2051 Sunt
791 1996 1008 2070 quidem
1027 2013 1238 2053 errores
1260 2005 1312 2053 et
1337 1997 1656 2062 divisiones,
1676 2015 1795 2070 quae
1815 1999 2056 2054 hereses

462 2094 820 2165 appellantur,
854 2093 1052 2165 quibus
1074 2095 1143 2149 de
1174 2110 1411 2166 persona
1464 2096 1630 2150 Patris
1660 2096 1743 2151 vel
1774 2096 1911 2161 Filii,
1944 2095 2058 2150 sive

465 2182 696 2253 Spiritus
728 2183 922 2251 sancti,
951 2184 1038 2238 vel
1067 2184 1136 2240 de
1163 2184 1325 2238 simul
1364 2191 1477 2239 tota
1504 2184 1767 2240 Trinitate
1798 2200 2060 2254 perverse

466 2271 717 2328 sentitur.
751 2271 860 2328 Sed
891 2272 1177 2327 sciendum
1208 2280 1293 2328 est
1312 2272 1459 2345 quod
1481 2273 1571 2329 ille
1601 2273 1836 2329 maxime
1869 2280 1923 2329 et
1949 2289 2062 2328 ma-

463 2359 555 2433 gis
594 2360 817 2433 proprie
846 2362 1136 2417 haereticus
1157 2361 1485 2429 nominatur,
1530 2363 1624 2434 qui
1671 2362 1834 2417 tidem
1863 2361 2064 2418 Christi

466 2474 628 2530 quam
685 2457 915 2529 accepit,
956 2459 1229 2514 obstinato
1280 2458 1448 2535 429
1508 2460 1693 2516 animo
1741 2459 2065 2531 impugnare

469 2554 705 2613 videtur.
742 2556 914 2627 Igitur
936 2556 1124 2612 Simon
1173 2558 1365 2629 Magna
1390 2573 1424 2612 a
1455 2558 1518 2612 S.
1551 2556 1802 2628 Philippo
1826 2557 2066 2628 baptiza-

470 2652 557 2700 tus
586 2660 694 2700 non
722 2652 926 2700 tantum
984 2645 1294 2713 haereticus,
1354 2645 1453 2701 sed
1506 2646 1888 2701 haereticorum
1946 2645 2065 2717 pri-

472 2756 596 2795 mus
627 2748 679 2796 et
704 2739 976 2812 pessimus
1004 2741 1249 2805 exstitit;
1311 2742 1403 2813 qui
1432 2758 1541 2796 non
1595 2742 1772 2799 solum
1804 2759 1841 2797 a
1891 2743 2067 2798 Patris

473 2828 778 2901 aequalitate
806 2830 1048 2901 separari
1072 2846 1237 2901 posse
1294 2831 1551 2902 Spiritum
1606 2842 1849 2887 sanctum
1880 2832 2067 2888 existi-

473 2918 660 2983 mavit,
685 2919 781 2974 sed
823 2918 989 2975 etiam
1043 2919 1163 2990 ipso
1212 2919 1415 2990 Spiritu
1471 2929 1662 2976 sancto
1721 2922 1887 2990 major
1944 2938 2070 2977 esse

471 3015 903 3079 praesumptuose
960 3008 1218 3063 tentando
1276 3009 1612 3080 concupivit.
1663 3010 1799 3064 Nam
1854 3025 1979 3065 cum
2010 3027 2069 3066 se

470 3120 636 3177 posse
664 3104 891 3176 pecunia
939 3104 1220 3176 possidere
1250 3106 1509 3178 Spiritum
1541 3116 1793 3163 sunctum
1841 3109 2066 3179 putavit,

476 3210 608 3283 quid
637 3211 866 3283 appetiit
893 3211 1064 3279 aliud,
1096 3212 1199 3267 nisi
1231 3221 1290 3268 ut
1320 3213 1524 3282 Spiritu
1549 3222 1739 3271 sancto
1764 3215 1937 3283 major
1956 3215 2071 3286 ipse
2104 3262 2149 3287 η

473 3300 789 3370 haberetur,
808 3316 930 3355 cum
954 3301 1311 3372 majorsitqui
1328 3302 1601 3373 posssidet
1622 3319 1780 3375 quam
1793 3304 1939 3377 quod
1956 3319 2077 3375 pos-
2102 3300 2150 3325 “

474 3398 681 3454 sidetur
693 3400 967 3471 (ἐθέλω)
990 3401 1015 3454 εἰ
1030 3400 1162 3455 Cum
1176 3399 1357 3472 itaque
1380 3400 1555 3455 Patris
1572 3410 1625 3457 et
1645 3402 1760 3457 Filii
1778 3412 1830 3459 et
1843 3403 2075 3474 Spiritus

477 3488 652 3545 sancti
680 3503 944 3559 personas
973 3488 1269 3559 inaequales
1300 3489 1525 3560 quilibet
1581 3492 1769 3547 nititur
1808 3501 2073 3559 astruere,

480 3576 693 3632 ratione
721 3576 926 3648 pariter
970 3584 1024 3632 et
1071 3576 1397 3634 auctoritate
1448 3579 1740 3636 haereticus
1788 3581 2074 3646 habeatur,

480 3664 653 3719 multo
684 3664 863 3737 magis
892 3664 1077 3719 Simon
1136 3666 1349 3739 Magus,
1384 3667 1475 3738 qui
1530 3667 1789 3739 Spiritum
1828 3679 2077 3726 sanetum

473 3762 590 3819 Deo
622 3761 763 3816 Patri
791 3766 845 3817 et
882 3761 1017 3818 Filio
1072 3763 1339 3834 aequalem
1370 3780 1469 3836 per
1496 3766 1681 3821 omnia
1719 3765 1821 3821 sibi
1851 3767 2077 3839 pecunia

477 3851 752 3919 subjicere
780 3851 1026 3917 tentavit,
1070 3851 1381 3919 haereticus,
1439 3861 1488 3908 et
1559 3855 1818 3921 Simonia,
1856 3874 1978 3928 quae
2011 3858 2078 3912 ab

482 3954 603 4026 ipso
630 3953 849 4010 inventa
879 3960 979 4022 est,
1013 3961 1063 4009 et
1093 3954 1162 4008 ab
1183 3970 1249 4009 eo
1278 3953 1494 4022 dicitur,
1548 3956 1771 4013 hasresis
1815 3974 2077 4031 compro-

482 4055 659 4111 batur.
693 4056 888 4113 Laicus
916 4064 1099 4112 autem
1147 4044 1268 4115 cu'm
1302 4057 1673 4115 investituram
1705 4061 2078 4117 Ecclesiarum

489 4144 677 4200 tribuit
704 4160 802 4216 per
830 4144 1043 4217 virgam
1074 4152 1128 4200 et
1158 4145 1439 4212 annulum,
1490 4165 1611 4219 quae
1641 4158 1765 4203 sunt
1814 4150 2079 4206 Ecclesiae

490 4240 861 4301 sacramenta,
885 4233 1024 4288 sicut
1052 4234 1132 4289 sal
1163 4243 1217 4289 et
1245 4250 1406 4308 aqua,
1440 4235 1623 4292 oleum
1654 4245 1708 4293 et
1738 4238 1995 4305 chrisma,
2027 4247 2080 4296 et

485 4334 743 4406 quaedam
766 4332 894 4400 alia,
928 4334 1047 4390 sine
1076 4334 1273 4407 quibus
1320 4337 1602 4393 hominum
1634 4345 1691 4395 et
1719 4338 2077 4396 ecclesiarum

483 4422 930 4479 consecrationes
955 4421 1074 4479 ﬁeri
1129 4440 1238 4481 non
1293 4435 1539 4496 possunt,
1584 4427 1685 4482 sibi
1736 4428 1833 4500 jus
1881 4428 2078 4484 Christi

481 4529 707 4592 usurpat
737 4529 789 4578 et
817 4530 1170 4593 potestatem,
1200 4528 1255 4579 et
1286 4525 1692 4597 quodammodo
1722 4543 1783 4583 se
1816 4528 1911 4584 Dei
1948 4527 2080 4584 Filio

2166 2021 2221 2068 et
2250 2012 2341 2086 qui
2372 2029 2465 2067 rex
2496 2019 2580 2067 est
2610 2012 2817 2083 Regem
2874 2026 3086 2083 regum,
3118 2009 3291 2080 ipsam
3322 2005 3523 2062 scilicet
3552 2004 3764 2061 verita-

2167 2110 2297 2168 tem,
2323 2109 2599 2173 sequatur,
2635 2116 2742 2155 non
2774 2098 3245 2155 consuetudinem.
3272 2097 3332 2152 In
3364 2091 3759 2151 ecclesiasticis

2169 2189 2631 2263 possessionibus,
2665 2188 2917 2260 quamvis
2947 2202 3049 2243 nec
3079 2187 3132 2241 in
3163 2184 3399 2258 legibus,
3450 2199 3552 2239 nec
3579 2182 3634 2236 in
3665 2196 3766 2237 ca-

2169 2279 2405 2336 nonibus
2450 2279 2774 2342 inveniatur,
2832 2286 3012 2332 tamen
3059 2283 3283 2347 pr0pter
3340 2270 3659 2329 scandalum
3706 2276 3765 2326 et

2171 2368 2410 2424 schisma
2438 2367 2736 2432 vitandum,
2769 2365 2890 2420 talis
2922 2364 3142 2436 regibus
3195 2361 3518 2418 investitura
3549 2372 3763 2416 conce-

2170 2468 2348 2535 datur,
2383 2475 2439 2523 ut
2467 2483 2569 2524 nec
2626 2465 2743 2536 ipse
2772 2472 2996 2538 propter
3026 2462 3186 2541 431
3226 2462 3332 2517 hoc
3380 2455 3628 2533 pereant,
3656 2471 3765 2515 nec

2173 2576 2363 2625 sancta
2393 2566 2641 2623 Ecclesia
2670 2564 3053 2619 detrimentum
3085 2560 3336 2633 patiatur.
3388 2556 3767 2614 Investituram

2174 2674 2275 2730 per
2305 2657 2515 2729 virgam
2545 2665 2598 2709 et
2627 2652 2886 2709 annulum
2935 2650 3209 2721 accipere,
3233 2648 3338 2703 nisi
3382 2663 3415 2704 a
3445 2662 3544 2702 suo
3573 2660 3772 2701 conse-

2174 2757 2406 2810 cratore,
2441 2742 2788 2799 manifestum
2820 2750 2901 2798 est
2941 2756 3066 2796 esse
3095 2739 3438 2804 damnosum,
3472 2734 3603 2809 quia
3631 2731 3770 2790 nulli

2176 2836 2318 2892 laico
2350 2836 2475 2890 licet
2505 2834 2598 2887 illa
2655 2830 2917 2887 Ecclesia:
2973 2836 3310 2885 sacramenta
3369 2827 3519 2894 dare,
3552 2824 3689 2880 sicut
3718 2821 3772 2878 ei

2176 2942 2284 2981 non
2315 2924 2439 2979 licet
2470 2922 2784 2993 episcopum
2815 2934 3166 2976 consecrare.
3196 2918 3308 2974 Res
3333 2918 3510 2984 etiam,
3542 2929 3664 2986 qua:
3681 2928 3762 2967 se-

2177 3013 2286 3069 mel
2315 3012 2575 3068 Ecclesias
2589 3012 2724 3065 datae
2737 3017 2882 3075 sunt,
2903 3024 3065 3080 reges
3081 3022 3179 3063 eas
3211 3006 3404 3062 iterum
3424 3004 3573 3070 dare,
3590 3000 3685 3057 vel
3697 3000 3769 3056 de

2178 3111 2313 3183 ipsis
2344 3108 2603 3164 investire
2635 3123 2737 3163 nec
2756 3106 2973 3171 debent,
3006 3121 3106 3160 nec
3127 3102 3510 3160 convenienter
3523 3104 3767 3171 possunt.

2181 3212 2321 3266 Nam
2352 3207 2518 3265 alicui
2548 3206 2683 3262 illud
2702 3205 2830 3262 dare
2848 3205 2992 3277 quod
3016 3204 3199 3270 habet,
3230 3210 3283 3257 et
3302 3202 3371 3258 de
3393 3201 3497 3257 hoc
3513 3197 3773 3254 investire

2183 3299 2419 3371 aliquem
2451 3296 2595 3369 quod
2625 3295 2718 3350 ille
2740 3298 2851 3360 jam
2879 3301 3047 3358 tenet,
3108 3290 3444 3362 superﬂuum
3474 3296 3557 3345 est
3586 3295 3636 3343 et
3675 3301 3774 3340 va-

2185 3404 2334 3452 num,
2367 3394 2678 3441 nontamen
2710 3384 2926 3438 videtur
2978 3381 3359 3438 criminosum.
3414 3377 3538 3432 Alia
3584 3374 3775 3447 utique

2185 3486 2267 3532 est
2294 3475 2634 3539 investitura,
2668 3490 2789 3544 quae
2818 3471 3137 3543 episcopum
3182 3468 3427 3539 perﬁcit;
3485 3464 3591 3520 alia
3619 3478 3773 3532 vero,

2186 3580 2308 3635 quae
2337 3562 2653 3633 episcopum
2681 3558 2876 3630 pascit.
2937 3558 3036 3613 Illa
3063 3573 3129 3613 ex
3153 3555 3339 3611 divino
3359 3554 3482 3626 jure
3528 3551 3770 3619 habetur,

2186 3662 2294 3717 ista
2320 3678 2384 3717 ex
2410 3661 2532 3730 jure
2563 3659 2820 3714 humano.
2854 3657 3125 3713 Subtrahe
3149 3655 3240 3724 jus
3294 3652 3555 3719 divinum,
3612 3647 3776 3721 spiri-

2186 3750 2408 3806 tualiter
2436 3748 2726 3820 episcOpus
2748 3762 2859 3801 non
2886 3753 3136 3810 creatur;
3191 3741 3449 3797 subtrahe
3474 3739 3564 3809 jus
3591 3738 3770 3792 huma-

2189 3856 2320 3894 num
2352 3837 2730 3909 possessiones
2782 3834 2996 3898 amittit,
3034 3832 3231 3904 quibus
3260 3830 3377 3901 ipse
3422 3826 3775 3898 corporaliter

2188 3934 2541 3984 sustentatur.
2600 3925 2722 3979 Non
2750 3923 2895 3979 enim
2933 3920 3304 3989 possestiones
3336 3917 3562 3973 haberet
3589 3912 3776 3971 Eccle-

2189 4030 2286 4095 sia,
2320 4028 2424 4083 nisi
2454 4027 2554 4081 sibi
2584 4041 2618 4082 a
2647 4025 2868 4098 regibus
2924 4024 3280 4086 donarentur,
3311 4028 3365 4076 et
3392 4018 3462 4074 ab
3493 4017 3625 4089 ipsis
3669 4030 3775 4070 non

2189 4136 2408 4210 quidem
2440 4132 2642 4191 divinis
2669 4129 3041 4193 sacramentis,
3074 4128 3171 4183 sed
3200 4124 3640 4199 possessionibus
3666 4131 3767 4179 ter-

2191 4227 2339 4281 renis
2367 4223 2736 4279 investiretur.
2773 4222 2851 4276 Ex
2878 4221 3003 4290 jure
3030 4217 3214 4274 divino
3245 4216 3461 4288 regibus
3485 4211 3696 4286 quidem
3717 4218 3772 4267 et

2188 4314 2611 4400 imperatoribus
2642 4324 3021 4390 dominamur;
3052 4320 3186 4391 ipsis
3242 4328 3420 4373 tamen
3469 4332 3535 4373 ex
3583 4314 3768 4372 eodem

2183 4433 2329 4502 jure,
2364 4430 2489 4503 quia
2544 4427 2743 4485 Christi
2770 4424 2976 4483 domini
3023 4434 3169 4490 sunt,
3212 4422 3473 4478 honorem
3518 4417 3769 4476 debemus

2191 4529 2243 4577 et
2274 4518 2646 4583 reverentiam,
2679 4516 2817 4572 sicut
2838 4513 2967 4570 dicit
2995 4511 3327 4584 Apostolus:
3360 4512 3560 4581 Regem
3606 4521 3753 4563 reve—

484 4620 743 4693 praedicat
770 4620 1039 4677 altiorem.
1101 4624 1241 4679 Nam
1273 4623 1401 4679 dum
1457 4625 1545 4680 illa
1590 4626 1853 4683 Ecclesiae
1883 4642 2076 4682 sacra-
2108 4625 2160 4687 D
2189 4622 2466 4690 remini(l
2482 4623 2635 4676 Petr.
2668 4636 2728 4688 ιι,
2764 4620 2879 4686 l7).
2913 4617 2990 4671 Ex
3015 4614 3137 4687 jure
3165 4620 3348 4668 autem
3378 4612 3615 4666 humano
3651 4616 3761 4662 tan-

485 4737 670 4785 menta
699 4729 773 4784 ibi
811 4729 1035 4795 dantur,
1093 4731 1184 4786 ubi
1215 4731 1345 4786 dari
1401 4731 1628 4799 debent,
1684 4741 1738 4789 et
1786 4734 2003 4802 quibus,
2027 4742 2081 4789 et

486 4818 722 4891 quando,
757 4827 810 4874 et
838 4819 1122 4889 quomodo
1151 4820 1372 4882 debent.
1407 4838 1504 4892 per
1531 4822 1959 4878 consecrationis
1988 4822 2085 4877 mi-

482 4908 733 4975 nistrum,
764 4924 795 4962 a
826 4908 926 4963 Dei
983 4907 1118 4964 Filio
1155 4909 1373 4972 dantur.
1407 4925 1435 4964 a
1480 4926 1589 4982 quo
1645 4910 1903 4965 universa
1951 4909 2084 4966 ﬁunt

486 5023 852 5079 sacramenta,
886 5023 939 5070 et
962 5031 994 5069 a
1023 5031 1131 5087 quo
1164 5016 1495 5072 tribuuntur.
1535 5018 1693 5074 Unde
1743 5019 1888 5073 Deus
1934 5020 2087 5074 Pater

486 5106 555 5160 ad
583 5106 848 5159 Joannem
896 5104 1140 5177 loquitur
1171 5105 1398 5161 dicens:
1452 5107 1629 5179 Super
1665 5124 1828 5179 quem
1883 5106 2090 5163 videris

484 5204 763 5278 Spiritum
783 5202 1233 5266 descendentem,
1274 5201 1443 5279 430
1477 5204 1578 5259 ille
1603 5206 1805 5278 estqui
1837 5204 2093 5277 baptizat

486 5304 668 5371 (Joan.
700 5316 738 5366 ι,
771 5303 888 5369 33).
928 5299 1157 5368 Quando
1186 5299 1340 5365 dixit,
1374 5302 1474 5357 ille
1515 5304 1600 5356 est
1646 5301 1742 5371 qui
1764 5301 2038 5373 baptism,
2063 5316 2095 5355 a

486 5396 637 5456 parte
661 5394 831 5441 totum
888 5383 1238 5455 signiﬁcavit.
1300 5386 1436 5441 Nam
1468 5385 1569 5442 Dei
1628 5386 1794 5440 Filius
1837 5385 2095 5440 universa

490 5492 691 5542 sanctae
718 5481 987 5538 Ecclesiae
1017 5481 1236 5539 conﬁcit
1266 5492 1319 5538 et
1349 5482 1536 5538 tribuit
1566 5490 1932 5538 sacramenta.
1970 5482 2097 5537 Lai-

487 5586 589 5629 cus
619 5581 821 5640 autem,
851 5573 1072 5645 quando
1114 5582 1307 5629 contra
1336 5572 1436 5627 Dei
1466 5570 1656 5627 Filium
1688 5571 1768 5627 sic
1799 5571 2097 5642 praesumit,

489 5661 533 5715 si
561 5678 669 5718 nan
697 5661 950 5732 amplius,
983 5676 1091 5718 non
1121 5662 1300 5717 minus
1327 5669 1509 5715 tamen
1564 5675 1727 5732 quam
1760 5660 1951 5715 Simon
1981 5660 2102 5714 Ma-

493 5766 635 5820 gnus
664 5750 928 5818 intumuit,
963 5758 1018 5806 et
1058 5750 1178 5820 ipse
1205 5748 1544 5815 intumescit,
1590 5747 1681 5819 qui
1711 5749 1765 5802 in
1813 5747 2104 5803 collatione

494 5844 959 5894 sacramentorum
986 5853 1047 5892 se
1080 5838 1175 5892 Dei
1205 5836 1345 5892 Filio
1380 5836 1678 5907 anteponit.
1712 5838 1782 5891 Et
1811 5836 1941 5908 quia
1984 5837 2104 5891 Deo

495 5940 597 5999 Dei
626 5943 763 6000 Filio
792 5959 904 5999 non
954 5941 1129 5998 solum
1159 5941 1243 5997 sui
1275 5941 1448 5997 Patris
1477 5940 1843 6013 aequalitatem
1884 5941 2109 5997 demere

2186 4720 2304 4766 tum
2334 4710 2440 4765 illis
2472 4710 2757 4774 debemus,
2781 4713 3037 4779 quantum
3069 4701 3451 4775 possessiones
3479 4698 3766 4770 diligimus,

2193 4808 2469 4881 quibusab
2487 4807 2620 4878 ipsis
2644 4805 2773 4861 vela
2793 4802 3103 4876 parentibus
3123 4801 3241 4856 suis
3264 4798 3509 4855 Eccelsia
3540 4796 3698 4852 ditata
3720 4801 3770 4850 et

2194 4897 2443 4952 investita
2460 4894 2818 4963 dignoscitur.
2848 4890 3004 4947 Unde
3028 4891 3087 4946 Β.
3106 4888 3438 4962 Augustinus
3454 4883 3773 4957 superJoan-

2194 5016 2318 5055 nem
2351 4999 2430 5053 sic
2448 4996 2683 5069 loquitur
2701 4996 2898 5065 (tract.
2920 4997 2973 5064 6)
2996 5011 3009 5047 :
3032 4993 3153 5049 Noli
3171 4991 3356 5047 dicere
3376 5006 3390 5044 :
3413 4988 3554 5055 Quid
3576 4986 3772 5042 mihiet

2199 5092 2318 5162 regi
2339 5094 2361 5145 ε)
2383 5088 2523 5155 Quid
2547 5089 2567 5141 ι
2576 5086 2650 5141 ibi
2666 5100 2793 5157 ergo
2814 5088 2870 5139 et
2887 5080 3265 5155 possessioni?
3293 5079 3429 5133 Nam
3447 5077 3671 5149 perjura
3691 5090 3773 5128 re-

2201 5204 2330 5260 gum
2344 5183 2723 5258 possessiones
2736 5179 3088 5237 habentur.Si
3105 5174 3635 5253 vero432dixeris,
3647 5169 3773 5241 Quid

2205 5287 2335 5343 mihi
2366 5293 2416 5341 et
2448 5282 2563 5355 regi
2584 5281 2869 5349 ?Nolijam
2891 5279 3077 5335 dicere
3098 5276 3483 5349 possessiones
3502 5280 3640 5338 tuas,
3661 5267 3775 5341 quia

2206 5376 2270 5431 ad
2286 5376 2405 5446 ipsa
2420 5374 2561 5443 jura,
2587 5371 2788 5444 quibus
2809 5366 3189 5440 possessiones
3212 5361 3577 5435 possidentur,
3599 5374 3776 5413 renun-

2208 5465 2382 5521 tiasti.
2430 5462 2570 5517 Nam
2628 5459 2930 5517 secundum
2982 5457 3071 5524 jus
3126 5456 3506 5524 imperatorum
3551 5446 3778 5520 possides

2210 5563 2450 5610 terrena.
2484 5550 2635 5607 Tolle
2665 5550 3052 5620 imperatorum
3069 5544 3215 5613 jura,
3248 5540 3368 5613 quis
3396 5538 3558 5595 audet
3587 5535 3776 5592 dicere:

2209 5644 2330 5699 Mea
2356 5649 2440 5697 est
2472 5639 2567 5694 illa
2598 5637 2741 5702 villa,
2773 5644 2863 5691 aut
2891 5650 3047 5690 meus
3077 5639 3157 5688 est
3184 5632 3288 5685 istc
3319 5643 3530 5692 servus,
3563 5632 3650 5680 aut
3675 5638 3777 5679 mea

2212 5737 2296 5787 est
2320 5731 2425 5785 ista
2446 5730 2641 5785 domus
2662 5727 2691 5781 7
2720 5724 2840 5795 Quo
2866 5724 2990 5792 jure
3003 5720 3253 5777 defendis
3281 5717 3439 5774 villas
3458 5717 3486 5771 τ
3506 5713 3699 5779 divino,
3718 5726 3780 5768 an

2210 5833 2452 5887 humano
2472 5829 2499 5884 τ
2525 5829 2769 5885 divinum
2795 5828 2886 5897 jus
2914 5825 2967 5879 in
3007 5819 3307 5895 Scripturis
3364 5818 3660 5878 habemus;
3687 5814 3778 5868 hu-

2217 5952 2440 5995 manum
2454 5938 2543 6006 jus
2562 5935 2621 5991 in
2647 5933 2864 6009 legibus
2881 5947 3071 6006 regum
3086 5971 3100 5985 .
3133 5926 3290 5986 Unde
3309 5924 3538 5999 quisque
3563 5918 3783 5996 possidet
