3910 6464
189 442 299 500 289

1083 434 1348 492 APEND.
1391 467 1458 476 —
1499 433 1742 493 PRlVlL.
1783 430 2214 489 THEODERICI
2257 432 2568 490 CARNOT.

3397 436 3502 489 290

192 567 340 639 quod
372 565 615 638 possidet
643 565 670 620 ?
699 567 891 619 Nonne
914 563 1035 630 jure
1056 562 1300 616 humano
1327 561 1354 614 ‘2
1384 561 1522 614 Nam
1549 561 1674 630 jure
1705 559 1791 613 di-
1827 563 1878 622 A
1908 558 2254 623 xerit,eliciat
2275 559 2622 630 sanguinem,
2671 566 2723 613 et
2753 557 2880 613 dum
2914 557 3224 629 rubiginem
3269 558 3338 614 de
3370 575 3503 615 vase

192 656 581 722 vino,Domim‘
597 659 680 710 est
697 658 850 708 terra
870 651 1233 724 ctplenitudo
1248 649 1795 720 ejus(Ps/tl.xxut,l).

195 745 477 814 Pauperes
492 741 762 798 etdivites
785 742 930 796 Deus
977 741 1045 794 de
1078 755 1186 793 uno
1216 739 1328 793 luto
1352 737 1554 802 fecit,et
1608 738 1800 791 divites

197 841 256 888 et
287 848 562 904 pauperes
585 847 691 886 una
724 838 869 884 terra
901 835 1206 898 supportat.
1226 827 1802 881 Juretamenhumano

199 920 340 975 dicis
373 935 387 973 :
416 921 543 975 Haec
569 918 698 974 villa
747 933 869 972 mea
914 925 1017 980 est,
1050 917 1166 971 haec
1195 915 1388 970 domus
1434 931 1556 969 mea
1585 923 1684 980 est,
1717 914 1805 968 hic

200 1024 395 1065 servus
417 1024 570 1061 meus
601 1015 704 1062 est.
737 1007 876 1061 Jure
906 1021 1041 1076 ergo
1058 1005 1322 1059 humano.
1350 1005 1478 1058 Jure
1504 1003 1802 1074 imperato-

202 1113 325 1152 rum
351 1095 567 1168 quare?
601 1096 744 1164 Quia
775 1094 892 1165 ipsa
912 1093 1038 1162 jura
1071 1095 1303 1146 humana
1318 1108 1417 1162 per
1448 1092 1806 1162 imperatores

209 1202 265 1249 et
295 1210 460 1265 reges
491 1193 673 1248 szeculi
707 1194 859 1246 Deus
893 1190 1168 1244 distribuit
1199 1189 1462 1245 Ecclesiae
1492 1203 1629 1243 suae.
1672 1190 1806 1243 Pos—

212 1290 342 1338 sunt
371 1282 557 1353 itaque
587 1281 708 1336 sine
738 1279 1040 1336 offensione
1097 1295 1262 1350 reges
1318 1287 1438 1349 post
1489 1276 1806 1332 electionem

214 1370 536 1426 canonicam
566 1377 618 1425 et
644 1368 872 1423 liberam
904 1366 1374 1423 consecrationem
1398 1381 1495 1436 per
1521 1364 1809 1420 investitu-

216 1475 332 1513 ram
365 1458 606 1531 regalem
654 1458 709 1512 in
740 1455 1126 1512 ecclesiasticis
1183 1454 1642 1526 possessionibus,
1677 1469 1806 1509 con-

213 1556 547 1622 cessionem,
581 1555 861 1618 auxilium,
889 1562 941 1608 et
963 1553 1336 1608 defensionem
1361 1553 1620 1622 episcopo
1642 1553 1808 1620 dare;

217 1645 361 1718 quod
395 1643 637 1716 quolibet
666 1643 824 1714 signo
855 1641 1048 1697 factum
1080 1641 1364 1705 exstiterit,
1389 1641 1528 1711 regi,
1554 1640 1638 1695 vel
1672 1655 1812 1710 pon-

215 1739 369 1808 tifici,
403 1755 498 1794 seu
529 1737 809 1794 catholicae
858 1739 981 1793 fidei
1016 1755 1121 1794 non
1156 1738 1394 1793 nocebit.
1429 1737 1608 1792 Voluit
1638 1738 1812 1791 bonus

217 1829 482 1884 Dominus
508 1836 559 1884 et
604 1829 897 1900 magistrer
949 1838 1139 1882 noster
1182 1827 1432 1882 Christus
1478 1825 1812 1896 Spiritualem

1911 663 2137 711 conatur
2167 657 2417 721 eradere,
2451 673 2546 710 vas
2570 656 2748 726 ipsum
2780 656 3084 728 frangatur.
3121 658 3236 712 Hoc
3266 665 3346 712 est
3372 675 3508 728 pra:-

1909 745 2123 813 cipuum
2159 744 2514 799 discretionis
2562 746 2886 811 membrum,
2941 761 3009 800 ne
3041 745 3267 815 quilibet
3325 756 3508 802 rector

1912 832 2200 898 Ecclesiae,
2237 848 2336 887 sua
2394 833 2636 904 qualibet
2682 833 2894 888 actione
2926 848 2958 887 a
3015 834 3219 889 Satana
3277 835 3512 890 circum-

1914 928 2188 983 veniatur.
2219 928 2370 984 Tunc
2409 927 2553 982 enim
2605 937 2786 984 rector
2814 945 2843 982 a
2879 929 3076 983 Satana
3133 929 3509 986 circumveni-

1915 1024 2020 1081 tur,
2057 1016 2274 1087 quando
2307 1017 2408 1070 sub
2437 1017 2849 1087 speciejustitize
2863 1033 2960 1088 per
2983 1017 3208 1073 nimiam
3234 1018 3506 1074 tristitiam

1917 1104 2213 1177 regendum
2245 1105 2424 1176 perire
2471 1105 2753 1175 contingit,
2806 1107 2895 1176 qui
2926 1107 3101 1177 po:uit
3157 1106 3375 1162 liberari
3409 1123 3510 1178 per

1917 1203 2334 1273 indulgentiam.
2371 1203 2640 1258 Praeterea
2675 1204 2850 1258 bonus
2881 1204 3224 1260 etdiscretus
3252 1205 3515 1278 Augusti-

1920 1308 2047 1346 mus
2077 1291 2130 1345 in
2163 1291 2398 1362 epistola
2430 1292 2496 1345 ad
2529 1292 2757 1346 Parmen
2773 1308 2935 1347 anum
2964 1292 3114 1360 dicit,
3148 1293 3233 1349 vix
3266 1302 3356 1348 aut
3383 1310 3519 1348 nun-

1920 1395 2084 1451 quam
2143 1380 2730 1435 excommunicandum
2781 1397 2902 1436 eum
2953 1397 3075 1436 esse
3110 1382 3198 1454 qui
3257 1381 3310 1436 in
3367 1381 3513 1438 malo

1919 1493 2086 1547 Opere
2116 1478 2435 1532 obstinatam
2478 1477 2882 1533 multitudinem
2905 1478 3068 1533 habet
3125 1494 3334 1535 secum.
3375 1479 3518 1535 Nam

1919 1578 2256 1634 tolerabilius
2304 1579 2516 1634 videtur
2563 1578 2654 1634 uni
2711 1596 2966 1650 parcere,
3033 1596 3102 1636 ne
3157 1580 3212 1635 in
3269 1580 3520 1638 Ecclesia

1922 1673 2158 1728 schisma
2189 1673 2487 1728 seminetur
2519 1672 2690 1748 434
2721 1675 3108 1744 plurimorum.
3157 1676 3226 1728 Et
3266 1675 3523 1731 beatissi-

1923 1770 2044 1824 nius
2073 1769 2267 1824 doctor
2324 1777 2376 1824 et
2420 1779 2627 1841 martyr
2683 1771 2993 1841 Cyprianus
3037 1771 3237 1827 asserit
3283 1772 3472 1827 dicens
3507 1789 3520 1826 :

1923 1859 2172 1915 Schisma
2193 1876 2307 1914 non
2324 1863 2410 1914 est
2423 1860 2770 1930 faciendum,
2789 1860 3017 1914 etiamsi
3035 1862 3098 1915 in
3111 1861 3306 1916 eadem
3325 1861 3518 1930 ﬁde,et

220 1917 466 1990 gladium
531 1924 584 1971 et
606 1915 935 1971 materialem
969 1933 1091 1971 esse
1110 1916 1163 1970 in
1194 1915 1511 1971 defensione
1529 1914 1810 1969 Ecclesiae.
1845 1925 1896 1987 B
1933 1914 1997 2002 θη
2014 1949 2208 2003 eadem
2228 1914 2534 2004 tradi-mione
2577 1914 2689 2006 ηὸὴ
2719 1914 3055 2020 p'ermamat
3076 1914 3527 2019 ᾳὰὶιξεοϐἇίίςὲι

221 2015 380 2084 Quod
407 2014 453 2069 si
473 2015 612 2069 alter
650 2014 717 2067 ab
748 2013 919 2068 altero
963 2013 1286 2069 retunditur.
1356 2014 1466 2068 Hoc
1527 2012 1582 2066 fit
1631 2019 1820 2067 coatra

219 2101 367 2158 illius
397 2104 757 2158 voluntatem.
800 2103 912 2158 llac
969 2103 1259 2158 occasione
1292 2102 1359 2157 de
1392 2118 1562 2174 regno
1610 2100 1828 2171 justitia

223 2201 447 2268 tollitur,
481 2209 533 2255 et
563 2217 665 2272 pax
697 2201 766 2256 de
797 2200 1063 2264 Ecclesia,
1101 2199 1361 2255 scandala
1419 2199 1746 2254 suscitantur
1777 2207 1828 2252 et

224 2290 541 2354 schismata,
575 2297 628 2345 et
658 2287 715 2343 fit
745 2289 1046 2343 animarum
1079 2288 1312 2359 perditio
1346 2287 1504 2342 simul
1535 2296 1585 2342 et
1617 2304 1822 2358 corpo-

227 2405 371 2458 rum,
408 2395 461 2442 et
491 2387 618 2441 dum
651 2385 818 2461 433
852 2403 1081 2456 regnum
1113 2393 1164 2440 et
1189 2386 1551 2441 sacerdotium
1573 2401 1738 2439 unum
1761 2385 1830 2440 ab

229 2485 402 2540 altero
428 2483 794 2556 impugnatur,
855 2481 1186 2553 periclitatur
1217 2490 1524 2552 atrumque.
1565 2482 1704 2536 Nam
1735 2497 1833 2536 rex

231 2588 286 2629 et
317 2575 595 2629 Romanus
626 2572 867 2643 pontifex
902 2587 1023 2627 cum
1068 2588 1206 2625 unus
1236 2579 1423 2625 contra
1481 2569 1664 2634 alium,
1698 2569 1836 2624 alter

232 2687 335 2742 pro
360 2670 516 2739 regni
548 2669 964 2734 consuetudine,
1000 2668 1138 2722 alter
1167 2684 1263 2738 pro
1296 2667 1559 2722 Ecclesiae
1590 2668 1835 2722 libertate

234 2761 488 2832 erigitur,
523 2775 750 2830 regnum
779 2759 920 2812 illam
953 2757 1405 2813 consuetudinem
1450 2757 1698 2812 obtinere
1727 2771 1835 2810 non

236 2857 434 2916 potest,
468 2864 568 2902 nec
599 2847 814 2917 poterit,
848 2855 903 2900 et
933 2846 1185 2901 Ecclesia
1216 2861 1329 2900 suae
1359 2844 1620 2900 libertatis
1643 2844 1839 2903 amittit

237 2937 560 3008 plurimum.
610 2937 723 2992 Rex
753 2943 1020 3006 praeterea
1053 2943 1401 2988 sacrosancta
1459 2933 1839 2988 communione

240 3035 444 3106 pariter
474 3043 526 3089 et
559 3034 707 3105 regia
765 3033 1027 3105 dignitate
1059 3032 1319 3102 privatur,
1347 3048 1376 3085 a
1408 3031 1654 3085 Romano
1708 3046 1840 3086 vero

242 3122 498 3195 pontifice
529 3123 728 3187 multis,
764 3123 854 3193 qui
901 3121 1004 3175 sibi
1032 3120 1314 3175 deservire
1370 3120 1687 3185 debuerant,
1737 3135 1840 3174 ne-

244 3222 502 3278 cessitate
535 3228 786 3291 cogente,
806 3219 1070 3273 servitur.
1097 3219 1162 3272 Et
1187 3219 1332 3289 quia
1361 3216 1618 3290 pontifice
1639 3217 1836 3273 docen-

1935 2035 2193 2091 Salomon
2223 2036 2278 2090 in
2308 2037 2674 2092 Ecclesiaste:
2699 2038 2972 2092 Scinden:
2991 2038 3148 2108 ligna
3174 2039 3528 2110 periclitabi-

1937 2129 2034 2180 tur
2064 2127 2125 2181 in
2157 2127 2258 2192 eis,
2288 2128 2334 2180 .ςί
2366 2126 2646 2181 exciderit
2662 2129 2883 2196 ferrum
2905 2127 3106 2196 (Eccle.
3135 2143 3192 2193 x,
3215 2127 3296 2187 9‘).
3323 2128 3454 2183 Item
3473 2128 3526 2182 in

1939 2213 2176 2285 Exodo;
2210 2216 2273 2269 In
2305 2214 2463 2271 domo
2506 2231 2622 2268 una
2651 2215 2994 2270 comedetur.
3046 2230 3161 2270 non
3208 2217 3447 2287 ejicietia
3467 2217 3533 2272 de

1937 2302 2095 2358 domo
2125 2319 2355 2358 carnem
2375 2306 2528 2374 foras
2545 2303 2754 2373 (Exod.
2782 2305 2995 2372 xu,46).
3013 2304 3091 2357 Ex
3122 2304 3317 2375 quibus
3348 2304 3534 2360 verbis

1938 2403 2211 2477 colligitur
2242 2404 2388 2475 quod
2416 2405 2483 2458 sit
2499 2404 2816 2460 tolerandus
2833 2405 2901 2459 ab
2925 2405 3173 2460 Ecclesia
3195 2406 3534 2476 quimultitu-

1940 2494 2120 2548 dinem
2151 2494 2311 2548 habet
2361 2509 2565 2558 secum,
2602 2511 2669 2548 ne
2726 2494 2854 2548 dum
2877 2511 3038 2548 unttm
3071 2495 3349 2565 corrigere
3405 2495 3536 2550 niti-

1944 2599 2084 2647 mur,
2106 2582 2338 2652 perditio
2370 2580 2458 2636 fiat
2490 2583 2796 2636 multorum.
2831 2583 2943 2637 Hoc
2975 2582 3134 2637 etiam
3165 2583 3536 2654 Hieronymus

1943 2671 2014 2725 ad
2045 2671 2402 2742 Augustinum
2434 2671 2643 2736 scribit,
2668 2671 2857 2725 dicens
2888 2671 3052 2742 quod,
3077 2671 3377 2726 secundum
3408 2673 3538 2728 bea-

1945 2767 2119 2814 torum
2140 2760 2508 2830 apostolorum
2545 2760 2682 2815 Petri
2706 2763 2760 2814 et
2791 2759 2940 2814 Pauli
2965 2760 3307 2830 prudentiam
3321 2762 3544 2832 dispen-

1945 2857 2322 2928 sationemque
2354 2858 2660 2925 honestam,
2711 2857 3004 2928 aliquando
3035 2856 3148 2910 fieri
3203 2874 3430 2913 necesse
3461 2866 3546 2914 est

1947 2945 2089 3018 quod
2118 2946 2246 3014 jure
2280 2945 2716 3016 reprehenditur,
2748 2961 2815 3000 ne
2848 2945 3172 3007 Christianae
3200 2946 3347 3016 plebi
3376 2962 3546 3003 scan-

1947 3043 2130 3098 dalum
2161 3043 2385 3097 oriatur.
2427 3043 2481 3097 Si
2515 3057 2645 3098 vero
2675 3042 3022 3112 imperatoris
3037 3051 3088 3097 et
3108 3044 3540 3115 regispersonte,

1947 3147 2055 3187 non
2086 3140 2267 3186 tamen
2298 3131 2441 3185 illius
2472 3140 2628 3186 terra;
2657 3131 2955 3202 aliquando
3023 3131 3076 3184 in
3108 3133 3546 3202 summajustitia

1950 3221 2281 3291 parcendum
2314 3227 2414 3286 est,
2450 3236 2516 3274 ne
2547 3236 2756 3274 summa
2786 3227 2994 3275 crescat
3023 3219 3148 3275 inde
3177 3221 3407 3276 malitia.
3441 3223 3547 3277 Mi-

247 3312 352 3366 dus
377 3318 516 3378 erat,
538 3283 904 3364 etvducendus
935 3324 967 3361 a
999 3323 1146 3379 rege,
1180 3283 1274 3360 rex
1308 3283 1376 3362 et-
1401 3307 1639 3377 pontifex
1662 3323 1838 3376 pOpu-
1871 3283 1920 3345 Ο
1952 3283 2134 3364 nistris
2163 3283 2426 3365 Ecclesié
2456 3309 2670 3380 penitus
2700 3309 3147 3376 interdicatur,ne
3176 3310 3323 3380 quod
3343 3311 3547 3379 justum

248 3399 356 3454 lum
389 3397 659 3469 sequitur.
718 3396 926 3450 Habeat
990 3403 1171 3450 autem
1221 3395 1468 3451 Ecclesia
1524 3411 1732 3466 pacem,
1791 3403 1844 3450 et

1952 3407 2031 3454 est
2062 3398 2258 3467 injuste
2317 3405 2743 3469 consequantur.
2779 3398 2859 3452 De
2915 3397 3172 3468 praesenti
3201 3398 3446 3465 materia,
3501 3399 3550 3454 si

247 3485 759 3560 regnumjustitiam
794 3503 807 3548 ;
841 3485 1039 3539 habeat
1095 3500 1188 3538 rex
1222 3484 1689 3552 consuetudinem,
1749 3483 1848 3539 sed
1955 3487 2135 3541 minus
2166 3486 2251 3542 vel
2281 3487 2441 3542 aliter
2470 3487 2757 3558 dixiquam
2787 3485 2970 3552 debui,
2988 3485 3550 3558 ignorantiaedepute-

247 3577 471 3642 bonam,
493 3583 546 3630 et
576 3590 687 3629 non
729 3589 887 3645 quam
910 3573 1050 3627 male
1091 3573 1448 3644 reposcit,sed
1494 3590 1653 3644 quam
1684 3589 1849 3644 supra

245 3675 910 3743 diximus,investituram.
964 3676 1170 3730 Habeat
1199 3677 1444 3732 Ecclesia
1476 3693 1626 3731 suam
1684 3676 1844 3731 liber-

246 3785 411 3833 tatem
433 3790 446 3844 ;
469 3774 568 3830 sed
587 3788 939 3844 summopere
969 3781 1164 3829 caveat
1207 3789 1276 3829 ne
1310 3773 1436 3828 dum
1470 3773 1628 3828 nimis
1653 3790 1849 3830 emun-

1959 3584 2066 3643 tur,
2100 3585 2152 3632 et
2181 3577 2526 3648 indulgeatur
2583 3575 3025 3632 misericorditer.
3059 3575 3114 3629 Si
3145 3583 3326 3630 autem
3386 3577 3548 3646 bene,

1959 3665 2197 3737 benigne
2225 3665 2550 3736 suscipiatur
2578 3672 2630 3720 et
2652 3665 2978 3720 observetur
3006 3662 3320 3735 diligenter.

1397 4085 2387 4301 APP_E_N_DIX.

963 4386 1894 4501 PRIVILEGIUM
1995 4383 2843 4498 THEODERICI

1462 4577 1960 4637 CARNOTENSIS
2015 4575 2335 4634 EPISCOPI

718 4705 824 4760 Pro
863 4705 1210 4762 monasterio
1261 4703 1688 4772 Vindocinensi,
1730 4706 1851 4776 ipso
1887 4703 2261 4760 dedicationis
2299 4705 2420 4776 ejus
2457 4703 2548 4759 die
2587 4704 2860 4776 scriptum
2905 4702 3080 4774 (375).

321 4931 382 4982 In
415 4925 637 4983 nomine
665 4926 764 4982 Dei
795 4925 1182 4997 omnipotentis
1211 4927 1397 4982 Patris
1428 4934 1482 4982 et
1510 4927 1628 4982 Filii
1657 4935 1711 4983 et
1733 4928 1848 4999 Spi-
1877 4910 1930 4971 D
1961 4927 2117 4984 cilius
2148 4926 2407 4998 precibus
2439 4928 2496 4982 Β.
2550 4926 2700 4983 Petri
2755 4926 3071 4996 adepturos,
3130 4930 3183 4979 et
3236 4938 3449 4994 praesen
3476 4938 3563 4978 em

250 5017 388 5072 ritus
439 5015 643 5070 sancti.
698 5015 819 5088 Ego
865 5015 1232 5071 Theodericus
1261 5015 1363 5070 Dei
1391 5016 1580 5087 gratia
1635 5016 1846 5072 Carno-

247 5105 422 5161 tensis
453 5103 766 5174 episcopus,
795 5103 1068 5159 universis
1126 5112 1328 5160 sanctae
1355 5104 1619 5160 Ecclesiae
1666 5104 1844 5160 ﬁdeli-

247 5194 352 5249 bus
373 5202 560 5248 notum
592 5193 750 5259 facio,
784 5193 928 5264 quod
957 5191 1255 5247 Gaufridus
1294 5193 1528 5264 inclytus
1556 5209 1761 5258 comes,
1794 5202 1847 5248 et

247 5298 384 5337 uxor
413 5283 532 5351 ejus
565 5281 888 5336 venerabilis
906 5282 1095 5352 Agnes
1120 5283 1420 5348 comitissa,
1453 5282 1845 5337 monasterium

249 5388 454 5436 sanctae
476 5388 530 5434 et
577 5378 868 5435 individua:
915 5378 1166 5433 Trinitati
1223 5379 1463 5434 dicatum
1516 5380 1571 5434 in
1618 5380 1845 5436 castello

247 5485 370 5536 suo,
400 5468 547 5540 quod
583 5467 939 5524 Vindocinum
999 5467 1214 5537 dicitur,
1241 5485 1311 5523 ex
1366 5477 1554 5524 nostro
1611 5469 1846 5524 consilio

242 5557 489 5630 prOpriis
517 5557 822 5628 sumptibus
853 5564 1286 5622 construxerunt,
1313 5564 1616 5629 nostroque
1647 5566 1699 5612 et
1727 5557 1846 5614 cle-

245 5647 485 5704 ricorum
536 5653 850 5700 nostrorum
880 5661 1108 5700 assensu
1130 5654 1184 5700 et
1207 5645 1562 5701 concessione
1584 5647 1655 5700 Β.
1691 5648 1846 5702 Petro

244 5745 300 5792 et
331 5735 452 5805 ejus
483 5735 748 5790 Romanae
762 5732 1026 5788 Ecclesiae
1047 5733 1099 5786 in
1120 5733 1507 5804 patrimonium
1525 5742 1578 5790 et
1609 5733 1846 5790 alodium

244 5833 582 5896 obtulerunt,
617 5829 814 5886 exinde
852 5829 1046 5884 futurae
1076 5830 1203 5886 vitae
1223 5829 1620 5889 beatitudinem
1667 5848 1729 5888 se
1761 5831 1846 5887 fa"

314 5961 466 6034 (3’75)
484 5957 556 6013 de
577 5970 687 6027 quo
717 5954 770 6010 in
797 5952 940 6009 notis
970 5953 1037 6007 ad
1061 5951 1290 6010 Goﬁ'ridi
1319 5954 1478 6027 epist.
1513 5957 1544 6010 4
1567 5956 1666 6012 lib.
1699 5973 1740 6012 ι.

1971 5015 2181 5071 felicius
2210 5020 2500 5072 exacturos
2544 5031 2651 5070 non
2685 5029 2826 5070 vana
2856 5029 2953 5084 spe
2974 5010 3340 5069 conﬁdentes.
3404 5009 3566 5078 Quod

1972 5120 2092 5160 cum
2145 5120 2327 5159 rerum
2385 5120 2607 5158 suarum
2665 5102 3018 5174 amplitudine
3075 5099 3286 5156 liberali
3343 5099 3568 5154 muniﬁ-

1971 5193 2149 5248 c'entia
2187 5191 2623 5263 locupletassent,
2682 5199 2734 5247 et
2804 5198 3248 5247 ornamentorum
3304 5187 3452 5244 vario
3501 5203 3568 5244 ac

1971 5281 2252 5352 multiplici
2272 5297 2480 5354 genere
2519 5281 2898 5340 decorassent,
2951 5280 3020 5334 ad
3051 5278 3194 5334 illius
3241 5275 3569 5334 venerabilis

1971 5375 2077 5431 loci
2106 5375 2502 5432 dedicationem
2552 5391 2674 5443 nos,
2709 5382 2762 5430 et
2790 5375 2986 5430 multos
3017 5373 3154 5429 alios
3194 5374 3485 5445 episcopos
3515 5383 3571 5430 et

1973 5466 2202 5521 abbates
2259 5472 2618 5531 vocaverunt,
2678 5472 2732 5519 et
2789 5473 2844 5518 ut
2892 5464 3092 5520 fratres
3148 5463 3282 5518 inibi
3337 5463 3454 5519 Deo
3503 5480 3570 5520 ex

1975 5564 2037 5620 S.
2074 5563 2350 5618 Benedicti
2381 5578 2570 5618 norma
2600 5561 2879 5617 militaturi
2913 5561 3253 5633 tranquillius
3284 5571 3334 5616 et
3363 5561 3574 5633 absque

1975 5653 2081 5706 ulla
2112 5651 2484 5724 inquietudine
2540 5658 2956 5722 permanerent,
2986 5650 3260 5722 petierunt
3313 5666 3344 5705 a
3391 5650 3571 5719 nobis,

1973 5749 2032 5796 ut
2063 5740 2326 5813 quidquid
2357 5739 2735 5796 redhibitionis
2795 5739 2912 5795 sive
2961 5739 3159 5795 debitae
3217 5739 3574 5808 subjectionis

1973 5839 2172 5887 nostra:
2213 5829 2508 5901 episcOpali
2565 5828 2686 5885 sedi
2723 5828 2842 5885 alia:
2897 5828 3225 5901 persolvunt
3293 5829 3573 5898 Ecclesiae,
