3910 6448
497 406 593 462 291
1681 404 1965 461 APPEND
1977 445 1991 460 .
2040 406 2134 462 AD
2174 406 2607 466 GOFFRIDUM.

494 527 620 585 huic
648 544 748 584 nov
762 528 859 583 iter
896 527 1193 593 aedificatae,
1252 543 1350 599 pro
1379 544 1606 585 summae
1652 530 1937 587 Trinitatis
1992 531 2092 587 ho-
2120 532 2176 592 A

495 633 627 673 nore
648 625 700 672 et
730 632 937 683 amore,
969 626 1021 671 et
1050 633 1236 672 eorum
1267 617 1678 687 supplicatione.
1726 619 1782 673 in
1804 621 2099 690 praesentia

494 722 871 777 personarum,
900 722 1023 777 quae
1050 705 1117 760 ad
1148 705 1547 762 dedicationem
1582 718 1970 775 convenerant,
2001 726 2095 765 re-

494 794 852 857 milteremus,
886 800 936 848 et
966 810 1033 848 ne
1062 792 1187 865 quis
1218 793 1511 849 ecclesiam
1547 795 1631 849 vel
1684 796 2095 867 possessionem

495 881 921 938 ecclesiasticam
950 881 1003 935 in
1039 881 1428 938 Vindocinensi
1459 883 1800 952 comitatu,in
1835 893 2094 957 quantum

492 970 560 1027 ad
589 979 836 1025 nostrum
868 969 1174 1041 pertinebat
1230 970 1630 1042 episcOpatum,
1661 973 1813 1028 alteri
1858 974 2094 1031 abbatis:

491 1059 594 1115 nisi
633 1058 1023 1114 Vindocinensi
1072 1060 1321 1128 donaret,
1382 1060 1469 1115 vel
1511 1062 1857 1129 concederet,
1907 1071 2093 1119 nostra

490 1147 816 1205 auctoritate
862 1148 1301 1219 prohiberemus.
1333 1148 1449 1203 Nos
1480 1166 1612 1206 vero
1636 1151 1782 1223 quod
1839 1154 1910 1207 ab
1941 1152 2090 1209 initio

488 1236 662 1309 ipsius
691 1236 1010 1292 monasterii
1042 1245 1096 1291 et
1127 1235 1229 1308 ipsi
1260 1237 1621 1311 petierant,et
1652 1255 1751 1295 nos
1784 1239 2091 1296 feceramus

485 1325 837 1382 laudantibus
868 1325 1086 1382 clericis
1120 1326 1340 1393 nostris,
1372 1326 1426 1381 in
1463 1335 1617 1383 tanto
1648 1337 1920 1385 conventu
1951 1346 2088 1386 con-

487 1414 707 1469 ﬁrmare
731 1415 935 1483 justum
967 1413 1305 1485 putavimus.
1362 1414 1750 1471 Concessimus
1813 1416 1992 1489 itaque
2036 1426 2089 1474 et

485 1502 859 1573 concedimus,
917 1510 975 1557 ut
1032 1502 1349 1573 praedictum
1408 1504 1797 1559 monasterium
1865 1505 2086 1562 omnino

487 1591 719 1649 liberum
768 1607 838 1647 ex
881 1598 1072 1647 nostra
1128 1599 1303 1662 parte,
1364 1600 1416 1646 et
1466 1592 1535 1647 ab
1565 1594 1715 1647 omni
1747 1592 2085 1662 subiectione

488 1680 799 1737 absolutum
832 1679 1223 1751 perpetualitcr
1276 1680 1487 1746 existat,
1524 1681 1724 1736 nullam
1780 1683 1939 1738 nobis
1996 1685 2084 1740 vel

484 1769 898 1828 successoribus
929 1768 1133 1824 nostris
1187 1776 1528 1839 potestatem,
1564 1770 1771 1825 nullam
1831 1772 2086 1828 domina-

484 1859 684 1917 tionem
715 1858 770 1913 in
801 1874 869 1914 eo
898 1857 1040 1922 loco,
1093 1857 1210 1913 sive
1240 1858 1294 1912 in
1326 1859 1717 1914 habitatoribus
1797 1860 1902 1916 loci
1956 1862 2082 1916 reti-

482 1955 697 2018 nentes,
719 1946 819 2003 sed
865 1947 946 2002 eis
998 1945 1249 2003 fraternae
1297 1946 1580 2002 charitatis
1628 1948 1919 2004 consilium
1977 1965 2079 2005 an-

481 2051 735 2104 nuentes,
799 2044 853 2092 et
902 2035 959 2089 in
1018 2051 1120 2090 sua
1150 2036 1484 2092 necessitate
1514 2044 1713 2092 nostra:
1744 2039 2081 2094 auctoritatis

482 2126 763 2183 auxilium.
815 2124 1182 2182 Concedimus
1265 2125 1430 2181 etiam
1490 2126 1667 2182 eidem
1751 2129 2082 2183 monasterio

483 2215 752 2290 quidquid
810 2213 864 2268 in
922 2215 1244 2286 episcopatu
1280 2222 1467 2270 nostro
1515 2214 1678 2271 hodie
1706 2216 1970 2287 possidet,
2033 2225 2085 2272 et

484 2304 753 2379 quidquid
806 2303 863 2358 in
893 2304 1074 2359 futuro
1125 2303 1274 2373 juste
1318 2303 1607 2376 acquirere
1632 2305 1847 2376 poterit,
1906 2314 1960 2361 et
2014 2322 2083 2362 ne

484 2395 607 2468 quis
627 2392 955 2459 Ecclesiam,
985 2409 1082 2447 seu
1131 2392 1426 2464 quamlibet
1458 2392 1717 2449 Ecclesiae
1770 2395 2081 2465 possessio-

489 2501 616 2541 nem
645 2483 699 2538 in
729 2480 988 2538 comitatu
1018 2481 1405 2538 Vindocinensi
1436 2482 1505 2537 ad
1536 2492 1778 2538 nostram
1800 2484 2082 2540 dioecesim

493 2573 857 2646 pertinentem
913 2570 1071 2626 alteri
1127 2571 1464 2626 monasterio
1512 2570 1618 2625 nisi
1695 2573 2082 2628 Vindocinensi

491 2662 691 2719 tribuat
749 2660 837 2716 vel
888 2659 1173 2725 concedat,
1222 2660 1599 2730 prohibemus.
1652 2660 1810 2729 Quod
1863 2662 2083 2733 quidem

486 2749 863 2810 concessionis
892 2756 943 2804 et
972 2748 1237 2804 libertatis
1294 2746 1699 2804 firmamentum
1754 2759 1812 2806 ut
1840 2751 2084 2807 veracius

485 2858 587 2914 per
612 2849 863 2910 tempora
909 2852 1226 2894 successura
1256 2838 1532 2907 credatur,
1577 2836 1895 2911 ﬁrmiusque
1945 2854 2081 2896 con-

486 2938 761 2995 servetur,
815 2936 1137 2998 praesentem
1196 2925 1445 2982 chartam
1497 2928 1769 2982 conscribi
1800 2929 2080 2996 jussimus,

487 3028 541 3076 et
570 3020 626 3074 in
652 3016 840 3075 auditu
867 3015 1151 3088 p0pularis
1180 3015 1500 3087 frequentiae
1544 3016 1777 3083 recitari,
1811 3025 1863 3072 et
1891 3032 2083 3073 omnes

487 3118 597 3165 tam
654 3105 1046 3164 ecclesiasticae
1117 3119 1280 3177 quam
1337 3104 1626 3161 saecularis
1697 3105 1902 3163 militiae
1957 3106 2082 3163 huic

481 3205 689 3256 nostrae
717 3194 917 3251 actioni
963 3193 1269 3261 obviantes,
1330 3194 1436 3249 nisi
1492 3194 1693 3265 dignos
1750 3195 2080 3266 poenitentiae

483 3303 652 3359 super
674 3287 781 3342 hoc
807 3284 1036 3340 fecerint
1094 3282 1315 3350 fructus,
1349 3283 1568 3355 publica
1626 3285 2078 3341 excommunica-

482 3377 631 3432 tione
656 3374 1066 3431 damnavimus.
1130 3373 1386 3427 Chartam
1435 3373 1598 3428 etiam
1638 3373 1796 3428 istam
1845 3375 2081 3445 propriis

479 3464 732 3521 manibus
760 3462 1041 3534 posuimus
1079 3477 1246 3533 super
1271 3461 1443 3517 altare
1502 3461 1914 3518 Vindocinensis
1960 3478 2080 3518 mo—

481 3552 719 3621 nasterii,
755 3552 808 3606 in
838 3551 1055 3623 signum
1081 3557 1137 3606 et
1175 3550 1545 3606 testimonium
1598 3560 1876 3622 perpetuae
1906 3551 2079 3607 liber-

481 3643 626 3698 tatis.
656 3641 828 3711 Hujus
855 3646 1035 3696 autem
1069 3642 1148 3695 rei
1176 3649 1473 3696 assertores
1515 3648 1567 3695 et
1599 3648 1765 3695 testes
1795 3640 2080 3697 nobiscum

481 3732 701 3788 fuerunt
728 3728 1077 3785 honorabiles
1106 3744 1355 3801 personae
1381 3729 1783 3800 episcoporum,
1816 3729 2078 3786 abbatum

480 3828 535 3877 et
563 3819 905 3876 clericorum.

480 3909 744 3965 Arnullus
762 3909 1099 3963 Turonorum
1120 3906 1567 3979 archiepiscopus

477 3997 818 4055 Isembertus
852 3997 1196 4053 Pictavorum
1228 3996 1543 4068 episcopus.

480 4086 771 4145 Gervasius
801 4084 1232 4142 Cenomanensis
1262 4085 1486 4156 praesul.

477 4176 753 4231 Hubertus
779 4173 1019 4247 pontifex
1041 4174 1483 4246 Andegavensis.

479 4263 746 4321 Geraldus
767 4262 1182 4338 lngolismensis
1212 4263 1444 4335 praesul.

481 4352 768 4410 Amelinus
796 4351 1134 4409 Albiensium
1164 4352 1479 4425 episcopus.

956 4532 996 4587 Α
1038 4532 1269 4588 civitate
1312 4532 1579 4588 Comata.

476 4709 732 4767 Amulius
754 4710 1051 4777 archidiac,
1085 4718 1139 4767 et
1167 4716 1489 4782 pmcentor.

474 4800 752 4873 Georgius
777 4800 1196 4857 archidiaconus
1208 4841 1221 4854 .

475 4890 608 4964 Sigo
638 4889 910 4964 magister
935 4889 1276 4947 scholarum.

468 4979 770 5054 Aginerius
795 4978 1140 5053 capellanus.

473 5069 823 5142 Hildegarius
852 5069 1198 5126 subdecanus
1212 5111 1226 5125 .

477 5158 769 5215 Hilduinus
795 5159 1019 5230 juvenis
1032 5200 1046 5214 .

472 5246 775 5305 Walterius
803 5248 1246 5305 archidiaconus.

952 5446 992 5501 Α
1043 5447 1274 5504 civitate
1318 5447 1540 5502 Turono
1554 5486 1568 5499 .

470 5639 619 5697 Bovo
644 5639 910 5696 decanus.

468 5727 695 5784 Wenilo
714 5727 1016 5786 archidiac.
1054 5736 1109 5786 et
1137 5730 1543 5787 thesanrarius.

474 5815 743 5871 Robertus
772 5816 1109 5875 cellararius.

472 5904 771 5962 Gauterius
799 5905 1051 5960 aedituus.

2110 3249 2160 3311 C

2097 4619 2151 4680 D

2589 539 2630 593 Α
2669 541 3019 597 monasterio
3055 541 3116 595 S.
3168 541 3423 596 Martini.

2206 656 2495 715 Goﬂ'redus
2525 663 2786 717 decanus.

2205 748 2509 804 Walterius
2539 759 2746 806 cantor.

2203 835 2500 909 Frogerius
2522 839 2900 896 subdecanus.

2203 924 2472 981 Albertus
2501 928 2846 984 cellararius.

2202 1012 2325 1070 Odo
2356 1016 2675 1073 subcantor.

2688 1142 2731 1198 A
2774 1142 3013 1199 civitate
3052 1143 3307 1199 Pictava.

2197 1281 2456 1338 Arnulfus
2485 1282 2748 1339 decanus.

2196 1370 2509 1426 Willelmus
2539 1379 2748 1429 cantor.

2196 1458 2366 1516 Raino
2395 1467 2582 1516 cantor
2611 1460 2674 1516 S.
2713 1461 2923 1518 Hilarii.

2746 1618 2786 1672 Α
2832 1617 3223 1674 Cenomanno.

2194 1757 2476 1814 Gerardus
2507 1764 2719 1814 cantor.

2196 1846 2469 1918 lugoisus.
2503 1847 2767 1902 lsbertus.

2193 1933 2548 1991 Ermenull‘us
2579 1935 2963 1994 scholasticus.

2192 2024 2549 2081 Manselinus.

2191 2112 2495 2170 Rainardus
2523 2114 2866 2186 capellanus.

2191 2202 2513 2258 Willelmus
2526 2243 2539 2256 .

2654 2348 2695 2403 Α
2738 2347 2972 2404 civitate
3010 2348 3326 2421 Andegava.

2193 2492 2500 2548 Gauslenus
2517 2492 2779 2549 decanus.

2192 2582 2536 2654 Beringerius
2557 2584 2998 2641 archidiaconus.

2194 2672 2511 2728 Buchardus
2542 2673 2946 2727 thesaurarius.

2192 2760 2489 2817 Rainaldus
2520 2760 2962 2819 archidiaconus.

2191 2849 2445 2906 Fulcoius
2475 2849 2819 2919 capellanus.

2189 2939 2430 2994 Joannes
2456 2938 2840 2995 scholasticus.

2192 3027 2501 3082 Gauslenus
2530 3043 2685 3098 puer.

2192 3116 2488 3172 Gaufridus
2511 3132 2668 3187 puer.

2190 3206 2381 3261 Petrus
2410 3205 2797 3261 subdiaconus.

2760 3349 2836 3406 Ab
2875 3350 3202 3421 lngolismo.

2189 3490 2511 3548 Guillelmus
2541 3491 2984 3549 archidiaconus.

2187 3581 2446 3637 Vlvianus
2475 3581 2813 3654 capellanus.

2647 3762 2688 3816 Α
2728 3762 2997 3820 Santonis
3034 3762 3287 3819 ciuitate.

2186 3899 2447 3956 Ranuli‘us
2477 3902 2917 3961 archidiaconus.

2184 3990 2466 4046 Acbaldus
2483 3992 2918 4050 archidiaconus.

2691 4171 2932 4227 Nomina
2967 4171 3231 4228 abbatum
3246 4213 3260 4227 .

2183 4310 2342 4382 Hugo
2363 4309 2432 4367 de
2462 4310 2524 4366 S.
2562 4311 2840 4369 Salvatore
2871 4311 3055 4369 Karoﬁ
3086 4313 3251 4370 abba.

2184 4400 2509 4457 Fredericus
2538 4400 2608 4457 de
2641 4402 2699 4457 S.
2734 4401 3026 4460 Florentio.

2182 4488 2483 4545 Walterius
2510 4489 2579 4546 de
2611 4491 2667 4546 S.
2701 4490 2924 4548 Albino.

2181 4577 2467 4633 Ebrardus
2491 4579 2563 4635 de
2594 4579 2650 4635 S.
2685 4579 2949 4637 Karilefo.

2180 4667 2482 4724 Landricus
2511 4668 2579 4724 de
2613 4668 2669 4727 S.
2702 4670 2861 4725 Petro
2892 4670 3112 4727 Carnot.

2175 4756 2473 4812 Durandus
2502 4756 2571 4813 de
2602 4758 2658 4813 S.
2688 4758 2964 4814 Gildasio.

2175 4845 2435 4901 Salomon
2465 4845 2534 4901 de
2563 4846 2878 4903 Bonavalle.

2176 4935 2335 5007 Hugo
2366 4934 2681 5006 Longiledii
2708 4935 2901 4993 abbas.

2175 5023 2349 5079 Eulco
2378 5023 2447 5079 de
2478 5024 2534 5079 S.
2565 5025 2792 5081 Joanne.

2175 5111 2481 5185 Ansegisus
2512 5129 2671 5184 pecc.

2178 5202 2373 5258 Petrus
2394 5201 2464 5257 de
2491 5201 2774 5259 Nantoilo.

2176 5289 2439 5361 Algerius
2468 5291 2536 5346 de
2566 5291 2623 5347 S.
2658 5291 2929 5348 Amando.

2178 5378 2465 5434 Arnaldus
2494 5379 2563 5434 de
2595 5379 2917 5451 Angeliaco.

2178 5466 2299 5522 Odo
2330 5468 2397 5523 de
2429 5468 2486 5524 S.
2519 5468 2743 5525 Sabino.

2177 5558 2290 5611 Azo
2319 5557 2389 5612 de
2420 5556 2483 5612 S.
2521 5557 2784 5614 Michaele
2812 5559 3006 5616 eremi.

2178 5645 2614 5702 Archembildus
2643 5648 2713 5703 de
2741 5649 2799 5705 S.
2822 5647 3116 5707 Maxentio.

2175 5734 2416 5791 Joannes
2446 5735 2515 5791 de
2545 5736 2803 5795 Luzione.

2174 5824 2520 5881 Theobaldus
2550 5825 2618 5881 de
2649 5824 2946 5894 Quinciaco
2958 5868 2971 5884 .

2177 5913 2490 5971 Ansbertus
2519 5914 2589 5971 de
2620 5916 2966 5976 Ponteleveo.
