3910 6442
505 433 609 497 299
1478 436 1903 497 THIOFRIDUS
1942 436 2171 496 ABBAS
2209 435 2822 496 EFTERNACENSIS.
3701 441 3799 502 300

503 565 657 634 Iesu,
680 565 829 622 sicut
847 569 904 621 et
919 567 1035 639 ipse
1048 565 1178 622 Iesu
1193 563 1424 630 Christi,
1444 564 1594 620 nihil
1610 565 1804 637 utique
1829 563 1933 620 tibi
1955 565 2222 631 tribuam,
2243 565 2358 619 nisi
2371 564 2514 638 quod
2533 565 2599 620 ab
2619 565 2878 622 omnibus
2895 563 3205 623 Christiani
3225 568 3474 626 nominis
3486 569 3799 628 hominibus

501 665 800 737 Apostolus
829 665 995 728 serio,
1027 665 1084 722 et
1106 663 1313 736 εαψὶιιε
1351 661 1399 733 (Ι
1418 661 1538 729 Cor,
1572 677 1648 729 ιν,
1691 661 1792 730 16;
1827 676 1906 728 χι,
1941 665 1964 716 1
1993 680 2007 724 ;
2052 661 2301 734 Philipp.
2333 677 2416 728 ιη,
2454 663 2542 724 t7)
2577 664 2780 736 exigit.
2819 663 3012 734 Itaque
3039 664 3142 720 hoc
3175 667 3326 722 malo
3343 665 3530 724 dicere
3554 667 3698 740 quod
3723 669 3795 724 ad

499 777 686 820 meum
703 775 825 818 rem
845 763 1070 835 praprie
1083 761 1246 832 facit,
1260 775 1428 832 quam
1450 775 1540 816 eos
1558 760 1800 829 imitari,
1825 761 1920 833 qui
1940 759 2036 815 ubi
2051 762 2454 832 praefationem
2473 763 2579 816 aut
2598 761 3014 818 dedicationem
3035 763 3312 831 scribunt,
3325 765 3516 820 omnia
3535 765 3793 839 undique,

497 863 670 918 etiam
684 865 926 916 externa
939 861 1364 924 consectantur,
1378 875 1500 932 quae
1511 859 1890 931 quoquomodo
1905 857 1976 914 ad
1992 858 2152 914 illius
2165 859 2716 916 commendationem
2731 863 2988 932 spectare
3001 860 3490 934 uideantur,quem
3507 863 3800 936 alloquun-

500 963 618 1016 tur.
637 959 698 1014 Si
715 957 1028 1028 idagerem,
1043 941 1284 1029 benigna
1293 957 1442 1013 mihi
1461 960 1786 1028 suppeteret
1800 959 1980 1029 copia.
1995 957 2330 1030 Suggereret
2346 957 2490 1012 mihi
2509 959 2740 1026 familia
2755 961 2874 1024 tua,
2891 961 2957 1014 ut
2976 958 3046 1015 de
3061 960 3200 1014 uiuis
3209 961 3430 1027 sileam,
3446 965 3674 1017 tuorum
3683 965 3798 1034 fra-

503 1059 654 1113 trum
667 1057 980 1128 magnanin
987 1071 1084 1110 um
1088 1071 1216 1128 par.
1225 1055 1591 1110 Franciscum
1603 1057 1660 1109 et
1673 1055 1709 1109 Α
1718 1069 1756 1109 n
1765 1054 2002 1119 tantum,
2011 1053 2267 1128 peditum
2280 1055 2644 1128 equitumque
2653 1059 3112 1128 prcefectos,quos
3125 1072 3224 1130 pro
3232 1073 3307 1130 pa
3315 1059 3446 1123 tria,
3451 1059 3795 1133 principibus

496 1151 646 1226 rege,
657 1153 1208 1225 ﬁde,Deo,sanguine
1221 1169 1320 1210 suo
1336 1155 1704 1226 purpuratos,
1718 1153 1972 1210 alterum
1985 1152 2350 1222 Neoportum.
2363 1153 2617 1210 alterum
2635 1154 3796 1226 Reinberga,gloriosamorteoccumbentes

493 1253 656 1310 uidit.
691 1253 846 1310 Ultro
875 1255 1202 1309 occurreret
1226 1252 1382 1306 alius
1405 1253 1611 1322 frater,
1625 1251 1932 1316 Iohannes,
1955 1250 2024 1306 de
2043 1251 2208 1321 cuius
2225 1252 2476 1324 episcoﬂ
2495 1253 2589 1307 sui
2607 1251 2771 1308 rebus
2787 1255 2960 1324 gestis
2979 1255 3036 1308 et
3053 1253 3174 1308 vita
3193 1253 3257 1308 in
3278 1253 3664 1312 illustrissimo
3685 1251 3798 1313 loco

493 1349 702 1423 posita,
718 1350 756 1406 Ἀ
767 1349 1052 1407 trebatum
1068 1369 1087 1418 ,-
1101 1348 1526 1423 archiepiscopi,
1537 1345 1910 1404 Cameracum
1929 1350 2247 1418 ;senatoris
2258 1347 2650 1412 sui,Sanctius
2665 1350 2968 1407 concilium
2985 1369 3006 1419 ;
3026 1350 3196 1422 legati
3207 1351 3274 1406 de
3282 1352 3629 1422 gravissimis
3639 1353 3799 1410 rebus

494 1441 568 1506 ad
581 1463 642 1508 se
649 1447 1024 1516 missi,summ
1031 1463 1129 1503 um
1144 1447 1412 1504 Ecclesia:
1421 1450 1594 1518 caput
1603 1447 1878 1518 pontifex
1889 1463 2046 1503 max.
2061 1487 2076 1515 ,
2091 1447 2224 1519 quid
2235 1463 2349 1504 non
2361 1451 2583 1516 sancte,
2597 1451 2655 1504 et
2669 1449 2834 1520 quasi
2840 1464 2946 1520 pro
2959 1449 3301 1518 testimonio,
3317 1453 3602 1522 referrent
3611 1451 3799 1526 ﬁnge.

492 1549 644 1603 reret
655 1561 714 1603 se
731 1547 964 1603 interea
974 1547 1126 1602 alter
1139 1545 1600 1601 Atrebatensium
1617 1545 1934 1618 episcopus,
1952 1544 2307 1609 Franciscus.
2318 1551 2566 1618 patruus
2582 1549 2716 1602 tuus
2727 1546 2930 1618 major,
2947 1554 3219 1620 nepotum
3231 1548 3424 1622 utique
3424 1549 3457 1622 j
3462 1549 3603 1607 ustis
3617 1549 3796 1608 laudi-

493 1645 592 1702 bus
600 1643 694 1716 pie
705 1641 1045 1710 delectatus,
1059 1641 1156 1700 sed
1173 1643 1290 1699 suis
1304 1643 1385 1699 ita
1397 1642 1646 1699 illustris
1657 1645 1724 1698 ut
1736 1659 1866 1699 eum
1882 1642 2227 1716 Burgundia,
2241 1643 2517 1715 Belgium,
2534 1645 2930 1716 gravissimum
2946 1645 3093 1702 orbis
3107 1649 3276 1702 terra
3287 1647 3592 1718 theatrum,
3608 1651 3794 1706 conci-

493 1743 636 1799 lium
652 1741 1067 1806 Tridentinum,
1081 1741 1280 1814 acipse
1291 1740 1532 1814 denique
1543 1741 1689 1796 orbis
1705 1745 1891 1807 terra,
1910 1745 1990 1796 tot
2005 1741 2372 1796 nobilissimis
2387 1742 2560 1797 editis
2569 1741 2752 1808 libris,
2767 1758 2886 1798 non
2895 1743 3056 1799 modo
3067 1745 3206 1810 vita,
3222 1745 3794 1804 clarissunumnouit.

489 1840 615 1898 Jam
645 1837 714 1896 de
729 1843 968 1913 parente
992 1843 1089 1896 tuo
1102 1838 1342 1912 praeside
1363 1837 1700 1896 Richardoto
1722 1837 1848 1909 (hac
1871 1840 2026 1894 enim
2049 1841 2500 1911 nuncupatione,
2524 1840 2632 1895 etsi
2651 1840 2812 1896 aliud
2839 1839 3014 1896 addas
3034 1841 3206 1902 nihil.
3225 1846 3347 1898 tota
3368 1843 3584 1917 Europa
3600 1849 3683 1900 est
3701 1863 3796 1904 no-

490 1937 771 2002 tissimus)
792 1937 1015 2012 quando
1035 1937 1182 1993 mihi
1194 1936 1298 1992 uni
1317 1935 1504 1992 deesse
1526 1937 1706 2008 posset
1729 1935 1873 2008 quod
1900 1936 2168 2002 dicerem,
2188 1952 2318 1992 eum
2338 1936 2597 2009 pluribus
2615 1937 2989 2010 scriptoribus
3007 1945 3414 2011 argumentum
3433 1943 3790 2014 suggesserit,

484 2039 805 2111 quinegant
823 2052 880 2092 se
897 2037 1116 2092 calamo
1133 2034 1472 2092 adumbrare
1489 2049 1647 2107 posse
1657 2033 1800 2108 quod
1812 2032 1914 2090 ille
1927 2035 2044 2090 vita
2059 2035 2345 2108 expressit
2365 2036 2538 2092 Utine
2561 2039 2783 2108 reperta
2797 2036 3079 2093 scribendi
3107 2037 3488 2112 laudandique
3504 2041 3791 2112 ingeniosa

485 2137 593 2196 illa
605 2141 666 2193 et
676 2135 996 2207 majestatis
1007 2152 1041 2208 p
1051 2135 1178 2190 lena
1188 2128 1890 2208 compendia.&trgundiaz
1905 2131 2166 2200 Phaeniz,
2183 2135 2244 2190 al
2251 2136 2340 2190 ter
2351 2135 2676 2200 Parmenio,
2695 2135 2988 2201 Leonidas,
3005 2135 3786 2208 Zopyrus,l\’estor,Aristides.

484 2236 545 2292 Si
562 2235 710 2292 mihi
727 2234 794 2290 de
807 2235 929 2306 ejus
951 2233 1114 2290 rebus
1134 2233 1305 2304 gestis
1316 2230 1618 2288 dicendum
1642 2233 1787 2288 esset
1803 2234 1998 2288 uterer
2015 2233 2073 2288 et
2091 2232 2210 2304 ipse
2227 2231 2574 2304 compendio,
2593 2237 2650 2288 et
2666 2237 2898 2288 tantum
2913 2233 3070 2290 verbo
3081 2234 3416 2304 indicarem,
3428 2235 3556 2308 ejus
3567 2237 3789 2308 potissi-

484 2349 643 2392 mum
663 2332 974 2406 sapientia,
989 2330 1388 2403 industriaque
1406 2330 1524 2388 tria
1535 2330 1898 2402 grauissima,
1907 2331 2499 2404 perniciosissimaque
2519 2330 2666 2387 bella
2683 2333 2972 2388 exstincta
2991 2332 3200 2404 fuisse:
3215 2331 3324 2391 duo
3341 2349 3471 2389 cum
3487 2335 3791 2408 duobuspo-

487 2431 823 2489 tentissimis
854 2430 1112 2502 regibus;
1135 2429 1390 2496 tertium,
1411 2444 1540 2484 cum
1558 2428 1770 2485 civibus
1785 2427 1992 2495 dicam,
2011 2445 2088 2484 an
2111 2429 2360 2485 hostibus
2380 2431 2678 2486 acerrimis
2701 2431 2867 2487 Nam
2884 2447 3062 2502 genus
3081 2433 3242 2486 tuum
3267 2435 3612 2499 maternum,
3627 2430 3790 2488 illus-

482 2530 594 2587 tris
613 2529 850 2602 fumilia
863 2527 929 2584 de
949 2527 1360 2593 Baillencourt,
1380 2542 1506 2598 qua:
1525 2527 1727 2582 decora
1741 2526 1886 2584 mihi
1902 2531 2224 2600 suggereret
2248 2526 2276 2579 .9
2299 2543 2424 2599 quc
2441 2529 2730 2598 facinora,
2747 2528 2834 2584 vel
2855 2526 3024 2595 domi,
3049 2529 3135 2584 vel
3155 2528 3382 2584 militia:
3397 2531 3792 2600 prtesuntissi-

480 2645 578 2686 ma
599 2631 622 2684 7
643 2627 944 2700 Utriusque
964 2625 1194 2698 generis
1207 2625 1368 2697 longo
1387 2624 1587 2681 ordine
1609 2623 2079 2683 hcresClaudius
2097 2625 2162 2682 de
2175 2623 2587 2694 Baillencourt,
2604 2625 2928 2682 triremium
2947 2627 3226 2700 totiusque
3242 2627 3470 2683 militia
3483 2627 3790 2685 Melitensis

483 2727 809 2800 praefectus,
824 2724 868 2780 il
874 2723 1215 2781 lustrissimo
1218 2722 1480 2797 principi
1493 2705 1554 2777 ιλ
1573 2723 1609 2777 Α
1621 2722 1804 2794 lophio
1817 2721 1883 2778 de
1902 2723 2278 2796 Wiqnacourt,
2297 2724 2491 2794 Magno
2503 2724 2884 2781 Melitensium
2897 2725 3174 2796 Magistro,
3190 2725 3360 2796 affini
3373 2732 3467 2782 tuo
3477 2745 3498 2792 ;
3509 2726 3790 2800 simulque

487 2825 591 2883 toti
619 2822 962 2880 Christianas
981 2822 1122 2890 reip.
1146 2835 1374 2896 operam
1401 2821 1720 2886 etiamnum
1748 2823 2008 2892 prasstat,
2031 2837 2195 2893 seque
2223 2824 2280 2876 et
2307 2822 2620 2894 majoribus
2648 2822 2768 2878 suis
2789 2821 3040 2894 dignam.
3071 2822 3179 2880 Sed
3207 2823 3337 2880 istis
3356 2824 3593 2891 missis,
3615 2825 3789 2891 malo,

486 2924 580 2981 uti
608 2921 755 2991 dixi,
788 2937 856 2978 ea
883 2931 1200 2980 memorare
1227 2933 1351 2992 qua
1378 2918 1610 2992 proprie
1623 2917 1700 2973 ad
1729 2921 1784 2974 te
1808 2919 2126 2991 pertinent,
2143 2915 2352 2975 lubens
2364 2921 2528 2976 enim
2545 2921 2716 2976 audio
2744 2919 2954 2977 bonum
2979 2901 3206 2994 poetam
3234 2939 3254 2977 :

1338 3016 1480 3072 Nam
1511 3032 1710 3088 genus,
1741 3023 1796 3072 et
1837 3031 2096 3088 proavos,
2129 3008 2182 3072 et
2213 3031 2334 3089 quae
2363 3032 2473 3073 non
2516 3015 2742 3073 fecimus
2768 3016 2895 3090 ipsi,

809 3183 820 3194 ι
1335 3113 1436 3169 Vix
1467 3128 1535 3170 ea
1563 3119 1750 3170 nostra
1770 3129 1934 3172 voco.

557 3218 742 3294 Neque
775 3220 969 3273 tamen
997 3213 1192 3272 omnia
1215 3216 1318 3270 tua
1336 3211 1577 3269 dicenda
1592 3208 1764 3284 (quod
1774 3213 2106 3285 panegyrici
2129 3213 2322 3286 potius
2343 3213 2438 3279 sit,
2463 3227 2631 3286 quam
2652 3213 2834 3270 brevis
2855 3213 3130 3286 epistolae)
3151 3214 3252 3271 sed
3273 3231 3455 3272 unum
3474 3217 3787 3284 auntaxat,

483 3317 646 3392 quod,
662 3321 746 3382 ut,
761 3317 948 3373 dicere
958 3313 1352 3380 institueram,
1365 3325 1495 3366 cum
1507 3325 1588 3376 eo,
1605 3309 1748 3383 quod
1766 3312 1830 3366 in
1841 3311 2104 3370 manibus
2120 3311 2263 3366 mihi
2279 3315 2385 3378 est,
2405 3312 2490 3367 ita
2502 3315 2584 3368 est
2606 3313 3002 3384 conjunctum,
3015 3313 3234 3370 utomit
3243 3315 3289 3369 ti
3301 3330 3337 3369 a
3353 3329 3442 3370 me
3462 3329 3576 3370 non
3587 3312 3789 3386 possit.

482 3419 662 3489 Atque
683 3413 782 3471 hoc
794 3413 982 3488 ipsum
998 3413 1080 3468 sic
1103 3411 1312 3476 dicam,
1325 3412 1390 3465 ut
1407 3424 1521 3464 non
1537 3411 1657 3464 tam
1677 3409 1779 3465 tibi
1792 3409 1850 3464 id
1865 3409 2110 3466 tribuam
2124 3409 2298 3481 (vetat
2313 3409 2412 3466 hoc
2422 3410 2609 3482 pietas
2631 3414 2752 3477 tua,
2766 3413 2820 3466 et
2841 3410 3137 3482 religiosus
3150 3411 3351 3484 pudor)
3363 3427 3526 3484 quam
3541 3411 3648 3467 Deo
3665 3411 3790 3482 0pt.

483 3515 636 3574 Haec.
679 3513 722 3570 Α
769 3527 873 3586 quo
909 3515 997 3568 est
1029 3523 1193 3567 omne
1223 3507 1412 3562 datum
1441 3505 1728 3578 optimum,
1769 3513 1820 3562 et
1851 3521 2017 3563 omne
2051 3507 2253 3563 donum
2288 3507 2585 3579 perfectum
2615 3509 2756 3573 (Jac.
2790 3525 2836 3575 ι,
2862 3509 2980 3579 17).
3016 3511 3091 3565 Ac
3110 3511 3194 3566 sic
3216 3511 3444 3576 faciam,
3473 3509 3616 3578 quod
3643 3509 3710 3565 de
3733 3523 3795 3564 se

481 3612 794 3688 proﬁtetur
805 3609 1032 3666 divinus
1043 3605 1388 3672 Bernardus,
1403 3607 1497 3674 qui
1513 3605 1778 3678 quiddam
1797 3606 1863 3661 de
1879 3607 2157 3677 fratribus
2167 3607 2286 3662 suis
2296 3605 2737 3678 pi'iedicaturus,
2755 3604 2995 3662 Laudem
3011 3605 3570 3680 Dominiloqueturos
3581 3620 3788 3671 meum,

484 3709 696 3784 inquit,
727 3722 836 3764 non
849 3713 1112 3762 vestram.
1137 3705 1316 3776 Hujus
1329 3703 1510 3776 igitur
1528 3703 1756 3760 Domini
1774 3701 1998 3760 laudem
2019 3707 2076 3760 et
2093 3719 2191 3775 ego
2209 3705 2415 3761 merito
2431 3705 2643 3777 loquor,
2667 3706 2762 3777 qui
2783 3707 2848 3762 ut
2877 3704 3136 3761 Maurum
3152 3720 3414 3778 puerum,
3437 3705 3545 3760 sibi
3561 3709 3794 3760 sancto-

485 3824 590 3882 que
609 3805 927 3872 Benedicto,
949 3822 983 3860 τι
997 3805 1238 3878 parente
1265 3801 1598 3873 Euthgrhio,
1620 3801 1774 3856 tradi
1792 3802 2050 3858 voluerat
2077 3819 2089 3856 :
2129 3803 2214 3858 sic
2240 3805 2295 3856 te
2317 3817 2460 3875 pene
2481 3802 2665 3858 adhuc
2686 3803 2996 3873 infantem,
3020 3803 3124 3859 sibi
3139 3803 3458 3860 consecrari
3476 3803 3670 3870 voluit,
3689 3817 3797 3874 pa-

487 3903 913 3963 trocinantibus
942 3907 999 3959 et
1021 3899 1393 3960 educantibas
1423 3899 1616 3956 eodem
1645 3899 1702 3956 S.
1736 3898 2034 3956 Benedicto
2063 3903 2122 3956 et
2159 3898 2406 3967 Vedasto,
2429 3901 2492 3956 in
2523 3915 2761 3973 quorum
2781 3899 2958 3958 nobili
2984 3903 3258 3958 ascetefio
3275 3901 3350 3958 ad
3367 3901 3589 3958 virilem
3617 3913 3793 3967 usque

485 4007 734 4071 (etatem,
753 4006 822 4059 ut
851 4006 926 4069 te,
949 4001 1179 4072 illisque
1191 3998 1425 4068 dignum
1448 4001 1592 4064 erat,
1610 3998 1848 4054 eductus
1859 4003 1917 4054 et
1935 3998 2314 4070 informatus:
2339 4003 2406 4054 ut
2437 3998 2543 4054 hac
2559 4015 2770 4072 quoque
2786 4001 2848 4054 in
2872 4015 2931 4055 re
2954 3999 3210 4055 Maurum
3225 4000 3410 4056 virum
3427 3999 3512 4054 vir
3531 4000 3796 4055 imitare-

485 4105 589 4170 ﬂs,
603 4097 1462 4176 cui‘puero‘puerassimititatus
1472 4111 1598 4152 eras
1612 4117 1630 4164 ,-
1647 4095 2001 4168 utroqueillo
2017 4095 2141 4151 divo
2155 4096 2396 4159 volente,
2421 4097 2476 4154 8.
2508 4095 2858 4154 Willibrordo
2873 4097 3262 4154 commodatus
3277 4111 3354 4163 es,
3378 4098 3540 4169 cujus
3549 4100 3796 4170 familia

485 4199 1084 4274 Efternaciprwesses.
1111 4195 1169 4251 Id
1189 4193 1457 4268 quomodo
1475 4199 1730 4266 prcestes,
1768 4211 1884 4250 non
1921 4194 2128 4263 dicam,
2160 4210 2234 4250 ne
2264 4212 2299 4250 a
2323 4194 2582 4251 laudibus
2602 4195 2830 4252 Domini
2850 4195 2922 4252 ad
2943 4199 3072 4252 tuas
3107 4194 3406 4264 deflexisse
3435 4196 3649 4253 videar.
3684 4198 3795 4256 Sed

485 4314 616 4358 eum
628 4298 818 4372 ipsum
834 4295 1136 4352 Dominum
1159 4293 1303 4348 meri
1309 4295 1362 4350 to
1374 4307 1596 4348 mecum
1619 4291 1834 4362 laudes,
1851 4292 1952 4365 qui
1973 4307 2098 4348 eam
2117 4291 2220 4350 tibi
2236 4296 2512 4362 mentem,
2527 4295 2882 4366 gratiamque
2902 4294 3240 4361 contulerit,
3265 4297 3332 4350 ut
3357 4310 3474 4350 non
3492 4295 3654 4354 modo
3677 4297 3797 4352 tuis

485 4397 626 4468 filiis
646 4396 804 4453 omni
822 4409 924 4468 ope
935 4393 1278 4458 consuleres,
1301 4407 1498 4448 verum
1512 4392 1688 4448 etiam
1703 4395 1898 4464 patres
1915 4394 2040 4447 tuos
2055 4391 2210 4448 velut
2233 4407 2268 4446 a
2282 4393 2526 4448 mortuis
2547 4391 2854 4460 excitares,
2880 4395 2944 4448 ut
2965 4407 3039 4448 ea:
3065 4393 3155 4448 his
3182 4407 3395 4465 quoque
3419 4391 3682 4450 redivivis
3699 4393 3799 4452 illi

488 4495 797 4554 haurirent
817 4493 952 4548 vita:
975 4491 1150 4548 beatae
1177 4493 1484 4563 praecepta,
1507 4495 1676 4562 atque
1697 4489 2141 4556 adhortationes,
2164 4494 2224 4546 te
2250 4489 2496 4561 singulis
2516 4491 2748 4546 illorum
2769 4492 3068 4547 occinente
3085 4489 3344 4548 salutare
3359 4490 3508 4548 illud
3521 4508 3756 4550 camen
3777 4508 3793 4550 :

1372 4587 1558 4656 Disce,
1590 4603 1743 4660 puer,
1774 4587 2028 4644 virtutem
2057 4603 2123 4644 ex
2154 4588 2259 4654 his,
2291 4604 2612 4662 verumque,
2639 4588 2914 4658 laborem,

485 4695 590 4752 aut
620 4689 812 4767 potius
830 4688 982 4748 illud
1011 4687 1310 4774 diuihiorit
1340 4685 1486 4774 gratis
1508 4702 1530 4742 ε
1557 4683 1846 4760 Interroga
1873 4693 2089 4762 patrem
2108 4691 2292 4754 illum,
2335 4693 2390 4743 et
2416 4686 2760 4744 annmtisbit
2789 4684 2885 4744 tibi
2917 4703 2931 4742 :
2973 4686 3214 4756 maiores
3238 4691 3387 4754 tuos,
3407 4694 3462 4744 et
3487 4686 3668 4746 dicent
3694 4687 3796 4746 tibi

483 4791 672 4862 (Deut.
705 4803 896 4857 χχχιι,
921 4787 996 4858 7).
1085 4770 1103 4780 ’

563 4884 856 4944 Dubitabit
866 4884 1130 4957 fortassis
1144 4883 1448 4957 imperitus
1463 4882 1743 4961 quispiam
1755 4881 1888 4956 quid
1901 4883 2044 4940 mihi
2055 4882 2168 4940 ista
2187 4886 2539 4942 mortuorum
2551 4883 2901 4940 excitatione
2914 4883 3101 4940 velim.
3117 4883 3200 4940 An
3217 4899 3332 4946 non
3343 4883 3749 4958 quodammodo
3759 4903 3797 4942 a

484 4985 726 5045 mortuis
738 4983 979 5051 excitat,
999 4979 1096 5056 qui
1107 4995 1198 5038 eos
1209 4981 1306 5056 qui
1323 4983 1446 5036 tum
1458 4981 1645 5037 altum
1660 4983 1742 5038 tot
1755 4981 1964 5038 sarcula
1975 4982 2276 5040 silentium
2297 4981 2586 5049 tenebant,
2603 4983 2916 5056 loquentes,
2934 4983 3048 5038 imo
3065 4982 3382 5040 clamantes
3398 4984 3695 5056 inopinato
3703 4985 3798 5055 fa-

485 5083 609 5142 cit?
630 5085 667 5140 Α
678 5084 825 5140 ltum
838 5081 1060 5138 tacebat
1079 5077 1419 5152 Thiofridus,
1433 5077 1895 5135 delitescentibus
1906 5079 1968 5135 in
1981 5079 2154 5136 unius
2167 5078 2510 5138 bibliotheca:
2519 5080 2802 5153 angustiis
2815 5080 2936 5152 ejus
2949 5081 3798 5149 monumentis,immortalitate

483 5179 868 5255 dignissimis;
884 5179 1048 5252 idque
1065 5159 1244 5234 annos
1246 5178 1373 5250 jam
1391 5177 1724 5250 quingentos
1735 5193 1904 5250 prope
1918 5181 1974 5234 et
1991 5179 2419 5252 quinquaginta.
2433 5179 2773 5252 Thiofridus,
2795 5179 2958 5250 cujus
2971 5177 3540 5250 FLoans,sanctorum
3553 5179 3797 5236 tumulis

485 5278 838 5352 aspersi,ipsi
851 5273 1168 5340 tumulo,ut
1179 5275 1260 5330 sic
1270 5273 1840 5343 dixerim,oblivionis
1853 5276 2147 5342 inclusi,et
2160 5275 2410 5350 indignae
2421 5277 3080 5350 ignorationis,latebant
3095 5293 3257 5334 :cum
3269 5275 3593 5348 dignissimi
3602 5279 3795 5334 essent

488 5377 584 5448 qui
613 5377 869 5432 omnium
898 5374 1156 5446 priorum
1184 5373 1420 5430 naribus
1444 5375 1902 5446 applicarentur,
1935 5373 2139 5448 quippe
2171 5377 2267 5447 qui
2283 5377 2402 5432 sint
2426 5375 2626 5430 Christi
2658 5375 2834 5430 bonus
2852 5374 2989 5430 odor
3013 5373 3155 5441 Deo,
3177 5381 3232 5430 et
3245 5373 3385 5430 odor
3405 5373 3524 5430 vita:
3540 5375 3595 5428 in
3625 5373 3795 5429 vitam

489 5470 556 5528 iis
585 5471 678 5543 qui
699 5470 836 5527 salvi
873 5469 1006 5526 ﬁunt
1034 5469 1258 5542 (llCor.
1283 5485 1365 5538 ιι,
1389 5473 1475 5539 i5,
1499 5471 1612 5544 ‘16).
1640 5471 1790 5540 Quod
1813 5471 1862 5526 si
1880 5473 1978 5546 qui
1996 5471 2284 5530 immundi
2301 5473 2573 5530 scarabwi
2595 5473 2694 5530 hoc
2719 5478 2838 5529 tam
2857 5473 3018 5530 suavi
3033 5472 3200 5528 odore
3229 5471 3608 5544 oﬂ'endentur,
3641 5471 3796 5528 nihil

481 5567 696 5626 mirum
715 5583 728 5624 :
743 5585 877 5624 nam
888 5569 1175 5626 etiamille
1188 5570 1364 5626 bonus
1377 5567 1589 5626 Christi
1600 5571 1735 5626 odor
1752 5571 1826 5626 iis
1839 5569 1928 5643 qui
1944 5571 2336 5643 pereunt,odor
2346 5579 2430 5628 est
2447 5571 2640 5628 mortis
2659 5572 2716 5626 in
2727 5579 2962 5628 mortem
2974 5580 3163 5642 (versu
3173 5571 3388 5629 decimo
3399 5571 3608 5642 sexto).
3629 5571 3792 5628 Hunc

484 5665 666 5736 igitur
683 5663 926 5733 odorem,
953 5665 1048 5722 hos
1067 5663 1286 5722 FLORES
1312 5667 1601 5740 producis,
1626 5668 1846 5724 Prcesul
1863 5670 2234 5742 amplissime,
2249 5685 2363 5726 non
2392 5674 2699 5727 contentus
2719 5671 2790 5727 iis
2812 5671 3080 5734 recreari,
3103 5669 3238 5733 nisi,
3261 5667 3408 5742 quod
3428 5667 3546 5723 sine
3571 5665 3795 5726 ﬁctione

482 5759 739 5828 didiciSti,
763 5761 880 5817 sine
899 5760 1102 5818 invidia
1131 5763 1388 5820 omnibus
1415 5765 1801 5820 communices
1824 5765 1984 5838 (Sap.
2019 5781 2118 5836 vn,
2145 5765 2254 5838 13).
2289 5767 2515 5840 Magnas
2550 5768 2654 5824 tibi
2683 5765 2898 5826 debebit
2917 5784 2982 5826 eo
3003 5769 3236 5824 nomine
3265 5768 3410 5826 orbis
3433 5766 3794 5826 Christianus

477 5861 697 5930 gratias
712 5877 732 5925 ;
745 5857 844 5916 sed
865 5863 930 5915 tu
946 5861 1187 5931 majores
1204 5860 1312 5918 Deo
1327 5877 1341 5918 :
1357 5864 1451 5935 qui
1464 5866 1589 5935 post
1608 5866 1689 5919 tot
1705 5880 1904 5934 annos,
1924 5867 1978 5922 te
1995 5866 2362 5938 potissimum
2378 5867 2616 5940 elegerit
2633 5865 2787 5938 (cum
2801 5867 2883 5923 tot
2913 5865 3042 5933 alii,
3067 5863 3340 5937 Thiofridi
3361 5867 3496 5922 ante
3516 5867 3590 5934 te,
3611 5861 3795 5921 haere-

477 5953 592 6028 des,
623 5956 784 6024 deeo,
809 5969 968 6040 teque
998 5957 1165 6028 atque
1187 5957 1327 6030 ipse,
1359 5959 1648 6030 siluerint)
1670 5962 1764 6032 qui
1795 5961 1942 6018 hanc
1973 5961 2254 6019 lucernam
2275 5962 2376 6020 sub
2404 5962 2587 6022 modio
2615 5964 2912 6036 latentem,
2945 5978 3115 6036 super
3135 5961 3525 6023 candelabrum
3537 5976 3795 6035 poneres

1849 6401 1963 6406 μ
3307 6267 3910 6442 ηηη]
