3910 6472
153 473 248 529 301
1587 468 2005 539 Ριιοιορυιλ.
3351 475 3453 530 308

150 598 372 667 (Matth.
404 612 460 665 ν,
486 597 574 667 15)
603 598 1007 663 etostenderes,
1055 598 1157 653 tibi
1175 596 1463 652 cordiesse
1478 595 1627 651 illud
1678 596 1994 665 Sapientis:
2014 595 2291 665 Sapientia
2318 594 2650 664 abscondita,
2684 602 2737 652 et
2751 597 3056 652 Thesaums
3076 594 3298 663 invisus,
3330 612 3452 667 qua

151 687 346 742 utilitas
371 686 430 740 in
457 686 691 754 utrisque
720 686 747 739 ‘l
777 687 973 754 (Bccli.
1008 702 1106 751 xx,
1142 689 1253 754 32).
1282 684 1412 752 Quis
1433 683 1549 740 liceo
1578 684 1874 754 Sapientia
1893 683 1923 737 .9
1950 685 2072 756 quis
2093 683 2436 741 thesaurus?
2465 686 2781 758 Epigraphe
2803 687 3075 758 loquitur.
3094 686 3311 742 FLOIBS
3330 687 3455 742 EPI-

149 790 334 831 nrnu
363 776 719 830 Smoronuu.
752 775 872 830 Non
894 778 1031 830 sunt
1052 775 1113 830 hi
1133 774 1315 829 Flores
1333 772 1659 839 decidentes,
1687 772 1883 844 quibus
1903 773 2246 830 horrendum
2265 775 2357 829 Vae
2378 774 2613 831 intonat
2647 772 2921 846 propheta
2951 775 3087 847 (ιω.
3127 788 3333 843 xxvm,
3370 776 3444 845 1).

150 864 503 935 Suntpotius
544 863 803 935 quiquasi
857 878 981 917 rosa
1020 863 1257 933 plantata
1285 877 1447 933 super
1490 861 1637 916 rivos
1683 872 1942 930 aquarum
1999 860 2315 917 fructiﬁcent
2347 881 2359 917 :
2393 863 2545 932 quasi
2581 863 2837 932 Libanus,
2896 863 3120 919 odorem
3175 864 3454 922 suavitatis

154 952 389 1007 habeant
419 966 432 1020 ;
466 951 616 1021 quasi
646 952 816 1004 lilium
845 950 974 1005 dent
1001 951 1242 1018 odorem,
1275 958 1330 1005 et
1358 949 1768 1020 frondeant/ing

1890 966 1974 1003 am
2002 951 2198 1021 (Eccli.
2235 966 2438 1019 χχχιχ,
2472 955 2558 1020 17,
2592 953 2681 1021 18,
2715 956 2826 1023 19).

228 1042 324 1097 Hic
352 1041 614 1096 videlicet
640 1040 776 1095 odor
788 1056 1018 1111 sagaces
1039 1039 1142 1094 tibi
1170 1055 1340 1095 nares
1368 1039 1626 1111 replevit,
1649 1042 1706 1094 et
1733 1037 1921 1109 effecit
1942 1042 2005 1094 ut
2020 1054 2259 1094 curreres
2276 1039 2333 1094 in
2353 1039 2576 1095 odorem
2589 1042 2821 1097 Florum
2836 1042 3098 1098 istorum.
3117 1043 3331 1099 Parum
3349 1041 3452 1099 hoc

153 1130 258 1186 tibi
274 1130 410 1201 fuit.
430 1130 507 1184 Ne
534 1144 739 1201 parum
762 1129 923 1184 utilis
975 1129 1112 1198 (etsi
1137 1143 1408 1200 perquam
1434 1129 1663 1199 gratus)
1690 1125 1976 1183 videretur
2002 1128 2140 1185 odor
2166 1143 2323 1196 rosas,
2357 1127 2567 1198 Libani,
2590 1129 2689 1184 lilii
2719 1144 2733 1200 ;
2766 1129 2999 1187 eﬁlomit
3024 1130 3127 1187 tibi
3178 1130 3457 1202 Thiofrids‘

154 1219 313 1284 liber,
350 1224 601 1286 tanquam
631 1232 846 1288 praecox
871 1232 995 1285 uva,
1029 1223 1082 1271 et
1109 1217 1345 1272 laetatum
1374 1223 1455 1269 est
1482 1231 1575 1270 cor
1603 1222 1751 1269 tuum
1781 1214 1836 1268 in
1863 1232 1930 1270 ea
1959 1216 2154 1285 (Eccli.
2187 1232 2259 1285 LI,
2296 1220 2405 1287 19).
2437 1218 2686 1289 Longius
2715 1222 2770 1275 te
2803 1221 3065 1292 provexit
3079 1218 3197 1276 haec
3214 1220 3448 1278 latitia.

154 1307 476 1362 Consiliatus
493 1322 570 1375 es,
601 1313 659 1360 ut
686 1321 964 1362 enarrares
988 1305 1123 1378 quid
1179 1305 1239 1361 hi
1266 1305 1485 1361 FLonus
1513 1305 1697 1361 odoris
1715 1303 2028 1375 funderent
2059 1320 2073 1374 ;
2098 1310 2155 1362 et
2184 1307 2496 1363 enarrandi
2550 1307 2762 1374 studio,
2798 1315 2856 1362 ut
2882 1308 3063 1364 furore
3110 1308 3346 1381 repletus
3373 1322 3449 1364 es.

155 1407 354 1478 (Eccli.
388 1420 585 1474 xxxxx,
612 1407 720 1474 16).

226 1495 380 1551 Nihil
400 1494 466 1549 do
483 1492 715 1549 auribus
745 1494 887 1548 tuis.
915 1492 1058 1548 Adeo
1090 1495 1144 1548 te
1161 1491 1276 1547 vidi
1302 1492 1447 1563 ferri
1472 1490 1537 1546 in
1568 1490 1769 1547 horum
1792 1492 2019 1548 Florum
2047 1492 2448 1564 vulgationem,
2464 1497 2531 1549 ut
2546 1509 2742 1550 revera
2756 1493 2900 1565 ferri
2914 1494 3129 1567 potius,
3147 1510 3317 1567 quam
3350 1497 3454 1551 tua

154 1585 356 1656 sponte
383 1598 548 1655 agere
565 1581 852 1637 videreris.
871 1580 1003 1636 Mihi
1023 1580 1249 1654 quidem
1288 1581 1411 1636 visa
1423 1583 1510 1636 est
1528 1580 1645 1635 haec
1675 1594 1891 1651 prmeox
1920 1596 2026 1635 uva
2054 1580 2221 1637 odere
2243 1597 2344 1638 suo
2366 1582 2761 1639 teinebriasse.
2810 1585 2885 1638 Ae
2908 1584 2993 1638 sic
3008 1583 3179 1638 factus
3194 1583 3352 1653 quasi
3378 1582 3465 1639 vir

151 1671 353 1739 ebrius,
386 1678 440 1725 et
467 1671 617 1741 quasi
649 1672 810 1726 homo
838 1669 1085 1725 madidus
1114 1686 1145 1724 a
1166 1670 1292 1726 vino
1314 1686 1346 1725 a
1377 1669 1512 1724 facie
1569 1668 1859 1724 verborum
1891 1675 2200 1723 sanctorum
2231 1671 2459 1739 (Jerem.
2515 1687 2678 1740 χχιιι,
2713 1673 2767 1741 9)
2792 1687 2917 1743 quae
2968 1687 3072 1744 per
3094 1671 3370 1744 Titio/ridi
3399 1687 3464 1750 ο⁸

154 1761 431 1817 Dominus
458 1760 655 1832 fundit
688 1777 701 1814 :
733 1759 967 1815 sensisti
998 1759 1052 1813 in
1073 1759 1233 1813 corde
1267 1766 1375 1827 tuo,
1410 1757 1564 1828 quasi
1593 1757 1777 1829 ignem
1806 1759 2535 1826 exestuantemmtdefecisti
2556 1761 2695 1815 ferre
2708 1761 3093 1815 nonsustinens
3113 1762 3469 1855 (Ieremia.

156 1860 237 1927 9).
269 1855 459 1928 Itaque
484 1855 617 1910 totis
634 1855 812 1927 portis
825 1854 1061 1926 apertis,
1080 1853 1233 1910 hunc
1244 1854 1488 1920 odorem,
1514 1851 1612 1908 hos
1643 1853 1831 1908 Flores
1861 1854 2102 1922 emittis,
2137 1858 2193 1910 et
2218 1854 2434 1928 publici
2438 1857 2593 1928 juris
2612 1857 2758 1929 lacis
2784 1855 2935 1913 hunc
2958 1856 3304 1914 Thesaurum
3323 1851 3467 1914 hac;

157 1957 332 2009 tenus
352 1953 767 2009 absconditum.

231 2053 332 2108 Hic
352 2050 672 2117 thesaurus,
704 2054 773 2106 ut
800 2050 865 2106 in
895 2053 992 2106 tuo
1007 2049 1489 2122 fundoinventus,
1509 2047 1582 2104 ad
1614 2051 1669 2105 te
1687 2049 1823 2119 jure
1839 2048 2007 2119 redit,
2025 2049 2136 2105 etsi
2155 2053 2255 2107 tua
2270 2051 2907 2117 liberalitate,omnium
2931 2052 3263 2124 futurusﬂi
3282 2052 3472 2115 Flore:

154 2166 235 2206 ea:
247 2153 345 2205 tuo
358 2149 519 2205 horto
534 2148 685 2214 lecti,
695 2148 797 2204 tibi
813 2148 1173 2221 potissimum
1194 2146 1521 2218 offeruntur
1536 2161 1650 2201 non
1662 2146 1892 2202 suavius
1902 2143 2354 2216 fragrantes,sed
2366 2148 2620 2202 nitentes
2636 2148 2934 2219 aliquanto
2957 2148 3299 2219 jucundius.
3309 2131 3475 2219 Ope!-

162 2240 304 2307 lam,
320 2254 509 2311 quam,
528 2242 583 2293 te
600 2238 836 2307 volente,
858 2236 1110 2309 impendi
1123 2252 1239 2291 non
1250 2244 1376 2307 peto
1390 2242 1454 2292 ut
1470 2235 1599 2291 boni
1614 2233 2216 2291 consulas.Persuadet
2232 2235 2449 2305 hocltua
2466 2236 2571 2291 tibi
2585 2236 2938 2302 humanitas,
2952 2238 3048 2293 cui
3059 2237 3314 2308 injurius
3333 2235 3466 2306 sim,

158 2330 211 2384 si
224 2328 410 2384 odiose
421 2327 679 2397 ﬂagitem
696 2326 839 2398 quod
855 2330 1058 2397 sponte
1071 2325 1215 2379 mihi
1235 2324 1693 2396 porrigit.Faciet
1706 2323 1922 2390 eadem,
1938 2326 2003 2377 ut
2020 2338 2081 2378 eo
2093 2323 2344 2379 alacrius
2365 2339 2691 2380 recenseam
2721 2324 2900 2381 Vitam
2919 2326 3112 2397 magni
3127 2324 3318 2381 sancti
3340 2322 3478 2379 Wil-

162 2416 420 2482 librordi,
444 2415 512 2471 ab
527 2415 718 2471 eodem
737 2415 990 2486 ﬂorilego
1009 2413 1293 2484 Thiofrido
1303 2413 1705 2485 conscriptam,
1736 2415 1796 2468 et
1817 2413 1932 2467 tuis
1953 2413 2092 2466 item
2111 2412 2382 2481 auspiciis
2404 2410 2731 2484 propediem
2753 2415 2902 2485 typis
2932 2412 3238 2484 diculgem.
3270 2412 3479 2467 Eadem

160 2521 337 2578 opera
355 2501 655 2577 apparebit
674 2504 856 2573 magis
873 2504 1128 2578 acmagis
1146 2503 1462 2567 Dominum,
1477 2502 1573 2574 qui
1592 2502 1691 2556 tibi
1706 2500 1861 2556 dedit
1876 2503 1942 2555 ut
1959 2503 2217 2571 portares
2226 2500 2433 2571 jugum
2445 2501 2511 2556 ab
2528 2502 2928 2567 adolescentia,
2938 2503 3049 2558 imo
3083 2520 3117 2557 a
3134 2502 3481 2574 pueritia,ut

161 2598 303 2650 ante
325 2593 473 2656 dixi,
500 2597 601 2647 tua
617 2592 846 2662 (Thren.
868 2607 947 2656 m,
981 2594 1072 2660 27)
1090 2593 1266 2647 etiam
1286 2590 1593 2655 dedisse,ut
1615 2590 1820 2645 levares
1835 2604 1996 2657 super
2009 2596 2076 2642 te.
2101 2588 2254 2656 Quod
2271 2604 2367 2661 ego
2391 2588 2491 2646 hoc
2509 2590 2624 2645 loco
2644 2607 2760 2646 non
2780 2591 2970 2647 videor
2998 2606 3297 2663 perperam
3314 2604 3478 2645 acce-

155 2684 942 2755 pturus,sie:cponam,super
968 2696 1025 2734 se
1055 2680 1236 2735 levare
1257 2680 1509 2751 eum,qui
1524 2680 1807 2747 animum,
1826 2678 2400 2748 cogitationes,curas
2422 2679 2589 2750 erigit
2603 2679 2678 2735 ad
2706 2680 2990 2750 majorum
3018 2684 3250 2736 suorum
3279 2678 3477 2735 vitam:

161 2771 412 2827 virtutes
438 2783 608 2841 opera
625 2774 682 2824 et
711 2769 926 2841 scripta
947 2767 1351 2839 cognoscenda,
1370 2767 1585 2822 acaliis
1598 2781 1812 2839 quoque
1832 2766 2232 2837 patefacienda
2256 2780 2270 2835 ;
2294 2770 2362 2822 ut
2393 2770 2460 2823 tu
2473 2765 2546 2823 ad
2580 2766 2933 2839 Thiofridum
2952 2772 3009 2824 te
3035 2768 3203 2837 levas,
3232 2767 3332 2840 qui
3347 2766 3484 2839 plus

162 2859 360 2933 quinis
389 2860 618 2915 saeculis
634 2874 798 2927 supra
828 2866 878 2912 te
906 2862 993 2914 est
1024 2871 1040 2926 ;
1071 2855 1147 2912 ad
1191 2854 1645 2922 Willibrordum,
1673 2857 1771 2929 qui
1789 2856 1910 2925 fere
1929 2855 2226 2910 novennis.

238 2950 332 3008 Sic
353 2948 593 3020 pergito,
623 2950 681 3003 et
692 2946 1000 3003 Ecclesium
1029 2944 1371 3002 catholicam
1392 2944 1493 3000 tibi
1512 2944 1792 3001 demereri
1823 2959 1896 3000 ne
1915 2960 2070 3000 cessa
2093 2961 2106 2997 :
2129 2944 2294 3013 cuius
2321 2945 2435 3014 ﬁlii
2449 2958 2671 3003 mecum
2686 2947 2929 3002 orabant
2944 2949 3011 3003 ut
3028 2945 3103 3002 ad
3128 2961 3482 3007 eorumcon—

158 3042 427 3110 spectum
445 3035 753 3109 aliquando
781 3035 976 3093 levaris
1002 3036 1066 3090 in
1076 3034 1281 3091 caelum
1304 3047 1320 3102 ;
1337 3048 1574 3106 quorum
1590 3048 1777 3105 opera,
1803 3036 1860 3089 et
1882 3048 1974 3090 res
1989 3036 2198 3104 gestas,
2222 3036 2390 3089 notas
2405 3049 2528 3091 esse
2548 3034 2784 3091 voluisti
2793 3034 2857 3090 in
2869 3037 3064 3091 terris.
3084 3036 3170 3091 Ita
3184 3035 3481 3107 faciatille

162 3130 657 3286 igegbwgiﬁl
691 3213 883 3270 Martii
906 3213 1042 3285 ipsis
1080 3212 1143 3268 S.
1173 3209 1486 3278 Benedicti,
1546 3211 1739 3283 magni
1758 3211 2176 3268 monachorum
2231 3210 2442 3281 Patris,
2474 3211 2661 3283 feriis,
2724 3222 2882 3268 anno
2937 3211 3262 3271 Christiano
3320 3214 3481 3270 1619.

814 3301 1121 3359 Admodum
1152 3301 1218 3355 Β.

1032 3393 1204 3462 Atque
1231 3388 1590 3461 Amplissqu
1618 3389 1677 3444 Ρ.
1710 3389 1773 3445 Τ.

1780 3477 1979 3536 Servus
2005 3476 2062 3535 in
2092 3476 2301 3534 Christo

2102 3566 2374 3622 Johannes
2401 3564 2668 3621 Ronnn'n.

1526 3906 2117 4035 LECTORI.

232 4311 341 4366 Vix
396 4306 579 4374 video,
611 4305 739 4376 quid
768 4305 862 4361 tibi
890 4305 1090 4373 dicam,
1148 4303 1317 4360 lector
1369 4303 1581 4375 amice,
1624 4302 1767 4374 quod
1794 4304 1850 4365 Α
1954 4308 2003 4359 3.
2036 4303 2222 4372 Notas,
2264 4310 2369 4372 quo
2426 4299 2602 4373 magis
2656 4298 2713 4354 in
2758 4306 3012 4372 promptu
3067 4310 3260 4374 essent,
3311 4304 3479 4364 malui

154 4401 257 4456 vel
279 4415 352 4454 ex
377 4396 667 4468 proloquio
692 4394 762 4451 ad
817 4394 1209 4466 amplissimum
1239 4392 1554 4462 antistitem,
1587 4393 1675 4451 vel
1703 4409 1771 4447 ex

155 4487 433 4545 Thiolridi
461 4487 601 4554 Vita,
659 4486 746 4543 vel
766 4501 835 4539 ex
890 4484 1030 4539 notis
1048 4483 1205 4552 meis,
1256 4482 1469 4538 haurire
1501 4483 1614 4555 ipse
1659 4496 1770 4538 non

154 4577 360 4650 possis.
391 4576 598 4631 Tamen
625 4574 743 4631 haec
770 4588 944 4645 pauca
973 4571 1135 4628 habe.

231 4678 288 4731 1.
322 4671 660 4730 Correctiora
701 4670 830 4729 dare
856 4686 969 4726 non
1013 4668 1165 4740 potui
1196 4683 1317 4739 qum
1363 4667 1454 4736 do,
1485 4668 1771 4724 meliorum

151 4765 429 4821 librorum
460 4759 739 4814 destitutus
776 4758 999 4815 auxilio.
1033 4757 1205 4828 Spero
1252 4765 1435 4813 tamen
1462 4758 1597 4812 nihil
1653 4772 1772 4812 esse

152 4851 431 4911 momenti
449 4848 681 4919 alicujus
706 4847 852 4919 quod
879 4846 1165 4903 commode
1191 4846 1421 4919 intelligi
1442 4862 1552 4903 non
1577 4845 1766 4916 possit.

147 4946 218 5015 In
247 4937 675 5005 obscurioribus,
706 4944 848 4992 notae
872 4934 1160 5007 iuvabunt.

225 5036 285 5091 2.
321 5027 574 5100 Capitum
601 5025 938 5097 singulorum
980 5024 1327 5095 epigraphas,
1361 5023 1435 5079 tui
1493 5022 1770 5079 commodi

148 5136 343 5185 causa,
406 5114 599 5187 capitis
681 5114 936 5185 cujusque
1009 5113 1183 5181 initio,
1270 5113 1505 5169 auctoris
1588 5111 1770 5169 verbis

152 5207 387 5281 ascripsi
440 5225 452 5262 :
514 5219 638 5260 cum
692 5203 806 5274 ipse
854 5201 924 5258 ad
952 5200 1073 5256 libri
1128 5202 1339 5259 initium
1369 5202 1629 5259 duntaxat
1660 5217 1770 5273 po-

156 5299 382 5357 suisset.

1880 4391 2105 4465 singulis
2135 4389 2399 4461 capitibus
2434 4388 2764 4461 subjungere
2793 4404 2956 4461 quam
2987 4389 3056 4447 ad
3111 4388 3292 4465 aperis
3311 4388 3476 4452 ﬁnem

1880 4481 2124 4552 rejicere.
2159 4478 2331 4551 Spero
2360 4477 2457 4534 tibi
2486 4478 2772 4551 probatum

1950 4571 2079 4625 Haec
2121 4577 2271 4624 tenes
2296 4568 2488 4637 ‘?vale,
2550 4574 2602 4623 et
2628 4567 2837 4639 reliqua
2881 4569 3201 4627 Thiofridia
3227 4584 3316 4629 me
3371 4590 3475 4630 ex-

1878 4665 2079 4730 specta.
2104 4656 2247 4726 Quin
2277 4662 2349 4725 et,
2399 4657 2444 4711 si
2474 4662 2645 4727 potes,
2690 4656 2843 4726 juva,
2891 4662 2951 4712 ut
2978 4657 3084 4713 alia
3113 4660 3230 4730 ejus
3286 4675 3471 4733 Opera,

1880 4755 1972 4805 aut
1998 4746 2240 4818 epistola!
2286 4744 2530 4800 alicunde
2561 4744 2630 4800 ad
2650 4760 2737 4800 me
2791 4744 3116 4801 deferantur.
3151 4748 3361 4805 Curabo
3416 4759 3475 4806 ut

1878 4836 2105 4907 recipias
2134 4850 2257 4889 cum
2290 4834 2473 4889 fenore
2506 4840 2559 4887 et
2587 4848 2708 4888 cum
2729 4832 2921 4906 gratia.

1951 4924 2059 4980 Sed
2080 4925 2212 4978 heus
2237 4930 2311 4978 tu.
2343 4922 2518 4978 Etiam
2559 4923 2662 4977 hoc
2680 4921 2926 4978 verbum.
2985 4923 3043 4979 Si
3072 4923 3335 4982 Zelandus
3390 4943 3468 5000 es,

1880 5021 1971 5070 aut
1998 5011 2313 5078 Hollandus,
2363 5012 2506 5066 hunc
2536 5009 2733 5064 librum
2760 5009 2854 5065 tibi
2881 5012 3224 5081 commendo,
3283 5013 3370 5071 vel
3399 5012 3473 5071 ob

1878 5102 2116 5158 nobilem
2146 5101 2442 5171 historiam,
2474 5113 2636 5171 quam
2678 5099 2915 5171 reperies
2942 5099 2999 5154 in
3052 5101 3164 5158 vita
3205 5098 3473 5159 Thiofridi

1876 5186 1985 5260 δι.

1238 5472 1715 5578 ITERUM
1802 5466 2394 5574 LECTORI.

221 5727 297 5786 Ut
355 5729 483 5780 sunt
516 5727 777 5789 tempora,
827 5715 958 5771 mihi
1015 5716 1278 5774 Thiofridi
1314 5719 1498 5775 Vitam
1539 5716 1766 5790 vulgare

142 5816 393 5892 paranti,
425 5809 675 5882 suggerit
719 5807 931 5862 animus
986 5822 1095 5863 non
1125 5808 1400 5863 defuturos
1448 5806 1539 5877 qui
1563 5806 1762 5873 dicant,

144 5924 262 5965 non
316 5909 533 5960 tantum
609 5897 760 5952 illum
810 5911 944 5963 esse,
1003 5902 1064 5950 ut
1144 5895 1330 5969 magni
1386 5895 1586 5951 referat
1629 5896 1767 5951 scire

144 5998 274 6071 quis
334 5989 525 6050 fuerit.
582 5984 712 6064 quid
740 5983 945 6041 fecerit.
1002 5986 1088 6055 At,
1138 5984 1229 6055 qui
1256 5984 1334 6039 sic
1359 5985 1571 6055 sentiat,
1604 5998 1672 6040 ex
1701 5982 1767 6038 iis

1875 5715 2011 5771 forte
2030 5715 2116 5783 sit,
2149 5713 2238 5785 qui
2268 5711 2492 5768 maximi
2526 5708 2686 5766 faciat
2726 5710 2875 5768 Vitas
2922 5711 3289 5772 Romanorum
3321 5719 3470 5778 Gre-

1874 5819 2163 5873 corumque
2194 5819 2226 5856 a
2257 5801 2538 5856 Plutarcho
2594 5800 2836 5873 scriptas.
2896 5801 3011 5858 Nec
3049 5819 3153 5877 ego
3183 5822 3275 5862 eas
3332 5824 3469 5865 con-

1874 5901 2074 5949 temno.
2107 5890 2251 5961 Quid
2279 5891 2308 5944 ‘I
2346 5889 2793 5962 Philosophorum
2836 5890 2981 5962 apud
3010 5894 3279 5951 Laertium
3315 5898 3467 5969 Vite,

1872 5981 2001 6054 quid
2019 5980 2268 6041 videntur
2293 5980 2323 6036 ?
2352 5979 2434 6038 Sit
2459 5986 2513 6036 et
2540 5979 2622 6036 his
2648 5994 2774 6036 suus
2800 5979 2993 6038 honos.
3016 5979 3160 6052 Quid
3184 5992 3467 6057 poetarum
