3910 6464
547 454 647 505 303

1549 450 1972 508 THIOFRIDUS
2010 448 2225 510 ausas
2262 409 2829 513 EF'TERNACENSIS

3750 460 3840 516 3οι

549 592 584 632 a
610 576 814 632 Crinito
870 577 1104 649 vulgata:
1131 578 1158 630 ‘?
1190 577 1441 632 Poterant
1493 584 1635 631 certe
1679 577 1928 646 quaedam
1982 577 2153 649 igno-
2175 579 2229 638 Α
2258 581 3841 662 gistra,vitamfereomnemconsumpisset,moresparum

550 676 659 730 rari
687 676 803 731 sine
846 692 1046 749 magno
1100 676 1440 731 detrimento.
1501 675 1644 745 Quid
1701 678 1891 733 Icones
1931 684 1985 731 et
2020 679 2153 733 Vita:

557 763 796 833 Calvini,
828 773 881 819 et
919 765 1177 820 similium
1228 766 1478 836 pestium,
1508 781 1641 835 quas
1689 766 1991 836 epidemica
2038 767 2151 837 ipse

550 854 733 925 pestis,
773 855 934 923 Beia,
994 852 1279 909 inﬁciendo
1343 854 1644 910 Christiano
1701 854 1840 923 orbi,
1899 856 2151 926 sparsit?

552 943 707 998 Hunc
734 958 862 1000 vero
908 942 1132 1015 dignum
1182 941 1390 1011 judico,
1442 943 1552 1013 qui,
1585 958 1706 997 cum
1764 942 2042 1014 proﬁtetur
2093 959 2152 998 se

549 1030 819 1087 celebrare
849 1031 997 1089 vivos
1037 1031 1303 1087 doctrina
1331 1031 1507 1088 simul
1534 1035 1593 1087 et
1614 1033 1825 1107 pietate
1866 1033 2144 1098 illustres,

545 1136 784 1194 quorum
795 1122 1084 1193 precipue
1099 1121 1443 1186 ministerio,
1453 1136 1584 1176 vera
1598 1122 1797 1192 religio
1817 1123 2149 1178 instaurata

544 1210 624 1265 sit
645 1225 659 1263 :
677 1208 865 1264 deuno
896 1215 1074 1264 tamen
1092 1211 1285 1264 horum
1308 1217 1414 1264 tam
1430 1209 1711 1264 illustrium
1726 1211 1971 1276 heroum,
1998 1211 2144 1281 justo

543 1297 644 1353 Dei
663 1296 792 1369 justi
816 1298 1022 1369 judicio
1061 1306 1380 1365 excaecatus,
1440 1298 1654 1353 disertis
1683 1298 1863 1354 verbis
1908 1300 2142 1369 scripse-

540 1387 627 1443 rit.
660 1388 795 1445 Cum
813 1387 878 1443 in
907 1388 1063 1454 aula,
1086 1388 1333 1460 pessima
1344 1388 1580 1462 pietatis
1609 1391 1667 1443 et
1688 1386 2007 1445 honestatis
2022 1404 2142 1445 ma-

2265 671 2700 729 Christianosne
2717 675 2781 729 in
2795 677 3056 730 extrema
3066 674 3290 738 quidem
3304 680 3475 733 aetate
3492 678 3834 734 emendasse.

2262 762 2314 816 Is
2334 761 2435 815 fuit
2451 762 2690 817 clemens
2747 764 2998 818 Marotus.
3056 763 3156 831 En,
3189 780 3221 819 a
3249 780 3355 835 quo
3382 782 3527 822 vera;
3581 766 3842 839 religionis

2260 851 2743 908 instaurationem
2768 859 2920 923 petas
2953 854 2965 907 l
2998 853 3148 908 Petat
3201 854 3358 923 Beza,
3390 854 3466 909 illi
3498 854 3706 909 similis.
3765 856 3839 909 Me

2261 939 2479 1010 quidem
2510 947 2650 995 certe
2675 941 2901 996 rivalem
2934 955 3041 996 non
3071 940 3310 996 habebit.

2329 1029 2667 1085 Thiofridum
2725 1037 2963 1084 nostrum
2984 1045 3106 1084 cum
3135 1030 3402 1101 ejusmodi
3453 1032 3722 1088 monstris
3778 1049 3839 1088 ne

2259 1119 2510 1190 componi
2542 1117 2760 1189 quidem
2792 1118 2928 1173 fero.
2959 1117 3101 1188 Quin
3124 1127 3179 1174 et
3203 1117 3428 1175 ﬁdenter
3480 1120 3621 1189 dico,
3650 1127 3702 1175 et
3727 1121 3839 1176 Plu-

2255 1208 2423 1264 tarchi
2480 1207 2793 1275 Catonibus,
2852 1215 2907 1262 et
2958 1208 3153 1263 Laertii
3210 1208 3503 1277 Biantibus,
3562 1216 3617 1266 et
3660 1210 3838 1265 Criniti

2252 1297 2561 1369 Propertiis,
2595 1297 2757 1369 longe
2787 1296 3205 1367 praeferendum.
3238 1300 3319 1353 Ita
3372 1299 3545 1354 sentio
3577 1316 3591 1353 :
3621 1299 3719 1367 Tu,
3750 1300 3837 1354 Le-

2251 1395 2385 1457 ctor,
2416 1402 2591 1444 voveo
2619 1393 2678 1440 ut
2705 1402 2938 1441 mecum.

1750 1716 1877 1820 D.
1964 1714 2635 1820 THIOFRIDI

1538 1953 1825 2010 ABBATIS
1864 1954 1953 2009 ET
1990 1952 2243 2011 DOMlNI
2284 1953 2853 2011 EFTERNACENSIS

2006 2157 2354 2262 VITA.

958 2394 1044 2450 Ea:
1075 2391 1197 2473 ejus
1223 2391 1481 2465 operibus
1510 2391 1754 2450 studiose
1782 2392 2048 2459 collecta,
2080 2409 2117 2448 a
2148 2394 2212 2447 Ρ.
2244 2393 2333 2449 Ιο.
2374 2392 2642 2462 Ronan,
2672 2393 2867 2450 societ.
2899 2393 3033 2450 Iesu
3056 2393 3400 2467 presbytero.

600 2669 813 2725 Damno
841 2666 957 2739 ipse
1004 2682 1185 2721 meum
1214 2665 1529 2732 institutum,
1563 2664 1770 2721 erudite
1796 2666 2006 2735 Lector,
2037 2666 2129 2736 qui
2156 2678 2211 2738 Β
2240 2667 2373 2722 nihil
2399 2667 2623 2723 omnino
2667 2668 2844 2724 habeo
2881 2668 3026 2739 quod
3080 2668 3278 2738 dicam,
3338 2666 3734 2725 adolescentem
3764 2666 3829 2722 ad

534 2758 770 2814 scribere
793 2756 1083 2829 aggrediar
1110 2756 1286 2810 Vitam
1336 2769 1501 2824 quam
1558 2752 1797 2823 proﬁteri
1854 2770 2023 2826 cogor
2046 2771 2134 2809 me

533 2864 670 2920 pene
700 2853 865 2901 totam
920 2845 1191 2916 ignorare.
1223 2846 1411 2913 Itaque
1439 2844 1634 2899 rectius
1684 2851 1888 2898 mutem
1917 2844 2133 2916 epigra-

526 2947 694 3017 phen,
726 2952 781 2999 et
798 2943 1129 2998 rescribam:
1163 2943 1315 2997 Vtut
1373 2942 1734 2997 Pessuma.
1785 2944 1957 3011 Atque
2014 2943 2132 2997 haec

524 3034 649 3106 ipsa
676 3039 798 3088 sunt
825 3030 1030 3103 oppido
1056 3046 1232 3100 pauca
1263 3045 1277 3099 ;
1308 3029 1425 3096 sed,
1459 3030 1603 3099 quod
1630 3030 1819 3102 magni
1849 3030 2037 3097 facias,
2059 3046 2130 3084 ex

527 3124 645 3196 ipso
677 3120 956 3177 Thiofrido
986 3120 1208 3175 collecta
1240 3133 1253 3187 ;
1279 3118 1370 3188 qui
1399 3135 1536 3173 unus
1564 3118 1766 3189 optime
1793 3119 1943 3174 novit
1999 3118 2129 3189 quid

522 3210 592 3267 de
620 3226 680 3267 se
707 3210 982 3266 scriberet.
1028 3208 1086 3265 Si
1114 3208 1234 3278 quis
1259 3207 1476 3263 aliunde
1526 3208 1718 3278 juvare
1749 3207 1947 3278 poterit
1999 3208 2127 3277 (ha-

523 3310 709 3357 ctenus
728 3299 922 3354 frustra
949 3314 1111 3370 Opem
1155 3296 1466 3368 imploravi)
1490 3296 1664 3352 amice
1686 3296 1875 3352 fecerit
1900 3296 1945 3351 si
2001 3313 2128 3369 sug-

522 3405 710 3470 geret;
743 3404 796 3451 et
814 3396 933 3465 erit,
967 3411 1088 3450 cum
1130 3394 1313 3450 licebit
1338 3393 1557 3449 addere.
1591 3393 1699 3449 Sed
1756 3392 1825 3448 ad
1857 3401 1964 3449 tam
1996 3392 2126 3448 bre-

521 3512 645 3553 vem
668 3493 1033 3563 scriptionem,
1067 3499 1149 3547 sat
1168 3491 1476 3562 praefatum.

1189 3610 1235 3662 Ι.
1278 3608 1514 3664 Nomen.

1189 3610 1235 3662 Ι.
1278 3608 1514 3664 Nomen.

594 3708 717 3762 Non
734 3705 928 3778 probo,
959 3704 1050 3775 qui
1079 3608 1278 3759 agmen
1322 3704 1371 3759 ei
1395 3710 1677 3759 mutantct
1732 3711 1930 3760 vocant
1960 3704 2124 3761 Theo-

522 3796 760 3868 ]ridum,
792 3811 913 3851 cum
944 3793 1057 3863 ipse
1086 3793 1287 3863 ubique
1317 3810 1373 3848 se
1385 3792 1585 3848 scribat
1610 3793 2119 3864 Thiofridumzaut,

521 3896 709 3951 Latino
754 3892 860 3948 ﬁne
906 3893 964 3947 in
1010 3892 1357 3948 vernaculum
1417 3898 1676 3960 mutante,
1744 3893 1982 3963 Thifrid,
2030 3900 2125 3948 aut

523 3983 794 4056 Thiefrid.
826 3981 943 4037 Lib.
976 3997 1037 4036 ιιι
1070 3982 1251 4037 Carm.
1289 3982 1368 4036 De
1402 3981 1523 4036 Vita
1554 3981 1610 4036 S.
1646 3980 1989 4037 Willibrordi
2021 3999 2035 4036 :

2237 2754 2483 2825 modum,
2514 2772 2579 2811 ac
2606 2773 2746 2828 pene
2801 2774 3026 2828 puerum
3082 2757 3138 2812 id
3158 2758 3292 2813 Vitae
3338 2758 3634 2813 institutum
3689 2757 3829 2812 arri-

2239 2854 2437 2924 puisse,
2481 2854 2680 2926 colligo
2731 2871 2801 2910 ex
2847 2863 3023 2925 aetate,
3080 2855 3149 2910 de
3196 2871 3302 2926 qua
3354 2856 3512 2924 infra,
3541 2855 3646 2927 §9.
3705 2855 3830 2910 Post

2238 2965 2408 3005 annos
2433 2951 2704 3023 religiosae
2750 2951 3119 3021 professionis,
3141 2960 3201 3008 ut
3227 2953 3510 3008 minimum
3543 2957 3630 3021 39,
3661 2951 3829 3007 abbas

2240 3039 2430 3094 factus.
2464 3040 2600 3096 Vide
2628 3041 2761 3096 ibid.
2794 3042 2976 3097 Abbas
3004 3043 3140 3097 vixit
3166 3058 3336 3098 annos
3373 3045 3463 3098 28.
3494 3042 3609 3097 Hoc
3628 3056 3717 3095 me
3745 3041 3833 3097 do-

2236 3135 2323 3183 cet
2350 3130 2659 3186 Annotatio
2680 3130 2917 3202 religiosi
2949 3131 3248 3201 cujuspiam
3280 3130 3834 3199 Efternacensis,anti-

2238 3242 2343 3297 qua
2372 3243 2535 3282 manu
2564 3226 2632 3282 ad
2661 3225 2825 3283 ﬁnem
2856 3228 2978 3284 libri
3008 3243 3084 3283 ιν.
3115 3230 3331 3286 Florum
3359 3229 3609 3302 ascripta,
3636 3245 3705 3284 ex
3726 3245 3832 3299 qua

2237 3323 2290 3369 et
2319 3316 2425 3371 alia
2450 3317 2517 3371 de
2547 3317 2827 3373 Thiofrido
2874 3316 3131 3374 discimus
3154 3318 3334 3389 itaque
3363 3335 3483 3375 eam
3511 3318 3600 3374 hic
3627 3317 3829 3374 verbo-

2238 3422 2389 3471 tenus
2435 3423 2782 3485 repraesento.
2845 3416 2939 3471 Est
2983 3416 3286 3488 ejusmodi:
3316 3417 3631 3489 Thiofridus
3661 3416 3832 3473 abbas

2235 3505 2406 3575 hujus
2417 3506 2773 3571 monasterii,
2793 3504 2986 3562 doctor
3001 3507 3275 3578 egregius,
3294 3506 3540 3562 dictator
3568 3504 3741 3575 huius
3759 3506 3829 3561 li-

2233 3599 2340 3667 bri,
2363 3614 2516 3656 anno
2531 3601 2956 3658 Incarnationis
2974 3602 3199 3660 Domini
3210 3603 3278 3658 Μ.
3301 3604 3430 3659 LXX
3440 3602 3565 3672 VIII,
3581 3601 3703 3659 XIII
3728 3604 3833 3658 Ka-

2235 3688 2384 3745 lend.
2407 3688 2682 3762 Septemb.
2703 3689 2987 3747 abbatiam
3003 3694 3185 3748 Romae
3194 3693 3461 3765 suscepit,
3481 3706 3714 3764 eamque
3724 3707 3831 3763 per

2236 3777 2322 3833 XX
2331 3777 2439 3833 VIII
2446 3794 2628 3833 annos
2638 3780 3039 3836 strenuissime
3050 3782 3206 3837 rexit
3226 3782 3342 3837 :vir
3353 3781 3575 3837 subtilis
3585 3780 3824 3852 ingenii,

2231 3877 2589 3932 monimenta
2598 3875 2877 3948 plurima,
2899 3879 2963 3934 in
2981 3879 3183 3951 prosis,
3202 3884 3259 3936 et
3270 3881 3491 3947 metris,
3509 3883 3569 3936 et
3587 3881 3829 3935 diversis

2232 3963 2605 4021 historiarum
2640 3966 2922 4031 cantibus,
2964 3968 3227 4040 inquibus
3282 3968 3524 4037 miriﬁce
3584 3968 3827 4034 claruit,

588 4050 749 4137 Venit
774 4080 830 4134 in
861 4078 1163 4150 emporium
1193 4078 1463 4133 mandrita
1491 4080 1710 4151 Thifrid
1736 4086 2114 4134 memoratum.
2148 4050 2197 4115 Ο
2225 4053 2548 4126 dereliquit
2593 4055 2863 4110 Ηδθίθηυε
2902 4055 2998 4125 ibi»
3016 4064 3175 4127 atque
3202 4059 3318 4113 hmo
3337 4056 3404 4112 de
3460 4057 3583 4113 νίίε
3601 4056 3832 4113 decursu

517 4168 692 4225 Minus
720 4169 881 4224 etiam
938 4167 1114 4238 capio,
1147 4174 1238 4221 aut
1283 4167 1475 4238 probo,
1509 4167 1653 4237 quod
1701 4184 1826 4223 eum
1874 4168 2117 4238 quidam,

518 4259 719 4327 nescio,
749 4256 913 4323 unde,
945 4256 1177 4312 vocabat
1202 4256 1651 4328 Theodefridum.

586 4349 670 4402 An
693 4352 745 4400 et
779 4346 1053 4402 Vernatus
1080 4344 1252 4400 dictus
1275 4353 1492 4400 censeat
1510 4345 1599 4416 qui
1614 4362 1680 4400 cx
1704 4345 1794 4401 illo
1808 4345 1926 4416 ejus
1937 4362 2116 4415 versu,

517 4451 622 4505 quo
644 4435 820 4490 Vitam
842 4432 900 4489 S.
935 4434 1327 4489 WlLLIBRORDI
1348 4450 1381 4489 a
1408 4449 1464 4488 sc
1505 4433 1780 4505 scriptam,
1812 4434 1914 4506 ipsi
1931 4443 2116 4491 sancto

517 4523 730 4579 dedicat
772 4542 784 4578 :

589 4612 839 4684 Thie/‘rid
864 4612 1161 4682 Vernatus,
1183 4611 1452 4669 Wilbrord
1467 4610 1568 4669 hoc
1581 4611 1773 4670 dedico
1790 4629 2001 4670 munus

585 4700 843 4774 Pauperis
871 4700 1097 4773 ingenii.

508 4794 716 4864 Apage.
748 4790 1062 4862 Legendum
1111 4789 1229 4846 sine
1257 4787 1423 4845 dubio
1487 4791 1665 4848 Verna
1716 4794 1872 4848 tuus.
1932 4789 2114 4847 Sancti

506 4881 899 4937 WILLIBRORDI
925 4895 982 4934 se
1005 4895 1241 4935 vernam
1253 4886 1428 4947 vocat,
1445 4879 1534 4950 qui
1550 4880 1714 4937 etiam
1730 4897 1787 4936 se
1804 4896 2113 4937 uernarum

509 4971 739 5028 Domini
767 4976 925 5024 vocat
953 4969 1271 5037 vernulam,
1315 4968 1447 5025 Vitae
1476 4967 1721 5040 ejusdem
1763 4969 1935 5027 sancti
1987 4986 2108 5042 cap.

508 5063 596 5131 36,
616 5058 763 5132 quod
791 5058 931 5113 infra
951 5057 1005 5113 in
1034 5059 1138 5114 hac
1169 5056 1288 5113 Vita
1317 5057 1487 5130 leges.

1162 5175 1232 5229 ΙΙ.
1275 5175 1496 5230 Patria.

1162 5175 1232 5229 ΙΙ.
1275 5175 1496 5230 Patria.

565 5274 780 5330 Nomen
808 5271 943 5327 mihi
974 5173 1262 5329 videiatur
1305 5271 1593 5344 Anglicum
1624 5271 1774 5342 quid,
1806 5278 1899 5327 aut
1950 5270 2111 5327 Frisi-

503 5391 623 5431 cum
652 5392 863 5431 sonare.
896 5375 1003 5431 Sed
1033 5376 1253 5431 nomina
1266 5375 1423 5431 facile
1453 5376 1709 5449 migrant.
1735 5377 1924 5446 Neque
1953 5376 2099 5431 aliud

501 5463 676 5519 habeo
706 5464 850 5533 quod
878 5465 1094 5534 addam,
1127 5465 1227 5520 nisi
1261 5465 1553 5537 ingenuam
1583 5480 1721 5523 meae
1778 5464 2099 5537 ignorantia

503 5552 920 5609 confessionem.

949 5648 976 5720 §
1012 5652 1107 5706 Ill.
1154 5651 1295 5735 ‘Vitw
1333 5651 1628 5709 decursus.

566 5753 668 5808 Hic
696 5753 885 5807 iterum
905 5767 1094 5820 parum
1125 5753 1256 5807 mihi
1286 5753 1471 5824 liquet.
1496 5757 1673 5812 Pauca
1702 5771 1822 5826 qum
1854 5755 1983 5829 legi,
2009 5756 2096 5812 vel

499 5852 714 5925 collegi,
745 5850 948 5921 accipe.
978 5853 1049 5907 Ut
1072 5851 1139 5906 de
1170 5853 1290 5908 Vita
1308 5853 1426 5923 ejus
1454 5864 1577 5911 ante
1609 5857 1910 5927 ingressum
1935 5859 1990 5913 in
2011 5874 2095 5913 re-

2225 4152 2546 4223 generatim.
2578 4152 2698 4207 Jam
2728 4152 2976 4223 quaedam
3006 4154 3349 4225 particularia
3378 4153 3676 4211 videamus.

2758 4294 2786 4368 §
2821 4297 2915 4353 IV.
2955 4298 3058 4354 Res
3096 4302 3287 4370 gestae.

2298 4392 2497 4448 Praeter
2523 4392 2615 4449 illa
2640 4408 2763 4464 quae
2789 4394 3042 4464 proxima
3087 4396 3399 4454 Annotatio
3427 4394 3687 4469 suggerit,
3722 4395 3825 4451 ista

2226 4481 2536 4538 observavi.

2298 4582 2349 4634 1.
2374 4579 2642 4636 Successit
2695 4579 3046 4654 Regimberto
3102 4581 3308 4651 abbati,
3340 4597 3461 4638 cum
3506 4583 3593 4639 hic
3645 4596 3824 4637 annos

2226 4671 2292 4723 30
2320 4668 2640 4738 praefuisset.
2672 4670 2753 4724 Ita
2781 4685 2883 4724 ms.
2929 4670 3343 4742 Efternaoensis,
3374 4672 3590 4727 nomine
3644 4672 3821 4727 Lmen

2222 4770 2456 4826 AURBUS,
2489 4773 2618 4831 pag.
2653 4760 2775 4813 115.

2293 4858 2346 4910 2.
2379 4855 2553 4925 Hujus
2578 4855 2913 4929 Regimberti
2944 4856 3119 4914 adhuc
3138 4858 3368 4915 viventis
3382 4857 3483 4915 fuit
3497 4859 3820 4933 coadjutor,

2220 4943 2333 4999 sive
2361 4944 2673 5017 designatus
2724 4961 3018 5003 successor.
3071 4947 3179 5003 Sed
3206 4955 3331 5018 post
3383 4948 3502 5019 ejus
3554 4955 3815 5022 mortem,

2219 5048 2341 5089 cum
2373 5033 2592 5103 quidam
2614 5034 2938 5104 competitor
2967 5036 3245 5094 amarem
3292 5036 3545 5094 adversus
3567 5039 3820 5096 Thiofri-

2217 5129 2345 5185 dum
2370 5130 2754 5202 interpellaret,
2782 5130 3115 5206 pontificem
3144 5133 3259 5204 ipse
3289 5133 3523 5192 vicissim
3553 5135 3707 5204 adiit,
3723 5124 3819 5208 qui

2215 5243 2280 5282 ea
2308 5235 2620 5298 tempestate
2649 5236 2765 5284 erat
2812 5229 3038 5302 Gregor.
3069 5230 3160 5287 VII
3186 5245 3200 5301 ;
3234 5247 3340 5302 quo
3396 5232 3704 5303 aequissimo
3728 5234 3817 5304 ju-

2213 5315 2330 5372 dice
2354 5317 2444 5388 jus
2471 5334 2626 5372 suum
2655 5318 2906 5386 obtinuit,
2941 5335 3006 5376 ac
3033 5319 3112 5375 sic
3139 5320 3285 5390 quod
3339 5321 3415 5377 ait
3468 5324 3811 5390 Annotatio,

2126 5418 2178 5480 D
2207 5414 2490 5472 abbatiam
2524 5418 2707 5473 Romae
2725 5418 2994 5491 suscepit.
3029 5417 3162 5474 Vide
3192 5419 3476 5475 Bertelium
3499 5420 3552 5474 in
3564 5421 3807 5477 Historia

2208 5504 2471 5559 Luxemb.
2503 5512 2557 5559 et
2585 5504 2902 5578 Catalogum
2937 5521 3038 5560 ms.
3062 5506 3319 5561 abbatum
3340 5508 3606 5564 Efternac.

2273 5601 2333 5656 3.
2372 5602 2499 5658 Jura
2528 5610 2583 5657 et
2638 5602 2912 5659 libertates
2947 5603 3343 5661 Efternacensis
3369 5607 3680 5662 monasterii
3708 5624 3814 5679 per

2199 5691 2467 5748 Caesarem
2519 5691 2810 5747 Ilenricum
2895 5699 3142 5763 quartum
3200 5692 3504 5751 conﬁrmari
3575 5699 3808 5755 curavit.

2196 5780 2359 5836 Liber
2392 5796 2604 5838 aureus
2640 5797 2765 5836 cum
2809 5782 3113 5838 Caesareum
3141 5782 3382 5854 diploma
3410 5784 3693 5856 posuisset,
3726 5787 3809 5843 sic

2192 5868 2463 5925 concludit
2480 5885 2608 5943 pag.
2636 5872 2732 5926 101
2767 5870 2821 5926 in
2841 5869 2949 5928 ﬁne
2980 5890 2993 5929 :
3017 5873 3141 5929 Hac
3169 5876 3303 5930 acta
3326 5875 3469 5930 sunt
3494 5891 3654 5933 anno
3678 5875 3806 5932 Dc-

496 5946 783 6024 ligionem,
814 5954 866 6002 et
886 5946 1322 6005 Efternacensem
1370 5959 1590 6022 coetum,
1618 5953 1828 6023 sileam,
1886 5954 1953 6010 de
1984 5972 2093 6025 qua
2188 5958 2418 6017 minicae
2443 5959 2870 6029 Incarnationis
2906 5961 2979 6017 Π.
3009 5959 3109 6019 XC
3122 5962 3503 6034 V,Indictione
3520 5964 3614 6035 III,
3636 5981 3808 6026 anno
