3910 6418
130 410 282 466 305

1232 409 1674 481 PROLOQUIA.
1719 441 1788 452 —-
1831 411 1987 466 VITA
2025 409 2418 468 THIOFRIDI.

3388 409 3492 468 306

140 550 314 592 vero
332 535 550 592 domini
579 536 716 609 imp.
737 536 974 608 Augusti
1007 535 1236 592 Henrici
1256 537 1536 607 regniXL,
1557 537 1789 608 imperii
1816 538 1869 599 Α
1899 533 2220 606 posteritati,
2255 534 2662 591 immortalibus
2703 533 2924 605 scriptis
2965 532 3269 590 tradiderit.
3337 534 3492 590 Unde

140 624 294 689 XII,
319 625 624 680 annitente
635 641 736 680 ven
744 626 971 680 erabilis
992 625 1211 680 domini
1224 625 1441 680 abbatis
1455 620 1795 696 Regimberti

139 729 510 770 successore
531 713 816 785 Thiofrido
847 713 1012 768 Addit
1043 731 1056 766 :
1087 715 1270 769 Testes
1296 712 1463 784 hujus
1479 715 1790 770 concessio-

139 801 298 869 nis,
317 806 374 856 et
395 803 852 871 conﬁrmationis
865 802 1073 869 idonei,
1095 806 1150 857 et
1170 803 1512 857 nobilissimi
1527 803 1788 858 suntisti-

142 884 476 943 Henricus
528 887 854 953 Palatinus,
890 895 994 941 etc.
1041 886 1306 942 Videlicet
1350 886 1480 940 tanti
1515 895 1630 942 erat
1675 894 1788 940 tum

141 973 277 1030 Dei
315 975 582 1031 ecclesias
624 974 906 1030 beneﬁciis
947 975 1228 1048 prosequi.
1278 983 1336 1030 ut
1379 982 1430 1030 et
1460 975 1705 1030 Caesares
1732 975 1786 1029 id

139 1061 344 1118 unice
405 1063 714 1126 studerent;
750 1069 806 1118 et
835 1063 1064 1118 maximi
1112 1063 1312 1134 quique
1351 1063 1646 1133 principes,
1700 1062 1786 1118 vel

140 1151 402 1206 testium
436 1152 555 1208 vice
590 1152 802 1218 adesse,
837 1152 943 1206 sibi
977 1151 1335 1207 honorificum
1367 1152 1420 1205 iu
1459 1151 1649 1222 primis
1677 1151 1787 1205 du-

141 1247 398 1296 cerent.
436 1241 580 1307 tam,
614 1241 892 1313 quomodo
937 1240 991 1294 in
1023 1256 1090 1296 eo
1138 1256 1343 1311 genere
1392 1257 1483 1295 res
1528 1240 1780 1306 habeant,

144 1327 456 1383 videmus.
497 1329 606 1384 Sed
627 1330 984 1385 omittendum
1005 1345 1115 1384 non
1145 1337 1248 1395 est,
1274 1329 1344 1384 ab
1374 1327 1782 1398 ipso'l‘hiolrido

140 1417 390 1488 scripta
420 1418 604 1474 videre
634 1419 730 1472 illa
759 1419 925 1473 verba
956 1419 1203 1489 proxime
1225 1434 1291 1473 ex
1323 1419 1501 1474 Aurea
1525 1419 1662 1473 libro
1686 1417 1780 1472 de-

143 1505 411 1576 scripta.
453 1505 588 1574 Quis
619 1507 766 1562 enim
795 1507 932 1561 alius
962 1506 1278 1562 defunctum
1311 1507 1535 1576 quidem
1554 1507 1782 1575 Regim-

141 1594 426 1664 bertum,
469 1597 848 1651 venerabilem
888 1596 1181 1652 dominum
1221 1595 1477 1651 abbatem
1536 1595 1774 1660 diceret;

143 1684 518 1738 Thiot’ridum
537 1699 689 1749 vero,
705 1692 817 1739 tum
830 1685 899 1738 ad
913 1700 1084 1740 sacrae
1103 1683 1519 1755 gubernationis
1539 1683 1772 1748 clavum,

141 1771 482 1840 sedentem,
527 1788 597 1828 ne
627 1789 735 1829 uno
767 1772 984 1846 quidem
1025 1773 1250 1828 honoris
1278 1771 1548 1829 vocabulo
1575 1771 1774 1845 digna-

144 1869 329 1916 retur
349 1862 378 1915 ?

226 1951 289 2004 ι.
319 1949 673 2022 Gichilingen
685 1951 963 2007 allodium
975 1952 1126 2023 apud
1138 1952 1303 2019 Bern,
1320 1955 1376 2006 et
1393 1951 1429 2004 Α
1441 1949 1774 2020 lstor/fcom-

140 2039 425 2110 paravit,
447 2055 624 2112 eaque
640 2041 895 2110 fratrum
917 2041 1108 2096 usibus
1129 2039 1424 2109 delegavit.
1441 2037 1626 2094 Verba
1648 2047 1774 2093 sunt

144 2128 433 2198 Catalogi
461 2129 723 2184 abbatum
755 2129 1270 2198 Efternacensium.

221 2219 285 2270 5.
329 2217 589 2288 Magnum
631 2215 805 2271 virum
849 2216 1016 2272 fuisse
1060 2216 1416 2280 Thiofridum,
1450 2215 1585 2271 etin
1617 2215 1770 2270 testi-

134 2304 406 2359 matione
438 2305 688 2372 maxima,
737 2321 802 2360 ex
833 2321 898 2361 eo
929 2313 1160 2377 apparet
1188 2307 1333 2377 quod
1367 2307 1544 2359 Bruno
1573 2305 1768 2360 Trevi-

128 2393 346 2448 rensis
365 2394 833 2465 archiepiscopus,
865 2411 990 2450 eum
1023 2411 1129 2449 non
1161 2395 1324 2450 modo
1354 2393 1601 2448 intimum
1633 2393 1764 2448 ami-

128 2497 276 2538 cum
297 2482 574 2550 habuerit,
589 2483 688 2538 sed
700 2492 751 2538 et
773 2486 1027 2540 animam
1046 2486 1310 2540 illisuam
1327 2484 1760 2548 commendarit,

123 2579 190 2626 ut
224 2571 397 2645 leges
418 2573 476 2626 in
506 2572 735 2642 epistola
765 2573 925 2642 hujus
954 2573 1135 2645 operis
1167 2574 1392 2628 Florum
1406 2572 1760 2628 dedicatoria.

127 2661 260 2716 Hoc
284 2661 787 2732 accipio,tanquam
811 2662 860 2716 ei
881 2661 1084 2717 fuerita
1100 2665 1278 2718 sacris
1289 2662 1756 2732 confessionibus,

125 2757 186 2804 et
213 2751 415 2806 sacris
426 2751 789 2806 conscientia
807 2753 1089 2807 consiliis.
1131 2749 1497 2806 Perseveravit
1521 2750 1608 2805 hic
1629 2751 1761 2804 Bru-

126 2837 306 2894 nonis
339 2837 396 2891 in
436 2837 779 2894 Thiotridum
817 2854 992 2908 amor,
1026 2847 1078 2895 et
1107 2837 1336 2895 affectus
1367 2839 1438 2894 ad
1468 2838 1627 2907 hujus
1659 2855 1757 2893 us-

125 2941 256 2999 que
297 2931 566 2994 mortem,
599 2927 710 2983 imo
739 2929 1084 3000 sepulcrum.
1118 2929 1293 2984 Docet
1323 2928 1425 2983 hoc
1459 2928 1756 2999 Catalogus

126 3015 419 3072 abbatum
452 3032 466 3070 :
510 3017 572 3071 In
601 3022 893 3073 senectute
923 3018 1086 3085 bona,
1107 3016 1300 3090 inquit,
1324 3017 1652 3073 obdormivit
1690 3018 1752 3071 in

123 3115 406 3177 Domino,
423 3115 786 3187 sepultusque
803 3115 958 3171 estin
980 3121 1280 3180 conventu,
1303 3133 1336 3170 a
1351 3116 1612 3170 Brunone
1630 3116 1752 3169 Tre-

123 3211 360 3266 virensi
387 3211 824 3283 archiepiscopo.
850 3212 971 3267 Fuit
992 3228 1157 3282 porro
1171 3213 1256 3268 hic
1274 3213 1454 3266 Bruno
1472 3227 1534 3266 ex
1558 3211 1747 3265 illustri

121 3299 404 3356 comitum
436 3299 926 3356 Brethermiorum.
952 3309 1004 3356 et
1035 3300 1405 3356 Laudensium
1436 3299 1634 3356 familia
1657 3317 1748 3370 pa-

125 3397 214 3442 tre
249 3387 526 3454 Arnoldo,
551 3397 727 3443 matre
748 3389 1071 3456 Adelheida,
1103 3399 1161 3444 ut
1191 3389 1357 3445 refert
1388 3389 1749 3460 ChristOpho-

128 3492 235 3532 rus
269 3477 570 3532 Browerus
599 3485 790 3533 noster
836 3477 893 3533 in
948 3478 1252 3533 Annalibus
1309 3478 1746 3541 Trevirensibus,

128 3567 414 3621 hactenus
442 3581 550 3620 non
585 3566 764 3633 editis,
797 3566 867 3622 ad
897 3583 1100 3624 annum
1142 3568 1342 3624 Christi
1374 3569 1532 3635 1102,
1575 3566 1665 3639 qui
1697 3574 1749 3621 et

124 3662 229 3727 ibi,
270 3671 331 3719 et
360 3662 623 3735 deinceps
653 3671 762 3718 tum
803 3664 911 3719 alia
941 3675 1204 3722 memorat
1233 3667 1302 3721 de
1334 3666 1602 3722 Brunonis
1633 3667 1748 3722 vir-

127 3760 369 3826 tutibus,
400 3768 562 3831 atque
583 3761 636 3815 in
660 3761 852 3832 primis
880 3761 949 3817 de
977 3763 1184 3834 insigni
1200 3764 1317 3833 ejus
1339 3763 1703 3820 muniﬁcentia
1727 3781 1740 3818 :

125 3865 246 3913 tum
281 3857 422 3912 illud
451 3857 520 3912 de
551 3857 668 3927 ejus
701 3860 1048 3925 auctoritate,
1096 3870 1147 3916 et
1195 3876 1409 3916 summa
1457 3861 1741 3934 dignitate,

129 3954 599 4013 vicedominatum
631 3972 727 4026 pro
759 3955 994 4013 Henrico
1025 3958 1560 4030 Caesare,rerumque
1585 3976 1741 4014 sum-

127 4067 282 4107 mam
314 4051 642 4118 obtinuisse,
688 4061 742 4108 et
778 4053 833 4107 in
873 4054 1126 4110 maximis
1157 4055 1299 4126 reip.
1339 4056 1598 4122 motibus,
1632 4072 1740 4127 gu-

128 4149 442 4206 bernacula
496 4150 654 4219 scite,
702 4151 1088 4224 sapienterque
1129 4160 1417 4209 tractasse.
1465 4154 1581 4210 Nec
1610 4153 1739 4208 mihi

126 4245 362 4300 dubium
412 4253 495 4301 est
542 4246 675 4317 quin
727 4246 890 4302 etiam
938 4249 1008 4304 ad
1057 4250 1194 4316 haec,
1244 4250 1416 4306 nostri
1477 4249 1737 4306 Thiofridi

129 4343 358 4414 optimis
386 4344 872 4419 saluberrimisque
900 4348 1144 4404 consiliis
1174 4357 1442 4405 uteretur.

197 4445 258 4496 6.
299 4445 451 4498 Inter
478 4445 583 4498 ista
613 4460 794 4500 rerum
823 4445 1085 4500 Thiot'ridi
1115 4446 1439 4519 fragmenta,
1473 4447 1731 4520 religioni

125 4538 262 4593 mihi
292 4539 515 4606 ducam,
567 4540 988 4612 pratermisisse
1031 4543 1313 4616 singulare
1343 4545 1468 4614 ejus
1496 4544 1729 4612 facinus,

125 4636 182 4690 in
213 4652 344 4709 quo,
377 4637 424 4692 si
449 4638 580 4692 alibi
595 4654 846 4710 usquam,
871 4649 1100 4710 apparet
1116 4641 1241 4712 ejus
1270 4651 1386 4697 tum
1420 4643 1726 4714 prudentia,
1759 4627 1812 4687 D

127 4739 241 4787 tum
271 4733 590 4800 auctoritas,
625 4742 738 4789 tum
771 4735 1058 4791 sanctitas.
1114 4737 1358 4802 Accedit,
1389 4738 1534 4808 quod
1568 4755 1729 4811 gem-

126 4829 275 4884 mula
305 4829 561 4902 quaedam
592 4838 675 4885 est
706 4830 962 4899 historiae,
999 4847 1162 4904 quam
1205 4848 1314 4888 non
1344 4841 1552 4889 temere
1599 4835 1728 4889 alibi

129 4927 397 4998 reperias,
422 4943 549 4982 cum
579 4927 649 4982 sit
686 4929 946 4984 memoria
977 4929 1315 5002 dignissima.
1353 4931 1567 4986 Gratias
1597 4933 1728 4988 mihi

129 5043 230 5096 pro
271 5027 638 5098 publicatione
674 5036 838 5100 agent
867 5029 1040 5098 (certe
1077 5029 1378 5099 debebunt)
1409 5038 1519 5085 tum
1553 5030 1728 5102 quivis

131 5123 222 5180 alii
251 5125 586 5198 antiquitatis
617 5125 864 5190 studiosi,
897 5135 1007 5182 tum
1038 5128 1273 5183 maxime
1295 5128 1465 5200 Belgii
1496 5129 1726 5196 ocellus,

129 5225 447 5297 Antuerpia,
481 5235 537 5282 et
579 5226 976 5282 Walichrensis
1009 5227 1204 5294 insula,
1238 5237 1398 5300 atque
1427 5229 1482 5283 in
1514 5244 1578 5282 ea
1607 5229 1728 5282 Mit-

134 5319 497 5392 telburgensis
527 5323 682 5378 urbs.
715 5325 855 5391 (Heu
890 5323 901 5377 l
928 5325 1018 5378 ubi
1049 5326 1208 5394 hujus
1235 5326 1370 5396 jam,
1391 5329 1615 5399 antiqua
1635 5328 1728 5382 illa

133 5419 392 5475 catholica
425 5419 657 5490 pietas?)
691 5421 800 5477 Sed
833 5422 1001 5476 multo
1044 5423 1286 5495 majores
1316 5426 1522 5496 gratias
1553 5427 1725 5482 debe-

135 5511 265 5567 bunt
279 5513 572 5570 admodum
596 5517 920 5584 reverenda,
944 5525 1106 5590 atque
1128 5521 1470 5591 amplissimo
1501 5523 1638 5586 viro,
1660 5524 1724 5577 D.

138 5609 292 5665 Petro
347 5611 677 5668 Richardoto
713 5612 1088 5670 Efternacensi
1135 5617 1340 5682 abbati,
1386 5634 1450 5675 ac
1480 5620 1724 5687 domino,

139 5706 227 5777 qui
241 5709 354 5779 ejus
382 5710 710 5767 narrationis
737 5712 949 5783 copiam
979 5730 1044 5770 ex
1077 5715 1187 5770 divi
1217 5715 1516 5773 Clementis
1541 5719 1727 5774 Willi-

142 5803 896 5870 brordibibliotheca.fecerit
923 5827 934 5865 :
968 5813 1130 5885 longe
1151 5824 1333 5870 autem
1363 5817 1729 5887 amplissimas

145 5903 242 5974 ipsi
285 5906 562 5962 Thiolrido
609 5907 701 5978 qui
729 5907 860 5963 talia
887 5917 940 5964 et
969 5910 1048 5966 sic
1077 5913 1396 5984 patraVerit,
1432 5923 1486 5970 et
1515 5915 1598 5970 sic
1625 5914 1730 5985 piae

1902 624 2182 694 piaculum
2212 640 2489 692 censeam,
2524 625 2609 680 vel
2639 641 2727 680 me
2755 623 2988 680 verbum
3034 624 3089 677 in
3131 623 3248 692 ejus
3303 623 3494 678 verbis

1901 722 2132 779 mutare,
2166 713 2300 768 vela
2322 729 2597 785 quoquam
2627 713 2703 768 illi
2731 713 2891 768 ﬁdem
2923 711 3199 783 abrogari.
3233 711 3410 782 Igitur
3437 711 3495 766 in

1905 803 2022 856 Vita
2051 801 2406 870 Willibrordi,
2441 817 2609 874 quam
2631 803 2853 875 triginta
2882 817 2976 856 sex
2997 801 3268 871 capitibus
3289 799 3491 855 distin-

1897 898 2036 946 ctam
2062 899 2314 947 accurate
2361 891 2581 962 scripsit
2616 891 2928 946 Thiol‘ridus
2956 889 3196 958 (habebit
3223 890 3367 946 hanc
3397 888 3493 943 Vi-

1896 987 2026 1046 tam,
2088 979 2307 1050 puhlico
2354 981 2622 1036 hactenus
2667 996 2775 1035 non
2823 980 3019 1044 visam,
3050 978 3250 1034 notulis
3281 978 3493 1049 aliquot

1894 1069 2030 1122 meis
2081 1067 2428 1134 illustratum,
2483 1069 2730 1140 antiqua
2770 1068 2987 1140 pietatis
3034 1082 3226 1124 amans
3271 1067 3486 1133 Lector,

1893 1156 2106 1213 favente
2135 1157 2344 1213 caelesti
2382 1157 2639 1216 Numine)
2677 1173 2804 1213 cum
2843 1157 3018 1228 capite
3047 1160 3115 1212 35
3143 1156 3492 1226 exposuisset

1891 1254 2168 1310 accurate,
2201 1247 2665 1316 quemadmodum
2697 1246 3108 1302 Walichrenses
3127 1245 3270 1300 bello
3301 1243 3488 1318 gravi-

1890 1342 1973 1390 ter
2003 1335 2176 1390 vexati
2206 1350 2238 1388 a
2269 1335 2503 1406 Ruperto
2520 1335 2754 1404 juniore,
2780 1335 3028 1390 Balduini
3057 1332 3187 1400 ﬁlio,
3222 1333 3490 1390 Flandria

1888 1419 2086 1476 comite
2137 1435 2240 1490 ope
2279 1419 2391 1474 divi
2431 1419 2796 1484 Willibrordi,
2840 1419 3099 1484 nobilem,
3137 1427 3301 1490 atque
3343 1418 3484 1472 adeo

1886 1509 2276 1564 miraculosam
2310 1508 2592 1564 victoriam
2625 1509 2985 1563 obtinuissent
3019 1525 3033 1562 :
3066 1509 3133 1562 de
3163 1507 3305 1562 bello
3324 1507 3484 1562 dein-

1885 1612 2016 1667 ceps
2056 1597 2333 1664 intestino,
2385 1597 2522 1652 inter
2552 1597 2702 1668 ipsos
2749 1606 2955 1662 exorto,
2997 1605 3160 1668 caput
3199 1600 3267 1652 36
3302 1595 3431 1652 texit
3464 1610 3484 1650 :~

1884 1687 2036 1758 quod
2069 1701 2195 1741 ecce
2225 1685 2390 1742 habes
2419 1702 2543 1741 cum
2571 1701 2670 1741 sua
2700 1686 3022 1757 epigraphe.

1883 1889 2068 1944 CAPUT
2099 1906 2299 1944 xxxvr.
2333 1919 2397 1933 —-
2423 1891 2498 1946 De
2526 1891 2773 1946 adventu
2811 1892 3074 1962 Ygumeni
3108 1889 3384 1961 Titio/ridi
3411 1891 3476 1945 in

1962 1987 2395 2044 Walichrensem
2425 1989 2677 2044 insulam
2708 1996 2764 2045 et
2790 2005 2925 2062 pace
2963 1989 3040 2046 ibi
3075 1991 3387 2060 reformata
3417 1992 3474 2044 et

1952 2086 2290 2155 conﬁrmata
2317 2103 2418 2158 per
2424 2087 2687 2156 jucunda
2707 2089 2989 2143 miracula
3003 2129 3016 2143 .

1954 2297 1974 2323 ι
2024 2275 2165 2340 Post,
2201 2275 2290 2330 ubi
2322 2273 2566 2345 pericula
2596 2273 2790 2329 virtute
2819 2281 2871 2329 et
2904 2274 3118 2329 Domini
3145 2275 3317 2347 gratia
3339 2290 3469 2346 pro-

1877 2363 2027 2433 pulit,
2052 2368 2272 2435 (nempe
2296 2363 2490 2419 insula
2520 2364 2936 2432 Walichrensis)
2955 2365 3024 2417 ab
3041 2365 3276 2420 externis
3290 2364 3466 2431 bellis,

1875 2451 2022 2506 velut
2052 2451 2106 2506 in
2138 2452 2344 2506 viscera
2372 2467 2491 2517 sua,
2524 2466 2676 2505 arma
2706 2451 2991 2516 convertit,
3023 2459 3074 2506 et
3106 2451 3355 2523 exemplo
3385 2451 3467 2506 fu-

1875 2541 2127 2605 rentium,
2179 2557 2375 2595 manus
2422 2555 2485 2596 ac
2530 2540 2777 2593 membra
2805 2556 2924 2608 sua,
2957 2539 3074 2611 ipsa
3121 2556 3353 2606 caesura,
3396 2541 3465 2595 ab

1871 2630 2071 2697 hostili,
2105 2630 2159 2684 in
2198 2629 2419 2684 civilem
2469 2627 2795 2699 sanguinem
2840 2629 3041 2684 ferrum
3098 2629 3338 2685 exacuit.
3405 2631 3466 2684 In

1868 2718 2147 2789 pernicien
2204 2717 2413 2774 exarsit
2463 2725 2728 2783 mutuam,
2791 2725 2846 2772 et
2899 2718 3059 2773 caesis
3103 2717 3468 2774 nobilioribus

1868 2803 2057 2858 insulsa
2103 2802 2444 2874 primatibus,
2490 2801 2542 2855 in
2577 2809 2780 2856 tantam
2828 2802 3067 2873 prorupit
3107 2801 3461 2870 discordiam,

1867 2900 1924 2946 ut
1953 2907 2128 2962 neque
2161 2890 2334 2946 libere
2367 2890 2603 2962 ingredi,
2635 2905 2814 2962 neque
2843 2890 3034 2962 egredi
3065 2891 3159 2945 ulli
3189 2898 3334 2947 esset
3363 2906 3464 2948 co-

1863 2981 1971 3051 pia.
2005 2981 2083 3035 De
2115 2994 2223 3034 uno
2252 2979 2458 3050 populo
2507 2979 2616 3033 duo
2654 2979 3078 3050 compugnantia
3115 2977 3310 3035 eﬂ‘ecta
3339 2987 3466 3036 sunt

1863 3084 2112 3139 corpora,
2154 3075 2206 3121 et
2249 3066 2564 3121 eorumdem
2615 3071 2922 3121 castrorum
2953 3067 3200 3122 homines
3237 3067 3292 3122 in
3321 3067 3462 3123 du‘as

1860 3152 2084 3207 hostiles
2112 3150 2271 3206 divisi
2314 3157 2440 3204 sunt
2471 3150 2645 3206 acies.
2702 3150 2760 3204 In
2807 3151 3050 3220 partibus
3081 3151 3314 3206 exitialis
3347 3152 3460 3207 odii

1858 3241 1997 3296 adeo
2043 3239 2401 3311 conﬂagravit
2458 3238 2789 3305 incendium,
2841 3247 2898 3292 ut
2935 3240 3145 3309 absque
3193 3249 3458 3311 apparatu

1858 3345 2152 3394 armorum,
2195 3336 2247 3382 et
2293 3336 2437 3383 cmtu
2485 3327 2886 3392 contribulium,
2935 3336 2989 3382 et
3043 3327 3354 3394 satellitum,
3388 3345 3458 3384 ne

1859 3419 1974 3489 ipsa
2004 3418 2219 3490 quidem
2255 3417 2568 3484 Parasceve,
2620 3431 2729 3488 qua
2768 3432 3013 3471 summus
3056 3417 3170 3471 veri
3205 3417 3456 3474 taberna-

1857 3517 1962 3572 culi
1993 3515 2230 3588 pontifex
2281 3530 2345 3570 ac
2375 3518 2565 3586 pastor
2596 3513 2956 3570 essentialiter
2995 3514 3170 3570 bonus
3202 3531 3300 3586 pro
3330 3516 3455 3571 ovi-

1859 3605 1961 3660 bus
1991 3605 2102 3660 suis
2135 3603 2371 3660 animam
2395 3619 2554 3658 suam
2585 3619 2820 3675 ponens,
2855 3603 3078 3659 domino
3098 3605 3236 3659 Patri
3258 3605 3452 3661 obtulit

1855 3693 2204 3759 sacrificium,
2239 3693 2567 3764 sanguinem
2601 3710 2782 3759 suum,
2833 3693 3213 3749 inaestimabile
3263 3694 3451 3749 mundi

1854 3784 2119 3854 pretium;
2179 3783 2443 3838 auderent
2491 3783 2756 3838 accedere
2811 3781 2880 3836 ad
2920 3781 3347 3838 deosculandum
3378 3781 3450 3836 li-

1851 3889 2024 3946 gnum
2053 3871 2410 3927 dominicum.
2454 3869 2638 3926 Fessis
2687 3871 2931 3937 demum,
2975 3879 3028 3926 et
3075 3871 3281 3936 fractis,
3328 3879 3453 3942 post

1852 3964 2020 4016 multa
2050 3976 2276 4016 suorum
2335 3960 2548 4026 funera,
2595 3959 2887 4031 variosque
2926 3959 3166 4024 labores,
3213 3960 3266 4014 in
3295 3967 3450 4016 tanto

1848 4056 1982 4107 astu
2013 4048 2398 4120 periculorum,
2433 4047 2736 4102 tutissimus
2764 4056 2953 4118 portus
2981 4048 3329 4104 consiliorum
3359 4048 3447 4104 vi-

1847 4155 1943 4194 sus
1971 4146 2073 4200 est,
2103 4136 2378 4193 communi
2406 4136 2706 4208 Legatione
2735 4136 3181 4193 Etternacensem
3210 4153 3445 4210 ygume-

1846 4243 1977 4281 num
2022 4225 2364 4282 Thiofridum
2425 4225 2851 4295 philochristum
2899 4225 2969 4280 ad
3015 4241 3074 4280 se
3129 4241 3440 4294 accersere,

1843 4324 1900 4371 ut
1928 4331 1994 4371 ex
2025 4315 2347 4370 auctoritate
2376 4313 2632 4385 praecluis
2662 4313 2874 4383 patroni
2895 4314 3262 4378 Willibrordi,
3287 4316 3442 4385 cujus

1843 4405 1962 4461 vice
1991 4403 2336 4475 fungebatur,
2385 4403 2583 4456 mersis
2618 4403 2782 4457 rebus
2831 4403 2945 4458 suis
2988 4403 3278 4460 consulere
3312 4419 3324 4458 :
3387 4413 3441 4460 et

1841 4492 2163 4548 disturbatae
2207 4491 2360 4562 pacis
2404 4491 2607 4546 foedera
2653 4506 2877 4563 Operam
2912 4492 3084 4559 daret,
3122 4493 3439 4549 reconcilia-

1840 4582 2004 4637 tionis
2053 4581 2247 4654 gratia,
2291 4580 2597 4636 reformare
2643 4588 2698 4635 et
2750 4597 3106 4652 componere.
3172 4583 3231 4636 In
3275 4591 3437 4654 portu

1839 4670 2226 4740 Antwerpensi
2255 4685 2380 4724 eum
2397 4669 2779 4724 adventantem
2810 4669 2975 4724 biduo
2992 4678 3438 4741 exspectaverunt

1838 4777 1962 4817 cum
1994 4758 2234 4815 sedecim
2266 4758 2446 4830 longis
2475 4757 2738 4822 navibus;
2773 4759 2869 4812 sed
2901 4773 2966 4814 eo
2996 4760 3324 4814 necessitate
3345 4759 3433 4813 iti-

1838 4849 2006 4915 neris,
2040 4863 2220 4904 moras
2250 4848 2584 4911 innectente,
2639 4847 2914 4917 generalis
2942 4848 3124 4916 placiti
3150 4847 3253 4913 sui,
3285 4849 3432 4919 quod

1838 4939 1995 4994 tertio
2051 4937 2369 4992 imminebat
2423 4936 2512 4990 die
2565 4936 2744 4990 redire
2797 4937 2974 4992 coacti
3029 4937 3430 5004 exactionibus,

1839 5027 1955 5096 ejus
1985 5025 2255 5082 adventus
2287 5033 2341 5080 et
2387 5025 2752 5095 susceptionis
2793 5025 3058 5080 honorem
3102 5027 3434 5083 necessariis

1837 5115 1970 5184 suis,
2003 5123 2058 5170 et
2085 5113 2434 5170 dilectoribus
2453 5113 2996 5179 commendaverunt,
3015 5114 3183 5186 ipsius
3195 5117 3431 5186 emporii

1835 5203 2274 5274 magistratibus.
2329 5205 2598 5258 Aruerant
2627 5211 2810 5257 autem
2847 5203 3030 5258 omnia
3065 5213 3189 5259 sata
3217 5220 3428 5273 eorum,

1836 5292 1978 5349 aeris
2008 5291 2348 5362 intemperie,
2381 5307 2483 5346 nee
2515 5291 2886 5364 irrigabantur
2909 5293 3016 5349 allo
3048 5294 3276 5350 humore
3293 5295 3429 5351 roris

1837 5390 1890 5437 et
1920 5380 2139 5453 pluviae,
2179 5380 2276 5436 sed
2307 5381 2695 5435 minitabantur
2727 5381 2967 5436 sterilem
2997 5397 3197 5437 annum
3231 5384 3430 5439 messi-

1838 5473 1938 5526 bus
1967 5471 2246 5544 ingruere.
2287 5470 2528 5542 Cumque
2549 5471 2782 5525 classem
2805 5469 2942 5525 velis
2957 5473 3274 5528 cedentibus
3293 5488 3430 5529 ven-

1836 5569 1922 5614 tus
1952 5559 2273 5616 incumbens
2304 5558 2652 5630 propelleret,
2673 5559 3020 5632 modiumque
3049 5571 3196 5618 rates
3212 5563 3434 5634 profun-

1838 5649 1967 5704 dum
1999 5647 2320 5714 tenuissent,
2354 5657 2537 5704 mente
2588 5648 2713 5705 licet
2741 5649 2976 5720 lugubri,
3012 5651 3220 5721 ingenti
3251 5661 3433 5709 tamen

1838 5739 2054 5794 accensi
2071 5738 2268 5794 ardore
2299 5737 2444 5804 ﬁdei,
2461 5738 2909 5795 exclamaverunt
2935 5740 3224 5797 devotione
3239 5741 3427 5798 hilari:

1838 5844 1871 5883 ο
1904 5829 2154 5896 Domine,
2193 5843 2226 5882 ο
2259 5838 2445 5886 sancte
2479 5829 2855 5895 Willibrorde,
2892 5830 2937 5885 si
2976 5841 3240 5888 venturus
3272 5847 3332 5888 es
3359 5834 3432 5889 ad

1840 5933 1958 5986 nos,
2004 5926 2157 5974 tuum
2196 5920 2528 5990 peculiarem
2567 5919 2848 5992 populum,
2889 5923 3224 5992 apostolatus
3259 5922 3338 5978 tui
3373 5923 3432 5978 in
