3910 6400
470 371 576 428 307

1468 369 1891 429 TillOFRIDUS
1928 371 2148 427 ABBAS
2185 369 2788 437 EFTERNACENSIS.

3605 375 3823 431 .308

471 493 695 555 domino
723 492 1092 568 signaculum,
1123 493 1352 552 evidens
1395 494 1464 551 da
1500 493 1780 563 indicium,
1814 505 1868 553 et
1910 501 2085 553 ante—
2114 496 2170 558 Α
2197 496 2436 553 cruciatu
2458 495 2751 562 crudelius,
2782 495 2913 567 quid
2933 494 3224 553 amarius?
3278 496 3450 554 Tanta
3476 496 3687 556 divinae
3724 499 3831 555 ul-

474 598 643 657 quam
661 591 826 654 portu
845 584 1145 643 condemur
1158 584 1290 650 alto,
1313 583 1397 639 fac
1419 583 1762 641 descendere
1775 601 1842 642 ac
1859 586 2089 645 inﬂuere

471 673 709 733 imbrem
723 672 1198 745 frugiferum.Nec
1216 687 1374 728 mora
1390 672 1570 729 subito
1583 676 1840 732 intonuit
1855 677 2081 743 laevum,

474 771 531 819 et
544 761 777 821 turbida
791 766 1085 819 testantur
1095 765 1430 834 conceptum
1444 778 1670 833 (equore
1682 768 2094 822 ventum..lam-

476 866 585 926 quo
596 852 721 923 polo
736 865 947 923 pressa:
960 851 1135 907 nubes
1151 850 1471 908 demantur
1483 852 1546 908 in
1560 851 1791 914 imbres.
1808 855 2093 925 spissata:-

478 957 586 1015 φειδ
601 941 816 1011 ﬂuunt.
840 942 896 996 et
914 940 1201 997 castitatis
1217 953 1284 994 ac
1299 938 1570 995 siccitatis
1581 939 1876 1009 dispendia
1902 942 2094 999 exclu-

479 1030 635 1093 dunt.
652 1029 916 1089 Plantam
939 1029 1330 1085 voluntariam
1346 1027 1616 1085 Dominus
1628 1030 1957 1088 hareditali
1971 1048 2094 1089 suae

480 1118 812 1190 segregavit,
846 1132 956 1189 quo
987 1115 1400 1173 evidentissimo
1427 1116 1737 1175 clementia
1783 1136 1897 1176 sum
1927 1121 2094 1190 signo

481 1205 669 1265 dilecti
698 1204 785 1262 sui
813 1204 870 1261 in
899 1205 1097 1276 spiritu
1125 1205 1420 1263 adventum
1450 1206 1783 1264 declaravit.
1828 1209 2094 1265 Nauticus

481 1295 631 1353 illico
659 1294 866 1353 clamor
903 1293 1027 1353 ferit
1071 1295 1297 1360 ethera,
1329 1302 1386 1351 et
1412 1294 1665 1353 adductis
1706 1296 1928 1355 lacertis
1955 1314 2099 1369 spu-

484 1392 654 1450 ment,
685 1400 751 1440 ac
776 1382 1087 1450 dehiscunt,
1119 1382 1381 1441 convulsa
1411 1384 1601 1452 remis,
1633 1386 1934 1458 rostrisque
1958 1386 2095 1442 stri-

487 1473 741 1531 dentibus
761 1486 1014 1544 aequora,
1040 1479 1095 1528 et
1111 1487 1308 1529 omnes
1323 1472 1780 1541 ecclesiasticum,
1802 1491 1912 1532 non
1952 1492 2095 1533 nau-

489 1562 679 1627 ticum,
710 1561 1069 1620 concinentes
1097 1560 1366 1627 celeuma,
1387 1561 1444 1617 in
1474 1578 1575 1619 sua
1596 1562 1798 1620 hilares
1809 1565 2099 1635 prosiliunt

490 1650 700 1707 littora.
765 1650 864 1706 Vix
896 1665 1030 1708 vero
1057 1649 1166 1707 illis
1194 1650 1422 1722 proprie
1457 1652 1817 1709 subeuntibus
1871 1655 2092 1722 muenia,

494 1739 728 1798 vicarius
756 1739 971 1811 egregii
1022 1738 1275 1794 antistitis
1329 1739 1693 1806 Willibrordi,
1727 1741 1798 1797 ab
1825 1742 2097 1797 universis

2199 586 2370 642 tionis
2394 585 2875 641 animadversione
2919 585 3147 642 clientes
3174 586 3340 653 illius,
3372 594 3428 643 et
3455 588 3829 646 contributas

2200 674 2465 740 exterriti,
2495 674 2662 729 multa
2691 673 3090 745 supplicatione
3123 674 3476 748 defatigatum
3507 678 3827 749 compule-

2201 770 2327 820 runt
2366 762 2463 819 illo
2510 763 2588 818 ire
2629 762 2982 819 veredarium
3024 764 3261 829 Domini,
3300 770 3360 820 ut
3403 766 3680 837 captivum
3742 766 3828 823 de

2200 852 2330 909 tanti
2362 853 2638 923 eriperent
2664 852 3026 910 amaritudine
3056 852 3328 925 supplicii.
3365 854 3544 922 Venit,
3572 855 3824 913 scrinio-

2202 940 2316 997 lum
2363 957 2546 1008 suum,
2578 941 2635 997 in
2676 958 2787 1013 quo
2816 941 3170 1013 portiuncula
3196 951 3363 999 coslte
3391 943 3824 1001 clementissimi

2205 1031 2376 1087 Patris
2404 1030 2751 1088 Willibrordi
2807 1030 3093 1088 recondita
3140 1038 3249 1098 est,
3300 1033 3477 1090 ventri
3520 1033 3825 1105 arrepticii

2203 1119 2570 1190 superposuit,
2605 1128 2657 1177 et
2686 1137 2718 1177 e
2748 1120 2982 1193 vestigio
3011 1120 3579 1193 Zabulus,quiatantae
3596 1123 3825 1178 sancti-

2202 1208 2330 1264 tatis
2358 1209 2578 1279 pondus
2625 1208 2773 1266 ferre
2818 1225 2928 1265 non
2976 1208 3167 1280 potuit,
3220 1225 3317 1267 vas
3344 1210 3492 1283 quod
3518 1211 3590 1266 ob
3622 1210 3825 1267 viridi-

2201 1296 2435 1353 caudam
2450 1297 2873 1354 inobedientism
2886 1297 3115 1369 arripuit
3130 1298 3199 1355 ad
3209 1296 3632 1370 gloriﬁcandam
3650 1315 3825 1356 sum-

2202 1386 2279 1442 mi
2289 1384 2500 1457 opiﬁcis
2515 1387 2808 1459 potentiam
2821 1386 3408 1459 deseruit.Tripudium
3422 1388 3619 1460 ingens
3637 1404 3824 1445 exor-

2202 1483 2319 1532 tum
2360 1483 2465 1544 est,
2505 1477 2637 1548 quia
2663 1478 2823 1534 salus
2853 1477 3047 1536 domui
3074 1476 3152 1531 illi
3180 1480 3340 1548 facta
3365 1481 3470 1543 est,
3501 1477 3633 1549 quia
3662 1476 3823 1535 ﬁlius

2204 1565 2444 1622 Abrahae
2472 1581 2503 1619 a
2532 1565 2645 1621 ﬁlio
2676 1573 2896 1622 elerum
2915 1565 3109 1622 mortis
3138 1564 3431 1633 liberatus,
3449 1574 3506 1622 et
3521 1565 3824 1623 absolutus

2206 1662 2307 1712 est.
2343 1656 2560 1711 Interea
2588 1655 2645 1710 in
2674 1656 2945 1713 concione
2972 1654 3205 1712 astantis
3232 1664 3287 1712 et
3314 1655 3687 1727 exspectantis
3711 1670 3822 1727 po°

2206 1738 2339 1811 puli,
2364 1739 2715 1796 nobilitatum
2738 1749 2819 1796 est
2848 1740 2995 1796 aliud
3026 1739 3264 1811 signum,
3311 1740 3380 1796 de
3405 1756 3565 1797 causa
3580 1740 3823 1813 quidem

495 1828 1009 1917 Antwerpensibus,
1056 1828 1223 1901 longe
1242 1843 1286 1917 pa
1326 1828 1558 1896 civitate,
1603 1846 1729 1887 cum
1784 1839 2096 1888 sanctorum
2130 1856 2182 1917 Β
2212 1828 2391 1896 simili,
2422 1830 2521 1884 sed
2549 1845 2713 1899 poena
2741 1828 3012 1884 dissimili.
3048 1828 3281 1885 Procidit
3298 1829 3515 1901 quidam
3535 1829 3589 1884 in
3611 1829 3819 1887 faciem

501 1934 729 1976 suorum
776 1915 1080 1991 pixidibus,
1136 1914 1255 1972 auri
1285 1925 1339 1973 et
1366 1918 1584 1992 argenti
1610 1934 1844 1991 operoso
1872 1920 2103 1977 artificio

500 2007 729 2074 incusis,
762 2005 1189 2079 procedentibus
1217 2005 1461 2076 obviam,
1520 2007 1659 2063 sicut
1707 2009 1941 2081 angelus
1989 2010 2105 2065 Do-

501 2095 662 2162 mini,
692 2096 835 2153 sicut
854 2094 1107 2151 Christus
1128 2095 1159 2150 .l
1165 2110 1314 2161 esus,
1335 2110 1460 2151 cum
1481 2095 1689 2169 ingenti
1705 2106 1992 2168 susceptus
2022 2106 2108 2155 est

503 2180 710 2255 gloria;
773 2180 958 2253 ibique
996 2178 1389 2235 dissidentibus
1418 2181 1660 2237 reductis
1686 2181 1744 2237 in
1770 2182 2019 2255 gratiam,
2053 2190 2108 2239 et

505 2264 904 2328 confoederatis
925 2282 1064 2341 pace
1084 2266 1415 2337 ﬁrmissime,
1433 2284 1631 2325 eorum
1653 2270 1961 2326 honorabili
1979 2288 2106 2329 eve-

505 2359 689 2416 ctione
729 2366 1073 2414 transvectus
1130 2360 1217 2413 est
1269 2356 1326 2412 in
1374 2357 1862 2431 Mitthilburgensis
1916 2369 2106 2432 portus

503 2446 751 2504 navalia.
783 2448 842 2501 lu
873 2445 1203 2518 crepusculo
1232 2445 1363 2513 diei,
1392 2446 1514 2518 ejus
1544 2455 1823 2519 comperto
1844 2449 2099 2517 adventu,

506 2551 700 2594 omnes
749 2535 1036 2608 utriusque
1083 2549 1248 2591 sexus
1289 2542 1343 2592 et
1388 2534 1620 2592 diversae
1661 2536 1831 2593 aetatis
1866 2538 2105 2594 insulani

509 2626 641 2679 tecto
656 2621 1014 2693 complerant
1034 2620 1235 2675 littora
1249 2624 1413 2687 cestu,
1430 2627 1485 2675 et
1502 2637 1648 2690 eum,
1666 2637 1731 2679 ac
1759 2622 1806 2677 si
1822 2622 1939 2694 ipse
1955 2638 2106 2678 com-

502 2709 687 2768 munis
705 2722 893 2766 eornm
916 2716 1201 2781 patronus,
1226 2716 1280 2764 et
1300 2708 1565 2765 Dominus
1582 2709 1638 2766 in
1657 2726 1823 2768 carne
1840 2712 2098 2778 venisset,

500 2798 707 2857 intime
752 2797 1058 2855 devotionis
1099 2796 1294 2855 aﬁ‘ectu
1339 2814 1401 2855 ac
1430 2799 1655 2856 honoris
1699 2801 2103 2873 magniﬁcentia

501 2895 859 2961 exceperunt,
890 2896 943 2943 et
963 2886 1339 2961 hymuilogica
1356 2888 1817 2946 vociferationein
1839 2892 2103 2947 orationis

498 2987 858 3061 proseucham
888 2985 1257 3043 deduxerunt.
1296 2988 1528 3044 Postera
1548 3003 1679 3044 cum
1697 2991 1883 3062 primo
1903 2991 2103 3047 stellas

497 3086 719 3143 oriente
745 3086 976 3157 fugaret
999 3085 1157 3140 clara
1176 3084 1315 3151 dies,
1348 3100 1447 3156 per
1476 3084 1601 3141 laeta
1630 3085 1946 3158 frequentes
1972 3102 2104 3144 con-

496 3190 697 3232 venere
741 3173 948 3241 limina,
982 3179 1037 3229 et
1066 3188 1256 3229 coram
1286 3172 1472 3248 legato
1496 3174 1737 3243 Domini,
1769 3176 1841 3232 ad
1872 3176 2102 3233 firman-

495 3264 625 3320 dum
654 3278 838 3320 rerum
867 3260 1218 3334 presentium
1258 3270 1477 3334 statum,
1510 3273 1700 3320 contra
1729 3280 1938 3321 morem
1970 3267 2102 3321 bar-

495 3352 765 3424 baricum,
797 3368 1009 3407 summa
1038 3351 1260 3409 astitere
1300 3351 1605 3426 disciplina,
1653 3369 1720 3412 ac
1756 3355 2095 3411 reverentia.

499 3450 609 3509 Sed
636 3452 738 3508 ille
754 3466 955 3524 regens
976 3449 1145 3507 dictis
1159 3450 1381 3507 animos
1402 3455 1457 3506 et
1465 3455 1700 3524 pectora
1716 3454 1974 3510 mulcens
1996 3454 2107 3525 pri-

495 3556 651 3598 mum
697 3538 949 3614 aggredi,
984 3553 1051 3595 ac
1076 3544 1316 3596 tractare
1344 3538 1667 3609 mediocria,
1720 3541 1776 3597 in
1803 3543 2104 3599 crastinum

496 3628 741 3687 decrevit
769 3625 993 3685 differre
1014 3625 1220 3699 majora
1247 3634 1301 3685 et
1326 3628 1504 3703 magis
1523 3644 1736 3701 aspera.
1753 3630 2001 3704 Cumque
2020 3631 2106 3687 his

497 3726 756 3794 intentus,
789 3740 1002 3795 eorum,
1041 3733 1093 3782 et
1122 3724 1355 3782 aliorum
1385 3741 1523 3798 quos
1563 3724 1794 3783 idoneos
1842 3726 2101 3795 ducebat,

500 3824 739 3882 haberet
763 3822 1078 3891 consilium,
1102 3822 1235 3880 vidit
1256 3824 1508 3881 cominus
1536 3824 1827 3896 quemdam
1849 3824 1916 3881 de
1932 3843 2108 3900 grege

500 3923 746 3996 inopum,
788 3921 1090 3996 prosterni,
1134 3928 1189 3979 et
1236 3920 1492 3993 amplecti
1522 3922 1693 3994 pedes
1723 3924 2009 3993 cujusdam
2038 3942 2109 3981 ex

501 4019 781 4095 prosapia,
811 4026 870 4077 et
910 4019 1106 4077 ordine
1133 4018 1388 4084 divitum.
1416 4018 1505 4075 cui
1532 4020 1832 4093 aliquando
1860 4022 2113 4079 inconsi-

502 4118 701 4176 derata
727 4116 1021 4174 insolentia
1046 4115 1246 4173 inﬂixit
1273 4116 1470 4174 vulnus
1500 4134 1643 4190 pene
1675 4118 2105 4191 inremediabile,

505 4222 563 4273 et
587 4214 897 4273 lutiferum.
927 4213 1205 4288 Exsurgit,
1232 4214 1490 4283 accurrit,
1521 4229 1651 4272 cum
1677 4223 1949 4287 prostrato
1975 4234 2115 4292 pro-

509 4319 712 4370 stratus
740 4325 923 4383 genua
942 4312 1063 4382 ejus
1084 4312 1461 4380 exosculatur,
1485 4320 1538 4370 et
1552 4313 1805 4386 deposito
1834 4315 1889 4371 in
1904 4323 2111 4373 terram

510 4417 638 4468 ante
665 4409 996 4466 abnuentem
1050 4416 1105 4466 et
1159 4408 1487 4467 obstinatius
1543 4412 1865 4470 renitentem
1898 4415 2114 4488 egregii

513 4507 775 4568 antlstitis
806 4506 1024 4577 baculo,
1063 4510 1297 4582 gratiam
1341 4508 1527 4566 delicti
1582 4510 1871 4583 poenitenti
1933 4513 2115 4571 facere

2134 3218 2183 3282 C

2212 1927 2338 1976 ante
2359 1920 2700 1977 vulneratum
2725 1920 2839 1987 jam
2869 1919 3083 1991 pridem
3112 1935 3146 1976 a
3174 1935 3236 1975 se
3262 1919 3516 1986 divitem,
3545 1935 3607 1976 ac
3659 1936 3819 1976 sum-

2211 2009 2317 2064 mis
2345 2009 2603 2079 precibus
2633 2009 2900 2065 laboravit
2936 2025 3062 2065 eum
3109 2008 3212 2064 sibi
3247 2007 3460 2066 efﬁcere
3510 2009 3818 2082 propitium

2213 2106 2267 2154 et
2296 2097 2644 2169 placabilem.
2677 2098 2926 2155 Accessit
2964 2114 3074 2155 una
3101 2098 3171 2154 ad
3199 2098 3535 2170 negitantem
3562 2106 3616 2154 et
3655 2098 3818 2154 relu-

2212 2194 2449 2243 ctantem
2466 2186 2733 2259 interpres
2760 2187 2965 2244 domini
2994 2186 3254 2261 ygumeni
3282 2187 3601 2245 Ekehardus
3624 2202 3816 2244 caeno-

2211 2276 2321 2331 bita
2376 2276 2658 2349 egregius,
2707 2284 2835 2333 ante
2883 2276 3301 2333 conversionem
3342 2276 3485 2334 inter
3526 2276 3817 2348 principes

2211 2365 2455 2434 ejusdem
2481 2364 2675 2421 insulsa
2701 2365 3194 2432 nominatissimus,
3240 2365 3472 2422 accessit
3498 2365 3727 2437 inquam
3758 2374 3816 2422 et

2211 2452 2461 2523 pluribus
2485 2467 2552 2508 ac
2577 2452 2895 2507 humillimis
2927 2451 3255 2523 supplicavit
3284 2452 3807 2522 supplicationibus,

2210 2549 2265 2597 et
2321 2557 2564 2614 genuum
2608 2540 3009 2609 inﬂexionibus,
3042 2548 3101 2597 ut
3154 2540 3370 2598 veniam
3422 2541 3644 2612 petenti,
3677 2541 3808 2610 ejus

2200 2630 2328 2700 jure
2351 2630 2592 2701 gentium
2621 2646 2867 2696 aversus,
2899 2630 2988 2701 pie
3017 2630 3575 2701 prepter'dominum,
3600 2637 3658 2686 et
3677 2629 3810 2689 Cle-

2209 2735 2459 2784 mentum
2491 2727 2894 2784 Wilibrordum
2931 2728 3378 2786 roconoiliaretnr
3403 2728 3639 2784 animus.
3692 2726 3810 2783 Sed

2209 2812 2301 2869 ille
2331 2812 2617 2883 improbus
2670 2812 2902 2884 juvenili
2950 2813 3091 2869 fastu
3138 2812 3403 2870 exaudire
3456 2811 3804 2883 contempsit,

2213 2901 2438 2970 exilivit,
2496 2901 2772 2970 discessit,
2801 2909 2856 2957 et
2883 2901 3165 2973 paululum
3220 2900 3467 2970 secessit,
3516 2916 3642 2958 cum
3675 2915 3809 2958 ecce

2211 2991 2344 3046 ultio
2366 2990 2422 3046 in
2451 3006 2576 3046 eum
2605 2990 2786 3047 divina
2832 2990 3081 3051 incessit.
3145 2991 3287 3047 Nam
3334 2991 3474 3047 sicut
3519 2989 3809 3046 interiores

2211 3075 2479 3143 interiori,
2505 3076 2586 3132 sic
2613 3076 2914 3133 exteriores
2959 3075 3102 3133 oculi
3143 3076 3268 3148 ejus
3304 3074 3558 3132 exteriori
3602 3074 3808 3146 privati

2212 3164 2417 3221 lumine
2449 3164 2626 3220 subita
2653 3164 2994 3221 obtenebrati
3022 3172 3148 3220 sunt
3172 3163 3432 3222 caecitatis
3451 3163 3722 3237 caligine;
3752 3170 3806 3218 et

2211 3263 2366 3332 cujus
2377 3264 2653 3336 iniquitas
2663 3264 2875 3335 prodiit
2884 3263 3046 3335 quasi
3057 3278 3131 3319 ea:
3142 3262 3385 3335 adipe,et
3394 3261 3486 3334 qui
3498 3277 3605 3318 non
3617 3260 3806 3333 ﬂagel-

2213 3360 2354 3417 latus
2371 3360 2626 3416 intumuit
2653 3360 2782 3417 ﬂatu
2830 3359 3123 3431 superbiai,
3158 3368 3345 3419 etnon
3364 3359 3614 3418 timuitos
3640 3374 3804 3417 suum

2213 3451 2278 3506 in
2307 3451 2510 3507 caelum
2527 3465 2756 3523 ponere.
2789 3449 2920 3522 quid
2943 3456 3091 3506 esset
3114 3448 3321 3506 sentire
3345 3457 3568 3506 coactus
3592 3455 3681 3505 est
3700 3447 3803 3503 sub

2215 3539 2471 3597 verbere.
2513 3539 2857 3611 lmpingebat
2900 3546 2958 3599 et
2992 3538 3401 3610 impingebatur
3441 3538 3549 3595 huc
3586 3544 3640 3594 et
3678 3535 3806 3593 illuc

2214 3626 2466 3700 pelpans,
2492 3627 2748 3685 vacillans
2763 3627 3095 3696 vertebatur,
3117 3635 3171 3683 et
3188 3628 3520 3699 confusione
3538 3642 3641 3683 sua
3659 3627 3806 3684 sicut

2215 3726 2461 3801 diplotde
2485 3728 2727 3786 indutus
2755 3742 3045 3785 occursum
3075 3734 3128 3783 et
3152 3733 3508 3798 conspectum
3535 3725 3806 3783 hominum

2216 3825 2540 3882 verebatur.
2580 3824 2829 3882 Occurrit
2858 3824 3079 3881 tandem
3108 3824 3187 3880 illi
3214 3821 3438 3880 oﬂ'ensis
3466 3820 3674 3879 nutanti
3700 3837 3799 3892 pe-

2217 3923 2380 3980 dibus
2410 3923 2627 3997 genitor
2658 3923 2934 3993 ejustotus
2962 3922 3139 3979 imbre
3157 3922 3522 3993 lacrymarum
3536 3918 3802 3991 perfusus.

2218 4029 2272 4077 et
2301 4021 2593 4093 increpans
2621 4020 2881 4077 duritiem
2916 4020 3103 4077 cordis
3150 4019 3289 4089 ejus,
3347 4025 3604 4091 porrecta
3647 4030 3803 4072 manu

2218 4118 2441 4176 reduxit
2471 4134 2595 4176 cum
2622 4118 2681 4174 in
2709 4117 2885 4175 locum
2916 4118 3063 4174 unde
3079 4116 3191 4174 bile
3205 4123 3507 4174 commotus
3524 4114 3801 4172 temerario

2221 4232 2360 4272 ausu
2389 4224 2474 4274 est
2502 4232 2787 4287 egressus.
2845 4214 3072 4272 Veniam
3102 4214 3179 4271 ibi
3238 4213 3472 4286 supplici
3510 4227 3610 4269 suo
3636 4210 3799 4279 dedit,

2221 4316 2373 4371 visus
2389 4314 2697 4371 claritatem
2710 4314 2935 4386 recepit,
2947 4312 3301 4371 illumioetori
3311 4311 3553 4370 omnium
3566 4317 3804 4383 quantas-

2221 4428 2437 4485 cunque
2479 4411 2657 4483 potuit
2694 4420 2885 4483 grates
2922 4410 3197 4482 rependit.
3254 4408 3542 4465 Pulchrum
3600 4414 3799 4479 specta—

2223 4507 2404 4565 culum
2434 4506 2530 4564 illo
2559 4507 2647 4564 die
2668 4506 2854 4564 divina
2872 4505 3050 4579 pietas
3076 4505 3182 4577 piis
3206 4503 3477 4561 mentibus
3491 4501 3739 4572 exhibuit,
3753 4510 3802 4559 et

512 4608 895 4683 deprecatur,“
934 4614 1159 4679 monet,
1215 4622 1278 4664 ac
1355 4607 1689 4667 obtestatur.
1774 4609 2118 4669 Adamanti—
2146 4583 2200 4647 D
2228 4605 2386 4663 elatis
2414 4604 2783 4671 formidinem,
2806 4613 2859 4659 et
2879 4602 3177 4659 maximum
3201 4600 3515 4660 incutiendo
3530 4608 3797 4668 terrorem,

515 4722 650 4767 num
677 4721 815 4765 vero
860 4703 1006 4762 illius
1036 4720 1132 4764 cor
1159 4714 1213 4762 et
1255 4713 1602 4778 contemptor
1646 4708 1891 4778 animus,
1957 4710 2121 4768 nullis

516 4826 666 4869 sana
692 4807 955 4866 doctrinm
1009 4806 1277 4865 fomentis
1322 4807 1645 4878 emollescit,
1674 4825 1740 4867 ac
1769 4810 2118 4867 conclaman-

517 4908 685 4975 tibus,
716 4913 772 4963 et
800 4912 1005 4962 tantam
1049 4901 1311 4961 duritiem
1366 4904 1789 4974 detestantibus,
1848 4907 2120 4965 universis

517 5003 1020 5070 circumatautibus,
1081 5017 1192 5059 non
1243 5001 1539 5071 erubescit,
1601 5018 1713 5060 non
1778 5003 2108 5077 adquiescit.

519 5106 709 5179 Impos
733 5101 903 5161 animi
930 5100 1204 5169 discessit,
1233 5103 1433 5174 erupit,
1473 5101 1699 5159 domum
1743 5102 1928 5169 rediit,
1961 5111 2017 5160 et
2042 5103 2118 5160 ibi

519 5222 552 5263 e
576 5203 821 5277 vestigio
841 5207 1207 5272 contemptus,
1247 5207 1303 5257 et
1347 5199 1732 5258 inobedientiae
1772 5215 1886 5259 sum
1922 5217 2118 5274 poenas

516 5302 652 5370 luit;
684 5313 1093 5374 energumenus
1113 5298 1259 5354 enim
1289 5296 1467 5354 factus
1495 5314 1687 5355 omnes
1713 5307 1954 5356 astantes
1983 5316 2114 5372 per-

516 5399 787 5459 cussionis
817 5413 933 5455 suae
962 5395 1280 5469 spectaculo
1309 5397 1622 5470 perterruit,
1640 5406 1693 5454 et
1712 5398 1861 5454 omni
1877 5398 2111 5465 viciniae,

514 5506 570 5557 et
599 5485 817 5555 familiai
847 5511 960 5552 suae
990 5510 1257 5551 summum
1288 5511 1582 5553 mmrorem
1610 5495 1882 5554 etluctum
1913 5498 2109 5555 intulit.

515 5595 795 5655 Anhelum
822 5594 949 5665 ejus
977 5596 1190 5665 pectus,
1219 5599 1273 5650 et
1291 5601 1585 5666 protensus
1614 5594 1955 5666 aqualiculus
1983 5612 2110 5653 cre-

514 5693 629 5751 bris
656 5701 708 5750 et
736 5688 1083 5766 gravissimis
1111 5691 1374 5763 exagitari
1414 5691 1693 5764 pulsibus,
1725 5702 1778 5750 et
1806 5709 1974 5752 sonus
2007 5711 2106 5752 au-

512 5790 639 5860 diri,
669 5786 830 5864 quasi
856 5794 1133 5845 costarum
1163 5795 1389 5856 cratem,
1415 5796 1470 5845 et
1497 5791 1841 5847 stomachum
1880 5793 2109 5851 interius

512 5885 698 5959 aliqua
723 5887 807 5944 vis
835 5885 995 5943 duris
1019 5885 1374 5956 propulsaret
1400 5886 1668 5945 vectibus.
1706 5890 1775 5946 Et
1803 5890 1935 5961 quid
1962 5900 2108 5949 tanto

2227 4704 2420 4760 futura:
2440 4702 2613 4775 pacis,
2634 4709 2688 4757 et
2708 4699 3168 4758 reconciliationis
3189 4698 3598 4756 fundamentum
3611 4696 3796 4769 posuit.

2227 4804 2288 4858 In
2314 4801 2531 4875 angusti
2561 4800 2824 4873 temporis
2853 4799 3107 4866 articulo,
3138 4798 3423 4855 iuduobus
3438 4798 3568 4855 viris
3587 4804 3797 4870 quatuor

2226 4900 2505 4958 celebrata
2532 4907 2660 4956 sunt
2680 4898 2964 4965 miracula,
2995 4897 3134 4953 alter
3153 4896 3355 4969 quippe
3368 4911 3470 4968 pro
3484 4902 3797 4965 contemptus

2226 4998 2310 5056 sui
2342 5007 2512 5063 reatu.
2544 4998 2780 5069 desipuit
2816 4995 3077 5061 amentia,
3127 5003 3182 5051 et
3228 5010 3329 5066 pro
3359 4994 3645 5050 multorum
3676 5008 3791 5064 pro-

2224 5098 2367 5156 fectu
2393 5096 2642 5169 resipuit,
2655 5111 2720 5152 ac
2737 5094 2944 5152 seniori
2962 5092 3245 5151 convaluit
3264 5091 3641 5165 intelligentia:
3667 5090 3790 5147 alter

2223 5200 2287 5255 in
2298 5198 2459 5255 oculo
2468 5197 2675 5268 fratris
2685 5197 2969 5267 festucam
2982 5192 3193 5256 videns,
3210 5192 3273 5248 in
3282 5207 3384 5248 suo
3396 5192 3605 5248 trabem
3614 5206 3713 5247 non
3725 5190 3788 5244 vi-

2223 5295 2382 5361 dens,
2397 5292 2660 5352 caecitatis
2674 5290 2905 5347 incurrit
2923 5286 3258 5347 offendicula
3279 5305 3291 5343 :
3311 5287 3411 5343 sed
3431 5288 3617 5344 ductus
3637 5287 3784 5359 pinni-

2224 5394 2410 5459 tentia,
2425 5391 2645 5449 clariori
2663 5390 2867 5446 lumine
2886 5389 3181 5446 illustratus
3201 5392 3285 5444 est
3303 5386 3358 5441 in
3379 5401 3604 5458 corpore
3617 5400 3675 5441 ac
3687 5386 3784 5440 ani-

2222 5511 2332 5551 ma.
2349 5493 2621 5551 Proxima
2635 5504 2764 5546 vero
2776 5504 2906 5546 cum
2915 5489 3105 5561 prima
3128 5488 3404 5542 lustraret
3424 5483 3667 5556 lampade
3681 5487 3780 5539 ler-

2220 5613 2315 5653 ras
2340 5596 2467 5651 orta
2485 5592 2621 5657 dies,
2654 5604 2761 5646 uno
2791 5587 3001 5656 animo,
3035 5584 3337 5656 eademque
3365 5581 3624 5639 sententia
3647 5581 3779 5639 totius

2217 5691 2431 5759 insulae,
2464 5688 2616 5763 quasi
2643 5703 2811 5759 apum
2860 5682 3135 5749 examina,
3167 5688 3537 5740 convenerunt
3570 5678 3774 5752 agmina,

2216 5801 2277 5849 ut
2304 5805 2488 5848 coram
2520 5786 2722 5844 vicario
2751 5782 3019 5857 pontiﬁcis
3065 5781 3293 5854 egregii,
3326 5788 3381 5839 et
3405 5781 3524 5851 ejus
3549 5777 3772 5850 reliquiis,

2217 5889 2675 5957 examinareutur,
2704 5890 2763 5941 et
2790 5882 3221 5941 terminarentur
3266 5879 3511 5937 omnium
3537 5892 3696 5936 causae
3718 5891 3773 5934 ac
