3910 6430
140 393 277 452 309

1244 389 1668 460 PROLOQUIA.
1716 422 1788 433 -
1833 395 1992 451 VITA
2029 392 2408 449 THIOFRIDI.

3376 393 3480 451 3N

128 518 369 592 jurgia,
400 526 453 574 et
479 517 783 588 sopirentur
825 515 1154 573 simultatum
1202 524 1409 573 veteres
1455 514 1672 571 offensae
1720 524 1771 573 et
1797 542 1853 603 Α
1884 520 1939 575 in
1967 537 2150 591 (equas
2176 527 2357 590 partes
2382 521 2437 575 in
2465 520 2815 577 seminarium
2843 519 3052 577 dissidit
3099 520 3261 576 trium
3304 519 3483 575 nomi-

136 615 414 670 exitialia
433 613 575 670 odia.
604 612 903 669 Steterunt
923 616 989 669 ut
1020 612 1205 667 stellae
1224 613 1286 667 in
1302 613 1549 668 statione
1576 629 1683 669 sua
1718 622 1775 669 et

136 699 389 768 ordine,
406 707 459 754 et
470 698 815 754 subtilissima
828 697 1083 769 indagine
1097 697 1557 768 investigaverunt
1576 698 1770 767 lucem,

136 792 208 839 et
243 785 475 840 consilia
503 782 820 853 prudentize,
847 781 971 852 quia
1002 797 1190 835 omnes
1216 781 1317 836 viae
1348 780 1465 850 ejus
1510 782 1769 851 pulchrae,

137 880 207 926 et
243 889 443 930 omnes
474 873 590 943 ejus
618 870 824 925 semitm
870 868 1126 941 pacificaa.
1185 870 1298 924 Nec
1346 887 1514 939 mora,
1573 880 1774 927 aeterna

136 969 436 1041 sapientia
466 986 586 1040 quae
633 985 688 1022 se
737 967 931 1023 cecinit
975 984 1074 1040 per
1119 984 1179 1023 os
1222 966 1529 1024 Salomonis
1581 970 1768 1036 ldidae,

139 1060 444 1124 Eruditis,
481 1057 744 1128 inquiens,
770 1057 1054 1113 intersum
1102 1056 1768 1129 cogitationibus,meum

137 1162 249 1214 est
274 1157 596 1221 consilium,
619 1160 675 1212 et
691 1157 947 1229 aequitas,
966 1170 1091 1211 mea
1114 1159 1198 1211 est
1210 1155 1522 1225 prudentia
1534 1162 1591 1211 et
1613 1157 1772 1227 forti.

139 1253 339 1323 tudo;
367 1270 466 1327 per
481 1269 569 1310 me
588 1254 776 1325 legum
797 1253 1111 1308 conditores
1115 1253 1284 1322 justo
1304 1251 1621 1308 decernunt
1644 1268 1657 1306 :
1679 1268 1772 1308 oc-

138 1351 327 1406 cultae
375 1336 737 1419 inspirationis
772 1363 883 1404 sum
918 1348 1113 1419 gratia,
1138 1350 1195 1403 in
1232 1349 1390 1403 unius
1419 1349 1771 1419 ejusdemque

136 1440 378 1497 consilii
401 1454 690 1506 summam,
729 1437 972 1492 omnium
1001 1437 1174 1491 illexit.
1199 1444 1435 1506 pectora,
1470 1445 1527 1491 ut
1555 1438 1622 1491 de
1662 1438 1770 1491 siu-

136 1528 312 1603 gulis
339 1529 397 1584 in
421 1536 645 1597 utraque
674 1534 825 1596 parte
847 1534 1249 1595 peremptorum
1271 1527 1509 1593 familiis,
1547 1534 1770 1595 septena

135 1626 431 1699 sanguine
461 1624 711 1695 proxima
745 1624 1071 1695 eligerentur
1108 1623 1288 1692 capita
1320 1638 1334 1692 ;
1387 1630 1439 1678 et
1490 1639 1676 1678 eorum
1705 1639 1770 1678 ac

137 1714 507 1786 prmsidentis
560 1712 830 1770 Dominici
881 1712 1334 1780 archimandritas,
1392 1720 1446 1766 et
1499 1712 1760 1767 comitum

136 1811 306 1882 ejus,
339 1810 574 1876 decreto,
596 1824 658 1864 ac
685 1807 1097 1879 investigatione
1127 1808 1559 1879 diligentissima,
1605 1823 1761 1862 com-

1883 634 2031 685 num,
2064 619 2192 673 viris
2217 618 2529 673 nullomodo
2558 619 2755 674 visium
2785 626 2865 673 est
2890 618 3161 689 exequari
3194 633 3207 686 ;
3254 617 3478 689 pallium

1882 723 2010 762 vero
2040 708 2221 762 altaris
2248 723 2356 763 non
2385 706 2589 776 forﬁce,
2622 722 2729 763 non
2756 708 3015 775 cultello,
3044 714 3320 777 postremo
3368 718 3479 765 non

1880 796 2065 869 gladio
2103 797 2409 852 acutissimo
2437 797 2605 853 valuit
2631 797 2803 852 scindi
2837 816 2848 852 :
2896 797 3188 867 prmterite,
3229 796 3474 867 inquam,

1878 887 2036 956 signo
2067 894 2173 940 tam
2203 886 2457 950 mirabili,
2491 884 2652 942 finem
2682 887 2849 958 longo
2898 886 3049 957 operi
3110 886 3476 957 imponamus,

1880 982 1936 1029 ut
1964 976 2019 1029 in
2050 974 2174 1042 ﬁne,
2207 975 2297 1045 qui
2328 981 2406 1029 est
2434 976 2551 1030 sine
2578 974 2704 1043 line,
2736 990 3151 1047 permaneamus
3177 988 3192 1041 ;
3226 975 3280 1029 in
3311 973 3475 1030 Chri-

1879 1080 1960 1127 sto
1990 1074 2135 1140 Jesu,
2184 1074 2344 1128 unico
2391 1074 2626 1129 Domino
2681 1080 2911 1143 nostro;
2973 1071 3319 1127 multimodas
3374 1086 3474 1144 pro

1878 1162 2100 1217 modulo
2131 1168 2332 1230 nostro,
2364 1170 2546 1232 grates
2573 1162 2623 1217 ei
2669 1163 2956 1229 solventes,
3007 1176 3170 1232 super
3224 1158 3476 1217 omnibus

1879 1278 2001 1331 qum
2038 1261 2271 1315 reddidit
2318 1261 2493 1330 nobis,
2545 1269 2599 1316 et
2644 1277 2806 1333 super
2851 1259 3247 1315 multitudinem
3293 1259 3473 1314 bono-

1877 1367 2017 1417 rum,
2051 1366 2171 1420 quae
2203 1367 2299 1421 per
2327 1352 2521 1421 inclyta
2550 1350 2881 1405 dilectissimi
2910 1351 2989 1404 sui
3013 1348 3304 1405 Clementis
3334 1346 3475 1403 Wil-

1877 1438 2119 1505 librordi,
2172 1439 2488 1510 patrocinia,
2544 1440 2768 1512 largitus
2824 1445 2901 1494 est
2956 1438 3114 1493 nobis
3175 1434 3471 1492 secundum

1879 1527 2271 1600 indulgentiam
2302 1545 2474 1597 suam,
2505 1535 2557 1582 et
2588 1527 2880 1583 secundum
2928 1525 3325 1582 multitudinem
3369 1523 3473 1579 mi-

1875 1625 2284 1681 sericordiamm
2315 1642 2551 1694 suarum,
2595 1625 2679 1680 cui
2723 1626 2856 1695 laus,
2917 1626 3090 1680 honor
3142 1622 3474 1696 inexcogita-

1876 1713 2017 1781 bilis,
2051 1731 2113 1768 ac
2138 1712 2425 1770 inetl'abilis
2453 1714 2646 1788 gloria,
2678 1723 2731 1769 et
2771 1714 3057 1786 imperium
3117 1728 3214 1786 per
3267 1711 3475 1773 inﬁnita

1874 1801 2089 1855 saecula.
2123 1803 2313 1855 Amen.
2351 1825 2372 1849 υ

137 1905 495 1971 ponerentur
537 1896 855 1952 ﬁrmissima!
902 1897 1053 1966 pacis
1110 1896 1338 1951 hedera.
1393 1896 1563 1968 Igitur
1609 1896 1766 1966 juxta
1795 1902 1846 1962 Β
1948 1890 2161 1945 Claudit
2192 1890 2367 1943 Vitam
2411 1891 2468 1945 S.
2520 1891 2809 1946 Clementis
2853 1889 3195 1945 Willibrordi
3241 1887 3474 1944 Thiofri-

141 2013 456 2055 commune
496 1995 710 2051 illorum
740 1994 1044 2061 consilium,
1076 2009 1140 2050 ac
1166 1994 1461 2061 decretum,
1513 1994 1589 2048 rei
1634 2009 1764 2049 sana-

150 2095 359 2169 guinis
399 2093 658 2163 depositis
704 2092 871 2162 prius,
896 2106 1047 2146 more
1096 2092 1291 2163 gentis,
1321 2091 1563 2164 trigonis,
1613 2091 1769 2160 tripla

137 2183 557 2254 compositione
586 2182 755 2249 libris,
788 2181 1005 2249 vellent,
1038 2181 1261 2249 nollent,
1281 2198 1348 2235 ne
1381 2197 1487 2251 qua
1507 2179 1767 2235 dissensio

142 2289 474 2338 nasceretur
501 2296 569 2333 ex
617 2278 892 2345 anteactis,
953 2278 1008 2332 in
1064 2286 1320 2333 aeternam
1378 2276 1767 2333 discordiarum

142 2369 520 2438 oblivionem,
553 2367 726 2423 effecti
773 2374 896 2421 sunt
936 2366 1133 2421 milites
1184 2367 1415 2421 ultorum
1470 2366 1764 2439 sanguinis.

144 2459 329 2514 Nullo
373 2459 608 2513 humano
658 2456 751 2511 sed
792 2455 976 2511 divino
1035 2462 1257 2524 terrore,
1302 2455 1400 2511 viri
1457 2471 1521 2510 ea
1578 2455 1769 2510 formae

142 2543 586 2616 pulchritudine,
611 2551 665 2599 et
703 2557 986 2611 corporum
1025 2542 1363 2613 proceritate,
1387 2549 1439 2597 et
1476 2542 1678 2597 virium
1706 2558 1770 2596 ac

146 2634 449 2706 sapientia;
472 2631 844 2705 magnitudine
865 2630 1097 2702 praediti,
1126 2638 1185 2685 ut
1212 2631 1302 2701 qui
1333 2648 1427 2686 eos
1473 2631 1764 2701 ignoraret,

149 2740 277 2778 non
315 2738 385 2778 ex
416 2737 523 2776 una
550 2728 733 2794 gente,
765 2719 859 2775 sed
886 2735 956 2774 0x
988 2727 1096 2774 toto
1116 2727 1374 2775 terrarum
1397 2720 1548 2787 orbe,
1571 2719 1769 2773 electos

143 2819 477 2892 judirmret;
510 2819 609 2875 viri
664 2818 905 2888 inquam,
963 2833 1183 2889 genere,
1245 2817 1409 2884 fama,
1469 2824 1521 2871 et
1575 2816 1771 2886 opibus

150 2907 609 2965 excellentissimi
666 2907 836 2962 coacti
897 2913 1038 2976 sunt,
1098 2906 1261 2979 longe
1317 2923 1372 2960 se
1429 2905 1771 2961 inferioribus

150 2997 394 3069 pupillis
423 2996 684 3063 submitti,
717 3003 771 3050 et
797 2995 1023 3065 obsequi
1059 3015 1070 3050 :
1121 2995 1265 3066 quod
1323 2995 1473 3066 quasi
1539 2994 1772 3050 dedecus

150 3086 507 3159 impmperii,
540 3085 639 3139 nisi
671 3084 872 3139 cmlesti
903 3086 1093 3139 virtute
1125 3090 1300 3139 essent
1344 3083 1578 3152 coerciti,
1628 3083 1769 3138 mal—

151 3178 277 3232 lent
331 3181 502 3230 morte
551 3174 744 3229 lucrari
794 3189 955 3245 quam
1003 3173 1230 3244 perpeti.
1280 3174 1588 3228 Notandum
1633 3188 1769 3243 pro-

152 3274 331 3342 fecto,
372 3280 425 3330 et
461 3289 559 3342 pro
598 3288 810 3327 summa
867 3271 1223 3327 admiratione
1276 3270 1331 3325 in
1389 3278 1634 3343 posteros

149 3362 657 3430 transmittendum,
689 3360 833 3431 quod
861 3377 997 3433 gens
1028 3368 1134 3414 tam
1165 3376 1375 3429 aspera,
1409 3360 1605 3423 audax,
1656 3359 1769 3413 bel-

151 3453 352 3519 licosa,
386 3468 507 3522 qua:
541 3466 816 3520 nunquam
849 3449 990 3506 ferro
1020 3449 1262 3504 edomari
1309 3448 1499 3521 potuit,
1549 3448 1764 3517 simpli-

148 3541 304 3599 cium
337 3540 627 3596 verborum
654 3538 784 3596 loris
802 3556 859 3593 se
881 3539 1058 3611 ligari,
1083 3546 1137 3593 et
1168 3537 1459 3611 constringi
1500 3537 1717 3609 pertulit
1747 3552 1761 3606 ;

147 3639 207 3689 et
234 3637 297 3687 ut
324 3629 395 3686 de
440 3628 610 3701 ipsius
668 3627 933 3685 veredarii
991 3627 1198 3683 domini
1253 3626 1442 3682 edictis
1492 3633 1765 3682 taceamus

146 3717 423 3792 quidquid
479 3717 736 3790 praefatus
788 3716 1053 3787 interpres
1105 3715 1244 3787 ejus,
1305 3732 1375 3771 ex
1444 3716 1760 3772 auctoritate

146 3817 292 3888 ejus,
328 3814 569 3872 etsancti
597 3814 767 3870 Patris
794 3813 1138 3871 Willibrordi
1162 3812 1342 3885 jussit,
1374 3828 1440 3869 ac
1484 3813 1530 3868 si
1558 3828 1627 3867 ex
1671 3812 1761 3885 ip-

142 3914 262 3969 sius
292 3911 699 3983 orejuberetur,
731 3927 893 3967 nemo
914 3910 1160 3966 omnium
1184 3918 1463 3978 temerare,
1488 3926 1552 3965 ac
1581 3917 1760 3965 trans-

142 4002 306 4076 gredi
338 4001 703 4073 pmsumpsit,
736 4015 898 4055 nemo
935 4016 1128 4070 parere
1177 3999 1381 4054 distulit
1417 4014 1431 4069 ;
1484 4007 1660 4055 tantus
1704 3998 1759 4053 in

143 4107 346 4147 omnes
371 4090 581 4147 domini
602 4097 771 4147 terror
787 4089 958 4144 irruit.
989 4091 1120 4146 Pax
1140 4089 1337 4143 exinde
1359 4088 1516 4146 bona:
1545 4089 1753 4146 volun-

147 4190 294 4244 tatis
324 4195 432 4242 tam
463 4187 673 4258 privata
701 4203 864 4257 quam
896 4202 994 4257 per
1022 4184 1248 4245 miriﬁca
1295 4186 1546 4241 antistitis
1593 4200 1755 4257 egre-

142 4286 222 4358 gii
254 4284 551 4341 Clementis
578 4284 918 4340 Willibrordi
951 4284 1160 4352 merita,
1194 4290 1448 4353 tanquam
1482 4285 1599 4353 ipso
1640 4299 1757 4338 cor-

147 4374 326 4445 porali
370 4373 639 4429 assidente
665 4388 934 4440 consessu,
967 4388 1029 4427 ac
1057 4373 1359 4441 ordinante,
1388 4381 1654 4442 reparata,
1706 4379 1759 4427 et

138 4462 501 4533 jurisjurandi
542 4469 879 4516 sacramento
908 4460 1222 4517 conﬁrmata
1268 4469 1365 4530 est,
1423 4477 1534 4517 non
1590 4461 1753 4516 modo

145 4550 201 4605 in
231 4551 621 4617 Walichreusi,
651 4550 745 4604 sed
795 4551 850 4604 in
908 4550 1055 4605 omni
1113 4551 1393 4621 adjaceute
1451 4551 1642 4619 insula,
1702 4558 1756 4605 et

143 4662 328 4705 aurea
346 4651 543 4719 fruges
561 4648 731 4720 pleno
763 4663 944 4703 cornu
961 4649 1182 4719 defudit
1202 4651 1365 4721 copia
1387 4664 1401 4717 ;
1435 4658 1486 4703 et
1514 4665 1612 4719 per
1625 4650 1752 4704 duo-

145 4752 265 4791 rum
297 4738 567 4791 mensium
594 4737 875 4804 curricula,
910 4737 1103 4807 quibus
1136 4737 1211 4791 ibi
1240 4754 1419 4792 moras
1446 4755 1544 4809 pro
1593 4754 1750 4794 com-

147 4825 298 4880 muni
328 4825 557 4881 utilitate
590 4826 833 4880 innexuit
867 4842 1171 4897 ygumenus
1214 4843 1499 4882 vernarum
1544 4827 1750 4882 domini

146 4914 410 4982 vernula;
446 4914 592 4969 nulla
621 4913 696 4968 ibi
726 4931 913 4986 opera,
948 4915 1093 4969 nulla
1122 4915 1510 4970 exercebantur
1553 4916 1747 4983 studia,

146 5002 543 5075 nisigaudium,
579 5004 769 5071 honor,
827 5011 880 5057 et
935 5004 1186 5075 tripudia,
1255 5006 1393 5060 mira
1447 5006 1748 5073 exsultatio,

148 5090 270 5145 festi
298 5093 434 5160 dies,
468 5092 661 5163 epulae,
693 5099 746 5147 et
772 5092 1039 5148 convivia.
1073 5094 1133 5147 In
1161 5093 1357 5147 summi
1392 5101 1501 5148 tum
1531 5094 1750 5148 demum

150 5180 370 5237 honoris
392 5179 795 5254 magniﬁcentia
822 5181 980 5235 rediit
1010 5182 1064 5237 in
1106 5184 1355 5254 patriam,
1397 5190 1450 5237 et
1496 5199 1617 5238 eum
1660 5182 1749 5238 in-

152 5277 297 5348 genti
329 5277 489 5333 totius
516 5277 746 5332 civitatis
791 5293 902 5331 sua:
958 5277 1015 5332 in
1062 5294 1340 5333 occursum
1397 5278 1514 5349 ejus
1570 5277 1751 5334 effusae

152 5374 427 5437 susceptus
455 5365 659 5433 laatitia,
690 5365 1032 5438 sempiterna;
1060 5367 1304 5422 Trinitati
1334 5367 1507 5422 laudis
1555 5366 1752 5423 debitae

153 5452 455 5511 immolavit
481 5453 731 5509 hostiam.
765 5457 839 5509 Ac
868 5471 965 5510 nos
994 5457 1120 5525 quia
1174 5456 1517 5513 immensum
1550 5458 1753 5529 spatiis

156 5545 502 5614 confecimus
522 5560 729 5618 wquor.
754 5545 809 5600 et
822 5545 949 5615 jam
983 5549 1203 5620 tempus
1252 5554 1331 5601 est
1375 5563 1579 5619 equum
1615 5562 1751 5618 spu-

155 5633 376 5689 mantia
391 5635 607 5690 solvere
626 5633 795 5701 colla,
814 5634 1083 5704 praeterito
1105 5634 1339 5705 quodam
1363 5635 1613 5692 inusitato
1644 5636 1751 5691 mi-

159 5729 354 5799 raculo,
383 5729 638 5787 videlicet
666 5729 812 5800 quod
834 5730 887 5784 in
917 5730 1142 5786 basilica
1169 5732 1432 5804 sanguine
1465 5733 1595 5787 tanti
1645 5734 1751 5787 Pa-

162 5816 251 5871 tris
278 5816 478 5885 dotata,
499 5818 638 5873 furto
668 5817 906 5872 ablatum
936 5819 1002 5873 de
1034 5836 1190 5875 cruce
1228 5828 1530 5892 argentum,
1555 5822 1752 5877 admo-

164 5909 216 5960 to
243 5904 373 5979 igni,
400 5922 501 5981 per
530 5905 761 5962 triduum
781 5921 889 5961 non
935 5908 1109 5978 potuit
1133 5908 1352 5965 conﬂari
1385 5924 1400 5980 ;
1435 5918 1487 5965 et
1516 5917 1753 5966 secutum

1783 4621 1835 4682 D

1876 1977 1977 2033 dus
2035 1987 2215 2033 noster
2272 1980 2371 2034 hoc
2419 1979 2587 2034 nobili
2617 1980 2811 2051 capite,
2841 1980 2895 2034 in
2925 1995 3051 2049 quo,
3082 1978 3127 2033 si
3177 1977 3304 2049 quid
3353 1991 3470 2032 esse

1874 2061 2145 2119 videbitur
2189 2063 2461 2133 aliquanto
2520 2063 2817 2132 obscurius,
2875 2063 2991 2135 ejus
3055 2062 3471 2134 explicationem

1877 2151 2134 2206 candidus
2154 2152 2343 2206 Lector
2369 2152 2599 2224 reperiet
2627 2153 2746 2209 loco
2780 2151 3017 2225 proprio,
3050 2151 3104 2206 id
3134 2158 3212 2207 est
3250 2151 3304 2206 in
3353 2150 3472 2221 ipsa

1878 2240 1935 2296 S.
1967 2240 2304 2295 Willibrordi
2340 2241 2475 2309 Vita,
2509 2257 2689 2312 quam,
2723 2242 2837 2296 Deo
2871 2247 3115 2297 etsaucto
3163 2239 3281 2312 ejus
3328 2238 3470 2294 bene

1872 2338 2203 2409 juvantibus,
2235 2356 2343 2394 non
2374 2339 2445 2394 ita
2474 2340 2642 2396 multo
2672 2347 2792 2412 post
2820 2340 3144 2395 emittemus.

1947 2428 2215 2484 C(nterum
2246 2429 2414 2497 (quod
2442 2430 2637 2484 rectius
2666 2429 2804 2484 forte
2833 2436 2956 2485 ante
2987 2430 3092 2484 hoc
3147 2435 3310 2499 caput
3360 2442 3468 2498 po-

1876 2517 2123 2587 suissem)
2154 2524 2332 2572 tacere
2358 2518 2519 2586 plane
2547 2534 2656 2573 non
2708 2517 2903 2586 debeo,
2964 2517 3108 2588 quod
3159 2514 3470 2571 Thiofridus

1877 2632 2029 2670 meus
2058 2631 2167 2671 non
2197 2616 2358 2670 tacuit
2386 2623 2627 2671 extremo
2657 2617 2832 2687 capite
2863 2620 2947 2671 35.
2972 2617 3097 2671 Post
3115 2616 3283 2685 illam,
3307 2630 3470 2684 quam

1876 2704 1988 2758 dixi
2020 2704 2085 2757 de
2116 2705 2350 2775 Ruperto
2380 2705 2574 2759 comite
2604 2706 2828 2760 relatam
2872 2704 3249 2760 miraculosam
3304 2704 3473 2759 victo-

1875 2794 2031 2860 riam,
2063 2792 2277 2850 Victrix
2304 2794 2588 2865 phalanx,
2614 2793 2788 2864 inquit
2815 2793 3140 2860 Thiofridus,
3168 2799 3297 2865 post
3317 2793 3472 2848 tanti

1878 2880 2159 2952 triumphi
2181 2881 2441 2952 gloriam,
2476 2882 2676 2937 debitae
2694 2882 2882 2938 laudis
2897 2880 3321 2954 Triumphatori
3347 2896 3470 2937 om-

1876 2972 2040 3025 nium
2059 2971 2224 3025 solvit
2245 2971 2534 3025 victi-mam
2555 2986 2567 3025 :
2588 2974 2645 3026 et
2664 2977 2855 3028 votum
2891 2984 3079 3037 suum,
3107 2985 3211 3044 quo
3244 2987 3302 3027 se
3331 2973 3472 3025 ante

1877 3059 2238 3131 obligaverat,
2277 3074 2572 3123 reuocans,
2624 3064 2681 3115 et
2730 3060 3095 3129 conﬁrmans,
3132 3060 3242 3115 duo
3263 3059 3474 3115 devicti

1876 3146 2154 3221 principis
2170 3148 2321 3202 vexil
2327 3148 2381 3203 la
2393 3147 2466 3202 ad
2481 3149 2943 3219 E/ternacensem
2958 3148 3280 3205 transmisit
3294 3148 3475 3204 Eccle-

1690 3278 1771 3324 εει
1799 3259 1848 3322 C
1902 3237 2065 3300 siam,
2101 3236 2178 3291 ibi
2197 3236 2943 3293 conservandainceternam
2973 3239 3198 3294 collata:
3216 3237 3321 3293 sibi
3368 3253 3474 3310 per

1875 3342 2045 3396 magn
2053 3325 2169 3395 iﬁci
2179 3326 2439 3398 pontiﬁci
2456 3327 2764 3383 Clementis
2785 3325 3131 3383 Willebrordi
3143 3327 3349 3383 merita
3359 3326 3475 3398 glo-

1872 3414 2038 3470 riosae
2059 3413 2310 3470 victoria:
2320 3416 2676 3471 memoriam.
2692 3415 2819 3471 Haec
2838 3415 3035 3485 videte,
3052 3422 3106 3471 et
3125 3416 3334 3486 majore
3372 3432 3469 3471 ves

1876 3508 1984 3559 tros
2002 3502 2231 3575 cogitate
2246 3502 2645 3559 Walichrenses
2664 3503 2901 3574 Zelandi,
2934 3512 2987 3560 et
3008 3505 3170 3562 vicini
3190 3503 3466 3561 Hollandi.

2243 3751 2270 3825 §
2304 3753 2369 3807 V.
2416 3753 2660 3810 Virtutes
2689 3755 2747 3809 et
2773 3748 3077 3809 sanctitas.

1939 3949 2061 4004 Non
2091 3947 2137 4002 is
2167 3947 2266 4002 fuit
2292 3946 2620 4014 Thiofridus,
2671 3946 2761 4016 qui
2808 3944 3029 4003 virtutes
3083 3962 3208 4002 suas
3245 3943 3470 4002 ebucci-

1867 4044 2038 4102 naret,
2070 4037 2404 4093 sanctitatem
2454 4042 2761 4092 ostentaret.
2821 4035 2929 4091 Sed
2984 4043 3185 4104 tamen,
3246 4043 3305 4091 ut
3349 4050 3469 4091 aro-

1868 4134 2091 4194 matum,
2125 4124 2472 4197 quantumvis
2518 4124 2723 4180 occulte
2778 4131 2975 4198 gestes,
3026 4122 3259 4181 studiose
3298 4124 3460 4194 celes,

1866 4216 2001 4271 odor
2028 4216 2264 4286 erumpit
2294 4222 2474 4269 tamen
2512 4228 2525 4282 ;
2560 4214 2811 4270 sicvirtus
2840 4214 3052 4284 emicat,
3084 4214 3180 4270 etsi
3226 4230 3458 4287 premas.

1867 4304 2057 4359 Evenit
2088 4306 2190 4358 hoc
2218 4303 2419 4359 auctori
2450 4310 2651 4373 nostro,
2701 4303 2872 4374 cujus,
2934 4310 2992 4359 ut
3052 4303 3185 4360 alias
3240 4302 3463 4361 virtutes

1865 4400 2091 4462 taceam,
2119 4392 2404 4447 Humilitas
2430 4391 2630 4461 passim
2660 4392 2922 4464 splendet,
3418 4394 3423 4399 ’

2030 4521 2044 4537 .
2121 4483 2277 4537 velut
2305 4482 2463 4537 inter
2490 4482 2648 4555 ignes

1934 4573 2094 4628 Luna
2120 4571 2388 4628 minores.

1863 4671 1993 4726 Haec
2016 4671 2176 4725 talem
2209 4676 2520 4741 tantumque
2540 4669 2712 4724 virum
2742 4668 2867 4724 facit
2903 4669 3190 4726 oleastrum
3221 4667 3451 4735 aridum,

1860 4768 1913 4815 et
1942 4759 2137 4814 nullius
2167 4757 2423 4813 momenti
2483 4757 2879 4815 Eﬂernacensis
2928 4757 3158 4814 ςαξηοῦίὶ
3217 4775 3453 4831 ygume-

1858 4866 1987 4903 num
2010 4849 2242 4918 (Proem.
2283 4846 2530 4917 Florum,
2572 4846 2785 4917 imltio).
2835 4847 2965 4903 Haec
3018 4846 3268 4902 eumdem
3328 4846 3456 4902 facit

1861 4946 2075 5005 terram,
2099 4944 2151 4990 et
2170 4936 2452 5010 indignum
2474 4936 2709 4992 scabello
2740 4935 2937 5008 pedum
2997 4936 3212 4991 Domini
3266 4936 3447 5011 (ibid).

1858 5026 1988 5082 Haec
2016 5026 2215 5094 multis,
2248 5025 2604 5095 maximisque
2631 5042 2662 5080 a
2690 5025 2823 5094 Deo,
2855 5025 2992 5081 caelo
3040 5033 3283 5097 terraque
3329 5042 3453 5098 pro-

1858 5115 2129 5183 bantibus,
2161 5122 2215 5169 et
2251 5113 2646 5186 plaudentibus,
2696 5113 2990 5187 gloriosum
3051 5113 3340 5185 miraculis,
3400 5123 3454 5171 et

1860 5203 1914 5257 in
1944 5220 2150 5272 eorum,
2183 5210 2240 5257 ut
2267 5203 2344 5258 sic
2369 5202 2563 5271 dicam,
2597 5203 2776 5259 medio
2804 5212 3077 5259 natantem
3109 5218 3122 5271 ;
3156 5202 3319 5259 efficit
3377 5211 3454 5259 ta-

1861 5309 1987 5346 men
2021 5315 2042 5340 ‹‹
2077 5308 2360 5347 vernarum
2390 5292 2608 5348 Domini
2632 5294 2910 5349 vernulam
2956 5315 2977 5341 υ
3027 5294 3191 5364 (Vitta
3223 5292 3289 5352 S.
3334 5293 3454 5351 Wil-

1862 5379 2095 5437 librordi
2124 5384 2377 5453 cap.36).
2415 5381 2616 5436 Eadem
2637 5382 2888 5453 denique,
2928 5405 2950 5431 α
2986 5381 3138 5452 cujus
3163 5381 3218 5436 in
3265 5399 3453 5454 quam-

1861 5470 1942 5524 vis
1972 5470 2267 5540 procelloso
2289 5470 2444 5539 mari,
2466 5471 2720 5543 regendae
2742 5470 2864 5527 navi
2894 5479 3079 5544 aptum
3127 5471 3453 5544 gubernato-

1862 5574 1995 5624 rem,
2012 5565 2173 5629 uegat
2195 5566 2372 5613 tamen
2396 5559 2479 5613 vel
2499 5562 2755 5632 scapham
2779 5560 2835 5615 in
2867 5560 2985 5617 lacu
3006 5577 3194 5635 regere
3204 5577 3382 5634 posse.
3420 5585 3442 5612 υ

1863 5647 2113 5718 (Prolog.
2139 5646 2201 5701 in
2221 5647 2397 5701 Vitam
2420 5647 2485 5701 S.
2511 5650 2962 5721 Liutwini.)1am
2993 5650 3222 5724 Religio,
3256 5650 3448 5720 etDei,

1862 5739 2186 5800 sanctorum,
2238 5748 2508 5787 sacrarum
2564 5736 2910 5807 reliquiarum
2956 5739 3144 5807 cultus,
3208 5754 3275 5794 ex
3332 5737 3455 5795 totis

1865 5822 1965 5888 his,
1999 5820 2222 5890 aliisque
2252 5821 2370 5891 ejus
2400 5820 2568 5888 libris,
2609 5825 2788 5879 notior
2840 5834 2939 5895 est,
2999 5842 3161 5897 quam
3218 5834 3275 5882 ut
3329 5827 3453 5883 ullis

1862 5910 2000 5966 meis
2030 5908 2208 5966 verbis
2237 5908 2493 5981 explicari
2524 5910 2739 5968 debeat.
