3910 6396
437 345 547 406 815

1425 354 1832 415 THIOFFRIDI
1858 360 2151 418 ABBATIS
2179 363 2753 423 EFTERNACENSIS

3629 373 3751 431 316

436 472 536 567 :ia,
564 473 698 567 (10)
754 474 1162 567 archianiistica
1215 480 1611 537 aseeudissetis
1667 482 1901 556 fastigia,
1963 494 2023 542 ut
2052 486 2107 549 Α
2133 490 2271 546 senti
2305 491 2433 559 vita,
2467 495 2625 566 quasi
2655 502 2808 553 sexta
2827 494 2983 559 feria.
3008 494 3062 551 in
3086 495 3317 567 septima
3349 496 3747 553 sabbathizant

435 558 617 613 David
655 560 922 627 Jonathae,
956 561 1036 617 sic
1074 570 1275 618 sanctae
1308 574 1504 621 vestrae
1538 568 1729 625 animm
1758 586 1881 624 mea
1921 571 2037 642 (11)

435 648 803 719 exasperatrix
830 650 1203 721 conglutinata
1231 661 1311 708 est
1340 654 1526 710 anima
1554 657 1603 724 (Ι
1631 660 1757 729 Reg.
1774 675 1931 726 xviii,
1956 661 2032 730 1),

434 751 558 793 cum
588 753 688 808 pro
718 738 1103 794 honestissima
1126 756 1338 796 morum
1370 744 1632 801 comitate
1662 754 1717 801 et
1740 749 2033 820 modestia,

434 828 551 880 tum
581 842 653 880 ex
681 827 795 896 (12)
825 829 1363 901 consanguineorum
1423 842 1749 901 \estrorum,
1806 854 2033 897 summa:

432 914 818 987 generositatis
847 924 899 970 et
918 916 1197 987 dignitatis
1229 920 1476 984 heroum,
1500 922 1552 976 in
1583 941 1668 979 me
1691 926 2031 998 dignatione,

431 1018 496 1059 ac
527 1004 929 1059 benevolentia.
960 1006 1038 1060 Ex
1070 1020 1176 1078 quo
1220 1017 1399 1063 autem
1446 1027 1545 1081 per
1591 1013 1789 1070 divinae
1838 1017 2030 1085 provi-

433 1091 630 1148 dentiae
693 1093 1075 1150 multiformem
1135 1098 1371 1169 gratiam
1422 1101 1835 1171 inthronizatus,
1899 1106 2028 1160 mihi

431 1180 709 1238 vilissima:
738 1181 938 1241 favilla:
961 1184 1280 1241 familiarius
1310 1198 1572 1256 vestram,
1598 1192 1748 1264 quasi
1800 1192 2030 1263 alicujus

428 1271 572 1341 apud
603 1272 893 1327 Dominum
922 1290 1101 1329 essem
1133 1279 1413 1348 momenti,
1446 1282 1874 1336 commendastis
1900 1282 2025 1337 aui-

429 1371 576 1411 i-iam
610 1372 623 1412 :
655 1358 718 1411 in
748 1360 1119 1416 meditatione
1140 1362 1484 1418 meaintimae
1504 1365 1809 1422 dilectionis
1838 1376 2030 1424 vestra:

428 1439 705 1496 ardentius
734 1444 957 1498 exarsit
993 1446 1236 1515 flamma
1275 1448 1450 1517 (Psal.
1501 1465 1748 1516 xxxvm,
1780 1454 1857 1521 4),
1893 1461 1945 1507 et
1974 1452 2029 1506 in

427 1544 545 1595 vos,
578 1545 772 1585 omnes
803 1539 853 1586 et
882 1539 1023 1586 totas
1052 1535 1238 1589 cordis
1282 1536 1388 1591 mei
1444 1536 1609 1593 eﬂ'udi
1660 1539 1931 1595 medullas
1978 1549 2032 1595 et

424 1617 663 1674 viscera.
693 1620 761 1675 Et
789 1619 980 1675 Jesum
1012 1630 1210 1687 testor,
1242 1633 1294 1679 et
1316 1633 1540 1683 sanctos
1562 1628 1697 1697 ejus,
1724 1637 1775 1683 et
1798 1645 2029 1702 regnum

426 1706 567 1779 ejus,
600 1707 655 1762 in
686 1708 923 1765 amicitia
953 1726 1075 1765 mea
1106 1711 1243 1767 nihil
1274 1712 1477 1781 ﬁctum,
1532 1716 1664 1771 nihil
1718 1717 2028 1773 simu‘atum

425 1800 508 1848 est
540 1810 554 1848 :
587 1794 686 1849 sed
717 1794 980 1867 quidquid
1004 1805 1106 1863 est,
1129 1797 1183 1851 id
1203 1807 1372 1854 totum
1401 1817 1615 1867 verum,
1641 1810 1819 1857 totum
1844 1803 2027 1859 volun-

424 1880 616 1937 tarium
646 1890 760 1938 est:
788 1900 965 1956 neque
996 1893 1055 1941 ut
1085 1886 1514 1945 munificentiam
1548 1901 1786 1946 vestram
1816 1893 1882 1946 ad
1911 1893 2008 1947 im-

422 1970 712 2041 pendenda
741 1972 871 2027 mihi
892 1989 955 2029 ac
986 1975 1125 2031 meis
1158 1976 1417 2048 quaslibet
1448 1979 1709 2035 beneﬁcia
1748 1989 1866 2036 astu
1894 1981 2019 2036 alli-

424 2058 585 2126 ciam,
644 2061 742 2116 sed
795 2062 866 2118 ob
920 2063 1213 2136 divulgata:
1259 2082 1323 2123 ac
1371 2077 1514 2124 notae
1558 2069 1771 2125 virtutis
1829 2079 2022 2127 vestrae

421 2145 824 2201 excellentiam.
860 2147 1009 2202 Nihil
1038 2150 1183 2206 enim
1214 2159 1314 2216 est,
1342 2161 1398 2207 ut
1430 2161 1707 2209 oratorum
1756 2172 1857 2211 rex
1888 2171 2022 2226 pro-

421 2236 654 2289 testatur
682 2235 911 2306 Tullius,
945 2237 1143 2295 virtute
1173 2241 1480 2308 amabilius,
1515 2243 1647 2298 nihil
1672 2245 1819 2316 quod
1842 2245 2019 2317 magis

423 2322 624 2380 alliciat
649 2325 721 2380 ad
749 2325 1107 2398 diligendum,
1141 2330 1342 2401 quippe
1370 2347 1496 2386 cum
1524 2343 1745 2403 propter
1767 2334 2022 2389 virtutem

422 2419 477 2467 et
517 2413 845 2483 probitatem
903 2417 1067 2471 etiam
1121 2434 1217 2473 eos
1265 2421 1665 2491 quodammodo
1706 2423 2019 2497 diligamus,

424 2516 561 2577 quos
587 2519 862 2579 nunquam
893 2504 1151 2563 vidimus.
1188 2507 1375 2583 Igitur,
1636 2504 1639 2507 ⁷

548 2681 666 2754 (l3)
696 2683 739 2742 0
766 2688 821 2739 et
845 2686 1176 2757 praesidium
1206 2692 1261 2744 et
1292 2688 1456 2746 dulce
1493 2690 1663 2748 decus
1692 2707 1913 2762 meum,

424 2857 475 2908 et
517 2865 720 2908 corona
762 2853 923 2910 totius
962 2871 1058 2927 per
1103 2857 1293 2913 orbem
1342 2858 1496 2928 cleri,
1549 2860 1745 2915 nullius
1775 2877 2019 2933 unquam

424 2936 715 2998 immemor
778 2943 1119 3010 honestatis;
1183 2951 1252 3003 ob
1304 2956 1511 3004 tantum
1574 2951 1627 3004 in
1670 2949 2017 3007 dilectionem

422 3038 656 3086 vestram
713 3047 1009 3091 accensum
1084 3037 1287 3093 amoris
1326 3039 1431 3094 mei
1480 3039 1685 3109 ignem,
1760 3049 2020 3113 tanquam

419 3121 639 3177 excelso
660 3122 899 3191 Numini,
920 3124 1125 3182 laboris
1150 3127 1255 3181 mei
1271 3128 1556 3197 primitias,
1580 3129 1846 3194 libellum,
1864 3131 2021 3200 cujus

421 3212 508 3260 est
534 3205 647 3276 (H)
695 3208 982 3279 Inscriptio
1026 3210 1194 3265 tituli:
1247 3212 1433 3302 Iilores
1475 3214 1747 3284 Epitaphii
1784 3214 2019 3271 Sancto-
2052 3239 2101 3302 Ο

420 3308 556 3364 rum,
599 3303 781 3353 vestro
830 3312 1093 3354 consecro
1133 3300 1376 3356 nomini:
1417 3318 1580 3374 quem
1630 3319 1728 3375 per
1752 3303 1868 3375 (15)
1900 3320 2035 3377 qua-

420 3392 575 3440 terna
604 3400 670 3441 ea
702 3386 906 3442 ratione
930 3387 1150 3445 distinxi
1182 3389 1478 3458 volumina,
1498 3400 1551 3447 et
1572 3392 1806 3466 singulis
1823 3401 2032 3466 septem

424 3471 633 3544 praefixi
662 3476 932 3545 capitula:
977 3477 1115 3549 quia
1152 3494 1218 3535 ex
1255 3489 1492 3552 quatuor
1546 3481 1833 3538 elementis
1879 3498 2031 3539 com-

432 3571 590 3636 pacta
620 3573 853 3635 somata,
886 3576 1077 3624 exacta
1107 3568 1163 3623 iu
1191 3569 1470 3627 doloribus
1500 3578 1555 3627 et
1581 3571 1849 3646 angustiis
1876 3589 2024 3644 pra:-

485 3760 604 3833 (lO)
633 3761 1103 3838 Archiantistica.
1140 3765 1254 3821 Vox
1286 3780 1318 3820 a
1346 3764 1653 3832 Thiofrido,
1688 3774 1745 3823 ut
1769 3767 2021 3838 arbitror,

418 3842 635 3922 novata,
668 3850 769 3922 pro
796 3851 882 3902 eo,
913 3836 1058 3922 quod
1082 3845 1191 3922 est,
1210 3837 1732 3922 archiepiscOpul'g.
1815 3911 1829 3922 _
1859 3910 1870 3921 _

489 3905 602 3979 (11)
665 3905 1105 3979 Εωαερενὰινίω.
1152 3905 1430 3979 Frequens
1474 3905 1619 3978 apud
1670 3910 2021 3967 Ezechielem

416 3977 984 4102 Bmphetamndpmus
1004 3977 1376 4052 exasperauit,
1399 3980 1467 4035 de
1489 3977 1689 4052 populo
1718 3983 1903 4037 Israel.
1926 3984 2021 4039 Re-

456 4048 617 4102 ellem
647 4049 941 4102 smmhcat.
976 4060 1027 4102 et
1048 4051 1393 4102 nraefractum
1418 4061 1605 4102 contra
1638 4053 1877 4102 Numen.
1908 4054 2016 4102 Ta-

419 4048 617 4103 bellem
647 4048 941 4122 significat,
976 4060 1027 4105 et
1048 4048 1393 4120 priéfractum
1418 4048 1605 4107 contra
1637 4053 1877 4109 Numen.
1908 4054 2016 4108 Ta-

419 4117 534 4206 lenii
547 4135 638 4206 se,
659 4120 982 4206 humilitatis
1019 4121 1217 4186 studio,
1252 4122 1537 4206 profitetur
1581 4134 1793 4206 noster.

491 4190 604 4260 (12)
654 4191 1211 4261 Consanguineorum
1253 4190 1588 4261 uestrorum,
1622 4196 1702 4250 De
1732 4195 2013 4262 Brunone,

419 4261 647 4346 ejusque
676 4263 1181 4346 fa_milia,oquantuin
1211 4266 1838 4346 satissit,_in_'l‘hiofridi
1874 4269 2011 4322 Vita.

420 4334 665 4404 Itemque
693 4333 760 4387 de
792 4333 1157 4391 familiaritate
1172 4351 1297 4391 cum
1323 4336 1625 4404 Thiofrido,
1650 4348 1701 4394 et
1731 4355 2016 4395 commcn-

420 4403 558 4459 data
587 4405 639 4459 ei
667 4405 887 4461 anima.

492 4445 1130 4562 (ᾗῗοωέῖὲἳξρξάὶωηλ
1177 4478 1235 4562 In
1286 4479 1484 4562 breves
1529 4488 1686 4562 notas
1724 4481 1795 4536 ad
1848 4481 2013 4537 talem

419 4549 763 4628 scriptorem.
797 4549 1038 4617 putidum
1067 4549 1156 4617 sit,
1181 4558 1232 4603 et
1254 4550 1484 4628 puerile,
1495 4552 1735 4623 quidvis,
1769 4569 1800 4628 e
1826 4569 2010 4628 gram-

2138 589 2188 635 et
2218 581 2568 653 requiescunt
2600 583 2736 638 intra
2767 585 3007 654 sepulcri
3057 586 3273 656 penita;
3301 587 3353 640 in
3405 586 3503 642 Die
3534 587 3733 641 Domi-

2136 678 2569 751 nica.aquatuor
2610 682 2792 737 ventis
2826 682 3081 738 veniente
3096 684 3304 755 spiritu
3330 683 3739 755 (EMCh.XVlI),

2134 779 2185 843 9,
2216 786 2591 833 resurrectura
2624 778 2674 832 in
2696 778 3118 850 incorruptionis
3138 779 3338 852 gloria.
3380 781 3499 835 Non
3524 787 3737 847 tamen,

2133 866 2404 936 meipsum
2448 866 2596 935 latet,
2658 884 2842 923 meum
2889 869 2994 924 hoc
3035 869 3359 940 opusculum
3402 884 3509 924 non
3536 886 3742 941 usque-

2133 971 2353 1028 quaque
2399 957 2467 1010 ad
2500 956 2683 1029 dignm
2713 957 3026 1012 subtilitatis
3058 974 3298 1030 unguem
3333 974 3458 1013 esse
3515 959 3742 1030 expoli-

2130 1050 2263 1109 tum,
2315 1044 2591 1117 multaque
2640 1045 2801 1101 nimis
2848 1046 2901 1100 in
2952 1062 3018 1102 eo
3065 1046 3479 1118 reprehensioni
3524 1055 3735 1118 patere,

2132 1141 2239 1189 tam
2294 1134 2350 1189 in
2394 1135 2509 1201 ipsa
2558 1135 2850 1190 verborum
2892 1135 3311 1207 compositione,
3346 1153 3503 1209 quam
3535 1138 3642 1208 (16)
3672 1138 3731 1192 in

2130 1239 2314 1279 rerum
2365 1223 2622 1291 veritate;
2670 1225 2815 1296 quod
2859 1225 2990 1280 milii
3037 1224 3280 1296 profecto
3319 1234 3531 1281 constat
3572 1227 3731 1282 acci-

2127 1313 2277 1368 disse
2302 1327 2315 1367 :
2352 1313 2528 1383 primo
2557 1328 2631 1369 ex
2662 1312 2820 1369 officii
2850 1328 2980 1371 cura
3013 1332 3027 1369 :
3061 1323 3171 1371 tum
3211 1314 3551 1386 providentia
3580 1314 3736 1371 fami-

2128 1401 2283 1456 liaris
2313 1402 2411 1467 rei,
2463 1402 2564 1457 etsi
2609 1404 2821 1475 exiguae
2856 1421 2869 1458 :
2902 1403 3100 1459 deinde
3157 1405 3353 1461 crebra
3410 1405 3730 1476 corpusculi

2129 1501 2654 1573 meiinaequalitate;
2714 1510 3000 1573 postremo
3051 1518 3117 1558 ex
3173 1502 3449 1559 interioris
3491 1503 3731 1560 hominis

2131 1605 2294 1661 quam
2316 1590 2585 1660 pluribus,
2610 1590 2719 1646 imo
2740 1591 2949 1663 absque
2977 1607 3208 1647 numero
3267 1592 3553 1659 molestiis,
3581 1609 3728 1651 con-

2127 1679 2444 1750 ceptis,(t7)
2473 1678 2542 1735 de
2562 1680 2735 1746 novis,
2797 1688 2850 1735 et
2907 1681 3143 1737 insolitis
3184 1681 3374 1750 rebus,
3432 1699 3565 1754 quas
3631 1698 3731 1738 re-

2130 1776 2292 1838 pente
2309 1769 2508 1823 nostris
2537 1769 2729 1824 diebus
2761 1769 2825 1824 ad
2882 1769 3294 1841 dissipationem
3345 1771 3582 1826 omnium
3620 1772 3723 1827 ho-

2049 1863 2101 1924 B
2131 1867 2407 1912 nestarum
2439 1857 2637 1912 artium
2667 1875 2955 1932 emergere
2989 1874 3002 1914 :
3038 1875 3199 1915 nemo
3228 1867 3337 1914 tam
3369 1859 3560 1915 ferreis
3579 1877 3727 1931 prmo

2128 1942 2351 2009 cordiis,
2384 1943 2477 2015 qui
2508 1959 2616 1998 non
2650 1943 2825 2014 possit
2872 1943 3204 2017 praegravari
3260 1944 3589 2018 gravissimo
3628 1945 3734 2000 tri-

2130 2040 2294 2096 stitiae
2316 2056 2379 2097 ac
2404 2040 2611 2097 doloris
2638 2040 2907 2111 pondere.
2936 2042 3053 2098 Nec
3094 2041 3234 2099 clam
3265 2058 3352 2098 me
3395 2050 3500 2111 est,
3524 2042 3615 2114 qui
3663 2041 3736 2098 li-

2132 2129 2263 2184 bros
2289 2129 2604 2200 Sapientia,
2637 2139 2690 2185 et
2737 2130 2891 2200 ipsos
2921 2130 3165 2186 lacerant
3203 2142 3440 2195 sanctos,
3481 2131 3593 2187 nibi
3620 2146 3735 2195 non

2130 2233 2419 2289 parsuros;
2454 2219 2549 2273 sed
2581 2235 2701 2274 cum
2758 2219 2967 2291 ingenti
2999 2235 3225 2277 rancore
3282 2220 3443 2275 animi
3473 2221 3733 2294 indigna-

2130 2316 2304 2375 turos,
2339 2323 2447 2380 qua
2474 2309 2739 2363 animatus
2769 2308 3090 2378 temeritate,
3115 2310 3181 2365 ad
3228 2318 3334 2365 tam
3365 2308 3733 2367 difficillimam

2129 2398 2410 2453 materiem
2440 2412 2549 2453 non
2584 2398 2927 2454 extimuerim
2946 2415 3329 2471 prorumpere;
3361 2416 3527 2473 quare
3556 2398 3732 2456 sacris

2139 2494 2331 2549 litteris
2383 2494 2748 2551 reverentiam
2794 2510 2901 2551 non
2952 2496 3320 2562 servaverim;
3380 2512 3450 2552 ne
3501 2496 3730 2568 indigna

2129 2591 2435 2654 tractarem,
2499 2593 2549 2639 et
2616 2586 2786 2658 culpa
2832 2586 3052 2657 ingenii
3098 2586 3410 2642 detererem
3451 2586 3726 2655 (Ηοιυιτ.)

2129 2673 2342 2730 Tacitus
2372 2681 2551 2729 autem
2582 2690 2794 2729 mecum
2830 2682 3041 2745 reputo,
3075 2676 3218 2747 quod
3250 2691 3403 2731 rarus
3431 2682 3521 2729 aut
3549 2673 3729 2746 potius

2129 2763 2309 2818 nullus
2338 2764 2571 2833 scriptor
2631 2779 2728 2818 sua
2784 2764 3111 2820 auctoritate
3156 2764 3230 2819 ita
3270 2780 3505 2836 unquam
3552 2763 3730 2819 fretus

2128 2852 2305 2919 fuerit,
2340 2860 2398 2907 ut
2440 2852 2745 2923 principum
2799 2860 2853 2908 et
2910 2853 3220 2924 sapientum
3267 2852 3585 2909 defensione
3615 2867 3728 2909 non

2128 2941 2451 3010 indiguerit.
2491 2941 2717 2998 Flaccus
2750 2941 3003 2996 Horatius
3032 2942 3339 2998 Mecaanatis
3369 2943 3570 3014 gaudet
3596 2956 3725 3012 pm-

2130 3031 2304 3094 sidio;
2339 3032 2454 3101 (18)
2484 3031 2763 3087 Maronem
2797 3031 3081 3101 Virgilium
3105 3042 3249 3086 amat
3280 3031 3469 3097 Pollio,
3503 3031 3723 3104 utrique

2131 3120 2279 3175 favet
2309 3120 2537 3191 Augusti
2568 3120 2864 3190 imperialis
2893 3120 3162 3178 defensio.
3198 3120 3547 3178 Comicoium
3571 3119 3715 3191 lepi-

2129 3210 2388 3264 dissimus
2419 3209 2724 3273 Terentius,
2759 3209 3068 3265 concitante
3115 3209 3432 3266 mmulorum
3489 3208 3717 3276 invidia,

2140 3300 2323 3354 odium
2362 3298 2654 3355 incurisset
2686 3314 2780 3369 pro
2811 3298 3005 3371 gratia,
3039 3299 3142 3353 nisi
3193 3300 3282 3369 19)
3312 3297 3556 3370 Calliopii
3605 3296 3723 3353 cal-

2138 3387 2263 3443 lidis
2291 3388 2632 3462 argumentis
2661 3388 3068 3443 accusatoribus
3091 3388 3389 3444 obstitisset
3416 3386 3721 3458 prudentia.

2136 3476 2363 3533 Anicius
2386 3477 2614 3532 Manlius
2661 3477 2971 3549 Torquatus
2999 3477 3236 3544 Boetius,
3282 3475 3363 3532 vir
3408 3482 3722 3533 cunctarum

2134 3566 2332 3622 artium
2362 3565 2695 3638 perfectione
2716 3573 2770 3621 et
2799 3565 3077 3622 consulari
3106 3564 3372 3640 dignitate
3391 3565 3718 3638 praecipuus,

2131 3763 2354 3828 Christ.,
2386 3780 2436 3819 c.
2471 3765 2559 3830 16,
2589 3770 2748 3889 atauo
2775 3761 2907 3817 alias
2936 3763 3162 3834 saepius.
3185 3762 3289 3818 Alii
3303 3761 3431 3817 item
3462 3760 3611 3819 alibi.
3643 3761 3725 3819 De

2131 3835 2444 3889 septenario
2466 3850 2595 3889 vero
2627 3835 2642 3888 i
2685 3850 2771 3889 em
2805 3833 2976 3889 Philo.
3010 3834 3300 3889 iAllegur.
3347 3840 3403 3889 et
3431 3834 3512 3889 De
3534 3832 3718 3889 mundi

2130 3835 2444 3907 septenario
2466 3850 2607 3907 vero_
2627 3832 2771 3889 idem
2805 3833 2976 3907 Philo,
3010 3832 3029 3889 ι
3054 3834 3300 3907 Allegur.
3347 3840 3403 3891 et
3431 3834 3512 3891 De
3534 3832 3718 3890 mundi

2127 3906 2259 3974 opif.
2286 3907 2541 3962 Ambros.
2574 3905 2660 3960 De
2689 3905 3229 3978 Noe,AGregor._in'l
3256 3906 3431 3978 Reg.,
3488 3913 3542 3960 et
3583 3921 3719 3961 xxxv

2127 3978 2345 4043 Moral.,
2376 3994 2500 4047 cap,
2522 3979 2577 4047 7,
2609 3985 2663 4033 et
2694 3976 2897 4047 passim
2928 3976 3130 4033 caeteri.

2201 4049 2309 4118 (16)
2342 4048 2406 4104 1η
2438 4045 2631 4104 rerum
2660 4045 2919 4105 veritate.
2954 4049 3080 4103 Haec
3110 4045 3443 4103 infirmitatis
3465 4046 3711 4104 humanm

2128 4121 2380 4176 conscius
2410 4119 2544 4175 dicit
2574 4128 2972 4185 metuens,non
2998 4118 3205 4174 sciens.
3239 4120 3508 4174 Caeterum
3530 4134 3713 4175 sanam

2128 4192 2328 4261 ubique
2358 4191 2663 4248 doctrinam
2692 4190 2921 4245 sedulus
2953 4191 3123 4245 lector
3151 4189 3547 4261 deprehendet.

2198 4260 2308 4329 (t7)
2324 4263 2400 4318 De
2415 4262 2569 4320 novis
2583 4266 2637 4318 et
2652 4262 2903 4318 insolitis
2918 4264 3081 4318 rebus
3095 4303 3107 4316 .
3129 4262 3257 4317 Iniit
3268 4260 3485 4316 abbatis
3496 4277 3546 4316 m
3559 4261 3712 4317 Thio-

2123 4332 2294 4388 fridus
2322 4349 2467 4389 anno
2507 4336 2661 4397 1078,
2716 4332 2894 4405 tenuit
2942 4333 3009 4387 ad
3062 4348 3240 4405 usque
3295 4348 3494 4405 annum
3527 4333 3706 4405 1106,

2134 4406 2341 4476 Magna:
2370 4413 2483 4476 toto
2513 4419 2579 4476 eo
2600 4413 2848 4476 tempore
2869 4404 2923 4459 in
2946 4403 3190 4476 Ecclesia
3213 4404 3413 4461 turba.
3446 4403 3708 4476 Shismata

2121 4474 2343 4547 aliquot.
2378 4475 2520 4532 Illud
2550 4474 2933 4547 fmdis‘simum,
2975 4491 3083 4545 quo
3114 4474 3300 4547 Benno
3354 4475 3647 4547 cardinalis
3674 4491 3706 4529 a

2121 4544 2462 4601 sanctissimo
2493 4546 2690 4617 pontif.
2728 4547 2969 4617 Gregor.
2997 4544 3105 4617 VII
3145 4546 3439 4613 dissidens,
3482 4554 3538 4600 ut
3580 4544 3707 4602 alter

417 4611 619 4674 matico
648 4611 810 4694 etiam
838 4635 1027 4694 censu,
1058 4611 1427 4694 comportare.
1465 4611 1657 4694 Itaque
1685 4611 1876 4678 οὲηίιῐέ)
1921 4625 2007 4681 hic
2038 4611 2089 4670 D
2122 4618 2349 4687 Lucifer,
2381 4611 2708 4694 duodecimo
2724 4611 2873 4694 aligs
2874 4616 3197 4694 cardinales,
3216 4611 3471 4694 tanquam
3499 4617 3698 4683 stellas,

417 4705 645 4764 monere
673 4693 816 4748 hunc
844 4692 1183 4764 versiculum
1206 4702 1391 4749 mutuo
1444 4692 1717 4764 sumptum
1747 4698 1815 4749 ab
1841 4696 2010 4750 IIora-

417 4759 514 4838 tio,
546 4760 681 4838 ipso
696 4766 826 4838 ejus,
844 4762 1021 4838 primo
1050 4762 1234 4838 aditu.
1258 4766 1372 4820 Hoc
1394 4759 1607 4838 moneo,
1641 4767 1784 4838 quod
1816 4766 1868 4819 in
1889 4767 2011 4821 Vita

416 4832 590 4910 tetigi,
624 4833 1097 4910 Thiofridum,qui
1126 4836 1274 4891 nullo
1296 4836 1626 4910 eruditionis
1661 4832 1879 4910 genere
1910 4853 2008 4894 ca-

417 4903 659 4981 ruit'iion
683 4921 876 4981 pauca,
921 4903 1083 4962 etiam
1105 4921 1137 4961 a
1161 4908 1338 4978 poetis
1398 4908 1662 4973 hausisse,
1677 4903 1763 4963 'ut
1820 4908 2010 4981 legens

416 4974 535 5048 ipse
563 4974 964 5048 deprehendes.

487 5048 602 5117 (14)
632 5048 928 5121 Inscriptio
946 5049 1127 5114 tituli,
1194 5049 1507 5121 Epigraphe
1537 5050 1731 5120 psalmi
1784 5066 1852 5104 xv
1894 5059 2004 5107 est:

423 5118 1257 5193 TituliinscriplioipsiDavidQ
1286 5118 1674 5193 Versatissimo
1710 5122 1766 5176 in
1810 5121 2008 5178 divinis

414 5187 1141 5264 litteris_Thiofrirlo,g'verbag
1172 5192 1299 5247 inde
1328 5192 1382 5247 in
1413 5208 1495 5257 os,
1528 5193 1689 5264 inque
1719 5193 2005 5260 calamum,

418 5275 521 5386 ngc
548 5261 791 5333 opinanti
823 5262 1068 5319 veniunt.
1108 5261 1268 5333 Quod
1314 5265 1369 5319 in
1412 5265 1476 5319 D.
1513 5261 1786 5322 Bernardo
1821 5265 2007 5320 itidem

418 5344 451 5386 ο
492 5348 699 5386 serves.

417 5344 699 5389 ODSCTVBS.

449 5472 460 5483 .
488 5402 604 5475 (15)
626 5405 914 5483 Quoiam:
933 5406 1469 5483 volumina-septeni
1482 5408 1757 5483 capitula.
1777 5408 2009 5483 Enume-

422 5476 494 5549 ris
525 5476 785 5549 mysteria
814 5477 1135 5547 exsculpere
1184 5476 1384 5548 gaudet
1415 5480 1500 5534 hic
1529 5476 1783 5549 scriptor.
1817 5479 2010 5534 Hausit

420 5541 526 5600 hoc
551 5541 869 5622 afﬁnibus,
902 5541 1037 5618 quos
1052 5541 1239 5622 videas
1268 5558 1410 5604 totos
1441 5566 1589 5622 saepe
1609 5541 1668 5605 se
1689 5551 1755 5604 iis
1778 5552 2005 5607 immer-

420 5630 578 5687 gere.
602 5615 800 5693 _E_tiain_
812 5615 1265 5693 magnumillum
1304 5615 1681 5693 Augustinum.
1709 5623 1765 5675 Id
1786 5631 2009 5691 annoto,

419 5700 489 5739 ne
536 5688 707 5743 sciolo
753 5688 1259 5746 alicui—Thiofridus
1303 5688 1536 5749 levicula
1583 5694 1831 5748 videatur
1883 5688 2009 5749 esse

418 5761 987 5833 consectatus.‘l_’orro
1040 5763 1121 5833 de,
1165 5765 1513 5833 quaternario
1560 5779 1810 5827 numero.
1843 5766 2010 5819 multa

424 5824 594 5907 Ehilo.
631 5830 712 5907 De
726 5829 907 5907 Opific.
940 5832 1147 5907 mundi,
1182 5824 1239 5889 et
1274 5834 1392 5889 Vita
1417 5835 1638 5907 Moysis,
1672 5844 1728 5889 et
1761 5824 2007 5907 quaedam

424 5893 651 5970 Origen,
699 5893 1073 5969 in'Ezechiel,
1128 5903 1277 5958 boui.
1302 5893 1534 5978 l;Aug'.
1567 5893 1666 5961 lib.
1707 5893 1792 5963 ιη’
1836 5908 2001 5965 Doni.

2118 4705 2305 4745 secum
2337 4690 2520 4761 traxit.
2546 4690 2770 4761 Accessi
2792 4688 3109 4761 Berengarii
3131 4688 3509 4761 haeresiarchas
3526 4703 3701 4744 sacra-

2119 4761 2365 4815 mentarii
2396 4760 2722 4816 faedissimus
2756 4760 3108 4830 lapsus.post
3154 4760 3573 4816 recantationem
3608 4775 3702 4814 sae-

2117 4832 2241 4902 pius
2260 4833 2509 4887 iteratus.
2541 4833 2652 4886 Has
2673 4831 2909 4886 arbitror
2928 4831 3036 4888 dici
3058 4846 3142 4884 res
3156 4847 3325 4887 novas
3346 4836 3399 4887 ct
3420 4832 3692 4895 insolitas,

2116 4905 2369 4968 maxime,
2404 4904 2641 4959 Henrico
2673 4904 2922 4973 imperat.
2960 4902 3014 4973 id
3045 4902 3306 4971 temporis
3336 4911 3387 4957 et
3419 4902 3697 4973 imperium

2116 4984 2168 5029 et
2198 4974 2488 5030 ecclesiam
2534 4972 2814 5029 turbante:
2858 4981 2911 5028 et
2958 4972 3216 5030 incautis.
3267 4972 3355 5027 vel
3401 4972 3693 5029 ambitiosis

2116 5045 2389 5116 episcopis
2418 5045 2651 5115 turpiter
2672 5047 2718 5099 ei
2742 5044 3173 5100 adhaerentibus.
3214 5043 3347 5100 Vide
3376 5044 3679 5116 Baronium.

2150 5114 2164 5116 ⁷
2187 5114 2613 5186 (18)’Μανοηθιη
2638 5117 2929 5189 Virgilium
2961 5119 3121 5172 amat
3155 5116 3355 5172 Pollio.
3379 5115 3611 5187 Sumpsit
3636 5114 3696 5169 ab

2117 5187 2234 5244 ipso
2268 5188 2529 5244 Virgilio:

2115 5204 2234 5260 ipso
2274 5204 2529 5260 Virgilio:

2168 5304 2348 5360 Pollio
2367 5309 2524 5360 amat
2539 5307 2814 5372 nostram,
2830 5303 3082 5375 quamvis
3104 5303 3182 5359 sit
3202 5304 3438 5371 rustica,
3463 5318 3689 5358 musam.

2149 5412 2259 5477 (19)
2277 5411 2536 5483 Calliopii
2550 5411 2777 5468 callidis
2793 5412 3169 5483 argumentis.
3194 5409 3513 5483 Pleramque
3530 5424 3694 5483 exem-

2115 5483 2291 5554 plaria
2321 5479 2579 5550 Terentii,
2609 5489 2680 5537 ad
2711 5479 3047 5554 singularum
3091 5479 3493 5539 Commdiarum
3547 5479 3691 5537 finem

2114 5554 2355 5609 addunt:
2413 5555 2719 5625 Calliopiu:
2756 5553 3035 5609 reccnsui.
3088 5554 3186 5609 llic
3229 5562 3382 5609 actor
3407 5561 3616 5625 poetam
3651 5566 3681 5607 a

2115 5625 2399 5698 malevolis
2427 5622 2673 5698 graviter
2698 5634 3031 5698 accusatum.
3049 5624 3361 5698 rationibus
3379 5622 3512 5698 tueri
3527 5696 3532 5698 _
3548 5622 3688 5698 s_ol_et_.

2118 5694 2546 5768 VidePrologum
2558 5697 2680 5753 And
2686 5698 2786 5751 rite
2798 5695 3075 5755 Eunuchi.
3091 5697 3475 5768 Heautontim.
3492 5694 3689 5767 Adelph

2117 5776 2170 5824 et
2200 5765 2554 5839 reliquarum.
2601 5768 2762 5839 Quod
2811 5778 2999 5823 autem
3038 5765 3350 5839 Thiofridus
3390 5767 3505 5837 ejus
3536 5765 3686 5839 argu-

2116 5849 2300 5911 menta
2324 5835 2489 5894 vocat
2509 5835 2725 5911 callida,
2756 5839 2987 5911 maxime
3029 5838 3228 5896 fecisse
3249 5848 3399 5911 puto,
3422 5835 3484 5895 ut
3499 5835 3685 5893 allude-

2120 5918 2199 5969 ret
2225 5910 2298 5966 ad
2324 5924 2527 5969 nomen
2553 5908 2824 5982 Calliopii.
