3910 6412
205 388 310 445 317

1100 379 1369 437 FLORES
1440 382 1743 439 EPITPHlI
1817 379 2269 439 SANCTORUM.
2308 411 2377 421 —
2406 382 2533 437 LIB.
2576 385 2624 438 Ι.

3400 378 3509 439 318

201 526 329 568 cum
356 508 470 582 (20)
499 507 555 565 in
585 507 803 564 Latinos
849 507 1141 565 thesauros
1186 505 1242 561 in
1295 505 1469 579 signis
1495 507 1613 579 (21)
1659 523 1800 580 qua-
1830 508 1883 569 Α
1914 507 1968 562 in
1993 507 2108 579 (-22)
2145 508 2324 579 prima
2364 507 2653 580 tripartitae
2699 508 2892 566 Galliae
2923 506 3231 580 metropoli,
3257 507 3436 579 primo
3455 516 3516 566 et

200 598 361 657 drivii
390 597 756 655 transtulisset
778 598 1182 662 theoremata,a
1216 595 1523 668 Pythagora
1560 596 1805 651 omnium

197 688 403 746 veteris
483 686 845 758 philosophiae
907 685 1109 742 ducum
1167 683 1374 753 judicio
1457 685 1687 756 probata
1753 692 1806 742 et

201 784 450 845 excocta,
503 774 773 848 frequenti
819 782 998 829 tamen
1055 781 1107 828 et
1157 773 1347 828 humili
1403 782 1522 828 orat
1577 790 1804 844 precum

198 864 473 931 instantia,
521 872 577 920 ut
624 863 782 919 labor
837 862 928 917 ille
976 862 1289 934 Symmachi
1318 862 1532 932 patricii
1574 871 1805 933 paterna

199 955 536 1026 provehatur
581 951 778 1025 gratia.
827 953 1004 1022 Atque
1049 967 1171 1006 cum
1214 951 1345 1004 tanti
1393 950 1629 1006 nominis
1677 952 1800 1018 viri,

200 1041 619 1114 praeclarissimo
664 1039 843 1096 labori
893 1055 992 1096 suo
1040 1039 1250 1110 absque
1287 1038 1470 1095 favore
1519 1040 1804 1111 primatum

202 1131 312 1187 sint
338 1129 523 1198 difﬁsi,
555 1129 725 1185 multo
766 1127 939 1202 magis
969 1143 1094 1200 ego,
1129 1144 1293 1199 quem
1341 1144 1518 1200 neque
1568 1127 1803 1195 fortuna,

201 1236 383 1293 neque
438 1218 669 1276 scientia
723 1217 1093 1283 commendat,
1153 1216 1270 1271 sine
1346 1216 1523 1273 vestri
1579 1216 1805 1273 obtentu

200 1307 465 1382 praesidii,
496 1307 629 1362 nihil
667 1306 847 1362 habeo
878 1304 995 1377 spei
1025 1313 1077 1360 et
1120 1304 1361 1361 consilii.
1403 1305 1462 1360 Si
1492 1314 1678 1361 vestro
1708 1321 1804 1361 so-

200 1396 329 1463 lius,
365 1396 458 1470 qui
486 1398 690 1452 caelum
736 1395 890 1452 sedes
942 1394 1173 1451 Domini
1215 1395 1346 1466 (Isa.
1397 1409 1551 1464 var,
1596 1395 1665 1465 1),
1714 1393 1807 1466 qui

200 1487 566 1558 signaculum
583 1484 715 1540 estis
738 1483 1142 1541 similitudinis
1163 1482 1381 1539 Domini
1405 1484 1547 1553 (Act.
1571 1499 1670 1551 vn,
1689 1484 1801 1552 49),

201 1575 296 1648 qui
324 1578 612 1648 perfectus
642 1572 808 1630 divini
840 1573 1054 1628 decoris
1077 1572 1451 1637 eminentia,et
1470 1574 1676 1645 plenus
1702 1588 1804 1628 sa-

195 1660 420 1732 pientia
447 1657 666 1728 (Ezech.
688 1672 893 1724 xxvm,
921 1657 1027 1726 l2),
1046 1658 1107 1712 in
1127 1657 1308 1712 medio
1339 1657 1650 1728 ignitorum
1671 1656 1804 1727 lapi-

199 1748 338 1804 dum
366 1748 637 1804 inceditis
691 1745 885 1818 (ibid.,
931 1746 1022 1815 14)
1052 1745 1130 1814 ;si
1177 1753 1379 1811 vestro,
1414 1744 1662 1818 inquam,
1696 1760 1804 1817 ego

1912 597 2212 662 nobilitate,
2238 612 2301 652 ac
2331 596 2601 670 religione
2634 606 2776 654 tuter
2805 598 3098 655 defensore
3124 615 3137 652 :
3172 597 3323 653 nullo
3351 599 3513 655 modo

1913 702 2108 742 vereor
2135 685 2460 740 oblatrantis
2494 687 2711 742 invidiae
2740 688 2867 744 ledi
2897 703 3078 743 morsu
3108 695 3163 742 et
3205 688 3511 757 reprehen-

1913 775 2119 831 sione:
2194 774 2321 846 quia
2387 774 2478 829 ubi
2549 776 2738 831 radius
2813 776 3118 847 splendidae
3177 775 3512 831 auctoritatis

1911 872 2127 929 vestrm,
2159 863 2307 918 velut
2355 862 2526 933 ipsius
2576 864 2729 930 solis,
2779 864 3092 941 infulserit;
3141 864 3514 920 necessarium

1914 952 2013 1008 erit
2042 952 2365 1026 ignorantia:
2393 968 2532 1007 meae
2563 953 2823 1008 tenebras
2852 968 2963 1009 non
2990 967 3285 1023 apparere.
3323 953 3516 1009 Extra.

1911 1057 2052 1096 mam
2077 1056 2213 1111 ergo
2236 1056 2361 1096 meo
2396 1041 2553 1111 operi
2579 1057 2797 1097 manum
2820 1041 3101 1113 imponite,
3125 1045 3180 1097 et
3200 1056 3299 1112 pro
3327 1049 3516 1097 vestra

1911 1129 1966 1185 in
2015 1146 2103 1185 me
2153 1128 2556 1196 benevolentia,
2608 1146 2948 1200 supervacua
2996 1137 3269 1196 resecate,
3309 1129 3515 1187 hiantia

1912 1218 2182 1289 supplete,
2233 1229 2419 1273 errata
2475 1218 2754 1291 corrigite,
2814 1228 2867 1274 et
2924 1219 3208 1275 consultus
3263 1218 3514 1289 exemplo

1912 1305 2358 1378 prmdecessoris,
2387 1322 2453 1363 ac
2498 1308 2800 1375 nutritoris,
2834 1315 2886 1363 et
2928 1307 3198 1379 sanguine
3226 1307 3515 1380 pr0pinqui

1914 1395 2102 1462 vestri,
2139 1395 2344 1452 Udonis
2375 1394 2794 1466 archiprmsulis,
2817 1399 3040 1453 eterna:
3070 1395 3388 1462 memoriae;
3421 1395 3515 1467 qui

1914 1484 2077 1539 vitam
2130 1500 2356 1539 summae
2413 1485 2711 1541 sanctitatis
2736 1493 2792 1540 et
2845 1485 3127 1555 popularis
3171 1483 3371 1539 laetitias
3399 1484 3514 1554 (23)

1911 1572 2201 1638 Lwttwini,
2232 1589 2263 1627 a
2311 1588 2399 1627 me
2447 1572 2808 1646 qualicunque
2856 1573 2996 1644 stylo
3035 1573 3152 1644 (24)
3199 1580 3515 1629 caraxatam

1914 1661 2180 1745 (καράττω
2329 1661 2564 1744 καράξω)
2621 1671 2707 1726 sui
2764 1670 3059 1727 testimonii
3113 1670 3513 1742 corroboravit,

1913 1760 2160 1818 examine
2186 1779 2198 1815 :
2231 1762 2516 1817 commode
2539 1760 2682 1817 dicta
2712 1760 2893 1815 anima
2922 1758 3198 1815 alacritate
3226 1759 3509 1832 suscipite,

197 1846 367 1905 terra,
389 1836 647 1909 indignus
658 1835 897 1893 scabello
911 1834 1120 1906 pedum
1147 1834 1373 1891 Domini
1396 1835 1529 1905 (Isa.
1552 1850 1707 1902 var,
1724 1836 1800 1905 1),

1921 1859 1967 1908 et
1996 1851 2051 1906 id
2097 1859 2303 1907 nostrai
2331 1850 2561 1906 liberale
2589 1849 2791 1921 pignus
2836 1849 3108 1919 amiticiaa,
3140 1849 3197 1903 in
3241 1857 3513 1920 posteros,

200 1926 295 2001 qui
323 1926 530 1982 deﬂens
569 1922 872 1980 miserabili
902 1923 1095 1979 dolore
1141 1938 1417 1980 aerumnas
1462 1924 1636 1979 exsilii
1669 1923 1795 1993 mei,

197 2015 259 2071 in
274 2031 396 2070 mea
416 2014 658 2071 exclamo
675 2014 883 2069 exstasi
903 2028 915 2067 :
936 2013 1227 2085 Projectus
1244 2029 1369 2067 sum
1390 2030 1424 2068 a
1445 2014 1596 2083 facie
1618 2013 1804 2068 oculo-

197 2121 333 2164 rum
362 2104 587 2162 Domini
626 2104 803 2171 (Psal.
837 2117 979 2171 xxx,
1014 2102 1128 2171 23),
1159 2101 1310 2157 laeter
1339 2101 1717 2168 amminiculo,
1751 2109 1804 2156 et

275 2282 389 2364 (ᾓο)
415 2282 485 2364 In.
509 2283 735 2364 Latinos
753 2280 1096 2364 Ihesaur‘os.
1114 2278 1340 2364 Boetius
1373 2276 1725 2364 Fracte-ctione
1746 2276 1806 2331 in

200 2350 610 2410 Arithmeticam
639 2352 707 2406 ad
752 2351 1137 2422 Symmachum
1169 2352 1452 2421 patricium
1480 2366 1492 2402 :
1527 2352 1613 2405 Ea:
1645 2350 1798 2405 Grca-

201 2442 405 2483 carum
433 2424 730 2496 opulentia
759 2424 1090 2496 litterarum
1117 2423 1181 2476 in
1230 2423 1495 2478 Romana:
1523 2422 1800 2478 orationis

207 2495 559 2554 Thesaurum
584 2497 816 2565 sumpta
845 2495 1231 2549 convenimus.

273 2583 691 2665 (Quanam-inii
723 2582 1092 2665 Timoremata
1104 2582 1339 2665 ltursum
1356 2580 1576 2665 _Boetius
1605 2580 1801 2664 eodem

200 2653 374 2741 opere
400 2653 516 2727 cap.
572 2653 923 2710 .Prudentiw
942 2654 1207 2755 nobilitas
1226 2653 1464 2736 quodam
1493 2653 1655 2724 quasi
1675 2668 1802 2724 qua-

203 2728 385 2784 drwto
414 2730 746 2797 vestigatur.
767 2723 961 2797 Obscui
976 2742 1069 2779 am
1098 2728 1454 2797 sententiam
1482 2725 1701 2779 claram
1719 2726 1802 2793 fa-

205 2800 288 2855 cit
323 2799 544 2854 Boetius
560 2795 702 2851 mox
723 2796 914 2850 eodem
938 2797 1051 2851 loco
1066 2815 1083 2850 :
1107 2795 1687 2864 Multitudinem,quw
1702 2810 1803 2864 per

202 2886 265 2926 se
282 2868 762 2931 cst,arithmctica
782 2868 1116 2937 speculatur
1135 2865 1625 2937 integritalelam
1650 2880 1796 2930 vero,

205 2957 330 3014 qua
357 2940 431 2996 ad
449 2938 689 3014 aliquid,
703 2936 910 3014 musici
925 2936 1805 3014 modulaminis__temperament_a

202 3008 573 3086 per-noscunt.
583 3009 817 3086 _l_mmobi
825 3010 897 3086 lis
904 3024 1032 3086 vero
1044 3008 1481 3086 magnitudinis,
1493 3009 1803 3086 geometria

205 3080 479 3140 notitiam
499 3081 825 3151 pollicetur.
877 3080 1083 3136 Nobilis
1116 3080 1440 3151 scientiam,
1460 3080 1801 3151 astronomi-

207 3171 288 3212 ca'
315 3149 634 3223 disciplinis
661 3151 870 3223 peritia
900 3151 1232 3207 vindicavit.
1274 3150 1441 3206 Paulo
1471 3149 1650 3223 intra:
1694 3151 1802 3223 Hoc

207 3171 288 3212 σω
315 3169 459 3210 αυσι
501 3169 634 3206 tmte
661 3169 870 3223 parum
900 3169 1232 3207 vmatcuvu.
1274 3169 1441 3206 ramo
1471 3169 1650 3203 Intra:
1694 3169 1799 3205 ηοσ

205 3226 392 3299 igitur
433 3169 580 3281 illud
608 3220 968 3296 quadrimum
1015 3226 1120 3289 est,
1161 3237 1265 3294 quo
1294 3223 1367 3277 iis
1395 3219 1669 3277 viandum
1701 3222 1799 3287 sit,

1912 1939 2107 1995 vestris
2160 1940 2481 1995 auctoritate
2530 1937 2767 1993 nominis
2814 1938 3209 2004 transmittens,
3271 1937 3515 1995 archivis

1913 2037 2117 2087 sach
2134 2028 2397 2086 Ecclesiae
2427 2035 2748 2086 consecrate
2775 2042 2842 2085 ac
2866 2027 3123 2085 inserite.
3164 2026 3374 2083 Valete.

1914 2279 2110 2351 quibus
2158 2279 2537 2351 excellentior
2564 2277 2793 2351 animus
2824 2276 3174 2351 agnobiscum
3198 2277 3511 2351 procreatis

1913 2348 2195 2413 sensibus,
2215 2350 2285 2404 ad
2306 2350 2708 2419 intelligentiae
2734 2348 2982 2419 certiora
3010 2348 3366 2419 perducitur.

1985 2421 2098 2491 (22)
2131 2421 2320 2475 Prima
2356 2418 2681 2491 Tripartita:
2715 2418 2922 2474 Galliae
2962 2418 3283 2491 metr-apati.
3327 2418 3513 2491 Caesar

1910 2492 2043 2546 Bell.
2065 2490 2208 2546 Gall.
2232 2491 2357 2544 libr.
2380 2505 2419 2556 ι,
2440 2490 2520 2546 Sic
2547 2491 2791 2545 orditur:
2810 2490 2996 2545 Gallia
3018 2494 3105 2545 est
3123 2490 3313 2545 omnis
3329 2490 3513 2546 divisa

1907 2564 1972 2618 in
1992 2565 2186 2634 partes
2210 2566 2325 2618 tres
2341 2578 2359 2614 :
2383 2578 2624 2630 quarum
2641 2577 2818 2618 unam
2835 2561 3099 2634 incolunt
3116 2560 3317 2634 Belgis,
3332 2562 3513 2616 aliam

1908 2632 2212 2703 Aquitani,
2235 2634 2487 2698 tertiam,
2502 2634 2599 2704 qui
2615 2634 2865 2704 ipsorum
2880 2633 3079 2704 lingua
3101 2632 3291 2696 Celtae,
3312 2636 3514 2687 nostra

1911 2702 2058 2760 eam
2087 2702 2597 2774 appellantur.,Sic
2625 2702 2679 2759 et
2712 2702 3196 2774 Plin.libr.tv_cap.
3224 2703 3310 2757 17.
3333 2706 3514 2774 Agno-

1911 2775 2014 2830 scit
2044 2845 2049 2846 γ
2085 2772 2268 2846 itaque
2336 2773 2668 2846 Thiofridus,
2716 2774 2973 2830 Treviros
3038 2772 3231 2829 Gallia
3280 2772 3513 2846 Belgica:

1909 2845 2145 2902 nobilem
2172 2845 2541 2915 metropolim.

1982 2913 2419 2986 (23)Lwttwini.
2447 2917 2527 2973 De
2574 2914 2735 2984 hujus
2782 2914 2926 2981 Vita,
2955 2914 3011 2971 in
3057 2913 3321 2972 Tbiofridi
3367 2913 3509 2983 Vita,

1910 2988 2003 3043 ubi
2032 2988 2100 3042 de
2129 2987 2363 3056 scriptis.

1983 3060 2095 3130 (24)
2121 3055 2493 3115 Caraxatam.
2516 3057 2564 3112 Ε
2586 3057 3013 3130 Graeciavocem
3036 3058 3177 3113 hanc
3197 3055 3507 3125 transtulit,

1911 3146 1965 3194 et
1991 3126 2143 3194 Latio
2171 3137 2360 3212 habitu
2389 3138 2633 3194 donavit.
2673 3126 2932 3212 χαράττω
2961 3146 3045 3193 est
3074 3139 3290 3211 sculpo,
3308 3136 3509 3201 scribo,

1912 3218 2059 3275 fulur
2083 3208 2302 3293 χαραξω
2329 3218 2583 3275 Occurrit
2610 3208 2812 3275 iterum
2840 3217 3010 3274 infra.

1518 3373 1772 3445 Explicit
1804 3371 2194 3428 Prohemium.

210 3553 3498 3581 Μ*

1466 3681 1824 3742 INCIPIUNT
1879 3684 2253 3742 CAPITULA.

281 3843 330 3925 ξε
358 3842 435 3925 D_e
464 3856 527 3898 eo
555 3838 699 3925 quod
727 3839 1001 3925 Dominus
1025 3837 1410 3925 Deus‘n’oste'r,
1441 3851 1682 3907 magnus
1708 3837 1769 3925 in
1799 3837 2049 3925 magnis,
2071 3837 2370 3925 gloriosius
2389 3843 2663 3922 operetur
2688 3837 2752 3891 in
2781 3835 3059 3925 minimis.

283 3915 359 3993 ll:
386 3915 459 3993 De
490 3907 727 3993 spiritus
757 3914 813 3966 et
839 3909 1033 3992 carnis
1065 3912 1186 3993 post
1218 3907 1473 3993 duellum
1503 3907 1823 3993 concordia,
1856 3907 1911 3963 et
1941 3907 2249 3993 [ςιίεῖψῶ
2279 3910 2583 3993 utriusque
2611 3910 3006 3993 prrsroyativa.

283 3985 378 4040 III.

416 3978 565 4054 Quod
585 3982 752 4054 nulla
780 3981 974 4054 carnis
1001 3980 1323 4054 substantia
1352 3995 1524 4054 carne
1554 3982 1887 4054 sanctorum
1914 3980 1993 4035 sit
2022 3981 2280 4054 nobilior,
2315 3985 2456 4036 etin
2484 3978 2999 4054 ipsa'corruptione
3027 3978 3325 4051 gloriosor.

287 4057 382 4110 IV.
418 4050 495 4110 De
524 4053 782 4125 reliquiis
814 4051 1027 4123 Babyla:
1054 4051 1344 4125 martyris,
1370 4054 1425 4125 et
1458 4050 1520 4125 in
1550 4053 1876 4125 apostatum
1905 4052 2174 4125 angelum
2202 4056 2484 4125 potestate
2506 4050 2796 4107 hominis.

286 4127 358 4182 V.
397 4126 471 4181 De
491 4121 834 4182 Sanctorum
861 4121 1143 4178 somatum
1172 4121 1497 4176 suavissimi
1526 4121 1709 4177 odoris
1737 4121 2088 4192 fragrantia,
2122 4126 2177 4178 et
2203 4121 2411 4195 templi
2440 4123 2633 4190 Dei,et
2661 4138 2811 4178 arca:
2839 4125 2896 4177 et
2916 4121 3124 4179 altaris
3151 4121 3516 4194 coaptatione

212 4198 453 4254 mustica
465 4237 480 4252 .

337 4269 386 4323 Ι.
423 4268 500 4324 De
528 4266 657 4322 dote
686 4267 902 4320 sancta
928 4263 1154 4335 animae,
1187 4265 1245 4318 et
1270 4259 1340 4316 de
1376 4261 1557 4335 odoris
1588 4262 1660 4335 in
1680 4277 1881 4333 corpus
1911 4266 2318 4321 exanimatum
2352 4265 2766 4335 trans/‘usionc.

290 4341 412 4397 VII.
449 4340 528 4395 De
555 4336 834 4395 distantia
862 4336 1018 4391 inter
1045 4334 1317 4406 defuncta
1348 4334 1549 4389 veteris
1582 4333 1713 4406 Adae
1744 4338 1802 4388 et
1831 4335 1962 4390 novi
1990 4336 2121 4391 Adae
2152 4337 2406 4403 ﬁliorum
2436 4333 2676 4395 somata.

1540 4405 1883 4477 Expliciunt
1908 4407 2184 4479 capitula.

709 4732 1238 4845 FLORES
1339 4733 2065 4844 EPITAPHII
2186 4731 3012 4845 SANCTORUM

1413 4955 1789 5060 LIBER
1862 4955 2334 5095 PRIMUS

653 5278 1049 5337 CAPITULUM
1102 5279 1374 5336 PRIMUM

199 5391 276 5447 De
296 5404 358 5447 eo
376 5387 521 5461 quod
540 5385 816 5461 Dominus
841 5386 983 5442 Deus
1002 5389 1195 5461 noster
1213 5400 1457 5461 magnus
1478 5386 1542 5441 in
1562 5385 1810 5455 magnis,

512 5458 815 5531 gloriosius
846 5462 1109 5530 operetur
1137 5458 1200 5511 in
1228 5458 1507 5513 minimis.

272 5559 409 5615 Cum
440 5555 707 5613 Dominus
740 5556 884 5610 Deus
914 5562 1099 5609 noster
1128 5554 1197 5609 sit
1225 5570 1487 5626 magnus,
1520 5557 1574 5609 et
1609 5553 1814 5609 lauda-

201 5648 330 5705 bilis
356 5648 561 5707 nimis.
581 5649 643 5701 et
659 5643 1081 5715 magnitudinis
1098 5644 1220 5714 ejus
1235 5659 1352 5699 non
1382 5644 1457 5697 sit
1474 5644 1607 5711 ﬁnis
1635 5644 1810 5709 (Psal.

202 5752 390 5803 ccxxv,
414 5737 491 5808 3),
525 5732 753 5791 omnino
799 5731 1040 5799 difﬁcile,
1066 5731 1175 5786 imo
1224 5731 1561 5801 impossibile
1621 5739 1723 5797 est,
1758 5740 1815 5786 ut

199 5843 298 5899 pro
328 5822 709 5899 magnitudine
740 5821 833 5878 det
859 5821 1102 5892 gloriam
1136 5820 1296 5876 laudi
1327 5823 1447 5888 eius
1477 5822 1653 5893 (Psal.
1679 5836 1809 5890 va,

203 5918 280 5989 2.)
303 5917 473 5973 homo
504 5918 663 5971 terra
692 5915 751 5967 et
770 5907 921 5968 cinis
937 5909 1133 5979 (Eccli.
1157 5924 1217 5987 χ,
1236 5909 1312 5979 9).
1331 5908 1441 5967 Sed
1470 5910 1601 5983 quia
1627 5918 1813 5967 tamen

1923 5278 2174 5335 universa
2206 5286 2460 5336 creatura
2490 5278 2559 5334 ad
2600 5278 2931 5334 laudandum
2962 5279 3271 5335 Conditoris
3301 5279 3383 5335 sui
3418 5296 3527 5336 no-

1923 5384 2047 5424 men
2078 5377 2133 5423 et
2162 5367 2645 5441 magniﬁcentiam,
2679 5368 2910 5423 naturali
2955 5368 3254 5425 intentione
3287 5369 3524 5436 ducitur,

1924 5466 1977 5513 et
2006 5457 2184 5514 solum
2214 5466 2337 5529 post
2365 5465 2598 5513 mortem
2629 5457 2829 5523 carnis,
2862 5466 3172 5514 sanctorum
3204 5459 3528 5515 exercitium

1924 5554 1979 5602 et
2002 5547 2239 5618 jubilum
2282 5547 2492 5601 interna
2542 5545 2741 5603 divinae
2786 5545 3434 5619 gloriaecontemplatio,
3464 5564 3531 5605 ac

1922 5647 2127 5693 aeterna
2177 5636 2509 5692 collaudatio
2551 5651 2674 5691 esse
2723 5636 2983 5703 creditur,
3024 5653 3126 5694 nos
3169 5637 3371 5710 aliqua,
3406 5638 3530 5694 licet

1923 5724 2129 5792 intima,
2155 5725 2333 5796 portio
2363 5732 2629 5782 creaturae
2660 5725 2803 5794 ejus,
2826 5731 2880 5779 et
2906 5741 3045 5799 cpus
3074 5724 3373 5783 mamuum
3405 5728 3528 5798 ejus

1926 5816 2060 5887 (Job.
2110 5829 2316 5883 χχχιιι,
2351 5812 2459 5882 t9),
2492 5813 2719 5870 laudare
2741 5820 2796 5869 et
2822 5812 3131 5884 gloriﬁcare
3161 5814 3530 5875 essentialiter

1922 5912 1976 5963 et
1990 5920 2201 5962 summe
2220 5903 2650 5973 laudabilem,et
2659 5904 2966 5976 gloriosum
2983 5907 3048 5962 in
3060 5906 3302 5977 εωσαια(
3301 5904 3524 5963 Daniel.
