3910 6404
239 410 339 469 321

1162 407 1424 463 FLORES
1462 406 1804 462 EPITAPHll
1846 404 2288 462 SANCTORUM.
2332 437 2398 450 ——
2438 406 2562 462 LIB.
2606 410 2648 461 l.

3438 415 3540 469 322

235 535 396 591 oliva
419 534 481 590 in
505 535 664 591 domo
691 534 918 591 Domini
936 534 1597 605 [ructiferwgcrminant
1614 534 1728 603 (31)
1749 547 1829 587 ra-
1854 531 1911 593 A
1940 539 2111 587 morte
2141 548 2260 600 quae
2289 540 2369 586 est
2396 532 2591 587 solutio
2620 531 2815 587 animai
2844 548 2875 586 a
2904 548 3148 605 corpore,
3182 550 3288 590 non
3339 535 3537 606 ﬁnitur,

235 624 400 679 malia
421 622 649 693 (Jerem.
683 639 763 690 χι,
792 625 900 692 16),
934 623 1209 678 exstinctae
1246 622 1490 692 profecto
1521 620 1695 676 carnis
1724 622 1837 690 (32)

234 712 510 779 lemmata,
534 720 587 766 et
603 713 831 782 faciunt
848 728 1086 779 comam,
1106 712 1266 784 quasi
1280 726 1412 768 cum
1433 712 1687 781 primum
1703 712 1839 765 sunt

232 801 503 874 plantata
534 794 672 871 (Job.
707 816 820 867 xxv,
855 803 909 870 9)
960 808 1012 855 et
1057 807 1359 870 compacta,
1408 798 1839 868 viriditatemque

235 903 389 944 suam
408 888 696 943 ostendunt
726 888 779 941 in
811 887 1004 943 affectu
1062 887 1363 943 admirandi
1420 887 1617 956 operis,
1677 902 1838 956 quam

236 992 270 1031 a
297 976 606 1032 conditione
636 975 824 1031 mundi
853 976 1153 1031 habuerunt
1184 976 1235 1029 in
1268 975 1603 1046 praescientia
1643 973 1839 1029 condi-

235 1066 383 1120 toris.
418 1065 664 1135 Denique
695 1065 990 1121 secundum
1021 1064 1356 1119 immutabile
1400 1063 1599 1121 divina:
1645 1064 1840 1118 decre-

237 1160 349 1207 tum
377 1153 753 1223 providentiae,
788 1170 909 1223 quae
943 1154 1234 1208 electorum
1283 1168 1405 1207 cum
1445 1152 1672 1220 animas,
1728 1158 1839 1206 tum

234 1248 345 1297 tam
375 1258 626 1311 corpora,
661 1257 822 1312 quam
862 1241 1046 1296 omnia
1076 1241 1143 1296 ad
1182 1248 1450 1295 somatum
1482 1248 1745 1308 naturam,
1788 1248 1845 1295 et

236 1345 638 1402 quamcumque
670 1330 1119 1386 necessitudinem
1162 1328 1461 1397 attinentia,
1511 1328 1842 1400 inexcogita-

229 1418 353 1487 bili,
394 1427 447 1473 et
501 1419 915 1489 incomparabili
980 1418 1146 1474 modo
1210 1418 1452 1474 decrevit
1514 1414 1837 1490 gloriﬁcare,

230 1508 392 1577 mira,
427 1514 480 1562 et
507 1509 856 1563 vehementer
884 1506 1166 1578 stupenda,
1199 1523 1295 1579 per
1322 1507 1572 1562 virtutem
1618 1522 1682 1561 ac
1726 1522 1840 1560 me-

228 1595 395 1651 ritum
426 1594 739 1651 sanctiﬁcati
798 1595 1029 1666 Spiritus
1086 1596 1187 1662 sui,
1247 1603 1555 1665 operantur,
1615 1594 1838 1664 ejusque

228 1684 667 1740 inaestimabilem
698 1684 753 1738 in
783 1683 1237 1755 contemplatione
1275 1684 1483 1738 interna
1538 1683 1733 1737 summi
1787 1690 1841 1737 et

229 1772 681 1843 incircumscripti
712 1773 942 1843 Spiritus
970 1773 1069 1827 Dei
1098 1774 1357 1828 honorem
1399 1778 1452 1826 et
1478 1769 1835 1843 magniﬁcen-

1946 619 2056 675 imo
2086 619 2358 689 perﬁcitur
2389 639 2401 674 :
2434 636 2544 677 non
2572 619 2769 689 deﬁcit,
2801 620 2896 675 sed
2943 622 2999 675 in
3045 631 3395 694 augmentum
3443 627 3542 682 Dei

1947 709 2173 779 proﬁcit.
2198 710 2312 779 (34)
2336 709 2471 764 Caro
2501 709 2765 779 siquidem
2792 709 3080 783 subjugata
3117 711 3334 783 spiritus
3361 714 3540 786 impe-

1945 797 2048 863 rio,
2071 798 2222 867 quasi
2243 813 2407 852 unum
2430 814 2551 852 cum
2575 813 2638 853 eo
2662 796 2907 863 efﬁcitur,
2933 799 3087 868 cujus
3107 807 3352 856 naturam
3372 804 3546 873 sequi-

1947 892 2051 953 tur,
2083 884 2245 956 ﬁtque
2273 886 2584 957 spiritualis,
2637 887 2773 941 sicut
2829 903 2858 941 e
2906 889 3171 944 contrario
3228 890 3446 960 spiritus
3498 892 3544 948 si

1947 973 2260 1046 degenerat,
2292 974 2335 1028 si
2366 974 2689 1030 conditionis
2729 982 2782 1029 et
2836 974 3113 1048 dignitatis
3165 994 3278 1033 suae
3334 996 3542 1051 praero-

1945 1063 2187 1135 gativam
2217 1079 2324 1118 non
2354 1062 2672 1133 considerat,
2707 1064 2751 1118 si
2802 1079 2834 1119 a
2882 1081 3042 1119 carne
3088 1065 3336 1136 vincitur,
3389 1076 3445 1124 et
3488 1070 3545 1126 in

1944 1152 2255 1206 servitutem
2285 1151 2566 1224 redigitur,
2594 1150 2651 1206 ﬁt
2681 1154 2910 1208 carnalis
2940 1169 2953 1206 :
2987 1162 3041 1208 et
3084 1155 3218 1210 sicut
3261 1158 3379 1212 haec
3428 1174 3546 1215 m0-

1944 1240 2193 1305 rientem,
2209 1240 2287 1295 sic
2307 1240 2396 1295 ille
2419 1256 2668 1297 vermem
2685 1241 2859 1310 pascit
2876 1256 2994 1297 non
3022 1244 3363 1301 morientem
3408 1247 3541 1317 (Isa.

1946 1344 2100 1398 LxVI,
2132 1330 2200 1384 24
2222 1343 2236 1398 ;
2260 1330 2397 1385 Mar.
2417 1345 2498 1395 ix,
2526 1331 2613 1398 43,
2648 1332 2737 1395 45,
2769 1332 2881 1399 47).
2915 1330 3145 1401 Spiritus
3169 1332 3297 1389 item
3326 1351 3542 1393 carnem

1944 1433 2097 1472 suam
2126 1433 2288 1486 quam
2319 1416 2526 1484 afﬂixit,
2579 1426 2632 1473 et
2675 1419 3121 1490 concupiscentiis
3164 1421 3275 1476 suis
3311 1424 3544 1480 mortiﬁ-

1947 1505 2110 1570 cavit,
2140 1504 2473 1576 gloriﬁcatus
2500 1505 2814 1578 gloriﬁcat;
2868 1514 2919 1562 et
2966 1524 3063 1579 per
3116 1509 3271 1578 cujus
3325 1513 3547 1569 mortiﬁ-

1944 1593 2233 1660 cationem,
2266 1602 2494 1649 mortem
2526 1594 2713 1663 evasit,
2744 1602 2798 1649 et
2816 1594 2989 1650 beatae
3017 1596 3142 1653 vitae
3172 1600 3367 1655 meruit
3392 1610 3546 1658 aeter-

1945 1682 2167 1737 nitatem
2203 1702 2214 1737 :
2251 1690 2369 1753 post
2397 1680 2581 1752 ﬁnem,
2613 1699 2721 1738 non
2758 1681 2918 1749 ﬁniri,
2961 1693 3079 1755 post
3125 1690 3542 1760 corruptionem,

1944 1769 2037 1825 dat
2065 1772 2179 1840 (35)
2239 1770 2655 1841 incorruptionis
2708 1772 2884 1843 gloria
2928 1776 3290 1842 supervestiri.
3350 1777 3549 1836 Omnia

228 1862 362 1917 tiam
386 1869 664 1931 testantur,
696 1868 747 1915 et
776 1878 898 1916 cum
927 1868 1172 1916 arescant
1201 1868 1253 1915 et
1281 1860 1415 1915 nihil
1445 1860 1551 1914 sint
1586 1876 1683 1931 per
1731 1875 1789 1915 se
1820 1874 1835 1928 ;
1869 1886 1920 1948 Β
1945 1859 2188 1931 praemia,
2221 1860 2405 1915 omnia
2433 1860 2650 1931 spiritus
2676 1861 2878 1933 gaudia
2934 1862 3247 1934 adipiscitur
3296 1883 3443 1936 caro,
3500 1870 3547 1926 si

231 1950 527 2016 virescunt,
560 1958 614 2005 et
640 1957 761 2005 sunt
788 1965 887 2019 per
914 1966 1058 2019 eum,
1091 1949 1181 2020 qui
1214 1950 1329 2019 (33)
1372 1948 1621 2021 regnavit
1667 1948 1721 2002 in
1763 1965 1841 2018 se,

225 2039 341 2111 qui,
373 2037 688 2094 conﬁrmato
722 2038 977 2110 ingenitae
1005 2037 1227 2093 rationis
1255 2037 1525 2105 examine,
1558 2037 1840 2108 erraticos,

224 2144 291 2183 ac
339 2126 732 2182 irrationabiles
760 2134 959 2195 motus,
1010 2126 1216 2181 ratione
1288 2126 1539 2194 correxit,
1598 2131 1651 2180 et
1697 2140 1843 2181 com-

224 2216 422 2287 pressit
441 2215 542 2271 sub
579 2232 657 2270 se.
709 2217 938 2271 Possunt
976 2230 1330 2286 quaecumque
1375 2213 1546 2281 dives,
1607 2221 1661 2269 et
1711 2212 1845 2268 nihil

226 2305 483 2361 haesitans
510 2312 748 2359 meretur
774 2303 925 2373 ﬁdes,
959 2312 1181 2375 possunt
1233 2304 1476 2375 profecto
1545 2318 1643 2375 per
1693 2303 1846 2358 habi-

238 2401 467 2450 tatorem
499 2394 774 2464 quondam
805 2400 858 2447 et
883 2393 1244 2462 professorem
1294 2408 1471 2460 suum,
1529 2392 1621 2461 qui
1674 2408 1733 2447 se
1788 2392 1845 2446 in

236 2486 342 2540 hac
370 2483 500 2551 vita,
534 2499 565 2538 a
595 2482 824 2538 vinculis
852 2482 1113 2552 corporis,
1157 2488 1350 2551 morte,
1407 2497 1569 2552 quam
1622 2481 1843 2538 virtutes

243 2579 520 2644 praestant,
568 2571 832 2639 dissolvit,
891 2571 982 2641 qui
1038 2586 1323 2642 corporeus
1379 2570 1660 2624 illecebras
1704 2585 1840 2624 con-

237 2660 472 2731 tempsit,
505 2659 595 2730 qui
625 2658 974 2730 cupiditatum
1005 2658 1188 2714 dulces
1232 2658 1472 2727 insidias,
1504 2658 1840 2729 reliquasque

235 2763 427 2805 omnes
457 2756 649 2803 exutus
695 2748 991 2819 passiones,
1053 2748 1282 2803 claustra
1336 2748 1511 2802 carnis
1561 2754 1839 2802 transcen-

233 2838 333 2906 dit,
367 2844 419 2893 et
448 2837 517 2891 ad
555 2837 948 2908 possessionem
986 2853 1160 2904 suam,
1220 2836 1342 2891 cceli
1402 2835 1679 2907 palatium,
1731 2836 1843 2891 fere

229 2926 371 2981 liber
397 2925 655 2981 ascendit.
690 2925 799 2980 fere
856 2925 1011 2993 liber,
1072 2926 1313 2996 inquam,
1370 2931 1554 2994 utpote
1607 2924 1843 2981 edomita

233 3030 396 3070 carne
424 3015 598 3070 victor
624 3020 677 3068 et
706 3014 970 3070 Dominus
1000 3029 1014 3083 ;
1047 3022 1101 3069 et
1128 3015 1181 3069 in
1227 3013 1377 3069 nullo
1439 3014 1509 3082 ei,
1569 3014 1670 3067 nisi
1726 3014 1841 3069 solo

237 3103 519 3160 animandi
551 3110 606 3159 et
630 3102 920 3174 vegetandi
951 3101 1133 3159 ofﬁcio
1162 3102 1449 3159 obnoxius.

770 3289 1161 3347 CAPITULUM
1197 3291 1268 3345 II.

234 3451 317 3508 De
344 3451 616 3525 Spiritus,
640 3454 697 3507 el
732 3452 945 3515 carnis,
968 3454 1095 3523 post
1117 3450 1395 3517 duellum,
1436 3447 1755 3520 concordia,
1783 3451 1842 3505 et

511 3540 821 3611 felicitatis
845 3540 1147 3613 utriusque
1162 3540 1539 3611 praerogativa
1553 3579 1567 3593 .

305 3664 372 3720 Et
400 3663 681 3732 nimirum,
717 3679 839 3718 cum
871 3664 1035 3719 homo
1058 3663 1389 3730 compositus
1442 3663 1510 3717 sit
1563 3679 1629 3717 ex
1686 3678 1844 3718 carne

237 3764 304 3805 ac
334 3748 545 3817 spiritu,
579 3764 700 3818 qua:
719 3748 966 3804 invicem
998 3747 1107 3803 sibi
1150 3748 1529 3803 adversantur
1567 3747 1840 3819 (Spiritus

237 3837 393 3894 enim
415 3837 767 3910 concupiscit
788 3837 1057 3893 adversus
1080 3853 1337 3902 carnem,
1366 3840 1425 3892 et
1440 3852 1571 3892 caro
1581 3834 1847 3892 adversus

234 3926 508 3999 spiritum
524 3925 731 3995 [Galat
764 3940 820 3993 v,
848 3925 978 3995 17]),
1006 3932 1291 3996 postquam
1310 3927 1373 3980 in
1392 3926 1605 3980 virtute
1623 3925 1852 3996 Domini

230 4028 353 4087 pax
377 4012 679 4068 fueritdata
699 4013 1066 4085 (Psal.cxxr),
1105 4019 1155 4068 et
1184 4015 1345 4084 facta
1382 4012 1582 4068 carnis
1610 4012 1850 4082 mortiﬁ-

234 4107 367 4160 cata
385 4102 568 4175 (Rom.
594 4117 712 4172 vm,
747 4104 822 4172 3),
851 4109 1049 4173 quanta
1072 4108 1194 4156 ante
1222 4100 1510 4170 discordia,
1540 4107 1684 4156 tanta
1729 4107 1851 4173 post

231 4189 496 4260 duellum,
521 4191 659 4245 inter
679 4198 965 4262 utrumque
1007 4190 1264 4246 coalescit
1315 4188 1623 4259 concordia,
1683 4198 1738 4245 et
1791 4189 1846 4245 in

305 4387 420 4457 (31)
449 4387 734 4444 Romulia.
789 4386 909 4442 Vox
963 4383 1161 4445 Ovidio
1219 4392 1272 4440 et
1318 4384 1499 4442 Persio
1542 4393 1843 4457 usurpata;

238 4472 465 4530 quorum
497 4459 583 4513 hic
620 4476 631 4513 :

712 4574 919 4631 Veteris
947 4572 1195 4630 ramalia
1222 4573 1365 4644 fagi.

308 4690 423 4759 (32)
444 4690 757 4746 Lemmata.
778 4690 1028 4746 Graecum
1048 4695 1146 4743 est.
1165 4688 1452 4762 Reliquae,
1473 4678 1776 4760 Διιμματα,
1812 4688 1846 4744 ii

232 4762 419 4837 Mm,
451 4771 743 4842 Relinque.

315 4845 431 4911 (33)
455 4839 727 4913 Regnavit
738 4842 801 4897 in
814 4857 891 4897 se.
918 4840 1196 4913 Spiritum,
1219 4839 1333 4896 sive
1352 4840 1591 4913 animam
1611 4841 1848 4897 hominis

239 4911 638 4982 intellige,quaa
659 4927 874 4966 carnem
921 4911 1203 4982 depressit,
1226 4919 1284 4965 ut
1303 4911 1586 4966 attolleret.
1619 4912 1843 4982 Mortiﬁ-

236 4988 393 5042 catio
421 4982 535 5039 haec
563 4983 772 5052 dicitur,
796 4982 863 5037 de
911 4999 1017 5052 qua
1062 4982 1347 5051 Apostolus
1394 4982 1449 5036 in
1502 4984 1640 5038 hanc
1696 4999 1844 5038 eam-

238 5057 365 5111 dem
393 5055 711 5110 sententiam
733 5073 747 5108 :
771 5055 830 5109 Si
849 5055 1061 5126 spiritu
1079 5056 1239 5126 facta
1259 5056 1454 5109 carnis
1474 5054 1845 5126 morti/leave-

235 5125 801 5193 ritis,oiv:tis(Rom.
835 5124 955 5190 vin,
990 5124 1102 5193 13.)
1146 5124 1245 5180 Cui
1283 5125 1512 5194 apostoli
1563 5125 1704 5193 loco,
1756 5126 1845 5180 hic

236 5196 504 5254 Thiofridi
537 5196 712 5251 bonus
741 5203 820 5249 est
850 5196 1294 5251 commentarius.

312 5270 426 5337 (34)
461 5266 599 5322 Caro
614 5268 682 5337 ﬁt
705 5266 1199 5339 spiritualis._Non
1245 5273 1451 5339 mutata
1489 5274 1696 5339 natura,
1747 5265 1843 5321 sed

236 5339 567 5406 obedientia,
620 5345 673 5392 et
708 5337 925 5406 spiritus
972 5337 1289 5404 imitatione,
1340 5337 1421 5391 cui
1480 5353 1537 5391 se
1603 5338 1670 5392 ad
1747 5355 1844 5391 uu-

239 5420 354 5467 tum
377 5416 716 5489 attemperat.
751 5409 841 5463 Sic
869 5424 1066 5489 equum
1125 5410 1275 5489 quasi
1342 5408 1563 5489 rationis
1596 5408 1839 5489 partici-

311 5497 365 5536 m
396 5479 642 5546 dicimus,
674 5495 797 5534 cum
825 5479 1143 5550 eopalacer,
1204 5486 1257 5534 et
1311 5495 1435 5534 acer
1488 5479 1675 5550 tendit,
1734 5495 1841 5549 quo

278 5551 446 5608 omini
508 5550 789 5605 insidentis
852 5548 1108 5604 minimus
1189 5558 1346 5604 nutus
1426 5548 1666 5605 indicat.
1730 5548 1843 5605 Hac

236 5630 420 5680 mente
449 5621 625 5677 David
650 5639 661 5675 :
689 5619 792 5676 Cor
811 5635 1020 5683 meum,
1037 5623 1093 5676 et
1107 5636 1238 5678 caro
1256 5636 1383 5677 mea
1402 5623 1841 5678 exsultaverunt

235 5698 304 5753 in
320 5695 498 5752 Deum
522 5693 711 5748 vivum
734 5691 911 5755 (Psal.
930 5705 1167 5761 Lxxxm,
1194 5696 1268 5761 3).

314 5767 429 5834 (35)
461 5762 914 5835 Incorruptionis
933 5759 1119 5831 gloria
1167 5759 1554 5835 supernestiri.
1608 5762 1843 5834 Respicit

242 5832 376 5892 illud
405 5832 726 5908 Apostoliﬂ
756 5832 877 5889 Cor.
909 5845 1008 5908 xv,
1041 5834 1152 5901 53).
1185 5832 1435 5908 _0portet
1473 5832 1840 5908 corruptibile

242 5848 376 5892 illud
395 5848 647 5963 :pmt011
679 5848 726 5901 (ι
756 5848 877 5889 uor.
909 5848 1008 5899 xv,
1041 5848 1152 5901 53).
1208 5848 1435 5905 oportet
1473 5848 1840 5908 corruptione

241 5909 346 5968 hoc
372 5908 396 5965 i
478 5919 617 5961 uere
646 5902 1163 5975 incorruptionem.
1185 5904 1349 5960 Porro
1379 5904 1602 5962 verbum
1641 5905 1841 5979 Super-

1871 3244 1921 3309 Ο

1868 4606 1922 4667 D
1953 4620 1982 4659 e
2012 4606 2254 4676 pluribus
2284 4605 2416 4660 locis
2446 4606 2604 4659 simul
2626 4607 2855 4663 haurire.

1951 1948 2162 2020 spiritui
2216 1949 2517 2013 consentit;
2578 1950 2765 2005 omnia
2815 1952 3079 2023 supplicia
3133 1968 3322 2011 omnes
3374 1960 3550 2015 carnis

1952 2053 2222 2093 aerumnas
2248 2036 2449 2106 patitur
2486 2037 2733 2107 Spiritus,
2758 2038 2801 2092 si
2833 2055 2891 2095 se
2918 2041 3064 2095 carni
3093 2042 3381 2101 substernit
3409 2048 3545 2119 (36),

1952 2125 1997 2179 si
2026 2125 2145 2194 ejus
2170 2126 2453 2197 spurcities
2500 2126 2848 2183 immaculato
2905 2128 3039 2184 calle
3092 2147 3204 2186 non
3259 2136 3464 2204 transit,
3502 2137 3548 2193 si

1950 2215 2222 2270 clibanum
2252 2213 2395 2287 ignis
2422 2213 2558 2284 ejus,
2592 2224 2646 2270 et
2673 2218 2787 2287 (37)
2813 2218 2987 2274 ollam
3017 2235 3338 2292 accensam,
3382 2226 3547 2297 cujus

1948 2305 2131 2375 facies
2155 2311 2237 2360 est
2258 2321 2292 2359 a
2319 2305 2470 2375 facie
2499 2304 2806 2378 Aquilonis
2828 2308 3056 2375 (Jerem.
3082 2324 3120 2378 ι,
3155 2313 3264 2381 13),
3306 2329 3415 2369 non
3452 2331 3546 2370 ex-

1950 2393 2192 2465 stinguit.
2228 2393 2363 2448 Caro
2395 2392 2461 2448 de
2493 2402 2631 2449 terra
2666 2403 2899 2466 sumpta,
2955 2397 3050 2451 sed
3097 2401 3339 2470 terrenis,
3397 2404 3548 2460 volu-

1950 2481 2187 2553 ptatibus
2214 2488 2425 2537 mortua
2447 2483 2686 2537 ascendit
2714 2500 2835 2539 cum
2892 2485 3082 2554 spiritu
3134 2505 3343 2545 sursum
3375 2507 3391 2562 ;
3448 2495 3551 2565 spi-

1949 2570 2082 2625 ritus
2109 2570 2175 2624 de
2232 2570 2369 2625 caelo
2425 2579 2688 2641 sumptus,
2750 2572 2843 2627 sed
2901 2575 3211 2631 ctelestibus
3266 2578 3547 2639 desideriis

1950 2674 2059 2713 non
2115 2674 2388 2721 accensus,
2448 2658 2557 2714 imo
2613 2667 2755 2714 totus
2811 2662 2956 2716 carni
3013 2663 3223 2719 deditus
3275 2667 3553 2727 descendit

1949 2763 2070 2802 cum
2100 2763 2260 2802 carne
2288 2747 2539 2802 deorsum
2575 2768 2586 2803 :
2622 2756 2673 2803 et
2702 2749 2838 2803 sicut
2866 2752 2981 2805 hmo
3012 2752 3299 2810 infeliciter
3329 2759 3545 2829 victrix,

1950 2835 2008 2890 in
2034 2835 2279 2905 reprobis
2307 2852 2405 2890 nec
2436 2836 2573 2891 inter
2608 2837 2871 2907 supplicia
2923 2837 3121 2911 deﬁcit,
3186 2844 3280 2898 sed
3337 2863 3553 2920 semper

1951 2922 2249 2980 deﬁciendo
2278 2924 2532 2993 subsistit,
2566 2934 2619 2980 et
2644 2926 2924 2982 moriendo
2982 2945 3093 2984 non
3145 2934 3414 3006 moritur;
3473 2938 3551 2994 sic

1949 3013 2041 3069 ille
2085 3012 2351 3068 infelicius
2387 3014 2576 3080 victus,
2628 3030 2844 3084 semper
2894 3018 3247 3076 essentialiter
3291 3024 3548 3093 vivendo,

1951 3127 2060 3167 non
2089 3110 2242 3177 vivit,
2302 3110 2397 3165 sed
2452 3128 2559 3166 non
2617 3111 2896 3168 moriendo
2955 3116 3198 3185 moritur,
3257 3135 3366 3175 non
3420 3122 3551 3178 deﬁ-

1950 3199 2162 3266 ciendo,
2223 3215 2333 3255 non
2370 3199 2729 3266 subsistendo,
2792 3200 2991 3270 deﬁcit,
3052 3206 3308 3275 subsistit,
3367 3208 3551 3267 ﬁnitur

1951 3305 2185 3358 semper,
2218 3295 2273 3344 et
2290 3289 2405 3343 sine
2435 3287 2539 3343 ﬁne
2570 3296 2668 3343 est.
2692 3288 2738 3344 Ο
2769 3306 2930 3360 quam
2971 3291 3161 3348 infelix
3198 3296 3416 3367 spiritus
3443 3301 3548 3357 ho-

1949 3378 2133 3444 minis,
2167 3378 2211 3432 si
2237 3394 2269 3432 a
2289 3394 2448 3433 carne
2477 3394 2597 3448 quae
2629 3379 3020 3452 corrumpitur
3046 3386 3104 3438 et
3129 3395 3397 3457 aggravet
3425 3390 3551 3446 ani-

1947 3475 2277 3547 mam(Sap.
2312 3490 2392 3543 ix,
2430 3478 2538 3544 15),
2572 3475 2889 3545 deprimitur
2934 3487 2987 3534 et
3041 3481 3324 3540 obruitur!
3386 3503 3549 3558 quam

1954 3564 2086 3619 felix
2124 3579 2269 3631 caro,
2302 3580 2423 3635 quaa
2452 3579 2560 3619 non
2589 3564 2850 3635 renititur,
2874 3567 2968 3623 sed
3006 3570 3213 3642 spiritui
3257 3574 3503 3632 subditur
3532 3577 3547 3632 ι

1952 3668 2114 3723 quam
2148 3651 2277 3707 felix
2316 3653 2501 3721 homo,
2536 3653 2626 3723 qui
2658 3669 2750 3709 cor
2766 3671 2921 3710 suum
2952 3658 3021 3713 ad
3068 3660 3382 3734 Dominum,
3423 3665 3551 3721 diri-

1951 3751 2049 3823 git,
2081 3749 2236 3820 cujus
2290 3751 2535 3822 spiritum
2592 3752 2854 3808 Dominus
2909 3754 2979 3810 ad
3033 3774 3090 3811 se
3139 3760 3320 3829 trahit,
3371 3770 3429 3818 ut
3481 3764 3552 3819 ad

1954 3840 2413 3897 conversationem
2443 3839 2524 3894 sui
2582 3841 2851 3911 desiderii,
2912 3851 2965 3899 et
3018 3846 3292 3918 interiora,
3349 3859 3403 3906 et
3455 3868 3552 3908 ex-

1957 3928 2152 3983 teriora
2177 3928 2295 3998 ejus
2322 3936 2634 3999 commutet,
2662 3938 2720 3985 ut
2748 3931 2879 3987 nihil
2920 3932 3037 4002 jam
3094 3939 3261 3992 menti
3317 3942 3552 3998 exterius

1954 4015 2121 4073 libeat
2149 4017 2282 4072 nihil
2309 4033 2435 4073 caro
2464 4018 2702 4086 interius,
2735 4020 2821 4076 vel
2849 4022 2893 4076 si
2922 4025 3144 4094 appetit,
3182 4026 3406 4099 adipisci
3445 4039 3553 4087 stu-

1955 4105 2114 4175 deat;
2143 4105 2238 4161 sed
2268 4122 2449 4175 omne,
2481 4106 2627 4176 quod
2655 4109 2820 4164 homo
2873 4120 2971 4178 est,
3031 4113 3100 4168 ad
3154 4132 3299 4185 eum,
3358 4134 3391 4173 a
3446 4136 3553 4191 quo

1955 4202 2053 4264 est,
2077 4201 2131 4251 et
2156 4194 2377 4252 interius
2421 4195 2776 4254 desiderando
2825 4198 3053 4271 ferveat,
3102 4212 3157 4259 et
3206 4206 3440 4263 exterius
3494 4226 3553 4267 se

1952 4391 2509 4482 acerranis?
2525 4391 2699 4482 βρίειε
2734 4395 2804 4475 ξι,
2823 4395 2897 4482 ,ad.
2929 4398 3058 4482 Cor:
3084 4415 3205 4482 ce)-
3238 4418 3292 4469 νν
3323 4420 3464 4482 νεεδ-
3496 4407 3549 4482 ξ-

1954 4461 2113 4545 Quod
2137 4479 2244 4517 non
2262 4461 2624 4545 adnotassem,
2648 4464 2748 4519 nisi
2782 4461 2851 4545 ut
2857 4469 3017 4545 simul
3044 4461 3359 4545 indicarem,
3393 4461 3554 4533 fami-

1956 4533 2088 4620 liare
2119 4550 2233 4620 esse
2262 4533 2562 4620 'l'hiofrido,
2588 4550 2717 4620 cum
2749 4551 2779 4618 e
2817 4538 3091 4620 Scriptura
3136 4533 3358 4615 aliquid,
3378 4547 3550 4620 affert,

2068 4625 2254 4687 unous
2285 4625 2604 4687 lOClS‘SImUl
2626 4625 2855 4687 haurire.
2907 4625 3023 4666 Hoc
3043 4683 3059 4687 _
3079 4625 3395 4687 argumento
3451 4627 3550 4687 est,

1953 4677 2191 4757 undique
2221 4692 2344 4757 eum
2378 4677 2618 4757 plenum,
2672 4679 2916 4757 undique
2939 4677 3268 4757 _redundare
3299 4702 3313 4757 ;
3373 4696 3432 4744 ut
3484 4677 3554 4746 de

1951 4762 2017 4801 eo
2039 4747 2151 4823 dici
2181 4748 2351 4823 possit
2378 4766 2390 4802 :
2411 4749 2533 4823 _Hoc
2553 4753 2750 4823 ructat
2767 4747 2912 4823 quod
2932 4753 3087 4810 bibit.

2026 4822 2140 4888 (36)
2173 4819 2231 4876 Si
2260 4819 2452 4876 carnis
2500 4819 2810 4890 spurcities
2842 4823 3215 4883 immaculato
3256 4831 3404 4887 calle
3435 4848 3555 4890 non

1953 4891 2191 4947 transit.
2222 4889 2558 4945 Translatum
2588 4906 2654 4944 ex
2710 4891 2890 4949 ofﬁcio
2947 4895 3201 4954 Ecclesiae
3255 4899 3322 4956 de
3369 4889 3553 4960 sancta

2037 4969 2176 5015 nete.

1949 4965 2353 5117 Αῆἓὲίξὶὶιιαηι
2379 5047 2700 5117 accensam:
2721 5035 3035 5117 ‘A‘llegorias
3062 5045 3118 5117 et
3140 5056 3338 5117 5993!;
3365 5045 3551 5117 mysﬁ-

1950 5120 2044 5159 cos
2073 5104 2326 5173 frequens
2354 5103 2561 5157 miscet.
2596 5103 2738 5172 Quid
2768 5103 2880 5161 boc'
2899 5108 3018 5165 loco
3048 5110 3157 5166 olla
3193 5112 3221 5165 ?
3276 5103 3444 5171 Dicat"
3477 5117 3543 5171 D.

1950 5175 2246 5253 Gregorius
2274 5175 2523 5253 Magnus,
2565 5191 2726 5253 quem
2785 5187 2968 5253 noster
3009 5179 3297 5253 diligenter
3350 5186 3553 5243 lectita-

1949 5246 2046 5329 vit,
2070 5245 2152 5300 iac
2189 5261 2299 5329 no‘u
2338 5245 2503 5299 semel
2544 5245 2786 5329 allegatn
2826 5249 2981 5329 Olla_
3008 5245 3282 5311 succensa
3330 5257 3547 5329 (inquit,

1950 5317 2045 5372 lib.
2078 5330 2218 5371 xvm
2248 5317 2384 5369 Mor.
2575 5317 2670 5386 11)
2713 5324 2793 5373 est
2828 5335 2924 5375 cor
2968 5322 3280 5393 humanum,
3330 5317 3551 5385 saecula-'-

1950 5389 2088 5440 rium
2119 5403 2366 5440 curarum
2399 5403 2429 5440 a
2498 5387 2698 5440 oribus.
2749 5388 3245 5440 desideriommmm
3299 5401 3549 5440 nntiate-

1948 5389 2088 5466 rium
2119 5403 2366 5466 curarum
2399 5387 2708 5466 ardoribus,
2749 5388 3245 5466 desideriorumque
3268 5387 3278 5393 ⁷
3299 5401 3549 5457 anxieta-

1951 5459 2092 5533 tibus
2121 5457 2536 5533 ferven_s.__Qua3
2586 5475 2619 5513 a
2682 5460 2829 5533 facie
2876 5457 3529 5533 Aquilonis-succenditur

1950 5530 2005 5584 id
2023 5538 2141 5610 _est,
2210 5518 2451 5610 diaboliw
2480 5518 2953 5625 sugge‘stionibus-

1951 5601 2108 5680 enim
2151 5600 2331 5680 vocari
2371 5600 2605 5680 nomine
2636 5602 2948 5680 Aquilonis
2979 5607 3134 5680 solet,
3204 5611 3293 5680 qui
3362 5600 3544 5672 dixit:

1951 5671 2165 5755 sedebo
2227 5671 2283 5725 in
2349 5676 2992 5755 mpnnte'vte‘stamentihin
3029 5671 3284 5755 lateribus
3328 5671 3548 5755 Aquiloé

1948 5743 2363 5830 nisﬂsathv,
2393 5742 2516 5830 13.).
2536 5741 2669 5830 Yide
2698 5745 2853 5818 plura
2879 5741 2985 5817 ibi,
3019 5758 3072 5807 et
3116 5751 3358 5823 ejusdem
3390 5741 3546 5830 Iope-

1946 5816 2021 5872 ris
2049 5814 2145 5871 lib.
2175 5828 2382 5879 xxxm,
2415 5828 2463 5870 c.
2495 5814 2583 5869 41.
