3910 6390
437 418 535 472 323

1417 410 1783 469 THIOFRIDI
1820 405 2111 466 ABBATIS
2149 402 2734 467 EFTERNACENSIS

3639 415 3744 471 324

432 539 742 595 edomando
773 537 1107 609 constringat
1141 540 1153 593 l
1190 538 1322 593 felix
1355 538 1603 609 profecto
1635 552 1783 601 caro,
1809 551 1939 608 qua:
1954 534 2032 589 si-
2062 540 2118 603 Α
2152 533 2305 602 cujus
2327 536 2688 592 absconditus
2712 537 2994 594 cordisest
3019 539 3177 595 homo
3199 540 3262 595 in
3284 540 3745 615 incorruptibili-

433 627 546 684 mul
580 628 759 683 omnis
791 628 848 682 in
876 629 979 684 hac
1011 628 1124 682 vita
1156 626 1359 692 deﬁcit,
1392 643 1513 699 qua:
1556 628 1666 696 jam
1713 625 1877 680 nullis
1926 623 2040 678 suis

432 717 673 772 motibus
703 716 887 781 servit,
923 716 1020 771 sed
1049 716 1351 787 praesidens
1402 716 1627 783 spiritus
1677 723 1873 770 cuncta
1924 714 2040 781 ejus

433 805 585 861 ﬂuxa
616 806 908 878 restringit,
940 814 992 860 et
1022 805 1262 876 quodam
1289 803 1651 859 districtionis
1696 820 1809 858 suae
1856 801 2039 875 gladio

434 910 596 951 omne
628 894 779 966 quod
807 894 861 949 in
892 894 987 949 illa
1015 894 1157 949 male
1190 894 1408 949 vivebat
1436 892 1711 949 interficit.
1744 892 1893 947 Felix
1916 907 2043 963 pro-

432 983 521 1041 cul
553 983 719 1039 dubio
753 982 934 1038 omnis
964 982 1151 1047 homo,
1185 983 1278 1055 qui
1312 982 1522 1046 vivens,
1553 981 1606 1036 in
1656 981 1899 1037 cinerem
1954 996 2039 1034 re-

431 1072 684 1138 vertitur,
719 1071 811 1143 qui
842 1070 1190 1127 mortalitatis
1221 1087 1335 1126 sua;
1374 1087 1483 1127 non
1529 1069 1889 1135 obliviscitur,
1948 1068 2041 1141 qui

428 1169 551 1216 ante
580 1160 763 1217 carnis
798 1168 1058 1229 mortem,
1110 1160 1265 1216 carni
1321 1158 1566 1228 moritur,
1617 1159 1775 1229 cujus
1830 1158 2041 1212 interna

428 1249 542 1322 (38)
573 1250 786 1306 vermis
809 1250 1007 1320 (Psal.,
1035 1263 1160 1315 xm,
1185 1250 1242 1318 ’7)
1273 1249 1341 1304 de
1372 1247 1488 1303 sola
1518 1255 1572 1303 et
1604 1262 1745 1318 pura
1773 1254 1941 1315 terra,
1961 1246 2041 1300 in-

430 1347 698 1395 temerata
727 1338 982 1395 videlicet
1025 1338 1272 1410 Virgine,
1325 1346 1648 1409 procreatus
1699 1335 2030 1408 depascitur.

433 1436 579 1493 Felix
612 1436 857 1509 inquam,
891 1436 982 1508 qui
1010 1436 1122 1505 jam
1149 1451 1257 1491 non
1314 1443 1395 1490 est
1455 1435 1510 1489 in
1569 1450 1765 1501 carne,
1826 1433 1925 1489 sed
1985 1433 2038 1487 in

429 1526 622 1597 spiritu
654 1525 809 1593 cujus
845 1542 1049 1598 corpus
1088 1529 1381 1580 mortuum
1429 1528 1513 1579 est
1551 1527 1781 1596 propter
1832 1537 2041 1596 prcca-

430 1615 816 1686 tum,spiritus
829 1630 953 1670 vero
972 1615 1108 1669 vivit
1119 1618 1351 1685 propter
1350 1614 1382 1684 j
1388 1612 1833 1681 ustiﬁcationem
1854 1615 1909 1667 et
1925 1627 2045 1667 cor-

425 1704 579 1776 poris
596 1704 687 1759 sui
707 1706 1006 1776 exspectat
1023 1703 1473 1775 redemptionem
1498 1702 1807 1769 (Rom.v1n,
1830 1699 2035 1771 10,23).

426 1792 671 1865 Cumque
700 1792 754 1846 in
782 1806 893 1848 uno
924 1792 1142 1846 homine
1172 1790 1281 1845 duo
1332 1790 1438 1844 sint
1492 1789 1761 1855 homines,
1811 1788 2040 1843 interior

2153 628 2272 678 tate
2293 626 2471 697 quieti
2490 626 2799 683 etmodesti
2814 627 3080 700 Spiritus,
3103 631 3197 702 qui
3228 631 3289 684 in
3313 635 3616 703 conspectu
3641 630 3747 686 Dei

2152 723 2397 796 locuples
2422 730 2505 781 est
2528 727 2716 786 (IPet.
2750 743 2830 793 111,
2864 731 2939 798 4),
2979 728 3161 802 pergit
3215 728 3309 784 ubi
3364 730 3468 785 vita
3526 738 3628 798 est,
3688 736 3745 786 et

2149 812 2287 868 sicut
2308 816 2367 869 in
2378 816 2895 887 profundissimam
2931 818 3229 889 infernum
3253 818 3593 876 descendunt
3616 836 3733 876 om-

2148 902 2247 957 nia
2261 903 2481 974 reprobi
2516 904 2813 962 inlecebris
2830 906 3008 962 carnis
3020 909 3295 964 abstracti
3329 913 3384 963 et
3413 908 3595 966 illecti
3621 909 3745 982 (Job

2147 1006 2287 1057 xvn,
2334 993 2402 1047 16
2431 1009 2443 1057 ;
2481 995 2600 1050 Jac.
2644 1010 2681 1060 1,
2722 997 2835 1063 14),
2866 1003 2921 1050 ut
2953 1012 3056 1052 nec
3089 998 3190 1052 hoc
3220 996 3323 1052 eia
3354 1005 3618 1054 tormento
3672 997 3749 1054 sit

2146 1077 2398 1147 liberum,
2444 1082 2588 1154 quod
2626 1083 2717 1140 hic
2774 1084 3032 1157 relinquit
3073 1092 3389 1155 mortuum;
3438 1086 3516 1143 sic
3560 1087 3749 1143 omnia

2150 1166 2291 1240 ejus,
2325 1170 2415 1242 qui
2446 1170 2501 1225 in
2531 1172 2734 1228 mundo
2767 1180 2920 1228 extra
2949 1174 3209 1229 mundum
3260 1182 3362 1242 est,
3420 1175 3490 1231 ad
3544 1175 3747 1232 coelum

2148 1258 2411 1314 cmlorum
2442 1261 2764 1329 ascendunt,
2799 1268 2857 1317 ut
2886 1278 2989 1319 nec
3016 1262 3072 1318 id
3104 1262 3247 1335 quod
3296 1279 3368 1319 ex
3409 1280 3469 1320 se
3504 1264 3747 1321 insensi-

2148 1346 2257 1402 bile
2296 1346 2350 1401 iu
2390 1355 2545 1403 terra
2584 1348 2810 1419 deserit,
2878 1350 2948 1406 ab
3013 1351 3227 1407 interna
3288 1353 3748 1410 remunerationis

2150 1436 2328 1508 gratia
2350 1437 2590 1493 immune
2623 1438 2694 1493 sit
2725 1454 2739 1509 ;
2774 1440 2873 1494 sed
2904 1455 3056 1507 caro,
3090 1457 3211 1512 qua:
3246 1439 3299 1495 in
3329 1441 3595 1510 omnibus,
3638 1458 3746 1499 co-

2149 1540 2266 1579 mes
2295 1532 2348 1581 et
2377 1525 2658 1598 particeps
2689 1526 2786 1582 fuit
2813 1528 3017 1584 laboris
3065 1536 3118 1585 et
3173 1528 3619 1595 mortificationis,
3672 1531 3749 1588 sit

2148 1613 2310 1668 etiam
2332 1629 2562 1670 consors
2593 1616 2818 1672 honoris
2866 1625 2918 1673 et
2973 1616 3410 1690 gloriﬁcalionis.
3467 1620 3638 1691 Igitur
3695 1620 3747 1675 si

2147 1716 2371 1758 carnem
2396 1703 2634 1759 damnati
2694 1707 2997 1776 peccatoris
3054 1714 3287 1778 spectes,
3344 1708 3470 1781 quid
3523 1709 3748 1766 homine

2147 1790 2435 1860 abjectius,
2470 1793 2600 1863 quid
2627 1793 2864 1864 putidius
2892 1794 2920 1848 ‘l
2948 1794 2995 1849 si
3036 1794 3309 1865 spiritum,
3353 1795 3481 1868 quid
3510 1798 3746 1852 misera-

426 1888 479 1936 et
504 1879 759 1946 exterior,
791 1886 846 1935 et
874 1879 982 1934 duo
1015 1894 1179 1933 unum
1213 1879 1343 1947 sint,
1375 1877 1505 1933 felix
1535 1877 1721 1949 utique
1774 1875 1866 1931 ille
1921 1883 2028 1941 est,
2064 1906 2116 1967 Β
2149 1879 2328 1946 bilius,
2362 1879 2495 1952 quid
2522 1882 2890 1937 damnabilius
2920 1883 2948 1936 ?
2978 1883 3034 1939 Si
3077 1883 3206 1939 item
3251 1893 3507 1956 spectatae
3547 1884 3750 1942 sancti-

424 1969 480 2025 in
502 1985 610 2043 quo
650 1966 710 2023 fit
738 1968 890 2033 illud,
921 1968 1069 2040 quod
1097 1968 1361 2039 scriptum
1388 1976 1469 2022 est
1496 1967 1586 2023 :Si
1608 1967 1715 2023 duo
1737 1981 2036 2022 consense-

425 2061 548 2116 rint
564 2059 631 2114 de
651 2059 807 2114 omni
829 2073 888 2114 re
901 2072 1295 2129 quamcunque
1306 2058 1587 2129 petierint
1604 2055 1705 2125 ﬁet
1719 2056 1799 2110 eis
1816 2057 1942 2110 aPa
1952 2059 2035 2110 tre

427 2147 674 2214 meo,ubi
689 2148 843 2203 enim
856 2147 964 2203 duo
981 2147 1311 2219 congregati
1326 2146 1550 2216 fuerint
1563 2147 1625 2200 in
1643 2146 1874 2200 nomine
1887 2160 2032 2210 meo,

424 2238 503 2296 ibi
525 2254 656 2294 sum
693 2237 756 2293 in
797 2235 982 2292 medio
1003 2250 1197 2291 eorum
1224 2236 1444 2304 (Matth.
1477 2248 1639 2299 xvm,
1677 2235 1781 2302 t9).
1815 2232 2039 2287 Summa

428 2327 630 2399 quippe
662 2334 719 2381 et
746 2325 960 2380 interna
992 2322 1229 2379 felicitas
1281 2332 1363 2379 est
1409 2321 1647 2378 hominis
1691 2322 1745 2376 in
1803 2336 2036 2391 corpore

426 2414 852 2489 peregrinantis,
883 2414 931 2468 si
959 2412 1014 2467 in
1043 2412 1225 2468 medio
1254 2412 1485 2469 duorum
1515 2426 1682 2466 unum
1714 2410 2038 2465 habentium

429 2502 977 2570 consensum,media
986 2507 1072 2558 tor
1090 2504 1187 2558 Dei
1204 2506 1260 2557 et
1275 2501 1761 2561 hominumhomo
1781 2500 2037 2555 Christus

425 2593 586 2651 Iesus
615 2601 698 2649 est
720 2593 769 2664 (Ι
790 2594 928 2648 Tim.
962 2607 1023 2657 11,
1050 2591 1126 2661 5),
1153 2592 1243 2663 qui
1257 2607 1377 2663 pax
1401 2594 1619 2658 nostra,
1639 2592 1781 2660 fecit
1797 2593 2037 2662 utraque

426 2706 630 2757 unum,
651 2692 705 2747 et
731 2690 987 2746 medium
1010 2690 1294 2761 parietem
1329 2689 1592 2743 macerice
1604 2688 1771 2742 solvit
1788 2685 2039 2742 inimici-

426 2782 538 2837 tias
551 2782 613 2835 in
626 2796 800 2836 carne
818 2795 941 2847 sua,
960 2783 1027 2835 ut
1042 2778 1181 2833 duos
1198 2777 1463 2833 conderet
1478 2777 1541 2831 in
1559 2794 1669 2833 uno
1685 2776 1931 2838 homine,
1951 2777 2036 2846 fa-

422 2872 579 2927 ciens
589 2885 808 2942 pacem,
834 2872 890 2924 et
906 2867 1307 2923 reconciliaret
1324 2870 1591 2939 utrosque
1606 2867 1670 2920 in
1684 2880 1795 2920 uno
1809 2879 2039 2937 corpore

423 2959 532 3015 Deo
545 2975 648 3032 per
660 2955 1623 3026 crucem,interﬁciensinimicitias
1636 2954 1699 3009 in
1710 2954 2035 3025 semetipso,

423 3052 490 3104 ut
516 3048 579 3104 in
612 3051 849 3120 utroque
878 3061 1168 3101 accessum
1185 3043 1491 3101 habeamus
1513 3045 1577 3099 in
1598 3058 1712 3099 uno
1732 3044 1948 3115 spiritu
1968 3042 2040 3099 ad

426 3138 665 3193 Patrem
689 3136 917 3208 (Ephes.
944 3150 1001 3205 11,
1026 3135 1112 3201 14,
1134 3134 1245 3205 18).
1262 3133 1331 3188 Εῑ
1348 3146 1541 3189 revera
1557 3131 1799 3204 exceptis
1823 3130 2039 3204 angelis

2145 1968 2269 2023 tatis
2300 1968 2536 2023 hominis
2566 1985 2790 2026 carnem
2819 1972 3156 2037 consideres,
3187 1971 3314 2046 quid
3362 1973 3454 2029 illa
3498 1972 3551 2029 in
3592 1982 3746 2032 terra

2146 2056 2401 2125 nobilius,
2437 2058 2564 2130 quid
2595 2060 2895 2115 mirabilius
2926 2061 2948 2114 ἲ
2982 2060 3028 2117 si
3058 2061 3325 2134 spiritum,
3372 2061 3501 2137 quid
3548 2063 3744 2121 excel-

2144 2145 2364 2216 lentius,
2398 2147 2527 2221 quid
2558 2148 2858 2223 gloriosius
2889 2149 2918 2203 ?

2684 2345 3081 2404 CAPITULUM
3120 2346 3215 2402 III.

2151 2486 2303 2556 Quod
2332 2489 2497 2545 nulla
2528 2490 2723 2545 carnis
2749 2487 3080 2545 substantia
3110 2504 3283 2545 carne
3312 2490 3637 2544 sanctorum
3669 2486 3747 2544 sit

2274 2585 2538 2657 nobilior,
2575 2590 2632 2641 et
2655 2587 2717 2643 in
2742 2588 2869 2659 ipsa
2898 2589 3264 2661 corruptione
3289 2586 3608 2660 gloriosior.

2217 2709 2510 2777 Nimirum,
2572 2719 2802 2783 excepta
2839 2726 3007 2767 carne
3068 2710 3286 2780 Christi,
3337 2726 3458 2783 qua
3510 2709 3746 2782 pretium

2144 2806 2230 2854 est
2262 2800 2471 2866 mundi,
2509 2800 2660 2855 nulla
2688 2800 2874 2856 carnis
2900 2800 3203 2856 substantia
3229 2816 3399 2856 carne
3435 2807 3747 2856 sanctorum

2148 2893 2232 2943 est
2263 2888 2521 2955 nobilior,
2556 2906 2679 2961 qua:
2709 2898 2915 2961 quanto
2955 2887 3171 2960 spiritui
3229 2889 3539 2959 subjectior,
3597 2896 3747 2943 tanto

2148 2985 2233 3033 est
2265 2977 2514 3045 liberior,
2546 2986 2600 3033 et
2629 2979 2681 3033 in
2716 2979 2836 3050 ipsa
2866 2977 3229 3049 corruptionis
3258 2977 3592 3034 resolutione
3616 2976 3745 3050 glo-

2149 3065 2368 3121 riosior.
2410 3067 2469 3119 In
2497 3066 2781 3123 nativitate
2805 3067 2879 3122 ad
2924 3066 3172 3124 laborem
3219 3074 3275 3122 et
3327 3066 3633 3135 miseriam;
3689 3065 3745 3121 in

2146 3158 2326 3211 morte
2348 3156 2591 3211 nascitur
2617 3157 2685 3211 ad
2715 3154 2960 3228 requiem
2993 3163 3045 3210 et
3065 3155 3322 3227 gloriam.
3360 3154 3442 3210 Ad
3488 3154 3741 3229 gloriam,

420 3235 558 3292 lucis
738 3234 791 3288 in
809 3233 1075 3290 creaturis
1100 3231 1310 3289 felicius
1331 3239 1413 3289 est
1432 3231 1675 3298 homine,
1817 3246 1846 3285 8
1868 3245 2035 3286 carne
2067 3270 2115 3333 Ο
2146 3242 2388 3315 inquam,
2412 3245 2672 3309 nascitur,
2698 3244 3105 3317 quamvis
3125 3261 3191 3302 ex
3209 3260 3392 3301 verme
3424 3251 3740 3315 conceptum

420 3339 530 3379 non
562 3331 876 3395 superatur,
906 3323 1008 3379 sed
1039 3320 1340 3379 desideriis
1363 3322 1485 3394 ejus
1504 3338 1625 3392 qua:
1646 3322 1910 3376 militant
1935 3320 2037 3375 ad-

421 3426 613 3470 versus
635 3415 895 3469 animam
929 3413 978 3484 (I
1002 3413 1126 3468 Pet.
1162 3413 1248 3482 11,)
1280 3410 1625 3466 dominatur.
1683 3409 1833 3464 Nihil
1882 3408 2029 3475 item,

422 3503 662 3574 exceptis
693 3501 977 3574 spiritibus
1006 3500 1288 3573 apostatis,
1341 3498 1622 3556 infelicius
1670 3507 1751 3555 est
1791 3497 2030 3566 homine,

425 3592 515 3666 qui
548 3591 793 3664 quotidie
821 3592 890 3646 de
917 3590 1026 3646 vita
1056 3589 1419 3661 periclitatur,
1455 3597 1507 3645 et
1539 3588 1697 3658 cujus
1727 3588 1921 3643 animae
1964 3587 2035 3642 li-

428 3681 621 3737 bertas
642 3678 1702 3752 captivatur.Victorjudicabitangelos
1721 3679 1775 3749 (ι
1793 3677 1913 3734 Cor.
1945 3692 2029 3743 x1,

425 3771 515 3841 3);
557 3770 741 3827 Victus
760 3786 883 3825 cum
920 3770 1142 3841 angelis
1159 3769 1548 3842 peccantibus,
1604 3772 1661 3823 et
1693 3765 2033 3823 rudentibus

421 3862 648 3926 inferni
660 3858 1305 3924 detractis,detrahetur
1316 3857 1381 3912 in
1406 3858 1706 3912 Tartarum
1722 3856 1772 3927 (Ι
1781 3857 1805 3911 Ι
1819 3858 1941 3911 Pet.
1966 3870 2028 3923 11,

421 3955 597 4027 L),ubi
619 3957 771 4027 ignis
786 3970 981 4012 eorum
994 3972 1109 4012 non
1127 3954 1653 4026 exstinguetur,sed
1669 3958 1841 4010 erunt
1855 3966 2032 4026 usque

421 4045 495 4103 ad
516 4047 844 4102 satietatem
863 4045 1099 4102 visionis
1114 4045 1271 4101 omni
1286 4044 1451 4098 carni
1473 4044 1604 4112 (lsa.
1622 4057 1772 4109 LXVI,
1795 4045 1908 4111 24).
1934 4041 2031 4097 Ille

423 4137 626 4191 sanctis
641 4134 869 4206 aequalis
898 4134 999 4189 erit
1027 4133 1260 4204 angelis,
1294 4133 1400 4187 iste
1422 4130 1648 4187 inferior
1662 4140 1715 4187 et
1762 4130 2030 4187 infelicior

422 4222 616 4280 bestiis
646 4242 661 4291 ;
694 4223 894 4295 quippe
924 4237 1051 4279 cum
1083 4223 1187 4290 hae,
1219 4229 1277 4277 ut
1306 4221 1529 4293 quidam
1560 4228 1778 4277 aeternae
1807 4220 2028 4291 sapien-

422 4314 512 4369 tiae
542 4320 845 4384 symmysta
904 4310 1122 4378 asserit,
1173 4326 1282 4366 non
1324 4318 1545 4382 sperent
1588 4310 1872 4379 judicium,
1923 4326 2027 4365 ne-

423 4403 601 4460 sciant
628 4402 933 4458 eruciaturn
966 4416 1069 4457 nec
1097 4400 1330 4456 salutem
1372 4407 1497 4472 post
1544 4406 1774 4455 mortem
1824 4414 2027 4470 repro-

418 4492 647 4548 missam
679 4490 784 4546 sibi
808 4490 1004 4560 ;hujus
1027 4490 1218 4546 veroin
1244 4490 1345 4545 hac
1364 4489 1470 4545 vita
1486 4489 1777 4561 gaudium,
1802 4487 1932 4544 licet
1948 4487 2022 4542 in-

418 4581 661 4638 numeris
676 4578 918 4636 adversis
936 4578 1160 4636 casibus
1182 4578 1526 4650 implicitum,
1551 4586 1733 4634 tamen
1751 4577 1818 4632 sit
1834 4579 2027 4634 instar

415 4672 704 4747 puncti,et
724 4672 877 4728 velut
898 4670 1034 4726 visio
1055 4672 1343 4727 nocturna
1356 4668 1476 4737 (Job
1500 4670 1728 4736 xx,5,8)
1744 4676 2024 4734 transeat;

418 4770 473 4818 et
501 4760 628 4833 quia
652 4759 741 4816 hic
771 4776 838 4815 ex
869 4757 1055 4814 anima
1082 4758 1245 4813 simul
1277 4765 1329 4812 et
1358 4772 1529 4813 carne
1571 4763 1782 4828 peccat,
1817 4755 1926 4811 illic
1971 4756 2027 4810 in

417 4851 569 4923 igne,
604 4850 719 4922 (39)
762 4849 863 4922 qui
907 4864 1024 4904 non
1072 4846 1445 4904 succenditur
1482 4845 1600 4916 (Job
1650 4860 1752 4914 xx,
1804 4847 1916 4915 26),
1970 4846 2027 4901 ἱη

418 4941 600 4997 anima
638 4949 690 4995 et
728 4954 897 4995 carne
937 4937 1143 5009 pariter
1213 4935 1486 4993 cruciatus
1547 4935 1841 4990 sustineat.
1903 4935 2023 5003 Hic,

418 5029 574 5101 cujus
602 5026 1011 5095 inﬁrmitatem
1025 5025 1268 5099 spiritus
1288 5024 1522 5096 adjuvat
1549 5025 1729 5095 (Rom.
1755 5037 1872 5092 vui,
1905 5024 2023 5092 26).

489 5226 606 5295 (38)
640 5224 851 5282 Vermis
875 5221 944 5278 de
972 5222 1111 5295 sola,
1145 5222 1381 5295 etpura
1403 5224 1585 5277 terra.
1626 5218 1906 5295 Christum
1928 5218 2022 5295 _i_n-

420 5292 594 5368 dicat,
621 5296 712 5368 qui
740 5295 982 5368 seipsum
1014 5293 1073 5347 in
1101 5292 1313 5368 psalmo
1346 5308 1592 5368 vermem
1624 5293 1863 5348 vocarit.
1925 5292 2023 5368 Hic

421 5363 608 5424 intima
637 5363 853 5422 "nostra
911 5363 1242 5437 depasCitur,
1304 5380 1427 5420 cum
1488 5363 1607 5433 ejus
1656 5379 1844 5420 amore
1900 5363 2023 5419 uri-

425 5452 605 5579 ηῃξῖξξὶ)
637 5508 803 5579 Ignis,
824 5507 922 5578 qui
940 5521 1059 5579 non
1087 5507 1482 5579 succenditur.
1526 5504 1607 5560 De
1633 5503 1884 5579 infernali
1932 5504 2020 5560 lo-

422 5577 629 5649 quitur.
662 5577 787 5633 Non
820 5577 1085 5633 succendi
1116 5578 1263 5643 dicit,
1306 5594 1504 5647 nempe
1535 5577 1712 5649 studio
1761 5578 2018 5649 humano,

423 5648 477 5703 et
505 5650 753 5723 aggestis
776 5649 965 5721 lignis.
1004 5649 1105 5704 Est
1134 5650 1277 5705 enim
1307 5650 1515 5721 absque
1544 5648 1647 5717 his,
1686 5649 1790 5705 Dei
1822 5648 2018 5706 volun-

443 5727 817 5785 tate,aeternus
843 5763 856 5776 .

466 5794 611 5864 _(LO)
644 5791 1389 5864 Deiet‘angelorum‘civis.
1441 5793 1731 5864 Arrogans
1783 5793 2019 5851 assertio

426 5859 705 5924 videatur,
738 5860 845 5915 nisi
876 5859 1174 5931 Apostolus
1194 5860 1421 5931 (Ephes.
1491 5877 1552 5925 11,
1597 5859 1704 5931 ’19)
1756 5864 2018 5919 audacius

433 5933 596 5987 etiam
626 5931 853 5987 dixisset
888 5945 901 5984 :
926 5928 1086 5984 'Estis
1105 5928 1615 5999 civessanctorum,
1639 5928 1693 5988 et
1723 5932 2020 5990 domestici

2144 3340 2195 3388 et
2214 3334 2566 3405 progenitum
2597 3340 2699 3401 est,
2722 3349 2754 3387 a
2775 3332 3052 3389 vermibus
3083 3333 3415 3398 comedatur,
3455 3340 3509 3388 et
3556 3331 3741 3404 pulvis

2143 3420 2201 3477 in
2230 3421 2507 3493 pulverem
2536 3428 2849 3479 revertatur
2881 3439 2894 3477 :
2929 3422 3061 3494 quia
3090 3438 3213 3494 quae
3240 3421 3294 3477 in
3314 3419 3591 3494 plerisque
3613 3435 3738 3478 san.

2144 3518 2354 3567 ctorum
2378 3510 2514 3566 nihil
2541 3510 2747 3568 distare
2776 3511 2901 3567 visa
2928 3519 3012 3567 est
3062 3527 3095 3566 a
3151 3525 3315 3567 carne
3370 3519 3732 3582 peccatorum,

2143 3606 2198 3657 et
2228 3600 2510 3671 suppliciis
2548 3603 2825 3673 deputata,
2856 3609 2913 3655 et
2940 3599 3276 3670 contemptui
3304 3606 3386 3655 est
3434 3599 3636 3667 habita,
3678 3598 3735 3654 in

2144 3697 2341 3759 morte,
2374 3698 2430 3745 ut
2461 3689 2548 3745 lux
2578 3705 2609 3744 a
2640 3689 2901 3755 tenebris,
2931 3688 3125 3763 grandi
3156 3687 3481 3744 discernitur
3528 3687 3733 3744 distan-

2142 3778 2218 3834 tia
2252 3796 2265 3843 ;
2296 3786 2349 3834 et
2380 3778 2798 3835 evidentissime
2826 3778 3157 3852 agnoscitur,
3189 3776 3338 3833 aliud
3368 3792 3491 3834 esse
3530 3795 3596 3834 ex
3636 3793 3736 3832 na-

2143 3874 2285 3935 tura,
2318 3867 2465 3924 aliud
2498 3885 2562 3923 ex
2593 3867 2800 3924 meritis
2831 3876 2885 3923 et
2913 3868 3114 3941 gratia.
3145 3867 3224 3922 Ex
3254 3875 3443 3923 natura
3462 3875 3544 3923 est
3570 3870 3736 3939 putri-

2141 3956 2269 4012 bilis
2303 3974 2317 4022 ;
2359 3974 2425 4012 ex
2482 3956 2691 4012 meritis
2731 3961 2787 4012 et
2825 3956 2998 4029 gratia
3085 3954 3408 4029 longissimo
3471 3962 3729 4027 tempore,

2140 4046 2302 4102 etiam
2334 4053 2520 4103 contra
2552 4055 2809 4101 naturam
2838 4046 2992 4101 durat
3020 4044 3391 4116 imputribilis,
3438 4059 3505 4100 ac
3555 4043 3624 4100 ab
3671 4060 3733 4101 ea

2140 4134 2387 4191 esuriens
2442 4135 2717 4207 repellitur
2771 4134 2998 4192 vermis.
3058 4134 3302 4207 Cumque
3348 4150 3561 4190 vermes
3630 4132 3733 4190 sint

2138 4223 2287 4279 cives
2325 4223 2581 4290 hominis,
2625 4224 2775 4279 illum
2816 4223 2990 4279 civem
3040 4239 3199 4278 suum
3246 4239 3356 4279 non
3398 4221 3570 4289 facile,
3625 4238 3731 4277 non

2139 4313 2318 4369 subito
2347 4322 2704 4384 cognoscunt,
2736 4313 2828 4386 qui
2858 4314 2969 4384 (49)
3001 4312 3100 4369 Dei
3130 4320 3184 4368 et
3219 4312 3539 4385 angelorum
3597 4311 3731 4367 civis

2138 4409 2221 4458 est
2254 4410 2343 4471 ;et
2375 4402 2467 4475 qui
2496 4418 2733 4471 vermes,
2772 4401 2999 4457 infestas
3054 4400 3306 4458 videlicet
3346 4400 3722 4474 cogitationes,

2135 4507 2167 4546 a
2221 4507 2281 4547 se
2326 4491 2543 4562 repulit,
2593 4492 2705 4563 (41)
2759 4491 2999 4548 dulcedo
3054 4490 3259 4546 vermis
3304 4506 3412 4546 non
3470 4498 3570 4556 est,
3623 4503 3729 4545 non

2138 4580 2294 4637 avide
2328 4580 2677 4651 discerpitur,
2707 4596 2815 4637 non
2859 4579 3015 4653 quasi
3070 4578 3377 4635 famelicam
3434 4578 3724 4652 ingluviem

2054 4636 2110 4702 D
2137 4670 2372 4737 satians,
2411 4636 2621 4726 avidius
2667 4636 2990 4726 absumitur.
3050 4669 3191 4726 Care
3241 4636 3588 4735 sanctiﬁcat,
3634 4684 3731 4740 per

2132 4767 2382 4814 naturam
2400 4760 2606 4815 induta
2624 4760 2954 4831 putredine,
2977 4763 3035 4816 et
3050 4758 3304 4815 sordibus
3320 4759 3586 4831 pulveris,
3607 4757 3727 4813 dor-

2132 4850 2243 4904 mit
2269 4850 2332 4903 in
2361 4850 2593 4921 pulvere
2612 4848 2733 4920 (Job
2762 4864 2857 4913 x11,
2890 4851 2943 4908 5.
2964 4848 3052 4917 21)
3080 4863 3211 4919 ;per
3240 4847 3471 4920 gratiam
3493 4854 3542 4902 et
3562 4846 3721 4903 meri—

2134 4946 2267 5006 tum,
2301 4937 2486 5010 vigilat
2516 4937 2570 4993 in
2600 4937 2827 4994 miriﬁco
2858 4953 3049 5009 opere,
3070 4944 3127 4993 et
3160 4953 3281 4993 eum
3312 4937 3479 5008 cujus
3497 4934 3720 4993 dulcedo

2136 5031 2222 5085 est
2240 5028 2444 5085 vermis
2462 5028 2579 5099 (Job
2610 5043 2772 5096 XXW,
2803 5028 2917 5098 20),
2942 5026 3235 5083 resuscitat
3276 5026 3347 5082 de
3388 5025 3629 5097 pulvere,
3668 5030 3721 5080 et

2132 5224 2232 5279 Dei
2265 5223 2526 5295 Magnum
2568 5227 2650 5280 est
2703 5240 2818 5282 esse
2851 5225 2950 5281 Dei
2993 5225 3192 5295 civem,
3250 5220 3350 5278 sed
3378 5218 3541 5295 plus
3578 5235 3713 5295 esse,

2131 5293 2507 5369 domesticum
2532 5295 2756 5363 utinam,
2792 5297 3004 5369 quoties
3025 5293 3346 5367 gloriamur,
3378 5293 3504 5349 hinc
3524 5294 3587 5348 in
3624 5293 3719 5349 Do-

2130 5368 2284 5422 mino
2303 5367 2633 5439 gloriemur.

2203 5432 2585 5508 (41)"Dulcedo
2616 5439 2819 5496 vermis
2847 5456 2963 5496 non
3001 5442 3111 5496 est.
3165 5434 3269 5492 Job
3316 5435 3384 5491 de
3424 5433 3587 5505 impio
3631 5432 3714 5490 lo-

2170 5526 2304 5563 uens
2325 5513 2449 5581 (cap
2464 5524 2619 5575 xx1v,
2652 5515 2765 5581 20).
2786 5508 3268 5581 Dutcedo,inquit,
3298 5508 3456 5581 illius
3475 5521 3707 5581 vermes.

2176 5577 2442 5636 hioiridus
2474 5582 2653 5636 verbis
2682 5580 2795 5637 illis
2828 5582 2967 5637 ultro
2998 5599 3057 5637 se
3087 5577 3444 5636 oﬂ‘erentibus
3479 5577 3532 5632 in
3557 5577 3719 5632 alium

2128 5667 2354 5725 sensum
2386 5652 2571 5725 utitur,
2605 5669 2767 5725 sensu
2799 5670 2961 5725 quem
2989 5652 3176 5725 dicunt
3202 5648 3714 5725 accomodatitium.

2128 5723 2247 5777 Fuit
2279 5726 2395 5779 haec
2426 5724 2563 5779 ratio
2614 5720 2910 5795 Scripturis
2957 5723 3189 5795 utendi,
3217 5730 3337 5795 post
3386 5720 3719 5795 Thiofridum

2124 5803 2391 5861 nostrum,
2433 5801 2621 5850 sancto
2683 5792 2961 5852 Bérnardo
3017 5792 3385 5862 usitatissima,
3444 5802 3502 5848 ut
3560 5792 3719 5849 etiam

2127 5866 2458 5939 quandoque
2487 5868 2578 5938 pie
2602 5866 2781 5937 jocari
2804 5868 3076 5925 videatur.
