3910 6458
216 467 322 524 325

1106 460 1365 521 FLORES
1402 458 1741 516 EPIPAPHII
1783 458 2202 517 SANCTORUM
2237 494 2309 503 —
2345 460 2472 517 LIB.
2514 460 2558 517 Ι.

3411 466 3515 521 326

213 591 393 647 reddit
420 591 626 663 gratiae.
662 589 727 643 Et
756 590 976 644 omnino
1008 589 1202 644 mirum
1232 596 1346 642 est:
1381 603 1592 641 vermes
1622 585 1810 657 pascit,
1843 588 1897 649 Α
1927 586 2219 640 divinitatis
2248 587 2447 640 donum
2506 603 2626 640 cum
2657 587 2770 657 (42)
2822 603 2918 658 per
2946 604 3121 652 usum,
3157 594 3265 642 tum
3315 589 3429 659 (43)
3450 607 3518 645 ex

216 690 272 736 et
300 680 546 736 homines
582 687 773 745 sanat;
798 678 1024 749 putredo
1076 687 1173 745 est,
1203 686 1257 732 et
1304 676 1646 746 putredinem
1707 675 1814 731 tol-

215 770 279 825 lit
311 785 324 839 ;
364 768 531 838 jacet,
565 775 615 823 et
637 767 880 837 jaceutes
905 767 1063 839 erigit
1094 782 1107 835 ;
1148 768 1203 820 in
1238 764 1465 820 nihilum
1504 764 1811 832 resolvitur,

218 874 274 922 et
301 883 333 921 a
356 866 692 937 principibus
720 872 771 920 et
820 865 1170 936 potestatibus
1191 865 1329 919 aeris
1366 862 1525 933 hujus
1556 862 1769 916 timetur
1800 880 1811 917 :

218 972 277 1020 et
303 964 395 1035 qui
415 964 773 1035 signaculum
812 963 1233 1027 similitudinis,
1275 962 1481 1033 plenus
1510 960 1813 1032 sapientia,

216 1066 279 1119 et
304 1066 592 1135 perlectus
617 1060 834 1128 decore,
869 1061 931 1114 in
963 1060 1182 1115 deliciis
1230 1059 1488 1132 paradisi
1544 1060 1646 1115 Dei
1700 1060 1815 1130 fuit

217 1159 443 1230 (Ezech.
464 1172 668 1227 xxvm,
704 1159 814 1227 12),
848 1161 904 1214 et
923 1158 1022 1229 qui
1048 1160 1242 1228 factus
1269 1161 1374 1221 est,
1403 1160 1475 1213 ut
1491 1157 1720 1211 nullum
1736 1157 1815 1211 ti-

218 1253 400 1305 meret
421 1249 538 1316 (Job
556 1263 670 1315 mu,
694 1249 788 1316 24)
820 1261 834 1315 ;
867 1246 1182 1301 dissolutum
1213 1246 1449 1300 cinerem
1487 1252 1764 1301 reveretur
1793 1264 1808 1301 :

216 1346 274 1393 et
300 1354 409 1394 rea:
428 1352 601 1409 super
629 1337 921 1392 universos
941 1335 1090 1405 ﬁlios
1147 1335 1445 1408 superbiae,
1502 1334 1599 1407 qui
1648 1350 1815 1390 omne

213 1427 461 1483 sublime
483 1425 635 1481 uidet
662 1424 844 1493 (ibid,
874 1427 990 1493 25),
1023 1440 1055 1479 a
1085 1424 1271 1478 favilla
1328 1431 1605 1493 torquetur
1635 1438 1649 1492 ;
1682 1422 1822 1478 inter

215 1522 378 1572 astra
409 1515 704 1571 matutina
732 1513 806 1569 ad
829 1513 1181 1569 laudandum
1211 1514 1328 1583 (Job
1350 1527 1588 1580 xxxvm,
1608 1515 1664 1582 7)
1684 1528 1820 1568 con-

215 1605 360 1659 ditns
399 1603 704 1659 Conditoris
756 1601 1215 1674 magniﬁcentiam
1249 1617 1262 1671 ;
1294 1602 1437 1672 rugit
1492 1602 1561 1657 ad
1617 1603 1812 1671 pulve-

212 1693 293 1749 ris
316 1693 660 1760 memoriam,
701 1697 757 1746 et
808 1697 1131 1746 concentum
1188 1691 1493 1762 angelicum
1550 1690 1711 1745 vertit
1766 1691 1818 1744 in

214 1797 412 1837 sonum
488 1780 775 1836 brutorum
886 1779 1219 1835 animalium.
1300 1780 1472 1835 Sentit
1542 1779 1818 1850 pulverem

210 1886 445 1942 regnare
473 1884 635 1939 super
674 1886 754 1938 se,
787 1869 876 1939 qui
905 1870 1093 1925 noluit
1115 1869 1290 1925 Deum
1320 1885 1558 1940 regnare
1580 1884 1747 1940 super
1759 1883 1817 1924 se

1924 674 2234 729 auctoritate
2282 675 2672 744 Scripturarum
2706 677 2795 743 “sit
2837 677 3177 747 perspicuum
3216 692 3229 745 ;
3266 677 3333 731 ad
3380 678 3519 732 levi-

1923 763 2162 835 gandum
2209 771 2387 819 tamen
2437 763 2649 817 lectoris
2706 764 2996 832 fastidium,
3057 765 3201 835 quod
3250 765 3521 823 uniforme

1924 853 2062 906 solet
2115 869 2376 924 generare
2428 853 2722 922 eloquium,
2815 853 3035 908 evidens
3112 854 3180 909 de
3264 855 3523 925 tripartita

1926 942 2146 996 historia
2178 949 2358 997 nostro
2390 942 2523 1012 style
2554 942 2891 1011 proferamus
2922 943 3302 998 testimonium.

2460 1084 2853 1140 CAPITULUM
2891 1084 2980 1139 IV.

1924 1174 2000 1229 De
2020 1174 2278 1246 reliquiis
2307 1174 2527 1245 Babylw
2574 1175 2952 1246 martyris,“
2975 1173 3039 1228 in
3058 1175 3383 1246 apostatam
3401 1176 3520 1233 An-

2324 1246 2535 1316 gelum,
2567 1248 2844 1317 potestate
2864 1245 3128 1301 hominis.

1996 1351 2253 1417 Julianus,
2341 1359 2705 1421 aposcatarum
2760 1350 2906 1418 Idea,
2985 1351 3055 1405 de
3109 1351 3337 1407 Parthici
3391 1352 3519 1408 belli

1927 1439 2071 1509 quod
2101 1439 2528 1508 administrabat,
2570 1440 2826 1495 sollicitus
2854 1440 3078 1496 victoria
3109 1459 3123 1495 :
3157 1457 3279 1495 cum
3325 1441 3520 1499 Domi-

1927 1544 2038 1584 nus
2066 1530 2210 1585 Deus
2229 1529 2486 1583 secundm
2519 1531 2837 1599 prophetam
2882 1530 3254 1601 requirendus
3296 1532 3377 1586 sit
3412 1546 3515 1603 pro

1926 1618 2064 1674 vivis
2095 1619 2418 1674 acmortuis
2448 1619 2579 1687 (lsa.
2604 1633 2744 1686 vm,,
2779 1618 2889 1687 19),
2922 1617 3173 1673 Ochozim
3212 1618 3516 1676 Israrelitici

1928 1706 2242 1774 idololatria,
2289 1707 2380 1776 qui
2428 1707 2590 1763 misit
2636 1707 2708 1761 ad
2765 1706 3177 1764 consulendum
3216 1708 3515 1764 Beelzebub

1925 1794 2090 1850 deum
2137 1806 2381 1851 Accaron
2412 1796 2495 1863 (IV
2541 1798 2668 1866 Reg.
2700 1811 2738 1864 ι,
2770 1797 2826 1861 2)
2846 1802 3058 1850 secutus
3102 1796 3349 1867 vestigia,
3396 1797 3512 1867 (44)

1925 1883 2120 1939 Dafnei
2178 1885 2350 1955 Pythii
2406 1884 2669 1940 consuluit
2731 1884 2967 1939 oracula.
3042 1883 3150 1940 Sed
3203 1901 3323 1940 cum
3381 1901 3512 1941 voce

213 1960 513 2031 (Lucam,
558 1960 670 2027 14),
704 1958 793 2028 qui
815 1958 986 2014 voluit
1042 1958 1157 2013 Deo
1186 1958 1470 2027 adsequare
1496 1974 1572 2011 se.
1630 1958 1817 2028 Plagas

1937 1980 2140 2044 negata.
2190 1953 2305 2043 (45)
2362 1974 2596 2029 Cirrheas
2640 1982 2788 2029 vates
2833 1973 3022 2043 templi
3079 1974 3169 2043 (46
3215 1974 3516 2031 fruerentur

213 2065 343 2103 suas
370 2048 427 2102 in
482 2046 864 2119 energumenis
909 2044 1207 2114 conﬁtetur,
1237 2062 1426 2115 parere
1477 2046 1642 2100 cineri
1673 2046 1821 2117 cogi-

214 2145 319 2206 tur,
352 2136 588 2206 unusne
612 2134 824 2191 nefaria
850 2134 1156 2190 seductione
1194 2138 1357 2190 homo
1388 2141 1508 2206 post
1554 2150 1816 2201 vermem,

214 2225 273 2280 in
304 2226 583 2298 pulverem
613 2224 915 2279 resolvitur.
975 2223 1142 2293 Cujus
1170 2240 1283 2279 esse
1325 2230 1531 2278 tantum
1585 2223 1654 2279 de
1682 2224 1817 2278 caelo

212 2322 314 2382 est,
343 2314 606 2371 cruciatur
669 2312 740 2368 ab
783 2328 870 2381 eo,
902 2311 1055 2381 cujus
1084 2330 1198 2368 esse
1227 2313 1390 2368 etiam
1444 2312 1512 2367 de
1552 2320 1690 2367 terra
1718 2320 1814 2367 est.

212 2404 407 2459 Mutire
435 2402 580 2472 apud
611 2402 852 2458 favillam
884 2417 993 2456 non
1020 2401 1200 2468 audet,
1219 2401 1311 2471 qui
1328 2401 1676 2473 principium
1692 2403 1817 2457 via-

210 2508 345 2548 rum
367 2492 599 2548 Domini
629 2494 716 2547 est
746 2490 864 2557 (Job
885 2505 979 2557 ιι,
1012 2492 1121 2559 14),
1180 2490 1270 2560 qui
1296 2491 1588 2545 Dominum
1642 2490 1816 2545 Deum

224 2597 387 2636 suum
408 2588 612 2636 tentare
635 2595 794 2635 ausus
848 2586 945 2635 est.
969 2580 1035 2633 Et
1059 2579 1181 2634 licet
1210 2581 1313 2635 hoc
1340 2579 1550 2651 insigne
1602 2586 1816 2635 mterute

289 2726 404 2794 (42)
445 2726 555 2780 Per
595 2740 784 2780 usum.
846 2724 956 2779 Usu
1010 2730 1063 2777 et
1118 2722 1382 2793 exemplis
1427 2729 1668 2778 constare
1720 2722 1811 2788 ait,

217 2794 494 2851 daemones
531 2794 600 2850 ad
655 2794 912 2864 reliquias
966 2810 1145 2849 sacras
1190 2796 1427 2861 horrere,
1486 2801 1556 2861 et,
1589 2800 1647 2848 ut
1675 2794 1815 2864 ipse

216 2868 738 2939 loquitur,imutire,
759 2863 910 2939 apud
937 2866 1369 2939 [πέφνῃ-πρυ
1399 2865 1629 2921 audere.
1653 2863 1814 2919 Omni

213 2939 412 2993 saeculo
442 2938 496 2992 id
530 2937 806 3003 obtinuit,‘
829 2953 898 2991 ex
920 2952 1027 3005 quo
1073 2937 1172 2990 Dei
1233 2937 1396 2990 Filius
1424 2943 1607 2990 nostra
1662 2951 1814 2990 mor-

218 3009 421 3066 talitate
475 3009 695 3063 vestitus
751 3015 848 3063 est.
924 3008 1047 3062 Non
1094 3016 1175 3061 est
1227 3007 1472 3061 brevium
1543 3015 1813 3072 notarum,

217 3081 411 3149 longas
430 3078 713 3149 complecti
772 3079 1043 3149 historias.
1082 3078 1293 3147 Alioqui
1324 3076 1546 3149 difﬁcile
1596 3094 1704 3134 non
1751 3079 1818 3133 sit

219 3148 389 3206 multa
418 3149 484 3204 de
528 3148 634 3205 hoc
662 3165 861 3221 genere
892 3148 1205 3220 producere.
1256 3148 1501 3205 Sufﬁciat
1522 3165 1707 3221 unum,
1741 3150 1816 3204 al-

216 3230 479 3278 terumve.
539 3220 766 3276 Sanctus
810 3221 1141 3284 Ambrosius,
1204 3236 1451 3274 sermone
1507 3220 1574 3274 de
1621 3220 1816 3275 sanctis

1919 2059 2137 2130 justicio
2162 2081 2174 2117 :
2199 2070 2251 2118 et
2279 2069 2400 2117 ante
2426 2063 2485 2117 in
2513 2064 2650 2133 (47).

1979 2151 2202 2207 Limine
2227 2152 2475 2220 terriﬁco
2497 2155 2758 2208 metuens
2786 2151 3094 2207 consistere
3116 2152 3366 2218 Phoebas,
3391 2159 3516 2208 tunc

1925 2238 1981 2292 in
2011 2239 2127 2308 ipso
2166 2238 2390 2295 fatidico
2438 2239 2718 2310 penetrali,
2780 2236 2985 2295 afﬂaret
3038 2247 3254 2311 pectore
3312 2240 3513 2311 quieto,

1925 2344 2025 2382 nec
2054 2328 2289 2383 Phebeio
2312 2336 2591 2401 urgeretur
2627 2328 2849 2384 verbere
2880 2345 2941 2383 ac
2995 2328 3211 2383 stimulo
3245 2343 3259 2398 ;
3293 2328 3510 2384 tandem

1926 2422 2033 2468 tam
2060 2415 2150 2469 alti
2194 2415 2376 2469 Delius
2421 2430 2637 2469 causam
2684 2415 2967 2485 requisitus
3011 2415 3225 2482 silentii,
3284 2432 3516 2488 respon-

1922 2520 2041 2557 sum
2070 2503 2218 2558 dedit
2245 2504 2357 2573 (48)
2388 2506 2451 2559 in
2483 2504 2639 2559 verbo
2689 2504 2915 2561 Domini
2948 2521 2961 2559 :
2996 2505 3049 2557 in
3072 2504 3249 2560 vicino
3280 2520 3393 2561 esse
3426 2512 3515 2560 tu-

1923 2592 2127 2647 mulum
2158 2593 2371 2664 Babylae
2394 2593 2639 2665 martyris
2671 2593 2898 2667 egregii,
2958 2610 3120 2664 seque
3178 2600 3338 2651 tantm
3385 2609 3516 2649 san-

1920 2751 2040 2790 rum
2065 2735 2319 2808 omnium
2351 2743 2628 2790 auctorum
2646 2734 2829 2790 ﬁdem.
2863 2742 3048 2808 atque“
3069 2736 3229 2808 etiam
3256 2736 3322 2790 D.
3355 2736 3520 2808 Chry-

1922 2815 2236 2874 sostomum,
2268 2807 2363 2861 lib.
2396 2808 2593 2879 Contra
2618 2808 2866 2878 gentiles,
2898 2807 3210 2879 prodigiose
3240 2807 3517 2863 mentiun-

1925 2878 2917 2950 turcenturionesMagdeburgenses
2963 2879 3126 2950 (cent.
3159 2893 3236 2950 1v,
3270 2894 3391 2950 cap.
3428 2880 3517 2950 13)

1923 2948 2199 3003 diabolum
2228 2949 2293 3002 de
2322 2948 2580 3003 industria
2628 2949 2906 3004 simulasse
2932 2965 2991 3002 se
3033 2949 3284 3019 impediri
3315 2948 3520 3005 amur-1

1925 3028 2055 3091 tyre,
2086 3029 2145 3074 ut
2173 3020 2573 3075 translationem
2628 3027 2684 3074 et
2709 3020 3114 3076 venerationem
3166 3020 3519 3090 reliquiarum

1962 3100 2285 3146 removeret.

1922 3108 2285 3161 promoveret.

1940 3232 1953 3234 _
1995 3164 2109 3231 (45)
2143 3161 2385 3234 Cirrhaee
2406 3164 2561 3217 vates
2592 3161 2811 3234 templi.
2834 3161 3041 3234 Cirrha,
3083 3159 3333 3234 Phocidis
3354 3159 3519 3234 Oppi-

1923 3229 2370 3302 dum,’Apollinis
2444 3232 2661 3287 oraculo
2707 3229 2941 3287 clarum.
2973 3232 3113 3287 Hinc
3156 3232 3270 3304 ipse
3324 3229 3521 3302 Apono

476 3299 532 3346 et
555 3292 726 3384 JCelso
752 3310 764 3345 :
793 3292 905 3384 cur
946 3308 1061 3384 ngn
1114 3291 1394 3384 honorezzt
1424 3291 1815 3384 cqrppsni'llud
1845 3319 1894 3384 Ο
1924 3291 2174 3360 ein-Heu;
2202 3304 2392 3359 dictus.
2425 3303 2701 3358 Iuvenalis
2730 3322 2742 3357 ε

214 3364 582 3435 ﬁdeles,quod
600 3367 933 3435 reverentur
950 3362 1296 3418 etdcemones
1314 3361 1497 3435 ?quod
1514 3367 1571 3435 et
1583 3364 1817 3435 afflixe-

216 3432 360 3492 runt
377 3432 752 3507 in’supplicio,
766 3433 862 3489 sed
899 3434 1223 3507 glorificent
1242 3434 1307 3507 in
1320 3432 1649 3507 sepulchro!
1672 3434 1816 3489 San-

218 3513 337 3562 ctus
391 3503 747 3575 Hieronymus
802 3503 987 3558 contra
1043 3503 1392 3575 Vigilantiam
1449 3503 1706 3572 scribens,
1765 3511 1818 3559 et

223 3577 534 3650 indignans,
567 3563 637 3650 ab
686 3576 898 3643 impuro
932 3576 1024 3650 illo
1080 3563 1450 3650 haresiarcha,
1509 3563 1814 3650 sanctorum

214 3647 496 3718 reliquias,
526 3647 869 3703 uilissimum
894 3647 1179 3718 pulverem
1200 3647 1516 3717 appellatas,
1538 3647 1814 3703 diabolum

217 3720 521 3791 alloquens,
554 3718 647 3781 ait,
668 3719 894 3791 _scepius
918 3718 1040 3791 hoc
1089 3719 1361 3791 vilissimo
1377 3722 1563 3774 tortus
1588 3735 1651 3791 es
1690 3720 1818 3791 pul-

219 3806 368 3847 vere.
418 3789 569 3844 ldem
619 3788 688 3843 ad
734 3788 1045 3842 Marcellam
1104 3789 1284 3857 (epist.
1347 3791 1432 3855 17,
1482 3789 1643 3859 capit.
1691 3788 1758 3859 ’5)
1800 3809 1811 3844 :

217 3862 350 3916 dum
396 3860 463 3915 de
503 3859 696 3915 Christi
742 3860 988 3927 sepulcro
1022 3860 1119 3916 :Si
1160 3861 1316 3915 nobis
1343 3875 1458 3915 non
1506 3861 1814 3926 credimus,

217 3933 518 3991 credamus
532 3931 682 3987 salte
690 3930 992 4002 midiabolo,
1008 3934 1066 3985 et
1078 3932 1298 3999 angelis
1311 3933 1449 4002 ejus,
1465 3932 1560 4002 qui
1582 3932 1821 4002 quoties-

220 4019 444 4075 cunque
457 4006 594 4057 ante
608 4001 755 4056 illud
765 4002 831 4056 de
845 4003 1073 4075 obsessis
1083 4001 1408 4075 corporibus
1419 4001 1816 4073 expelluntur,

224 4071 393 4149 quasi
422 4074 485 4128 in
506 4076 813 4149 conspectu
833 4073 1140 4149 tribunalis
1175 4071 1404 4149 Christi,
1429 4071 1650 4149 stantes
1686 4090 1820 4149 con—

221 4144 866 4215 iremiscunt,rugiunt,
900 4148 957 4198 et
1013 4157 1135 4198 sero
1156 4144 1366 4211 dolent,
1420 4144 1812 4215 cruciﬁxisse,

219 4231 388 4289 quem
410 4214 693 4289 doleant.’
714 4215 829 4269 Hoc
856 4229 969 4289 non
1018 4230 1349 4289 magnopere
1396 4215 1701 4289 mirabitur,
1753 4214 1821 4270 ad

228 4285 423 4342 Christi
480 4286 782 4356 sepulcrum
831 4285 1141 4355 contigisse,
1193 4286 1282 4354 qui
1333 4286 1583 4340 eumdem
1640 4288 1821 4341 Hiero-

222 4373 470 4429 nymum,
532 4364 601 4429 et
640 4356 1029 4429 sanctissimam
1080 4356 1344 4429 feminam
1422 4358 1663 4425 Paulam,
1692 4373 1821 4429 non

223 4426 712 4510 inlineranaudierit
757 4435 1009 4510 testantes
1032 4426 1131 4510 “de
1186 4428 1434 4510 sepulcro
1463 4436 1629 4510 tanta
1669 4428 1826 4510 infe-

219 4501 365 4580 riora
396 4514 412 4571 ;
446 4498 627 4580 Elisei,
651 4497 1139 4580 _inq_uam,Abdiae,
1188 4506 1244 4553 et
1286 4500 1505 4554 Joannis
1549 4500 1818 4581 Baptista.

221 4572 307 4650 De
336 4570 426 4650 illo
456 4577 620 4650 igitur
650 4578 722 4625 ita
741 4570 1305 4650 in__ep1taph_io_Paulae
1361 4570 1429 4650 ad
1477 4570 1822 4650 Eustochium

221 4637 503 4714 virgineni
522 4637 728 4714 ﬁliam:
769 4637 1082 4698 Ubi—multis
1115 4641 1418 4714 intremuit
1446 4647 1818 4698 consternata

221 4712 600 4770 mirabilibus.
660 4712 917 4783 Namque
963 4712 1263 4779 cernebat,
1314 4714 1490 4768 variis
1535 4714 1817 4769 daemones

226 4785 426 4856 rugire
450 4783 818 4856 cruciatibus.
833 4787 894 4839 et
911 4787 1049 4838 ante
1069 4784 1329 4856 sepulcra
1340 4785 1826 4849 sanctorum,qu

234 4855 355 4913 lare
368 4855 622 4912 homines
650 4870 806 4911 more
819 4856 1103 4922 luporum.
1120 4855 1338 4912 vocibus
1357 4856 1570 4911 latrare
1591 4871 1823 4922 canum,

220 4938 470 5000 fremere
501 4925 992 4994 leonum,sibilare
1012 4930 1371 4999 serpentum,
1404 4927 1625 4998 mugire
1638 4928 1827 4983 tauro-

227 5013 363 5055 rum
372 5039 384 5052 .

299 5070 414 5140 (43)
446 5068 889 5125 Exauctoritate
915 5067 1369 5140 scripturamm.
1400 5068 1596 5124 Narrat
1631 5069 1819 5135 Lucas,

226 5147 283 5198 et
328 5139 618 5210 triumphet
673 5140 885 5204 Paulus,
939 5139 1163 5209 ejuSque
1206 5140 1449 5209 reliquias
1499 5159 1511 5195 :
1583 5140 1825 5197 Virtutes

223 5227 343 5268 non
360 5210 638 5283 quaslibet
688 5211 1087 5283 [aciebatDeus
1108 5227 1207 5283 per
1226 5228 1462 5266 manum
1486 5212 1657 5267 Pauli
1692 5225 1705 5266 :
1738 5211 1825 5283 ita

225 5286 294 5340 ut
313 5281 488 5338 etiam
502 5297 674 5352 super
690 5281 995 5352 languidos
1025 5281 1435 5352 deferrentura
1448 5297 1675 5353 corpore
1700 5282 1821 5353 ejus

225 5353 481 5417 sudaria,
506 5356 562 5408 et
574 5353 950 5421 semicinctio,
967 5359 1023 5408 et
1040 5353 1370 5408 recedebant
1401 5352 1469 5408 ab
1487 5352 1566 5408 eis
1582 5354 1821 5421 languo-

223 5440 337 5492 res,
359 5425 411 5483 Τ
412 5422 455 5507 ἄν
474 5447 533 5483 τε
552 5420 827 5503 πνεύματα
852 5422 922 5483 τὰ
950 5422 1169 5507 πονειρὰ
1194 5421 1488 5507 ὲξέρχεσθαι
1516 5422 1609 5483 an’
1631 5420 1819 5498 αὒτῶν,

227 5508 288 5577 et
315 5506 559 5577 spiritus
596 5522 841 5577 nequam
885 5507 1317 5576 egrediebantur
1346 5511 1497 5575 (Act.
1549 5521 1674 5574 xxx,
1708 5510 1819 5576 12).

228 5522 288 5561 et
315 5522 559 5630 spiritus
596 5522 841 5577 nequam
885 5522 1128 5576 egregiee

228 5576 338 5631 Eru
381 5585 564 5631 escant
589 5576 772 5630 miseri
803 5577 1128 5631 Calvinistse.

301 5648 415 5720 (44)
445 5649 703 5720 Daphnei
746 5646 958 5720 Pythii.
994 5647 1299 5717 Apollinem
1329 5650 1611 5720 Dafneum
1641 5653 1818 5720 vocat,

226 5718 375 5788 quod
401 5718 458 5772 in
480 5718 707 5789 Daphne
763 5718 1041 5772 coleretur.
1066 5721 1238 5773 Locus
1284 5718 1594 5788 erat‘prope
1641 5719 1824 5773 Antio-

224 5784 428 5845 chiam.
464 5784 753 5860 Historiam
786 5795 1174 5860 totam,iquam
1204 5805 1300 5844 suo
1329 5784 1464 5860 style
1492 5784 1550 5845 se
1605 5805 1823 5844 narrare

224 5862 573 5917 Tmoramus
604 5857 897 5931 proﬁtetur,
911 5857 1045 5931 vide
1064 5860 1207 5931 apud
1249 5857 1465 5916 Sozam.
1505 5862 1581 5916 lib
1608 5876 1644 5915 v
1662 5860 1821 5930 Hist.,

224 5947 348 6004 cap.
386 5935 473 6000 18,
501 5934 564 6004 19
583 5927 622 6004 7;—
648 5927 940 6004 Rufﬁ'num,
958 5930 1052 6004 lib.
1082 5927 1123 5995 ιζ
1147 5946 1265 5999 cap.
1298 5927 1822 5998 36;Socrat.lib.m,

224 6000 348 6075 cap.
384 6006 450 6058 18
484 6017 500 6073 ;
533 6000 951 6070 Theodoretum,
986 6001 1080 6056 lib.
1113 6017 1194 6071 ιιι,
1226 6017 1345 6072 cap.
1382 6006 1466 6059 15.
1498 6003 1698 6060 Contra
1721 6004 1829 6059 ho-

2030 3395 2100 3448 Et
2122 3394 2318 3449 Martis
2343 3396 2645 3464 frameam,
2694 3396 2754 3448 et
2774 3389 2996 3449 Cirrhei
3017 3392 3247 3465 spicula
3265 3389 3443 3449 vatis.-

1924 3482 2054 3537 Inde
2094 3488 2147 3536 et
2192 3481 2492 3537 Phoebades
2525 3481 2772 3538 Cirrham
2790 3482 2950 3537 dicte
2977 3488 3161 3537 nostro
3181 3480 3518 3550 Tmoramo,

1922 3562 1982 3609 ut
2008 3562 2132 3610 ante
2164 3554 2406 3623 Senecae,
2437 3553 2647 3624 (Edipo
2672 3572 2685 3608 :

2171 3643 2431 3699 Fatidica
2460 3642 2607 3698 vatis
2625 3658 2725 3699 ora
2750 3642 2997 3699 Cirrhee
3014 3657 3263 3700 movens.

1924 3733 2004 3788 Ex
2032 3749 2141 3802 quo
2160 3732 2280 3787 loco
2304 3734 2446 3787 hune
2478 3731 2789 3786 translatum
2821 3730 3160 3787 crediderim.

1996 3801 2111 3874 (£6)
2145 3804 2759 3876 Fruerenturjustitio.
2779 3803 3089 3876 Notumest,
3103 3801 3411 3876 justitiam
3428 3815 3521 3859 va-

1925 3871 2190 3929 cationem
2221 3891 2355 3939 esse,
2390 3871 2515 3929 sive
2549 3874 2901 3928 cessationem
2923 3890 2953 3927 a
2968 3871 3369 3942 jure’dicundo
3420 3886 3520 3941 po-

1927 3947 2208 3999 tissimum.
2267 3949 2466 3999 Auctor
2499 3945 2776 4016 eleganter
2831 3944 3080 3999 transfert
3134 3944 3202 3999 ad
3256 3943 3520 4016 ignavum

1926 4018 2263 4073 oraculorum
2293 4016 2564 4070 silentium
2597 4015 2610 4083 ξ
2643 4016 2787 4085 quod
2816 4024 2939 4084 post
2966 4015 3158 4071 Christi
3205 4015 3518 4085 adventum,

1929 4095 2039 4144 toto
2070 4087 2201 4143 orbe
2246 4094 2612 4154 consecutum,
2635 4084 2896 4141 mirantur
2950 4103 3072 4141 cum
3124 4086 3314 4156 plausu
3372 4084 3522 4156 Chri-

1928 4159 2083 4213 stiani
2108 4160 2323 4228 Patres;
2357 4158 2724 4229 indignantur,
2756 4165 2810 4211 et
2828 4156 3026 4212 deﬂent
3070 4155 3266 4228 pectas.
3312 4155 3518 4212 Audia-

1929 4236 2013 4284 tur
2039 4245 2137 4299 pro
2166 4229 2417 4285 omnibus
2434 4228 2753 4283 Prudentius
2774 4229 2827 4282 in
2857 4229 3167 4298 Apotheosi.

2559 4316 2809 4373 Hominis
2844 4319 2986 4373 Deus
3014 4317 3212 4373 induit
3230 4319 3398 4374 artus

2002 4388 2270 4462 Delphica
2297 4388 2588 4462 damnatis
2616 4392 2923 4462 tacuerunt
2951 4389 3198 4446 sortibus
3217 4392 3411 4445 anh'a.

2000 4459 2123 4520 Non
2156 4459 2401 4533 tripodes
2431 4461 2659 4516 cortina
2676 4461 2834 4531 tegit.

2002 4578 2116 4651 (47)
2131 4579 2347 4634 Limine
2360 4576 2606 4645 terriﬁco
2639 4579 2900 4633 metuens
2922 4577 3226 4634 consistere
3252 4574 3514 4633 Plin-bu.

1848 4681 1900 4743 D
1929 4675 2230 4731 thbades
2256 4674 2560 4730 sacerdotes
2617 4672 2867 4729 femineae
2919 4672 3254 4741 dicebantur,
3296 4672 3523 4743 Phoebo,

1930 4755 1992 4874 ἓ
2003 4747 2181 4873 furare
2211 4746 2405 4818 plenae.
2436 4746 2584 4800 Maro
2604 4744 2877 4815 describit,
2919 4752 2977 4800 ut
3003 4751 3244 4817 spectare
3269 4742 3521 4801 videaris.

1998 4836 2083 4874 net
2127 4859 2141 4872 .
2176 4834 2253 4873 v1.

1998 4834 2141 4874 Πρια.
2176 4834 2253 4873 γι.

2004 4946 2074 5002 At
2099 4944 2289 5001 Phoebi
2315 4943 2571 5001 nondum
2586 4942 2812 5015 patiens
2841 4942 3114 4999 immanis
3134 4941 3199 4997 in
3228 4944 3402 4998 antro

2008 5018 2329 5073 Bacchatur
2356 5019 2530 5080 vates,
2552 5030 2825 5084 magnum
2842 5016 2898 5070 si
2916 5019 3141 5085 pectore
3171 5014 3349 5085 possit

2007 5086 2342 5143 Excussisse
2362 5087 2528 5142 deum
2564 5101 2575 5139 :
2612 5090 2775 5141 tanta
2804 5088 2988 5155 magis
3016 5086 3115 5140 ille
3137 5085 3348 5155 fatigat

2006 5158 2454 5230 0sabidum,fera
2466 5156 2632 5213 corda
2647 5153 3521 5228 domansﬁngitqueprsmendm

1937 5282 2449 5355 Daphneamigitur
2482 5288 2680 5355 vatem,
2714 5296 2807 5335 eos
2854 5278 3060 5355 furores
3089 5279 3310 5355 solitan_i
3329 5285 3527 5335 metue-

1937 5351 2157 5423 re,‘jam
2189 5351 2573 5422 quietissimam
2597 5352 2778 5421 fuisse,
2810 5366 2918 5405 non
2947 5351 3060 5405 sine
3082 5366 3250 5423 sanna
3268 5351 3530 5423 Tmarus-

1938 5421 2500 5488 nusrefert,cessante
2531 5422 2780 5478 videlicet
2833 5421 3356 5494 oraculo.Eol‘urore
3412 5422 3529 5494 agi-

1940 5496 2058 5562 tari,
2092 5511 2221 5550 mox
2251 5495 2399 5555 dicit,
2432 5509 2567 5556 esse.
2604 5494 2793 5565 urgeri
2812 5493 3066 5549 Phebeio
3086 5494 3305 5551 verbere
3326 5509 3394 5549 ac
3411 5493 3529 5550 sti-

1937 5568 2112 5623 mulo.
2138 5568 2442 5636 Eleganter,
2483 5571 2536 5617 et
2564 5580 2660 5634 pro
2681 5565 2901 5635 ingenio
2930 5580 2994 5620 ac
3037 5581 3137 5619 usu
3169 5580 3331 5620 :nam
3349 5565 3530 5637 poeti-

1937 5655 2030 5696 cos
2050 5638 2351 5693 idiotismos
2379 5636 2431 5689 in
2453 5650 2701 5690 sermone
2734 5642 2896 5690 amat.

2015 5710 2129 5780 (48)
2160 5710 2221 5763 In
2268 5708 2426 5763 verbo
2453 5705 2699 5780 Domini.
2758 5704 3070 5780 Quomodo
3100 5706 3315 5780 Apollo,
3352 5706 3423 5780 id
3451 5714 3533 5762 est

1938 5776 2623 5848 cacodéemon,re5ponsum
2645 5776 2817 5848 datin
2847 5777 3007 5832 verba
3036 5776 3263 5833 Doniini
3289 5780 3317 5834 ‘7
3346 5778 3409 5835 Id
3427 5786 3526 5846 est,

1937 5853 2174 5910 Domino
2208 5845 2638 5923 imperavitetut
2691 5845 2857 5923 illud;
2879 5848 2946 5903 In
2990 5848 3150 5923 verba
3184 5845 3528 5923 tuo_laaabo

1938 5928 2061 5981 rete
2079 5926 2239 5995 (Luc.
2290 5916 2355 5995 'v,_
2379 5922 2454 5990 ὅ).
2514 5918 2708 5995 Adhuc
2727 5917 2888 5973 hodie
2943 5918 3228 5977 exorcismi
3271 5916 3529 5977 Ecclesiae

1941 5987 2219 6054 daemones
2246 5987 2527 6052 veritatem
2558 5987 2711 6047 fateri
2739 5994 2957 6062 cogunt.
