3910 6448
489 421 593 474 327
675 493 682 498 _

1500 405 1858 462 THIOFRIDI
1896 403 2182 485 ABBATlS
2222 402 2788 461 EFTERNACENSIS

3684 411 3782 468 328

489 541 686 598 ctitatis
713 539 832 610 ejus
870 537 1107 612 pondere
1136 532 1370 606 opprimi
1403 547 1418 602 ;
1451 539 1505 587 et
1534 539 1641 586 tam
1671 529 1886 584 resoluti
1898 544 2085 584 soma-
2113 529 2170 588 A
2201 527 2380 598 praesit
2399 528 2446 583 ei
2475 528 2630 599 cujus
2675 538 2864 585 natura
2915 540 2995 587 est
3031 533 3264 588 cmlestis
3310 541 3363 588 et
3417 534 3663 608 angelica
3689 548 3703 604 ;
3734 541 3782 588 et

491 631 558 686 tis
586 629 758 686 vereri
789 629 1062 696 viciniam,
1119 641 1279 696 quam
1309 620 1524 694 spiritus
1568 636 1686 676 cum
1719 619 1834 674 Deo
1862 617 2088 673 deorum
2196 632 2385 687 pinnas
2439 635 2780 688 quascunque
2837 619 3008 676 victor
3061 621 3285 678 devictae
3341 623 3513 695 potuit
3568 621 3775 692 inferre,

491 719 773 792 regnantis
798 716 1160 787 praesentiam.
1195 715 1434 782 Cumque
1467 710 1760 778 imperator
1789 707 1917 762 tanti
1937 723 2085 777 pra:-

487 808 734 881 rogaliva
788 805 1042 861 confusus
1069 801 1344 875 praeconii,
1393 816 1425 854 a
1481 797 1742 863 Galilaais,
1812 797 1942 866 (quo
1975 811 2082 851 no-

485 897 634 952 mine
663 903 872 951 nostros
892 894 1017 949 odio
1048 891 1282 948 nominis
1329 887 1612 944 Christiani
1653 885 1862 940 solebat
1889 885 2083 955 appel-

487 983 621 1054 lare)
653 983 804 1055 quasi
824 983 999 1055 gratia
1044 979 1250 1050 probri,
1301 977 1554 1048 reliquias
1609 973 1858 1045 martyris
1896 973 2086 1043 jussis-

485 1080 566 1129 set
593 1072 792 1129 auferri
827 1091 839 1127 :
874 1069 1128 1127 convenit
1167 1067 1404 1124 Ecclesia
1459 1065 1558 1120 Dei
1586 1068 1774 1136 nigra,
1809 1062 1904 1120 sed
1955 1065 2081 1134 for-

483 1177 662 1229 mosa,
722 1160 968 1225 obscura,
1029 1160 1180 1215 sicut
1211 1155 1582 1214 tabernacula
1613 1151 2078 1223 Cedar;pulchra,

478 1252 629 1307 sicut
654 1250 834 1323 pelles
875 1247 1193 1305 Salomonis
1217 1245 1406 1315 (Cant.
1425 1259 1464 1309 ι,
1498 1245 1574 1312 4),
1605 1241 1873 1297 concurrit
1904 1239 2082 1295 omnis

479 1347 608 1396 aetas
627 1337 972 1393 ecclesiastici
1029 1335 1234 1391 ordinis
1271 1333 1448 1388 omnis
1498 1347 1658 1386 sexus
1686 1339 1740 1385 et
1794 1327 2030 1385 conditio
2062 1342 2076 1396 ;

479 1435 533 1482 et
547 1425 900 1484 deducebant
956 1441 1154 1481 arcam
1180 1423 1330 1480 servi
1385 1421 1614 1479 Domini
1661 1419 1724 1474 in
1763 1418 1949 1490 jubilo
2005 1418 2077 1484 (II

477 1519 606 1588 Reg.
628 1531 706 1584 v1,
741 1518 851 1586 15).
909 1517 974 1570 In
1023 1513 1208 1570 laetitia
1236 1511 1434 1576 cordis,
1485 1525 1582 1582 per
1607 1525 1704 1564 sex
1759 1507 1930 1562 millia
1957 1521 2080 1577 pas-

473 1633 650 1684 suum,
685 1616 988 1688 psallebant
1018 1630 1150 1672 voce
1181 1614 1411 1670 altisona
1441 1631 1454 1667 :
1481 1610 1820 1682 Confundan
1834 1613 1931 1664 tur
1949 1623 2074 1664 om-

479 1723 582 1763 nes
601 1708 699 1780 qui
719 1704 1276 1776 adorantsculptilia
1305 1702 1482 1769 (Psal.
1516 1715 1660 1769 xcvr,
1692 1700 1770 1769 7).
1804 1697 2076 1754 Cumamo

472 1796 762 1864 butarent,
787 1797 958 1867 quasi
993 1808 1165 1851 sonus
1187 1796 1312 1849 erat
1340 1789 1756 1858 multitudinis,
1788 1791 1855 1843 ut
1900 1802 2076 1843 sonus

2193 705 2490 777 redemptae
2519 707 2734 762 victrice
2784 724 2846 764 ac
2891 709 3241 784 dominatrice
3270 711 3552 768 Dominica
3605 728 3774 780 carne,

2194 802 2248 848 et
2277 795 2466 850 victrix
2497 796 2698 850 victum
2728 806 2888 868 cogat
2943 799 3269 870 persolvere.
3301 801 3364 854 Et
3399 801 3518 872 quis
3573 801 3780 857 investi-

2192 882 2402 955 gabiles
2459 884 2660 941 divina:
2705 885 3118 957 dispensationis
3167 888 3452 962 investiget
3504 889 3712 946 divitias
3757 905 3770 959 ;

2192 973 2310 1042 quis
2337 974 2626 1046 excogitet,
2659 975 2779 1045 quis
2821 976 3072 1047 explicet,
3105 985 3302 1047 quanta
3329 994 3516 1034 sensus
3567 979 3776 1035 Domini

2195 1062 2264 1116 sit
2285 1063 2622 1133 profunditas
2651 1065 2680 1117 ε)
2710 1065 2958 1120 Vermem
2992 1066 3120 1121 facit
3148 1067 3402 1140 angelum
3433 1083 3448 1137 ;
3481 1066 3620 1124 infra
3669 1085 3774 1124 ver-

2189 1166 2354 1218 mem,
2414 1160 2468 1206 et
2519 1151 2704 1208 omnia
2753 1151 2938 1209 inﬁma
2978 1155 3176 1228 redigit
3211 1156 3465 1229 angelum
3493 1157 3597 1213 :de
3642 1163 3774 1212 terra

2187 1239 2383 1294 caelum
2409 1254 2423 1310 ;
2456 1240 2523 1295 de
2553 1257 2766 1296 summo
2795 1242 3278 1308 cmlo,inferiorem
3299 1245 3768 1317 conditabyasum:

2187 1343 2308 1398 qua;
2337 1345 2500 1400 supra
2528 1329 2689 1396 infra,
2723 1331 2994 1400 quminfra
3040 1333 3194 1404 ponit
3241 1349 3403 1405 supra
3435 1353 3447 1390 :
3473 1342 3527 1390 et
3557 1335 3769 1390 inextri-

2186 1417 2418 1472 cabilem
2466 1435 2562 1474 sua
2609 1420 2874 1491 sapientia
2927 1421 3164 1476 contexit
3236 1421 3594 1494 labyrinthum
3653 1439 3668 1493 ;
3717 1431 3775 1480 ut

2183 1521 2402 1576 prorsus
2422 1522 2532 1562 non
2559 1508 2630 1562 sit
2654 1509 2851 1562 mirum
2889 1510 2996 1564 emi
3012 1510 3373 1566 acutissimum
3417 1527 3514 1568 vas
3559 1513 3770 1569 electio-

2185 1595 2268 1648 nis
2297 1595 2542 1663 Paulum,
2567 1597 2656 1666 qui
2678 1606 2862 1668 raptus
2889 1605 2969 1653 est
3025 1599 3092 1653 ad
3143 1599 3355 1654 tertium
3397 1601 3610 1668 malum,
3641 1609 3694 1657 et
3719 1601 3772 1656 in

2185 1685 2514 1755 paradisum,
2548 1686 2884 1742 altitudinem
2929 1687 3130 1744 divinae
3186 1690 3380 1746 mentis
3434 1689 3772 1761 admiratum,

2183 1773 2514 1828 exclamasse
2535 1791 2634 1845 per
2659 1775 2918 1846 Spiritum
2939 1784 3184 1832 sanctum
3220 1797 3232 1833 :
3262 1779 3302 1835 0
3337 1778 3585 1835 altitudo
3625 1778 3770 1836 diui-

477 1863 1092 1962 castrorum—(Enecat,
1125 1893 1238 1961 2i),
1271 1899 1327 1945 et
1349 1887 1639 1944 resonabat
1666 1894 1805 1941 terra
1835 1885 1889 1939 in
1913 1900 2066 1940 voces

2186 1864 2404 1919 tiarum
2423 1863 2726 1936 sapientia:
2736 1867 3042 1922 etscentice
3051 1867 3346 1940 Dei,qu
3360 1867 3778 1941 incomprehen-

469 1981 706 2049 illorum,
739 1989 793 2037 et
820 1981 888 2037 de
905 1998 963 2036 se
992 1979 1482 2050 interpretabantur
1509 1976 1641 2031 illud
1653 1973 2027 2046 propheticum
2052 1992 2066 2028 τ

473 2080 540 2136 In
563 2079 774 2136 laetitia
790 2078 1179 2151 egrediemini,
1213 2081 1270 2134 et
1289 2079 1354 2132 in
1369 2092 1509 2148 pace
1539 2071 1899 2130 deducemini
1937 2072 2066 2141 (lsa.

473 2183 563 2238 Lv,
598 2170 708 2239 12).
749 2167 1048 2223 Dissolutos
1095 2165 1303 2239 egregii
1323 2161 1570 2235 martyris
1623 2162 1831 2217 cineres
1886 2175 2072 2230 prose-

471 2255 791 2328 quebantur,
823 2265 882 2312 ut
918 2255 1184 2311 exercitus
1213 2254 1404 2310 ducem
1439 2272 1451 2308 :
1489 2253 1732 2318 Caritas,
1765 2265 1886 2320 qua:
1913 2251 2072 2322 foras

473 2357 662 2412 mittit
688 2357 951 2412 timorem
977 2355 1022 2424 (Ι
1052 2355 1220 2411 Joan.
1261 2367 1338 2421 iv,
1373 2353 1484 2423 48),
1507 2351 1577 2406 ab
1603 2349 1682 2404 eis
1711 2363 1928 2404 omnem
1960 2355 2070 2401 ter-

469 2452 588 2507 reni
618 2451 951 2524 principatus
1001 2451 1229 2507 exclusit
1273 2458 1529 2505 terrorem
1565 2467 1578 2504 :
1613 2446 1744 2502 nihil
1800 2445 1856 2500 in
1883 2460 2069 2500 eorum

469 2549 741 2605 mentibus
764 2547 974 2621 profani
1023 2547 1191 2603 valuit
1213 2546 1470 2618 principis
1521 2544 1750 2601 seevitia.
1802 2541 2071 2598 Sitiebant

467 2640 726 2698 dulciora
751 2653 923 2710 super
977 2637 1092 2692 mel
1121 2640 1387 2707 et/avum
1435 2633 1616 2703 (Psal.
1655 2646 1816 2700 xvm,
1842 2631 1931 2699 11)
1971 2643 2068 2700 pro

469 2728 666 2785 Christi
686 2726 906 2782 nomine
935 2725 1218 2797 supplicia.
1259 2724 1518 2780 Chariora
1545 2730 1600 2778 et
1643 2720 1964 2793 gloriosiora
1992 2719 2070 2772 eis

468 2817 807 2874 habebantur
831 2830 953 2870 ossa
981 2823 1212 2880 mortua,
1237 2829 1398 2884 quam
1414 2811 1642 2884 fulgenti
1671 2826 1828 2865 curru
1858 2808 2070 2862 invecta

470 2915 630 2971 totius
662 2913 850 2968 mundi
869 2911 1064 2986 gloria.
1099 2911 1207 2968 Sed
1231 2927 1351 2966 cum
1371 2910 1484 2980 ﬁlii
1495 2911 1595 2988 Dei
1607 2909 1928 2982 jubilarent
1950 2905 2068 2975 (Job

465 3013 772 3082 xxxvm,7)
803 3025 914 3083 prae
941 3008 1120 3066 cordis
1146 3007 1520 3073 exsultatione,
1555 3006 1855 3062 idololatra:
1883 3003 2068 3076 operti

460 3105 619 3168 sunt,
641 3099 1070 3173 sicutdiploide,
1094 3097 1427 3169 confusione
1459 3095 1635 3167 (Psal.
1688 3109 1838 3158 cvm,
1865 3097 1978 3163 29),
2012 3103 2066 3150 et

2182 1950 2372 2007 sibilia
2397 1956 2535 2008 sunt
2544 1953 2766 2024 iudicia
2795 1955 2938 2026 ejus,
2972 1955 3464 2028 etinvestigabiles
3480 1958 3583 2013 uile
3596 1957 3714 2028 ejus
3745 1957 3770 2010 !

2179 2040 2354 2112 (Rom.
2376 2054 2460 2106 ιι,
2491 2043 2606 2108 33.)
2661 2040 2784 2096 Non
2827 2042 3201 2112 substantiam,
3261 2059 3371 2100 non
3427 2044 3658 2100 formam
3695 2061 3774 2100 as-

2178 2128 2406 2200 sumpsit
2429 2129 2631 2202 angeli,
2653 2131 2748 2186 sed
2769 2131 2918 2187 venit
2935 2132 3000 2187 in
3015 2132 3399 2190 similitudine
3427 2135 3624 2190 carnis
3644 2149 3772 2208 pec-

2177 2218 2296 2273 cati
2343 2219 2526 2288 (Rom.
2582 2233 2701 2286 vm,
2733 2221 2813 2288 3),
2862 2222 3152 2292 assumpsit
3204 2222 3376 2277 lutum
3425 2231 3664 2278 nostrum
3717 2231 3774 2278 et

2179 2308 2779 2378 copnovitﬁgmentum
2802 2314 3103 2380 nostrum;
3126 2326 3194 2368 ac
3233 2311 3582 2380 recordatus,
3621 2328 3764 2385 quo-

2176 2394 2930 2466 niamputvissumuthomo
2941 2397 3094 2452 sicut
3107 2399 3308 2468 fenum
3345 2399 3528 2454 (Psal.
3549 2413 3646 2469 cn,
3679 2399 3768 2468 ﬂ,

2180 2483 2290 2550 15),
2306 2481 2476 2538 factus
2487 2489 2566 2537 est
2584 2483 2700 2553 ipse
2722 2483 2926 2553 fenum,
2943 2501 3012 2540 ne
3033 2494 3214 2542 nostra
3232 2485 3288 2540 in
3305 2493 3620 2558 perpetuum
3645 2501 3770 2543 caro

2177 2579 2518 2641 permaneret
2545 2572 2749 2642 fenum,
2779 2581 2834 2628 et
2867 2573 3328 2630 fenum-nostrum
3375 2576 3532 2631 vertit
3555 2576 3610 2630 in
3663 2575 3772 2632 fru-

2175 2667 2438 2726 mentum,
2469 2669 2522 2716 et
2548 2678 2608 2718 se
2628 2662 2788 2719 nobis
2806 2663 2963 2720 dedit
2975 2680 3184 2736 panem
3197 2665 3555 2736 vivum(Joan
3569 2707 3582 2721 .
3602 2680 3679 2733 vr,
3699 2669 3765 2722 51

2176 2749 2288 2820 52),
2318 2757 2374 2805 ut
2401 2749 2734 2819 trajiceretur
2763 2751 2818 2806 in
2845 2768 3040 2822 corpus
3077 2761 3338 2820 nostrum,
3372 2762 3425 2809 et
3453 2770 3552 2810 nos
3579 2753 3769 2810 effice-

2174 2853 2356 2894 remur
2381 2855 2575 2910 corpus
2606 2857 2781 2908 suum,
2831 2849 2886 2896 et
2920 2858 2980 2899 os
2997 2857 3073 2898 ea:
3101 2843 3312 2900 ossibus
3349 2843 3491 2914 ejus,
3533 2847 3592 2900 et
3635 2861 3770 2902 caro

2174 2927 2241 2982 de
2269 2943 2440 2984 carne
2460 2929 2583 2999 ejus
2611 2928 2788 3002 (Gen.
2817 2944 2877 2997 ιι,
2907 2931 3020 2997 23).
3054 2929 3116 2986 In
3138 2939 3450 3004 paupertate
3471 2933 3768 2990 carnissua:

2175 3032 2367 3073 omnes
2381 3017 2673 3074 thesauros
2711 3020 3010 3091 sapientia:
3063 3025 3120 3076 et
3176 3022 3438 3078 scientiae
3472 3021 3772 3078 recondidit

2171 3104 2374 3174 (Catos.
2409 3121 2470 3172 ιι,
2491 3106 2548 3179 3)
2572 3121 2586 3177 ;
2619 3115 2672 3162 et
2698 3124 2822 3163 cum
2851 3123 2950 3164 nos
2976 3124 3074 3164 sua
3101 3109 3348 3166 membra
3378 3109 3521 3179 fecit,
3553 3109 3768 3166 divitias

465 3189 825 3248 tabescebant
844 3203 1084 3245 maerore
1135 3203 1255 3260 pra:
1297 3184 1888 3278 spirituscontritione
1932 3183 2062 3278 (ise.
2093 3251 2140 3278 η
2173 3209 2307 3264 quas
2334 3211 2518 3250 secum
2573 3196 2748 3252 attulit
2777 3196 2834 3250 in
2873 3197 3189 3253 exstinctam
3219 3214 3433 3270 quoque
3473 3199 3763 3255 electorum

460 3295 592 3347 va,
628 3281 716 3352 14)
741 3293 754 3350 ;
779 3281 1086 3350 con/usum
1131 3259 1372 3348 protecta
1402 3278 1488 3331 est
1513 3273 1784 3346 gaudium
1839 3289 1875 3328 a
1919 3271 2060 3342 ﬁliis
2091 3259 2142 3316 υ
2170 3259 2388 3338 (ζωθηι
2417 3299 2481 3338 ac
2507 3299 2630 3340 ossa
2657 3283 2882 3341 miriﬁce
2909 3286 3176 3342 (mustum
3205 3259 3305 3343 ε’θι
3329 3259 3467 3343 gica;
3513 3287 3627 3359 ipse
3653 3304 3760 3344 na.

460 3369 759 3434 hominum
789 3368 932 3438 (Joel
983 3381 1021 3434 ι,
1059 3367 1169 3436 12),
1218 3372 1274 3420 et
1292 3364 1405 3435 (49)
1461 3363 1516 3417 in
1546 3362 1808 3418 ultionem
1863 3361 2060 3433 proditi

460 3467 677 3523 athletae
705 3465 827 3533 Dei,
850 3463 1116 3522 commoti
1157 3466 1298 3520 sunt
1342 3460 1604 3518 cardines
1626 3461 1754 3518 caeli
1785 3459 1921 3529 (Isa.
1977 3474 2057 3527 vr,

457 3557 534 3626 4),
571 3563 625 3610 et
661 3554 923 3626 templum
973 3551 1306 3622 antiquitatis
1361 3556 1737 3620 consumptum
1795 3555 1876 3602 est
1928 3547 2057 3620 igne

459 3643 682 3712 cmlesti,
715 3649 769 3698 et
796 3643 1111 3698 deauratum
1139 3639 1524 3694 simulachrum
1553 3637 1726 3708 Pythii
1747 3636 2054 3704 contritum,

458 3739 512 3788 et
539 3733 652 3803 (50)
681 3731 1030 3787 materialiter
1055 3730 1444 3786 assimilatum
1474 3731 1561 3784 est
1572 3727 1788 3798 favilla
1800 3725 2058 3783 etcineri

458 3820 578 3898 (Job
593 3835 737 3890 xxx,
773 3822 883 3892 19).
915 3818 1164 3875 Proditor
1181 3817 1410 3890 sepulcri
1433 3815 1698 3887 martyris,
1729 3821 1914 3870 auctor
1933 3829 2057 3886 pro-

453 3919 558 3991 prii
571 3919 742 3976 factus
751 3915 1139 3987 estdedecoris,
1152 3923 1206 3971 et
1235 3915 1377 3971 unde
1391 3912 1764 3988 gloriosissimi
1790 3912 1935 3967 testis
1955 3912 2054 3968 Dei

452 4017 647 4090 gloria,
677 4017 802 4072 inde
837 4014 1156 4099 daemonicae
1177 4013 1420 4069 falsitatis
1449 4018 1605 4067 aucta
1633 4019 1714 4066 est
1731 4010 2050 4084 ignominia,

453 4105 838 4180 etproditionis
865 4104 1095 4177 pretium
1128 4103 1181 4158 in
1214 4103 1502 4175 proditoris
1529 4116 1744 4158 versum
1781 4107 1862 4155 est
1889 4099 2054 4172 supli-

451 4195 614 4252 cium.
646 4195 740 4251 Est
767 4193 1022 4249 nimirum
1072 4191 1210 4248 mira
1239 4191 1338 4247 Dei
1365 4190 1765 4261 dispensatione
1822 4188 2052 4260 disposi-

453 4300 586 4362 tum,
616 4300 675 4348 ut
691 4295 856 4348 homo
895 4291 1057 4347 etiam
1085 4297 1277 4346 exutus
1310 4289 1610 4359 hominem,
1652 4287 1744 4358 jus
1771 4285 1970 4343 habeat
1997 4295 2052 4342 et

451 4388 702 4438 exerceat
725 4381 781 4436 in
835 4379 1110 4452 angelum,
1141 4379 1297 4449 cujus
1341 4395 1504 4450 super
1528 4377 1808 4433 hominem
1865 4375 2047 4448 impe-

447 4479 610 4547 rium,
641 4479 697 4534 in
716 4485 887 4534 morte
914 4478 1246 4535 mediatoris
1261 4477 1362 4534 Dei
1375 4481 1432 4534 ct
1451 4475 1764 4546 hominum,
1799 4475 2048 4532 hominis

2167 3378 2282 3426 tura
2311 3379 2392 3426 est
2408 3372 2572 3427 Filius
2603 3373 2722 3438 Dei,
2754 3374 2848 3442 sic,
2892 3375 2989 3446 qui
3029 3375 3250 3452 Spiritu
3273 3377 3372 3432 Dei
3402 3381 3673 3449 aguntur,
3697 3376 3762 3433 hi

2164 3460 2453 3532 adoptione
2483 3466 2620 3518 sunt
2645 3463 3068 3533 ﬁlii,Dei(Rom.
3104 3464 3325 3536 vni,ii)
3359 3479 3373 3535 ;
3405 3465 3600 3522 etsicut
3628 3481 3760 3524 caro

2163 3551 2285 3621 ejus
2305 3567 2422 3607 non
2433 3551 3168 3625 viditcorruptionem(Act.
3187 3571 3246 3624 ιι,
3278 3557 3366 3621 27,
3397 3554 3508 3626 31),
3531 3555 3609 3611 sic
3631 3571 3758 3612 caro

2161 3639 2376 3694 illorum
2407 3641 2720 3696 naturaliter
2765 3642 3149 3714 corruptibilis,
3191 3659 3302 3699 non
3327 3643 3527 3700 amittit
3543 3643 3645 3700 Dei
3673 3643 3758 3700 sui

2160 3743 2324 3798 super
2349 3743 2406 3784 se
2435 3728 2939 3786 sunctificationem.

2709 3903 3101 3962 CAPITULUM
3139 3905 3204 3962 V.

2157 4017 2232 4074 De
2249 4021 2578 4076 sanctorum
2615 4023 2898 4077 somatum
2917 4021 3242 4078 suavissimi
3279 4020 3464 4079 odoris
3479 4023 3752 4094 fragran-

2229 4106 2330 4176 tia,
2353 4108 2627 4182 ettempli
2641 4111 2763 4179 Dei,
2782 4113 2839 4167 et
2857 4126 3024 4178 arcte,
3049 4114 3105 4168 et
3128 4111 3354 4180 altaris,
3393 4109 3752 4186 eoaptation'e

2229 4197 2490 4270 mystica.

2191 4379 2197 4386 .
2224 4339 2348 4395 Non
2374 4339 2487 4412 (51)
2518 4339 2683 4396 habet
2709 4339 2765 4394 in
2801 4356 2880 4410 se,
2912 4355 3025 4397 non
3053 4341 3225 4414 egerit
3273 4358 3416 4398 exse
3461 4341 3751 4414 corruptio-

2149 4427 2235 4483 nis
2257 4427 2507 4497 fetorem,
2540 4429 2637 4484 sed
2669 4429 2861 4486 futurae
2889 4429 3306 4502 incorruptionis
3348 4431 3570 4488 odorem
3597 4445 3748 4502 ;non

2149 4518 2278 4586 olet,
2309 4518 2405 4574 sed
2431 4517 2644 4574 redolet
2669 4532 2684 4589 ;
2717 4533 2826 4574 non
2873 4534 3054 4574 aerem
3083 4517 3270 4589 inficit,
3303 4518 3397 4575 sed
3426 4518 3743 4592 paradisiaci

452 4577 665 4637 σλνίετί
689 4573 822 4681 ’ff“
849 4577 902 4681 (ι
933 4577 1069 4633 Τένη-
1091 4589 1152 4647 ¹¹ν
1183 4578 1261 4681 ’ἢν
1283 4582 1366 4681 θεῇ
1392 4574 1677 4681 dirum;
1719 4581 1773 4628 εί
1815 4573 1906 4644 (ἰαί
1934 4572 2044 4681 Ρῗί’
2069 4619 2124 4680 D
2153 4572 2636 4664 notissime
2863 4572 2928 4664 si
2951 4572 3514 4681 genitam;
3527 4572 3738 4665 gssit;

450 4675 904 4769 mae_eonditionis
927 4675 1292 4748 praerogativa
1338 4673 1510 4769 factus
1546 4679 1627 4769 est
1653 4687 1816 4769 ξυρθτ
2069 4671 2116 4680 ’⁷
2144 4697 2276 4752 nulli
2331 4695 2518 4766 ofﬁcit,
2575 4696 2686 4753 imo
2727 4697 2887 4754 saluti
2945 4671 3191 4753 omnium
3244 4697 3491 4769 proﬁcit;
3516 4697 3746 4754 fatentes

443 4766 678 4860 εοΡάίιθν
703 4765 899 4860 Primi”
927 4779 1142 4860 fin-mine
1173 4761 1610 4860 ίηηξετθδξίοηίε
1656 4759 2041 4860 ίηεῖτηθάξλδίιί
2142 4794 2288 4842 artus
2311 4785 2441 4842 facit
2466 4759 2577 4842 non
2607 4785 2774 4842 fetere
2807 4805 2819 4842 :
2853 4784 3218 4843 inﬁrmitatem
3244 4759 3494 4860 -expellit
3516 4785 3742 4842 inﬁmi-

440 4855 597 4912 mina
625 4853 873 4910 Γθάδθωδ
899 4853 970 4948 δξί
993 4851 1137 4908 inf”
1163 4851 1387 4948 οππξίθῖ
1420 4858 1474 4948 ίῗί
1503 4866 1662 4948 quer.“
1702 4847 2040 4948 “tumbam
2141 4881 2248 4930 tate
2281 4894 2294 4931 :
2322 4875 2529 4931 saniem
2580 4875 2822 4948 corporis
2876 4891 2941 4931 ac
2968 4874 3166 4933 animae
3218 4847 3426 4946 peccati
3480 4875 3738 4932 confectae

439 4945 587 5002 nulla
643 4943 805 5000 nam
857 4939 1088 4997 inﬁma,
1141 4939 1318 4996 carnis
1370 4938 1668 5037 subsunt?“
1699 4951 1732 5037 δέ
1755 4938 1833 4993 illi
1889 4953 2036 5037 “9'9!
2137 4965 2378 5033 vulnere,
2413 4971 2520 5020 tam
2550 4981 2661 5022 sua
2675 4938 3048 5036 corruptionis
3103 4938 3273 5033 sanie,
3306 4980 3468 5037 quam
3518 4964 3735 5037 spiritus

439 5043 593 5114 cujus
620 5039 904 5098 inﬁrmitas
947 5039 1118 5095 ruinae
1173 5055 1285 5094 suae
1339 5053 1404 5094 ac
1433 5033 1766 5110 praesidentis
1812 5043 1866 5091 et
1901 5035 2038 5092 vivi-
2135 5053 2218 5108 sui
2247 5060 2398 5109 cum
2413 5053 2795 5110 medicamine.
2826 5033 2963 5123 Quae
2997 5033 3404 5124 plemmque'in
3419 5033 3614 5110 santh
3643 5053 3732 5110 γει

439 5130 648 5189 ﬁcantis
684 5147 743 5188 se
779 5131 980 5186 animae
1035 5128 1237 5184 exstitit
1287 5144 1470 5195 causa,
1511 5125 1818 5181 dominetur
1871 5125 2034 5181 etiam
2133 5141 2437 5216 podagrici,
2497 5143 2583 5198 vel
2611 5143 2920 5216 chiragrici,
2977 5150 3070 5198 aut
3123 5141 3422 5216 hydropici,
3453 5150 3546 5198 ,ιιι
3595 5142 3734 5198 διευς

435 5239 687 5301 mortua;
720 5237 773 5285 et
829 5243 986 5284 versa
1039 5227 1176 5294 vice,
1217 5225 1266 5282 ei
1304 5227 1535 5298 imperet
1575 5223 1887 5296 ρτεθροείιε,
1947 5221 2033 5278 cui
2134 5229 2665 5301 alicujusinordinati
2705 5232 2946 5288 humoris
3001 5231 3349 5288 exuberantia
3367 5232 3506 5305 (52),
3563 5231 3727 5287 etiam

434 5327 657 5384 servivit
679 5325 930 5396 subdita;
963 5332 1018 5380 et
1057 5324 1212 5395 cujus
1241 5339 1358 5380 esse
1386 5329 1466 5377 est
1513 5339 1582 5378 ex
1610 5322 1754 5378 lutea
1783 5320 2029 5389 materia,
2135 5319 2673 5378 familiarissimorum
2733 5337 2765 5378 a
2789 5338 2846 5378 se
2902 5320 3197 5378 summovit
3251 5319 3624 5394 frequentiam,
3676 5327 3732 5378 et

2129 5517 2318 5560 verum
2345 5508 2478 5557 erat.

504 5503 1224 5584 (ip)_{n_ultionem_proditi
1242 5501 1606 5584 athletchei.
1622 5500 1909 5584 sent-entia
1927 5508 2027 5568 est,
2129 5517 2318 5584 verum
2345 5508 2499 5584 erat._
2561 5573 2574 5584 _
2632 5573 2685 5584 __
2854 5574 2892 5584 _
3282 5579 3292 5584 Δ
3471 5571 3484 5584 _
3600 5571 3611 5582 _

2199 5576 2312 5644 (51)
2345 5574 2466 5644 Non
2479 5573 2644 5630 habet
2664 5573 2725 5630 in
2755 5589 2832 5630 se.
2852 5574 2932 5630 De
2959 5588 3121 5629 carne
3149 5579 3454 5630 sanctorum
3469 5571 3725 5643 loquitur,

432 5571 576 5646 quod
597 5571 853 5630 diabolus
873 5571 1212 5646 prodidisset,
1246 5581 1300 5646 et
1320 5573 1442 5642 ejici
1465 5579 1703 5628 curasset
1747 5571 2024 5646 Dabylam,

433 5642 598 5716 ipsius
629 5642 891 5716 templum
917 5645 1094 5701 statim
1145 5645 1368 5700 fulmine
1401 5651 1597 5700 tactum
1650 5643 2023 5716 conflagravit.
2125 5644 2194 5700 de
2212 5642 2321 5714 qua
2349 5645 2404 5716 in
2429 5642 2536 5698 ﬁne
2563 5660 2684 5714 cap.
2720 5646 2772 5700 4.

481 5717 567 5770 ide
597 5715 843 5788 auctores
871 5723 994 5788 ante
1019 5716 1346 5771 nominatos.
1443 5785 1453 5788 _
1514 5785 1547 5788 __
1589 5786 1598 5788 _
1764 5786 1772 5788 Α
2195 5716 2318 5788 (52),
2341 5715 2534 5788 Etiam
2561 5716 3728 5788 familiarissimoruma“summouith-

503 5787 618 5860 (50)
648 5785 1067 5860 Materialiter._
1087 5787 1418 5860 Valeymeo
1432 5785 1660 5856 judicio,
1689 5786 1922 5860 reipsa:
1955 5802 2024 5842 ne
2122 5787 2438 5860 quentiam.
2469 5786 2532 5842 Id
2561 5784 2674 5860 non
2703 5785 2929 5860 inﬁmis,
2963 5795 3168 5860 tantum
3194 5795 3432 5860 etdterraa
3458 5784 3610 5860 ﬁliis:
3633 5802 3726 5843 ae-

430 5855 938 5931 quis_'ex__istimaret
991 5856 1106 5931 sola
1131 5856 1588 5931 ⁸ςὶὶιιυίεῑίιιιιοινιιῐῐι
1622 5855 2016 5931 βειὶᾑιιιιὶοιιε,
2122 5855 2270 5931 cidit,
2303 5857 2396 5931 sed
2425 5863 2478 5912 et
2503 5859 2740 5930 regibus.
2791 5859 2964 5914 Testis
3019 5859 3218 5931 impius
3240 5857 3332 5931 ille
3388 5857 3721 5924 Antiochus,

433 5937 534 5994 pro
562 5925 745 5984 favilla
772 5932 827 5980 et
851 5925 1032 5981 cinere
1060 5925 1304 5980 habitum
1335 5940 1350 5997 ;
1377 5927 1522 5996 quod
1562 5927 1744 5998 utique
1759 5926 1878 5997 jam
1898 5935 2020 5983 ante
2120 5930 2286 6002 cujus
2305 5930 2470 5988 odore
2485 5932 2543 5986 et
2561 5925 2774 5999 fectore
2784 5931 3078 5989 exercitus
3097 5925 3466 6002 precabatur,
3486 5933 3724 6003 siquem

3224 6434 3310 6440 η
3763 6183 3910 6448 J
