3910 6406
161 361 261 417 329

1060 349 1324 407 FLORES
1364 344 1710 403 EPITAPHII
1749 347 2193 404 SANCTORUM.
2228 375 2295 389 --
2329 345 2458 402 LIB.
2498 343 2547 401 Ι.

3350 353 3452 409 330

158 481 495 541 sedulitatem
539 475 990 549 jucundissimam
1021 493 1034 540 ;
1081 483 1204 546 post
1232 473 1428 529 animae
1458 471 1746 545 dijugium,
1775 474 1832 534 A
1861 472 2074 529 Veteris
2104 479 2156 530 et
2183 472 2322 530 Novi
2351 473 2682 531 Testamenti
2707 491 2721 543 ;
2746 477 2899 546 cujus
2928 472 3152 550 sanguis
3174 473 3344 534 clavis
3372 484 3457 534 est

159 567 348 629 omnes
375 569 744 639 cujuscunque
773 565 1099 623 conditionis
1127 573 1180 620 et
1207 560 1459 627 nationis,
1485 561 1554 616 ad
1584 560 1753 633 glori-

158 660 426 718 ﬁcandum
459 656 706 713 Auctoris
737 656 965 711 internae
996 653 1280 709 suavitatis
1301 651 1751 717 munificentiam,

158 746 568 822 persuavissimi
599 743 792 800 odoris
830 743 898 799 de
937 741 1227 813 putredine
1273 739 1552 811 spirantis,
1585 739 1754 796 allicit

158 835 534 910 fragrantiam.
565 832 767 890 Odoris
797 831 996 902 quippe
1027 830 1264 884 suavitas
1293 828 1489 884 anima:
1514 827 1754 899 dignita—

159 935 264 981 tem
297 932 350 980 et
377 923 693 979 munditiam
718 939 731 984 ;
771 920 959 975 t'etoris
977 919 1287 974 obscenitas
1310 917 1547 973 ostendit
1577 917 1754 972 carnis

158 1014 420 1069 vilitatem
461 1019 515 1066 et
561 1008 988 1064 immunditiam:
1024 1009 1083 1061 In
1129 1005 1301 1062 olenti
1349 1019 1536 1071 carne,
1569 1005 1756 1062 carnis

157 1103 302 1158 olent
331 1098 604 1172 spurcitiae
647 1113 713 1154 ac
740 1097 906 1161 vitia;
944 1095 998 1150 in
1027 1095 1302 1150 odorifera
1347 1093 1553 1160 anima,
1588 1094 1758 1149 redo-

158 1191 270 1246 lent
324 1189 554 1245 virtutes
597 1202 664 1243 ac
705 1185 927 1240 merita.
965 1185 1104 1240 Caro
1151 1183 1316 1249 olida,
1371 1182 1593 1254 spiritus
1645 1182 1755 1236 im-

158 1277 354 1334 mundi
385 1277 557 1344 curia,
573 1291 735 1347 quam
751 1273 860 1342 ille,
893 1275 1201 1345 assumptis
1228 1275 1442 1344 septem
1458 1271 1756 1344 spiritibus

158 1366 516 1440 nequioribus
554 1379 631 1428 se,
663 1364 949 1434 ingressus
987 1365 1074 1417 est
1116 1365 1432 1426 vacantem,
1479 1364 1535 1415 et
1573 1361 1756 1431 scopis

157 1456 498 1511 mundatam
518 1453 738 1523 (Matth.
767 1451 1006 1515 xn,t5);
1041 1448 1294 1516 resoluta,
1327 1448 1564 1504 ostendit
1592 1464 1754 1520 quam

156 1545 211 1600 in
245 1560 305 1599 se
335 1540 614 1613 turpissini
643 1539 886 1612 hospites
915 1543 1277 1595 exercuerunt
1306 1537 1704 1592 immunditiam
1739 1552 1752 1591 :

161 1633 300 1690 Caro
329 1637 520 1686 autem
541 1636 748 1694 sancta,
780 1625 1000 1698 spiritus
1019 1625 1190 1682 sancti
1217 1626 1363 1691 aula,
1387 1634 1441 1680 et
1460 1627 1757 1682 reclinata-

156 1723 309 1778 rium
329 1734 572 1776 aureum
590 1719 784 1788 (Cant.
816 1731 895 1782 ιιι,
913 1715 1022 1786 10),
1037 1713 1094 1769 in
1110 1729 1218 1786 quo
1235 1729 1362 1770 cum
1384 1717 1555 1770 Patre
1565 1730 1757 1769 cama-

1865 561 2108 632 paradisi
2133 580 2146 629 ;
2191 563 2281 634 qui
2311 561 2559 634 sapentia
2589 563 2760 620 Patris
2790 568 2981 636 [actus
3011 569 3097 622 est
3121 566 3456 638 prapitiatio

1861 668 1964 723 pro
1976 652 2222 724 peccatis
2244 652 2454 708 nostris
2468 652 2515 722 (Ι
2531 653 2690 720 Joan,
2711 667 2770 719 ιι,
2804 655 2858 725 2)
2878 655 2996 720 ;cui
3013 670 3127 711 non
3156 669 3453 726 compara-

1866 751 1962 803 tur
1990 763 2197 804 aurum
2226 749 2476 806 obrizum
2501 750 2616 820 (Job
2665 752 3030 822 xxvxrr,;15);
3060 751 3152 824 qui
3190 752 3448 809 vincenti

1862 845 1962 902 dat
1984 863 2197 903 manna
2227 849 2616 904 absconditum
2643 849 2832 920 (Apoc.
2865 865 2925 916 ιι,
2959 852 3048 920 17)
3079 849 3454 906 dulcissimum

1863 938 1916 986 et
1945 929 2451 1001 eminentissimum,
2483 933 2900 989 immortalitatis
2931 942 2985 990 et
3029 934 3265 991 coelestis
3292 935 3454 1005 panis

1861 1019 2061 1074 donum
2085 1061 2100 1087 ,
2131 1019 2225 1090 qui
2252 1021 2408 1094 leges
2438 1037 2567 1077 suas
2596 1039 2711 1078 non
2731 1027 3076 1090 atramento,
3125 1023 3221 1079 sed
3241 1025 3457 1095 spiritu

1867 1109 1962 1164 Dei
1991 1109 2133 1176 vivi;
2166 1126 2279 1165 non
2300 1109 2363 1165 in
2387 1110 2596 1165 tabulis
2629 1110 2884 1183 lapideis,
2903 1111 2999 1167 sed
3010 1112 3073 1167 in
3097 1111 3307 1167 tabulis
3342 1128 3457 1167 cor-

1863 1197 1947 1252 dis
1960 1199 2283 1254 carnalibus
2300 1198 2372 1268 (ll
2393 1199 2665 1270 Cor.xu,3)
2681 1199 3068 1270 superscribit;
3096 1199 3248 1268 cujus
3267 1199 3452 1256 carnis

1862 1284 2019 1340 tertia
2049 1285 2137 1340 die
2167 1286 2629 1343 resurrectionem
2652 1289 2809 1358 virga
2849 1290 3034 1344 Aaron
3081 1285 3459 1360 praetiguravit

1863 1374 2261 1444 (Num.xvu,8)
2282 1391 2295 1430 :
2321 1392 2441 1447 quae
2463 1375 2606 1432 inter
2627 1376 2916 1432 duodecim
2939 1376 3354 1449 virgas,nostrae
3371 1393 3460 1432 us-

1864 1479 1970 1535 que
1991 1462 2048 1517 in
2069 1471 2315 1534 tempora
2336 1464 2960 1532 restitutionis,omnium
2981 1464 3246 1520 ariditatis
3271 1473 3454 1537 typos,

1863 1549 1984 1606 sola
2011 1551 2064 1606 in
2097 1553 2415 1623 mysterium
2447 1553 2698 1624 corporis
2728 1553 2964 1624 Domini,
2998 1552 3117 1610 veri
3147 1553 3458 1610 Sacerdotis

1863 1641 2035 1694 nostri
2046 1649 2188 1712 ,post
2202 1641 2394 1698 mortis
2410 1641 2734 1709 ariditatem,
2756 1642 2811 1697 in
2823 1641 3246 1699 resurrectionis
3263 1641 3458 1698 ﬂorem

1866 1729 2344 1800 erumpentis,(55l
2366 1732 2429 1786 in
2449 1731 2595 1786 tribu
2611 1733 2741 1788 Levi
2761 1731 2830 1787 ad
2851 1732 3038 1788 ﬂorem
3067 1730 3226 1788 rediit
3243 1739 3295 1787 et
3311 1731 3458 1788 fron-

157 1821 235 1876 vit
249 1820 427 1875 Filius
445 1818 632 1888 (Apoc.
654 1812 950 1885 tu,20),qui
963 1827 1365 1883 perascensum
1379 1827 1753 1884 purpureum,
1785 1827 1843 1888 Β
1867 1815 2013 1887 duit;
2047 1825 2100 1873 et
2130 1817 2275 1890 quod
2314 1827 2508 1875 natura
2533 1835 2646 1874 non
2685 1819 2888 1888 habuit,
2920 1819 3161 1875 fructum
3207 1818 3454 1891 protulit.

158 1917 224 1972 de
256 1917 425 1986 lignis
455 1913 652 1969 Libani
681 1919 760 1966 est
791 1910 1078 1982 ferculum
1104 1909 1293 1979 (Cant.
1319 1924 1400 1977 ιιι,
1427 1911 1608 1976 10,9),
1641 1908 1754 1964 evi-

157 2003 478 2058 dentissime
507 2001 750 2056 declarat
794 2015 895 2070 per
935 1997 1160 2054 odorem
1207 1995 1510 2063 miriﬁcum,
1545 1997 1660 2065 ejus
1700 1997 1755 2052 in

158 2107 218 2148 se
247 2108 373 2147 cum
403 2105 615 2146 summa
644 2086 976 2151 reverentia,
995 2101 1117 2142 cum
1147 2101 1360 2141 summa
1387 2086 1669 2142 honestate
1691 2101 1755 2141 ac

157 2180 425 2237 modestia
439 2178 738 2236 recubitum
761 2192 774 2246 ;
795 2179 958 2246 cuius
968 2179 1170 2246 guttur
1183 2180 1268 2232 est
1283 2176 1685 2231 suavissimum
1699 2184 1755 2231 et

157 2295 316 2348 gena:
336 2279 490 2333 sicut
520 2276 726 2332 areolae
746 2277 1068 2331 aromatum
1091 2274 1353 2343 (Cant.v,
1388 2275 1474 2338 16,
1501 2274 1610 2336 13).
1646 2273 1755 2327 Sed

157 2366 204 2421 si
247 2367 370 2439 quis
411 2365 575 2420 dente
614 2363 896 2418 Theonino
940 2362 1141 2416 rodere
1179 2375 1280 2416 nos
1326 2359 1572 2426 voluerit,
1607 2359 1754 2432 quod

157 2471 377 2512 carnem
397 2461 711 2508 sanctorum
726 2451 946 2508 domum
964 2448 1063 2505 Dei
1085 2448 1468 2520 praesumimus
1490 2457 1752 2514 astruere,

157 2549 520 2616 noverit,esse
535 2545 964 2605 tabernaculum
977 2548 1232 2603 exterius
1245 2551 1300 2602 et
1321 2546 1756 2603 tabernaculum

158 2641 413 2697 inte-rius
439 2639 621 2710 (Hebr.
645 2637 797 2704 tx,2,
822 2639 909 2708 3):
943 2635 1154 2692 noverit
1184 2635 1498 2707 Apostolum
1529 2635 1755 2702 dixisse,

159 2729 352 2784 eodem
376 2727 568 2798 spiritu
585 2725 686 2782 sed
704 2726 869 2798 longe
897 2725 1004 2781 alio
1021 2724 1314 2789 intellectu,
1331 2725 1452 2782 Scio
1481 2725 1621 2796 quod
1644 2740 1757 2780 non

158 2817 448 2874 inhabitat
464 2818 526 2872 in
539 2831 710 2871 carne
727 2831 852 2870 mea
863 2813 1068 2872 bonum
1087 2815 1262 2877 (Rom.
1283 2830 1386 2879 vn,
1403 2813 1512 2883 18);
1533 2821 1585 2868 et
1599 2811 1756 2868 item:

159 2906 401 2962 Nescitis
435 2905 570 2977 quia
604 2919 834 2975 corpora
869 2906 1054 2958 vestra
1093 2902 1367 2973 templum
1399 2906 1483 2956 est
1513 2903 1759 2972 Spiritus

157 2994 388 3050 sancti?
427 2993 477 3062 (1
495 2993 618 3048 Cor.
651 3006 726 3058 vr,
762 2993 872 3060 l9.)
904 2989 1186 3060 Templum
1224 2989 1472 3060 profecto
1502 2989 1600 3045 Dei
1634 2996 1762 3046 sunt

155 3091 262 3138 tam
280 3096 513 3152 corpora
529 3096 690 3152 quam
707 3077 931 3150 spiritus
948 3077 1118 3134 electo
1127 3094 1245 3133 rum
1260 3077 1379 3145 Dei,
1400 3086 1452 3133 et
1464 3079 1761 3134 benedicta

1862 1911 2040 1977 Atque
2051 1907 2167 1961 haec
2179 1905 2405 1976 mystica
2423 1915 2475 1962 at
2495 1905 2750 1962 salutaris
2771 1911 3081 1976 arca,inter
3100 1915 3236 1966 duos
3256 1925 3457 1965 aureos

1861 2005 1917 2057 et
1945 2001 2290 2073 productiles
2320 2001 2591 2058 cherubin
2641 2003 2842 2075 (Exod.
2866 2019 3007 2070 xxv,
3043 2004 3130 2073 18)
3163 2010 3245 2058 est
3285 2018 3457 2060 cons-

1865 2089 2026 2144 tituta
2051 2109 2064 2157 ;
2099 2091 2243 2145 inter
2271 2091 2539 2146 cherubin
2560 2092 2918 2164 inquam,per
2947 2107 3085 2165 quos
3111 2099 3312 2149 sanctae
3341 2091 3459 2147 ani-

1863 2195 2058 2252 mm,et
2086 2187 2265 2243 carnis
2294 2189 2348 2242 in
2378 2187 2717 2258 plenitudine
2747 2188 2947 2245 divina
2967 2189 3217 2246 scientiis
3246 2199 3300 2246 et
3331 2192 3462 2247 cha-

1863 2275 2046 2331 ritatis
2092 2277 2456 2332 sanctimonia
2506 2276 2846 2350 intelligitur,
2879 2281 2936 2333 et
2981 2278 3295 2345 munditia;
3331 2278 3457 2352 quia

1863 2380 1968 2435 per
2013 2364 2411 2436 redemptionis
2455 2365 2702 2422 humanae
2747 2365 3068 2437 mysterium
3101 2366 3456 2424 sanctifican-

1864 2462 1952 2508 tur
1980 2469 2180 2526 corpus
2209 2463 2262 2509 et
2290 2453 2494 2520 anima,
2527 2461 2581 2509 et
2611 2454 2679 2510 de
2719 2443 2854 2510 auro
2885 2454 3102 2528 fulgent
3129 2455 3450 2527 purissimo,

1863 2542 1932 2597 de
1981 2541 2166 2599 divina
2221 2541 2465 2613 profecto
2496 2541 2798 2614 sapentia;
2857 2551 3022 2616 atque
3077 2544 3349 2601 cuduntur
3403 2553 3464 2602 et

1861 2630 2240 2701 producuntur
2266 2648 2366 2702 per
2394 2630 2841 2688 laboriosissimae
2869 2633 3032 2702 hujus
3080 2635 3208 2688 vita:
3239 2633 3460 2690 exerci-

1865 2730 2086 2797 tamina,
2116 2737 2174 2784 ut
2204 2730 2418 2802 utrique
2448 2731 2510 2784 in
2532 2731 2622 2787 die
2646 2733 2870 2787 Domini
2885 2733 3070 2788 nostri
3093 2734 3228 2789 Iesu
3252 2733 3464 2790 Christi

1864 2823 2164 2876 serventur
2190 2820 2314 2875 sine
2336 2819 2625 2891 querela(l
2649 2821 2829 2876 Thess.
2854 2837 2908 2886 v,
2939 2821 3050 2890 23).
3076 2821 3322 2895 Cumque
3347 2839 3466 2877 om-

1867 2916 1962 2972 nia
1989 2933 2109 2989 quae
2140 2916 2482 2988 tropologice
2519 2916 2589 2972 de
2629 2916 2931 2973 electorum
2960 2917 3214 2973 dicuntur
3265 2919 3463 2990 capite,

1866 3006 2006 3077 ipsis
2053 3021 2272 3077 quoque
2300 3004 2566 3061 membris
2613 3013 2922 3077 congruant
2957 3006 3220 3078 mystice;
3258 3007 3458 3062 animae

1868 3093 2034 3150 etiam
2057 3101 2369 3150 sanctorum
2392 3100 2444 3148 et
2458 3100 2668 3149 somata
2681 3102 2806 3148 sunt
2821 3094 3131 3150 testamenti
3145 3110 3296 3160 arca,
3315 3094 3468 3150 intus

155 3181 341 3253 gloria
370 3177 598 3236 Domini
618 3177 683 3232 de
717 3177 942 3233 locosuo
963 3175 1183 3247 (Bacch.
1204 3191 1284 3242 ιιι,
1319 3175 1430 3246 12),
1449 3175 1541 3230 ubi
1563 3177 1626 3231 in
1649 3177 1762 3248 spi-
1791 3184 1840 3248 (Γ,
1871 3191 1924 3241 et
1953 3183 2088 3239 foris
2111 3198 2244 3239 auro
2265 3189 2438 3238 tecta:
2463 3181 2587 3254 quia
2603 3182 2750 3236 intus
2769 3181 2981 3252 fulgent
3001 3181 3187 3240 divina
3208 3181 3327 3240 scie
3340 3184 3461 3238 ntia

158 3281 284 3336 ritu
305 3278 676 3342 humilitatis,
700 3281 757 3332 et
784 3276 976 3331 animo
997 3276 1242 3331 contrito
1273 3275 1524 3345 (Daniel,
1540 3291 1622 3342 ιιι,
1649 3276 1755 3345 39),

159 3377 478 3433 holocausta
499 3373 726 3447 pinguia
747 3381 798 3428 et
828 3372 1144 3439 medullata,
1167 3387 1338 3443 opera
1360 3371 1615 3428 videlicet
1644 3373 1760 3428 Deo

160 3463 539 3536 acceptabilia,
571 3470 626 3518 et
671 3469 778 3517 tota
808 3461 1116 3517 orationum
1146 3461 1404 3531 lacrymis
1425 3460 1617 3526 infusa,
1642 3462 1760 3516 Deo

158 3553 396 3610 oﬁ'erunt
426 3551 518 3607 filii
552 3550 674 3617 Dei,
700 3555 756 3607 et
783 3550 1042 3607 ascendit
1069 3553 1266 3620 fumus
1296 3550 1665 3606 incensorum
1695 3549 1761 3605 de

158 3660 338 3699 manu
368 3642 581 3711 angeli,
604 3656 772 3712 super
791 3641 978 3695 altare
999 3655 1260 3704 aureum,
1283 3639 1425 3710 quod
1444 3644 1529 3694 est
1557 3639 1618 3694 in
1634 3654 1764 3695 con-

158 3745 357 3812 spectu
389 3738 611 3795 Domini
627 3738 824 3809 (Apoc.
850 3735 1036 3803 vm,4,
1057 3735 1136 3806 3).
1168 3736 1226 3790 In
1251 3735 1384 3790 tanti
1413 3734 1764 3792 sanctuario-

165 3837 364 3909 templi
390 3837 576 3910 posita
594 3838 678 3892 est
699 3851 834 3890 arca
857 3834 1190 3890 testamenti
1211 3833 1310 3905 (Ill
1323 3833 1460 3905 Reg.
1481 3849 1561 3899 v1,
1587 3837 1672 3900 l9)
1697 3849 1764 3889 ex

79 3973 84 3982 .
161 3924 596 3997 imputribilihus
620 3931 675 3979 et
696 3923 763 3978 ad
785 3922 972 3994 ignem
994 3921 1412 3978 durescentibus
1440 3937 1549 3977 non
1579 3921 1764 3977 arden-

163 4014 309 4070 tibus
329 4015 442 4085 (53)
471 4014 642 4084 lignis
660 4011 1039 4083 setim(Exod.
1060 4025 1281 4077 xxxvn,
1315 4011 1370 4074 1)
1398 4028 1410 4074 ;
1446 4025 1577 4066 caro
1607 4011 1765 4067 vide-

162 4102 291 4160 licet
312 4101 691 4172 Redemptoris
711 4099 902 4170 nostri,
918 4099 1112 4155 viridis
1135 4100 1279 4170 ligni
1299 4101 1451 4168 (Luc.
1467 4114 1630 4166 χχιιι,
1651 4101 1762 4168 31),

167 4189 282 4245 sola
329 4189 611 4245 tremenda
643 4195 697 4244 et
740 4185 1024 4242 adoranda
1063 4185 1325 4241 cherubin
1364 4194 1418 4241 et
1457 4186 1712 4258 seraphin
1747 4205 1762 4252 ;

167 4278 287 4334 sola
315 4287 464 4334 extra
485 4275 849 4334 conditionem
879 4283 1106 4341 naturae,
1131 4273 1188 4328 in
1215 4282 1479 4330 aeternum
1519 4274 1767 4347 imputri-

168 4367 313 4435 bilis,
347 4371 402 4422 et
444 4366 557 4436 (Si)
590 4364 802 4438 exiguae
829 4363 1102 4434 passionis
1132 4381 1146 4429 ;
1201 4363 1468 4418 durabilis
1498 4372 1552 4419 et
1583 4363 1767 4420 incor-

169 4463 474 4536 ruptibilis,
509 4463 638 4535 quia
684 4461 800 4518 sola
829 4460 884 4515 in
932 4460 1039 4516 line
1069 4469 1372 4532 temporum
1420 4469 1687 4533 concepta
1716 4470 1771 4518 et

1868 3289 1923 3338 et
1950 3281 2086 3338 foris
2119 3280 2328 3352 Optima
2347 3295 2561 3336 morum
2590 3280 2988 3352 congruentia:
3010 3288 3061 3336 et
3089 3279 3147 3335 in
3168 3281 3250 3337 eis
3271 3283 3463 3354 posita

1869 3389 1955 3440 est
1987 3384 2313 3453 testiﬁcatio
2330 3383 2531 3454 (Exod.
2564 3382 2906 3452 xxv,16),id
2937 3391 3022 3438 est
3050 3381 3230 3438 omnis
3259 3391 3462 3440 sanctae

1868 3472 2132 3529 doctrinae
2146 3471 2474 3526 abundantia
2499 3486 2513 3541 ;
2537 3478 2591 3526 et
2617 3486 2691 3526 es:
2721 3475 2960 3543 utroque
2993 3472 3170 3527 latere
3193 3471 3460 3549 assistunt

1869 3571 2139 3627 cherubin
2167 3569 2323 3639 (ibid.
2361 3570 2475 3639 18),
2505 3569 2836 3641 angelorum
2867 3567 3412 3626 videlicet'custodia
3443 3586 3458 3632 ;

1871 3667 1930 3713 ut
1956 3658 2189 3714 interius
2217 3657 2574 3728 exteriusque
2594 3657 2921 3713 muniantur
2941 3657 3010 3712 ab
3031 3657 3470 3714 exterminatoris

1871 3745 2090 3820 Egypti
2119 3745 2334 3803 saevitia
2362 3746 2570 3818 (Exod.
2612 3761 2716 3812 xu,
2747 3747 2860 3817 29).
2908 3745 2977 3801 Et
3006 3747 3062 3801 in
3090 3754 3198 3801 tam
3243 3745 3474 3802 mirifico

1870 3835 1973 3892 Dei
1993 3835 2196 3906 templo
2227 3843 2311 3891 est
2329 3838 2617 3905 mysticum
2637 3835 2812 3890 altare
2831 3834 3036 3906 (Exod.
3057 3849 3178 3890 xxv
3197 3839 3253 3891 et
3275 3835 3463 3907 seqq.)

1872 3939 1969 3980 cor
1996 3923 2440 3996 purgatissimum
2467 3931 2521 3978 et
2563 3923 2846 3994 spirituale
2881 3938 2895 3992 ;
2946 3923 3002 3978 in
3049 3939 3160 3995 quo
3203 3923 3469 3980 sacerdos

1873 4015 2028 4085 (Leu.
2081 4029 2158 4082 Vl,
2206 4013 2272 4065 12
2319 4012 2486 4084 seqq.)
2516 4011 2694 4067 homo
2731 4011 2960 4083 quisque
3007 4018 3231 4068 sanctus
3286 4011 3470 4068 anima

1874 4119 1927 4166 et
1981 4124 2208 4180 corpore
2264 4108 2661 4164 indelicientem
2720 4108 2889 4163 nutrit
2947 4109 3131 4180 ignem
3187 4109 3470 4166 charitatis

1873 4197 2107 4272 gemina:
2139 4216 2154 4264 ;
2219 4212 2286 4253 ac
2341 4213 2410 4254 ne
2466 4212 2705 4269 unquam
2735 4198 3132 4270 exstinguatur,
3167 4213 3332 4253 mane
3369 4212 3471 4268 per

1875 4286 2128 4358 singulos
2156 4285 2295 4355 dies,
2319 4285 2374 4340 in
2403 4294 2527 4340 ortu
2555 4283 2690 4340 solis
2714 4284 2954 4353 justitim,
2979 4284 3248 4342 illustrata
3275 4285 3473 4342 mentis

1873 4375 2110 4446 caligine
2145 4391 2158 4436 ;
2208 4373 2378 4445 ligna,
2411 4381 2518 4428 tam
2567 4373 2820 4444 exempla
2849 4374 3084 4440 Palmm,
3117 4389 3284 4445 quam
3315 4391 3468 4446 prse—

1876 4471 2035 4535 cepta
2067 4462 2354 4518 Dominica
2391 4460 2661 4534 congerit,
2693 4469 2746 4517 et
2785 4477 2909 4518 sese
2954 4462 3334 4518 holocaustum
3374 4463 3470 4519 de-

169 4552 465 4626 progenita
485 4559 566 4607 est
585 4558 774 4607 contra
800 4557 1051 4605 naturam
1071 4549 1306 4605 carnalis
1335 4549 1669 4606 conditionis
1702 4565 1765 4606 ac
1797 4545 1850 4607 D
1881 4568 2049 4624 super
2077 4550 2323 4622 imponit,
2373 4551 2500 4605 dum
2531 4565 2691 4606 omne
2734 4549 2923 4605 vitium
2967 4550 3025 4605 in
3058 4567 3118 4605 se
3157 4551 3337 4606 exurit
3371 4569 3384 4616 ;
3420 4559 3477 4608 et

169 4640 635 4714 prOpaginis.Est,
651 4638 890 4710 inquam,
907 4637 1051 4693 intra
1067 4642 1268 4694 sancta
1285 4643 1614 4695 sanctorum
1634 4655 1770 4695 arca

173 4739 530 4804 testamenti,
561 4738 938 4794 circumtecta
964 4753 1038 4793 ex
1058 4738 1214 4793 omni
1234 4741 1394 4809 porte
1425 4754 1569 4794 auro
1599 4753 1771 4794 mau-

172 4829 406 4885 dissimo
434 4827 616 4896 (Hebr.
647 4841 728 4892 nt,
760 4826 835 4896 4),
867 4828 924 4880 et
949 4829 1184 4897 mystico
1212 4833 1406 4896 operta
1447 4826 1775 4897 pr0pitiato-

173 4917 276 4984 rio,
311 4932 513 4988 corpus
553 4913 805 4971 videlicet
841 4913 1040 4969 Christi
1070 4913 1304 4985 Domini,
1338 4913 1428 4987 qui
1457 4922 1541 4970 est
1582 4923 1775 4972 auctor

173 5144 345 5202 nemo
370 5132 598 5193 poterat
642 5133 874 5202 prapter
909 5129 1347 5186 intolerantiam
1375 5129 1604 5200 fetoris,
1634 5145 1772 5202 por-

176 5205 298 5258 tare
329 5201 408 5271 (II
436 5202 568 5256 Mac.
594 5200 674 5269 ιιι,
707 5200 760 5267 9,
800 5200 912 5269 10).

245 5270 360 5344 (53)
391 5273 591 5344 Ltgnis
623 5274 818 5344 setim.
857 5270 1014 5344 Albae
1042 5271 1214 5342 spinae
1236 5287 1456 5344 genus.
1487 5273 1597 5344 sed,
1627 5271 1773 5344 quod

174 5341 474 5410 injustam
517 5343 730 5398 arboris
769 5341 966 5398 molem
1009 5341 1296 5399 excrescit.
1359 5341 1492 5399 Vide
1537 5341 1765 5399 Hieron.

173 5412 231 5540 iis:
269 5414 378 5470 Isa.
411 5429 460 5469 c.
493 5427 613 5468 xu.
650 5411 883 5482 Quidam
929 5413 1236 5469 existimant
1284 5429 1408 5470 esse
1451 5414 1630 5486 ipsam
1675 5429 1774 5471 ce-

214 5500 367 5539 rum.

214 5500 367 5539 rum.

247 5555 604 5627 tantisatque:
636 5555 944 5627 passionis.
981 5555 1105 5610 Non
1129 5555 1266 5627 ivult
1298 5555 1572 5611 Christum
1602 5556 1776 5612 modi-

175 5643 308 5683 cum
358 5626 492 5698 quid
537 5626 778 5697 passum,
824 5627 999 5682 absit:
1046 5626 1146 5698 sed
1200 5643 1313 5683 nou
1373 5627 1475 5682 diu
1530 5643 1772 5698 passum,

173 5695 418 5754 maxime
445 5697 493 5751 si
520 5695 644 5752 cum
667 5697 973 5753 aeternitate
1002 5695 1277 5753 conferas.

248 5769 363 5838 (55)
396 5768 463 5823 In
510 5769 662 5824 tribu
700 5769 848 5824 Levi.
883 5768 1000 5825 Hoc
1039 5783 1157 5823 non
1203 5767 1378 5825 otiose
1416 5769 1567 5824 addit
1609 5768 1777 5824 Thio~

177 5839 377 5908 fridus,
412 5838 510 5896 sed
545 5847 604 5894 ut
649 5838 915 5895 indicaret
958 5855 1022 5894 se
1067 5854 1378 5912 agnoscere
1416 5840 1614 5896 Christi
1655 5854 1776 5896 car-

506 5935 770 6000 Parnoa.
803 5935 1048 6001 CLVII.

1881 4643 1950 4698 de
1982 4641 2194 4697 interna
2223 4638 2676 4711 impinguatione,
2709 4639 2867 4711 quasi
2897 4639 2966 4694 de
2995 4638 3185 4696 hosiiae
3209 4639 3476 4711 paciﬁco-

1881 4747 2001 4786 rum
2027 4729 2206 4800 adipe,
2245 4743 2440 4800 pacem
2483 4727 2626 4784 inter
2670 4743 2730 4783 se
2786 4735 2841 4783 et
2897 4727 3209 4782 Dominum
3270 4726 3480 4784 faciens

1883 4819 2117 4875 odorem
2147 4819 2216 4874 de
2247 4834 2308 4873 se
2339 4816 2729 4872 suavissimum
2759 4814 2940 4871 reddit
2967 4832 2980 4868 :
3023 4823 3076 4871 et
3105 4815 3238 4871 tanti
3267 4816 3480 4872 ardoris

1882 4907 2103 4964 ﬂamma
2148 4905 2606 4978 inexstinguibilis
2641 4920 2920 4977 nunquam
2955 4903 3157 4982 deficit,
3201 4920 3478 4978 nunquam

1881 5139 2006 5181 nem
2048 5137 2160 5200 non
2187 5121 2354 5200 modo
2381 5137 2450 5200 ex
2479 5121 2638 5187 Juda,
2670 5117 2816 5200 tribu
2846 5115 3304 5200 videlicetnregia
3328 5139 3346 5200 ρ
3378 5117 3477 5177 sed

1882 5205 1936 5252 et
1983 5212 2048 5252 ex
2080 5193 2436 5258 Sacerdotali,
2467 5208 2591 5247 esse
2637 5199 2929 5258 sumptam.
2964 5189 3022 5245 S.
3057 5189 3291 5245 Hilarius
3319 5191 3471 5258 (can.

1883 5273 1934 5334 l,
1966 5265 2031 5322 in
2061 5265 2281 5329 Matth.)
2309 5264 2378 5320 de
2425 5263 2518 5318 SS.
2554 5259 2905 5334 evangelistis
2935 5261 3188 5334 Matthan
3229 5269 3299 5334 et_
3329 5259 3478 5319 Luca

1880 5330 2194 5394 sermonem
2222 5335 2471 5391 faciens:
2519 5334 2648 5390 Suis
2688 5330 2922 5404 uterque
2968 5332 3245 5405 partibus,
3285 5330 3479 5405 inquit,

1884 5409 2117 5464 Domino
2131 5411 2324 5464 nostro
2344 5407 2475 5461 Iesu
2500 5406 2739 5476 Christo,
2763 5405 2860 5476 qui
2880 5406 2965 5458 est
2994 5408 3242 5476 internus
3259 5409 3316 5460 et
3338 5407 3476 5472 Rex,

1884 5485 1941 5536 et
1963 5479 2248 5545 Sacerdos,
2271 5478 2523 5534 etiamin
2539 5475 2767 5546 carnali
2777 5475 2934 5546 'ortuj,
2951 5475 3244 5546 utriusque
3257 5478 3484 5546 generis

1884 5553 2125 5623 gloriam
2156 5549 2557 5623 probaverunt.
2595 5545 2775 5623 _Simili
2813 5545 3078 5616 probandi
3109 5545 3320 5623 ratione
3350 5563 3484 5604 usus

1886 5617 1946 5677 Β.
1977 5617 2314 5693 Augustinus
2355 5619 2472 5693 (lib.
2515 5633 2555 5693 ιι
2585 5618 2662 5693 De
2697 5633 2925 5674 consen.
2956 5617 3314 5693 _evangelist.,
3345 5634 3475 5692 cap.

1885 5697 1962 5761 1),
2012 5688 2289 5749 οόηοιιιὰίι
2320 5708 2334 5744 :
2367 5688 2727 5746 'Firmissime
2759 5688 3068 5746 tenendum
3102 5690 3211 5753 est,
3253 5688 3488 5747 carnem

1891 5765 2103 5822 Christi
2139 5779 2213 5818 es:
2250 5765 2485 5834 utroque
2524 5775 2728 5832 genere
2765 5763 3155 5832 propagatum,
3193 5763 3250 5816 et
3291 5777 3490 5834 regum

1887 5837 2108 5899 scilicet
2136 5839 2191 5891 et
2222 5833 2606 5892 sacerdotum.

3143 5927 3213 5990 11
