3910 6428
143 354 247 418 333

1010 343 1280 406 FLORES
1318 343 1668 404 EPITAPﬁll
1708 341 2159 408 sauo'ro‘anM.
2208 384 2277 394 —
2315 347 2448 410 LIB.
2497 353 2544 410 Ι.

3332 355 3436 411 33L

146 484 383 541 olfactus
411 481 750 546 dulcoratur,
781 483 835 533 et
863 475 942 530 ibi
970 475 1141 530 homo
1172 488 1382 527 summa
1422 473 1579 544 quasi
1617 473 1746 543 thy-
1772 473 1829 534 Α
1857 451 2098 542 possem,
2131 485 2250 540 quae
2280 469 2464 525 odoris
2494 478 2810 543 fragrantia,
2857 477 2912 532 in
2958 477 3269 534 inventione
3315 495 3444 550 pre-

148 580 426 638 miamatis
455 577 747 636 dulcedine
778 574 1011 630 satiatur
1044 590 1058 636 ;
1088 571 1180 626 ubi
1201 570 1328 643 quid
1359 569 1444 636 sit,
1470 569 1599 641 quid
1627 568 1748 624 fue-

147 671 215 725 rit
253 669 324 725 ad
361 667 581 724 homine
620 665 938 737 ignoratur.
976 661 1071 715 An
1101 675 1208 715 non
1239 657 1491 714 redolent
1529 673 1748 713 aroma-

149 778 261 826 tum
292 767 448 826 cellae
477 781 542 821 ac
574 761 881 828 involucra,
931 761 1098 815 etiam
1147 773 1270 811 cum
1318 755 1498 811 ablata
1551 754 1752 810 fuerint

149 863 392 916 aromata
420 854 448 908 εν
479 852 589 909 Sed
620 851 788 924 longe
815 848 922 902 alia
944 845 1134 903 odoris
1159 859 1293 899 aura
1326 842 1496 914 spirat
1524 858 1592 898 ex
1623 857 1750 896 san-

148 950 362 1002 ctorum
410 940 734 998 exanimatis
772 935 996 992 artubus
1048 949 1213 1006 quam
1259 948 1325 986 ex
1391 929 1745 997 aromatibus,

150 1043 280 1110 quia
308 1041 476 1113 longe
505 1038 654 1094 aliud
685 1032 970 1092 suavitatis
996 1047 1173 1102 genus
1205 1037 1311 1096 est,
1343 1029 1490 1101 quod
1529 1034 1747 1084 creatu-

153 1142 274 1188 ram
314 1127 640 1186 rationalem
676 1122 960 1180 viviﬁcans
1012 1128 1066 1176 et
1120 1119 1422 1186 illustrans,
1481 1115 1751 1172 subtiliter

151 1235 221 1277 ac
248 1219 366 1288 (63)
424 1213 853 1272 substantialiter
911 1208 1102 1266 suavis
1157 1204 1412 1261 diﬁundit
1468 1204 1745 1276 Spiritus:

151 1308 303 1366 aliud
331 1305 477 1378 quod
505 1320 607 1376 per
634 1301 915 1364 accidens,
943 1298 1077 1354 licet
1103 1293 1497 1367 inseparabile,
1530 1293 1751 1348 insitum

151 1405 238 1456 est
275 1395 438 1452 rebus
474 1391 906 1455 insensibilihus,
962 1386 1162 1444 creatis
1222 1384 1278 1438 in
1337 1384 1752 1439 odoramentum

163 1503 222 1552 et
259 1494 724 1552 delectamentum
763 1485 1138 1552 rationalibus,
1181 1482 1380 1538 mentis
1416 1481 1642 1546 ratione,
1698 1478 1756 1533 in

159 1583 454 1640 sanctitate
491 1588 544 1636 et
578 1578 812 1651 justitia,
851 1577 906 1630 in
961 1590 1020 1629 se
1077 1572 1161 1627 sui
1216 1570 1538 1638 conditoris,
1595 1567 1757 1624 totius

165 1670 476 1730 dulcedinis
515 1667 778 1734 auctoris,
819 1663 1115 1734 imaginem
1144 1659 1580 1732 prazferentibus.
1611 1656 1761 1712 Odor

164 1759 499 1818 aromaticus
536 1772 743 1827 corpus
798 1752 980 1817 allicit,
1021 1766 1131 1807 non
1179 1748 1402 1804 animan
1457 1745 1652 1811 reﬁcit,
1707 1744 1760 1799 in

1856 566 2137 622 tiosissimi
2166 567 2413 638 corporis
2441 575 2634 639 terque
2665 576 2963 639 quaterque
2986 573 3134 622 beati
3183 575 3445 640 Stephani

1856 656 2273 728 protomartyris
2319 655 2432 725 (6t)
2481 664 2604 726 post
2631 671 2925 710 cccnxxxtt
2971 672 3234 712 annorum
3264 657 3445 714 curri-

1858 745 1977 800 cula
2010 759 2043 799 a
2071 745 2327 815 passione
2355 744 2657 810 Dominica,
2703 745 2944 801 omnium
2983 747 3271 801 astantium
3311 747 3449 802 adeo

1855 833 2161 905 perfuderit
2186 848 2347 889 nares
2377 841 2434 890 et
2458 838 2700 905 pectora,
2733 843 2790 888 ut
2820 850 2878 889 se
2908 835 3018 903 (65)
3050 850 3160 891 non
3200 835 3255 889 in
3304 836 3451 890 Cha-

1857 931 2231 1003 phargamala,
2287 932 2385 987 sed
2424 932 2564 989 inter
2606 934 2849 1005 paradisi
2883 934 3213 990 aestimarent
3259 935 3452 991 deam-

1858 1020 2050 1075 bulare
2080 1036 2232 1076 rosas
2263 1028 2316 1075 et
2344 1020 2482 1076 lilia.
2521 1023 2826 1078 Memorare
2842 1022 2966 1078 item
2989 1040 3231 1095 possem,
3251 1025 3454 1081 omisso

1858 1108 2073 1164 interim
2103 1109 2304 1181 insigni
2335 1108 2614 1178 miraculo,
2649 1111 2801 1183 quod
2836 1112 3080 1183 profecto
3128 1113 3228 1168 sub
3276 1113 3454 1186 gratia

1858 1206 2023 1278 longe
2053 1207 2398 1280 praestantius
2420 1215 2502 1262 est
2532 1207 2931 1272 aestimandum,
2962 1224 3125 1280 quam
3166 1209 3309 1279 quod
3353 1209 3454 1265 sub

1858 1291 2004 1367 lege,
2049 1301 2158 1351 tam
2199 1296 2356 1365 irato,
2400 1311 2562 1366 quam
2600 1295 2813 1367 placato
2851 1297 3103 1364 Domino,
3143 1297 3319 1352 nubes
3357 1314 3458 1370 ap-

1861 1383 2044 1454 paruit
2078 1399 2245 1453 super
2273 1383 2498 1440 foederis
2528 1383 2938 1441 tabernaculum
2962 1386 3148 1455 (Num.
3181 1402 3297 1453 xw,
3341 1390 3404 1442 10
3439 1406 3452 1454 ;

1863 1479 2048 1535 Exod.
2078 1494 2286 1546 χχχιιι,
2318 1483 2370 1546 9,
2410 1480 2501 1545 10)
2527 1499 2539 1544 ;
2566 1480 2824 1536 videlicet
2872 1481 3017 1552 quod
3055 1489 3180 1551 post
3229 1482 3458 1538 lucidis-

1867 1567 1991 1622 simi
2031 1567 2144 1638 (66)
2181 1567 2346 1622 totius
2411 1568 2601 1623 mundi
2667 1568 2821 1636 solis,
2896 1569 3235 1625 Willibrordi
3300 1571 3458 1642 primi

1869 1665 2070 1713 sanctae
2107 1656 2479 1729 Trajectensis
2533 1657 2798 1714 Ecclesia:
2853 1658 3269 1730 archipraasulis,
3335 1677 3462 1716 car-

1867 1754 1955 1809 nis
1993 1769 2270 1819 occasum,
2309 1754 2506 1826 ingens
2543 1755 2760 1827 globus,
2800 1755 2956 1828 quasi
2993 1755 3128 1810 fumi
3164 1765 3464 1814 aromatum

161 1850 428 1908 delictum
485 1846 731 1912 vertitur,
771 1842 820 1898 εἰ
857 1841 978 1914 quis
1015 1855 1081 1894 ΘΟ
1118 1838 1175 1894 in
1211 1837 1437 1893 delicias
1487 1834 1750 1890 abutitur.
1787 1830 1840 1892 B
1868 1844 1926 1898 in
1962 1842 2186 1898 modum
2227 1843 2572 1898 densissima;
2611 1843 2771 1898 nubis
2813 1852 2981 1899 totum
3023 1846 3329 1916 sapissime
3367 1863 3460 1902 re-

168 1943 242 1996 At
294 1936 535 1994 suavitas
591 1933 828 2005 Spiritus
874 1931 931 1984 in
987 1934 1210 1983 sanctos
1267 1924 1540 1980 transfusa
1593 1929 1763 1987 artus,

173 2028 418 2100 psycben
448 2033 504 2081 et
524 2037 700 2087 soma,
749 2019 836 2075 sui
877 2017 1170 2074 aﬁectione
1215 2013 1448 2087 inungit,
1493 2021 1546 2068 et
1595 2010 1768 2067 sancti

173 2122 416 2194 Spiritus
442 2119 698 2175 unctione
728 2116 785 2172 in
815 2129 1062 2172 amorem
1103 2110 1404 2182 spiritualis
1440 2110 1565 2165 vita:
1610 2123 1764 2165 com-

162 2211 382 2285 pungit.
413 2210 510 2264 Ille
538 2206 816 2264 fastidium
862 2204 946 2260 sui
993 2209 1258 2274 generat:
1305 2201 1442 2264 haec,
1491 2214 1600 2270 quo
1645 2212 1768 2252 am-

173 2301 323 2373 plius
353 2298 532 2364 satiat,
559 2311 626 2352 eo
643 2293 921 2366 profusius
944 2289 1249 2374 dulcedinis
1268 2304 1382 2344 sum
1413 2286 1556 2342 sitim
1591 2284 1772 2342 multi-

170 2402 342 2476 plicat
368 2415 382 2470 ;
405 2413 526 2472 quae
546 2398 602 2453 in
623 2405 807 2469 typum
827 2393 964 2460 sitis,
985 2407 1108 2464 qum
1129 2390 1362 2446 satiatur
1377 2388 1433 2443 in
1451 2387 1666 2460 angelis
1703 2386 1773 2442 de

168 2475 338 2564 fonte
357 2490 492 2545 vitae
510 2495 564 2544 et
579 2489 832 2542 torrente
847 2482 1155 2553 voluptatis
1170 2477 1349 2544 (Ρεαι.
1378 2490 1559 2546 xxxv,
1583 2479 1673 2541 I9,
1693 2475 1770 2544 9),

167 2563 284 2636 non
311 2577 481 2634 habet
512 2576 567 2630 in
599 2590 659 2630 se
683 2573 906 2628 taedium
937 2567 1201 2625 satietatis
1231 2585 1246 2633 ;
1279 2566 1404 2638 quia
1433 2572 1488 2620 et
1529 2563 1774 2620 sitientes

168 2669 294 2725 sine
316 2666 465 2723 omni
490 2662 714 2720 fastidio
742 2660 906 2716 satiat
935 2677 951 2726 ;
984 2665 1038 2714 et
1081 2656 1306 2712 satiatos
1361 2655 1572 2725 absque
1625 2650 1776 2708 omni

176 2757 457 2814 anxietate
489 2753 637 2808 sitire
660 2750 811 2819 facit,
844 2757 903 2803 ut
944 2746 1176 2804 reﬁciat.
1233 2743 1330 2800 Ille
1374 2741 1634 2813 temporis
1687 2740 1778 2795 in-

178 2853 414 2913 tervallo
445 2849 630 2907 deﬁcit
661 2867 676 2918 ;
708 2848 813 2903 ista
842 2843 1054 2918 proﬁcit
1083 2860 1098 2899 :
1129 2843 1219 2898 hic
1265 2840 1576 2912 adjumento
1621 2846 1776 2894 exte-

183 2946 303 3000 rius
341 2941 567 3013 indiget,
608 2946 667 2994 ut
702 2952 810 2993 non
850 2935 1092 2999 deﬁciat,
1132 2933 1250 2987 haec
1299 2931 1356 2984 in
1409 2930 1530 3001 ipsa
1583 2935 1778 3000 putre-

183 3031 342 3097 dine,
381 3029 537 3098 cujus
564 3039 763 3081 natura
791 3029 876 3078 est
902 3028 958 3076 ut
984 3020 1165 3086 feteat,
1195 3017 1356 3073 habet
1397 3016 1542 3072 unde
1588 3022 1777 3071 contra

183 3128 463 3187 naturam,
495 3114 750 3173 omnibus
777 3111 972 3167 diebus
1002 3108 1207 3175 saeculi,
1254 3105 1562 3163 redolendo
1609 3103 1780 3176 proﬁ-

178 3219 314 3276 ciat.
353 3217 419 3272 Et
447 3230 578 3272 vere
607 3211 789 3284 ampla
817 3208 950 3264 mihi
975 3215 1059 3263 est
1086 3205 1263 3277 copia,
1315 3221 1382 3260 ex
1423 3202 1596 3259 sacris
1639 3201 1778 3258 scri~
1808 3184 1858 3248 C

173 3306 304 3380 ptis,
333 3313 442 3360 tam
471 3301 660 3359 suavis
682 3307 740 3356 et
768 3297 988 3356 diutina:
1018 3294 1334 3366 fragrantia
1361 3292 1565 3365 eligere
1611 3289 1776 3347 testi-

177 3394 364 3452 monia
396 3411 410 3459 ;
441 3392 542 3449 sed
571 3390 754 3447 animo
778 3384 1120 3460 percurrenti
1143 3381 1378 3454 singula,
1405 3395 1622 3451 semper
1637 3393 1780 3451 prse-

179 3494 333 3551 clara
361 3498 415 3548 et
442 3487 669 3564 egregia
695 3486 752 3541 in
775 3481 1184 3556 comparatione
1204 3475 1775 3550 superexcellentium,

179 3582 437 3640 videntur
450 3593 627 3652 parva
645 3583 700 3632 et
717 3574 896 3630 minus
917 3570 1170 3628 illustria.
1193 3570 1499 3625 Memorare
1519 3565 1776 3638 equidem

183 3761 290 3817 vit.
328 3756 487 3814 Plura
504 3761 694 3812 noster
717 3747 1072 3808 Dauroultius
1092 3746 1147 3802 in
1184 3744 1530 3817 Catechismo
1573 3740 1772 3798 histor.

187 3816 316 3903 cap.
347 3845 430 3897 ιιι,
460 3829 550 3883 tit.
590 3829 684 3882 57.
723 3825 807 3880 De
834 3827 1024 3878 sancto
1054 3819 1300 3876 Huberto
1328 3816 1594 3873 Baronius
1638 3829 1784 3870 anno

191 3905 292 3960 ’771
307 3941 322 3959 .

257 3990 371 4062 (83)
387 4060 394 4062 Α
404 3984 882 4062 Substarttt'aliter
901 3983 1099 4062 suavis
1130 3976 1679 4062 diffunditfpirt’tttc.

189 4045 461 4128 dissimili,
495 4045 641 4130 quod
670 4055 1050 4130 defendente
1079 4045 1784 4130 inseparabili'subjupgit,

189 4117 298 4190 hoc
326 4117 467 4189 velle
495 4117 707 4185 videtur
724 4125 1055 4188 Thiofridus,
1078 4139 1185 4178 non
1207 4117 1330 4176 esse
1350 4117 1785 4190 existimandum,

193 4187 474 4260 alicunde.
545 4216 615 4254 ex
681 4196 966 4262 accidenti,
1035 4187 1302 4262 ejusmodi
1362 4187 1789 4262 suaveolentiam

198 4257 298 4332 SS.
317 4257 582 4343 reliquiis
611 4268 928 4343 contingere
956 4257 1105 4343 ';_se'd
1146 4262 1405 4343 divinitus
1442 4260 1616 4343 ipsam
1660 4257 1790 4314 sub-

196 4333 476 4402 :lanttani
503 4357 603 4396 suo
630 4340 686 4394 id
715 4333 910 4393 merito
936 4337 1209 4408 adeptam.
1242 4333 1438 4408 Fateor
1462 4333 1642 4408 locum
1667 4344 1792 4384 esse

196 4401 520 4481 obscurum,
553 4419 606 4467 et
633 4426 761 4467 cum
793 4408 970 4480 gratia
995 4401 1182 4461 lu'men
1212 4403 1432 4458 aliunde
1459 4401 1717 4456 hauriam.

266 4505 322 4576 (6
331 4503 381 4572 ι)
403 4504 534 4576 Post
545 4513 850 4576 _CCCL_XX_XII
869 4510 1153 4576 armarunt
1169 4488 1513 4576 curricula}?
1527 4488 1785 4576 passione

192 4558 514 4634 υοὶὴξὶιίοα.
545 4569 892 4627 Rectissime.
931 4567 1072 4621 Nam
1100 4565 1147 4620 si
1176 4558 1591 4634 annos__quibits
1633 4558 1787 4614 Chri-

197 4632 314 4702 stus
354 4642 637 4700 mortalem
677 4642 818 4696 hanc
855 4639 1018 4693 vitam
1070 4634 1220 4703 vixit,
1283 4632 1536 4704 adjicias,
1585 4645 1788 4701 nempe

195 4732 402 4782 χχχιιι,
437 4712 742 4771 confeceris
773 4724 977 4770 annum
1004 4707 1074 4761 ab
1099 4709 1214 4782 ejus
1244 4704 1550 4782 nativitate,
1579 4715 1788 4782 ccccxv

231 4771 301 4844 uo
333 4771 498 4852 anno,
537 4782 726 4854 magni
755 4771 1178 4854 protomartyris
1201 4773 1497 4854 reliquias,
1515 4771 1788 4854 indicante

247 4844 516 4925 amaliele,
547 4844 817 4910 Lucianus
847 4844 1137 4922 presbyter
1163 4844 1399 4903 invenit.
1437 4844 1573 4900 Vide
1613 4844 1789 4898 Baro-

189 4936 340 4987 nium
355 4970 369 4985 .

264 5018 381 5089 (65)
409 5017 529 5089 Non
542 5009 1140 5089 inﬂhaplrargamala.
1173 5005 1329 5063 Villae
1353 5017 1556 5089 nomen
1581 5001 1638 5056 in
1678 5015 1790 5089 gua

193 5074 322 5147 Dﬁ.
359 5074 622 5160 Stephani
649 5093 706 5141 et
735 5074 961 5160 alioru'm
988 5083 1491 5160 corporanreperta.
1527 5075 1649 5145 Ipse
1678 5074 1788 5160 Lua

192 5162 390 5220 cianus
418 5147 725 5230 presbyter,
766 5157 1039 5230 inventor,
1087 5147 1364 5230 Libellum.
1413 5160 1675 5230 supernea.
1709 5159 1786 5229 .re

193 5215 456 5304 scriptum
493 5229 538 5285 si
567 5215 786 5304 inchoat
811 5242 826 5281 :
855 5215 1151 5304 Lucidum.
1171 5215 1789 5304 misericordia-Detin-

195 5287 1058 5374 dige‘nsmtomniumltomirtung
1067 5293 1344 5374 minimus
1357 5288 1646 5374 presbyter
1675 5287 1750 5374 1:39
1763 5316 1788 5327 -

195 5359 385 5430 ὀιὲεἰιε
397 5359 516 5438 Dei,
533 5386 656 5438 qua:
669 5373 755 5426 est
772 5370 834 5425 in
853 5369 993 5424 vitta
1017 5359 1552 5438 Caphargartiala,_in
1569 5359 1786 5438 territo.

303 5429 832 5514 Hierosolymorum,
862 5429 1394 5514 εαηᾳζεεέεσσρὶςίιε,
1437 5434 1492 5486 et
1527 5429 1784 5514 omnibus

196 5498 644 5582 ἓὰῖιέιέὲξειοῗδί
663 5498 882 5583 quaeras
897 5508 1030 5583 quid
1050 5513 1104 5583 et
1125 5505 1267 5560 unde
1283 5505 1387 5583 hoc
1411 5499 1648 5583 nominis
1661 5498 1696 5580 ,Τ
1708 5513 1788 5555 re-

196 5569 437 5658 spondet
447 5584 544 5658 tibi
558 5569 825 5658 Gam'aliel
836 5623 849 5647 ,
868 5569 936 5636 eo
955 5576 1140 5633 libello
1156 5591 1218 5658 se
1235 5569 1784 5658 sociosqueluciano

195 5641 457 5729 ῤἰόάεόεο
479 5655 622 5710 Nam
660 5652 730 5708 de
764 5641 999 5729 varro?e
1020 5641 1501 5729 ,aentiti..5‘eplmi
1530 5641 1781 5729 199"?"9:

197 5711 472 5784 Hortalus
501 5743 631 5783 sum
665 5739 776 5786 eos,
809 5711 982 5793 inquit
1012 5711 1418 5793 (Christianos),
1445 5716 1503 5768 et
1527 5711 1786 5793 persuasi

196 5781 325 5855 iiii;
340 5781 678 5862 idre'occulte,
698 5781 776 5850 ut
793 5781 1306 5866 portarentcorptts
1336 5781 1457 5858 ejus
1484 5781 1605 5866 meo
1635 5781 1787 5866 vehi:

201 5852 433 5939 aetati;
448 5852 651 5926 uillam
668 5852 877 5933 'mea'm,
911 5862 1010 5918 hoc
1030 5865 1115 5919 est
1148 5852 1607 5931 Gopharyamala,
1642 5852 1784 5926 quod

1813 4543 1866 4604 D

1873 1933 2045 2003 plevit
2071 1939 2126 1986 et
2154 1931 2437 2002 cooperuit
2469 1932 2814 2000 vestibulum,
2849 1935 2962 2001 (67)
3011 1934 3104 1988 ubi
3149 1934 3288 1992 lucis
3341 1937 3465 1992 vita:
3493 1961 3500 1964 -

1874 2021 2041 2090 hujus
2067 2036 2264 2092 passus
2291 2020 2611 2092 deliquium,
2643 2021 2885 2076 transivit
2912 2021 2969 2077 in
3011 2031 3210 2079 coetum
3257 2031 3311 2080 et
3356 2025 3467 2080 cla-

1877 2115 2092 2170 ritatem
2116 2115 2421 2171 caelestium
2452 2115 2716 2170 luminum
2749 2116 3013 2184 ;omisso,
3043 2117 3285 2190 inquam,
3338 2120 3470 2177 tanti

1877 2204 2156 2276 praeconio
2184 2203 2455 2273 miraculi,
2507 2220 2814 2259 memorare
2871 2221 3089 2276 possem
3152 2208 3296 2278 quod
3354 2209 3469 2279 (68)

1880 2319 2022 2358 anno
2065 2317 2250 2357 ccxcu
2296 2302 2364 2356 ab
2402 2302 2645 2371 ejusdem
2684 2302 3073 2376 gloriosissimi
3111 2306 3368 2361 antistitis
3405 2307 3474 2363 de

1881 2392 2149 2465 spirituali
2180 2391 2415 2448 Sodoma
2444 2399 2497 2446 et
2527 2392 2762 2465 Egypto
2794 2394 2939 2448 exitu
2971 2409 2985 2462 ;
3019 2409 3162 2450 anno
3191 2411 3321 2450 vero
3347 2411 3476 2466 pro-

1881 2480 2051 2554 geniti
2089 2479 2256 2536 Verbi
2293 2479 2585 2536 millesimo
2623 2495 2767 2535 xxxx
2805 2495 2926 2537 cum
2960 2479 3076 2551 ejus
3109 2483 3471 2540 sacratissimi

1883 2580 2110 2636 somatis
2149 2595 2241 2635 xtv
2298 2578 2538 2635 Kalend.
2596 2581 2865 2636 Novemb.
2922 2583 3035 2653 (69)
3088 2583 3476 2655 disponeretur

1883 2669 2188 2736 translatio,
2216 2677 2384 2724 tantae
2413 2668 2700 2724 suavitatis
2729 2670 2798 2726 de
2828 2671 3014 2726 tumba
3051 2673 3171 2740 ejus
3208 2673 3475 2730 exubera-

1882 2759 1960 2814 vit
1990 2757 2301 2826 oblectatio,
2333 2765 2394 2813 ut
2419 2757 2620 2814 infusis
2649 2766 2703 2815 et
2733 2757 3023 2831 magniﬁca
3047 2759 3268 2817 refectis
3295 2763 3480 2818 omni-

1884 2847 2008 2913 bus,
2054 2847 2239 2904 divino
2275 2863 2501 2902 munere
2539 2847 2740 2920 dignis,
2783 2865 3012 2904 summa:
3051 2850 3334 2922 religionis
3361 2853 3479 2920 (70)

1885 2952 2212 3009 ygumenus,
2243 2936 2468 2992 nomine
2495 2937 2854 3004 Humbertus,
2879 2938 2970 3010 qui
2985 2947 3174 3010 aperto
3189 2940 3477 3010 paululum

1888 3033 2230 3104 sarcophago
2258 3046 2502 3098 manum,
2533 3048 2643 3088 non
2673 3042 3108 3104 praesumptuosa
3153 3036 3478 3105 temeritate,

1889 3121 1988 3178 sed
2017 3120 2405 3176 ardentissimo
2435 3120 2602 3175 animi
2622 3120 2815 3192 injecit
2834 3122 3126 3191 desiderio,
3149 3131 3206 3177 ut
3225 3123 3482 3195 aliquan-

1887 3211 2058 3265 tulum
2087 3209 2158 3265 de
2188 3209 2627 3265 eminentissimo
2656 3224 2930 3265 sacrarum
2975 3211 3327 3283 reliquiarum
3375 3227 3480 3268 au-

1885 3299 2052 3356 ferret
2108 3300 2416 3355 thesauro:
2476 3298 2845 3370 interrogatus
2897 3298 3028 3370 quid
3079 3300 3221 3368 visu,
3275 3300 3480 3372 quidve

1887 3397 2121 3454 odoratu
2151 3394 2465 3468 perceperit
2497 3413 2511 3458 ;
2543 3395 2780 3450 imitatus
2799 3395 3020 3466 plenum
3044 3396 3301 3453 clamoris
3321 3397 3482 3454 silen-

1886 3486 2019 3541 tium
2052 3485 2224 3555 Pauli,
2257 3485 2312 3539 in
2344 3501 2404 3540 se
2434 3485 2645 3541 reversi
2671 3485 2740 3540 de
2766 3486 2938 3542 tertio
2954 3487 3110 3551 cazlo,
3133 3493 3187 3542 et
3205 3501 3272 3543 ex
3303 3501 3482 3543 amca-

1886 3575 2056 3631 nitate
2085 3573 2347 3646 paradisi,
2379 3573 2472 3628 ubi
2505 3574 2724 3630 audivit
2754 3577 2971 3630 secreta
3000 3575 3188 3647 verba,
3219 3593 3340 3648 qua
3366 3591 3484 3634 non

1889 3752 2311 3825 interpretatur
2338 3749 2901 3825 VILLAiGaMALIBLISA,
2919 3751 3131 3825 uiginti
3149 3753 3339 3825 millia
3374 3754 3481 3811 ha-

1891 3823 2073 3906 beout;
2102 3824 2353 3886 civitate,
2376 3830 2488 3906 ‘et_c.
2519 3823 2656 3902 Vide
2676 3829 2848 3877 totam
2876 3823 3161 3906 historiam
3203 3824 3359 3906 lectu
3395 3826 3486 3881 di-

1891 3894 2214 3975 gnissimam
2241 3893 2392 3975 apud
2410 3893 2902 3975 _l.3aronittm_,_.anno
2931 3896 3076 3975 415.⁸
3104 3893 3270 3975 Quod
3293 3895 3362 3950 ad
3384 3912 3484 3952 no-

1893 3964 2081 4046 minis"
2109 3965 2608 4046 interpretationem
2663 3964 2870 4046 attinet.
2929 3972 3184 4046 c_onstat,_
3232 3966 3478 4033 Cornua,

1895 4034 2294 4163 $22.03;an
2319 4051 2441 4091 esse
2481 4035 2705 4093 Villam.
2747 4036 3071 4106 Exemplum
3100 4035 3270 4091 habes
3317 4037 3410 4091 lib.
3461 4041 3486 4092 Ι

2025 4147 2061 4174 .,
2095 4121 2172 4174 vr,
2209 4121 2294 4163 tu.

1897 4123 2061 4180 neg.,
2095 4123 2172 4176 vr,
2209 4123 2294 4163 Ili.

1954 4195 2080 4320 ($5.6)
2108 4196 2293 4252 Totius
2321 4194 2705 4251 mundisolis.
2763 4195 3020 4252 Sanctum
3069 4195 3489 4254 Willibrordum

1897 4266 1967 4321 alt
2014 4283 2029 4319 ι
2060 4282 2276 4321 auooue
2305 4267 2479 4321 solem
2509 4274 2687 4321 vocat.
2727 4266 2903 4321 Vitam
2933 4267 3072 4321 eius.
3130 4269 3376 4321 numeris
3419 4270 3487 4321 li-

2014 4266 2029 4319 i
2060 4282 2276 4338 quoque
2305 4267 2479 4338 solem
2509 4274 2687 4324 vocat.
2727 4266 2903 4322 Vitam
2933 4267 3072 4336 ejus,
3130 4269 3376 4325 numeris
3419 4270 3487 4325 li-

1897 4337 2098 4410 gatam,
2132 4337 2210 4392 sic
2231 4337 2441 4392 orditur
2476 4353 2489 4391 :

1977 4426 2489 4499 Quadriﬁrdigcosmi
2519 4428 2695 4499 solem,
2711 4442 3013 4499 perperam-3
3059 4427 3346 4494 Britanni,

1968 4498 2150 4553 Solem
2189 4497 2575 4566 Wilbrordum,
2599 4497 2896 4570 qui’comit
2929 4499 3145 4556 lumine
3174 4501 3481 4558 mundum.

1968 4585 2398 4667 (67)_llbi_L_ucis
2429 4588 2555 4642 vitae
2595 4584 2768 4667 [cujus
2800 4601 3004 4667 passus
3037 4588 3369 4667 deliquium.
3429 4591 3491 4645 Id

1895 4656 2274 4738 Trajectinubi
2291 4655 2467 4738 sedes
2495 4665 2611 4738 erat
2631 4655 2758 4738 ejus
2769 4655 3137 4738 episcopatus,
3159 4655 3485 4738 contigisse,

1894 4736 2096 4798 praeter
2123 4728 2259 4784 alios
2287 4735 2513 4784 testatur
2541 4728 2596 4783 S.
2630 4727 2971 4796 Bonifacius,
2992 4729 3205 4799 epistol.
3250 4727 3342 4786 ad'
3359 4731 3487 4787 Ste-

1896 4799 2386 4882 ξξμαριιιη-ρέρειη.
2426 4799 2606 4855 Habes
2637 4813 2757 4854 eam
2788 4799 2931 4870 apud
2977 4799 3287 4869 Baronium,
3342 4817 3489 4860 anno

1896 4869 2096 4924 Christi
2124 4869 2250 4926 755.

1981 4959 2093 5029 (68)
2120 4959 2282 5041 ,ξιιῃο
2312 4973 2518 5041 cotton,
2551 4959 2619 5014 ab
2648 4961 2906 5041 "emittit"
2928 4963 2986 5015 et
3013 4962 3300 5041 progeniti
3336 4959 3492 5041 [erat

1895 5047 2105 5116 Maxxr.
2126 5030 2359 5116 Obierat
2382 5037 2615 5116 mortem
2736 5029 3134 5116 Willibrordus
3161 5045 3308 5113 anno
3328 5033 3492 5114 Chri—

1894 5105 2308 5182 stinccxxgttt,
2337 5099 2483 5182 adde
2512 5115 2706 5182 ocxcu,
2734 5101 3493 5182 planeaccuratumgiavenies

1894 5175 2165 5236 calculum
2193 5171 2480 5240 Thiofridi,
2503 5171 2572 5226 de
2601 5171 2747 5228 anno
2775 5173 2975 5228 Christi
3003 5189 3204 5228 uxxxt.
3231 5171 3234 5173 ⁴

1932 5261 2822 5338 (69)ADisponetjeturtramlatio.
2846 5263 2928 5338 De
2942 5263 3044 5318 bac
3065 5263 3126 5338 ξιἶ
3141 5261 3491 5338 Willibrondi

1897 5331 2270 5420 translatione,
2301 5332 2430 5388 vide
2463 5331 2659 5400 Vitam,
2690 5347 2794 5404 cap
2826 5335 2911 5402 34,
2966 5341 3020 5389 et
3073 5333 3174 5389 lib.
3241 5350 3302 5388 rv
3347 5335 3487 5390 Car-

1894 5424 2099 5466 mtuum
2114 5447 2127 5460 .

1973 5493 2086 5564 (70)
2116 5493 2425 5572 Yguntenus
2441 5487 2659 5572 nomine
2679 5487 3046 5572 Humbertzis.
3077 5489 3194 5572 [fuit
3215 5489 3304 5572 hic
3323 5491 3490 5572 abbas

1897 5561 2307 5621 Eﬂ'ernacensis
2336 5561 2638 5634 annosﬁl;
2674 5561 2942 5634 successit
2973 5562 3490 5634 Regimbertus,qui

1894 5635 2125 5692 obtinuit
2151 5648 2323 5704 annos
2353 5635 2445 5687 30.
2484 5631 2641 5688 Hunc
2660 5632 2887 5704 excepit,
2912 5631 3097 5690 noster
3141 5631 3484 5694 Thiofridus.

1893 5702 2401 5832 ﬁgi-gzhejﬁgem
2431 5703 2768 5774 monasterii,
2797 5702 2894 5786 qui
2922 5705 3087 5764 Liber
3116 5706 3336 5764 Aureus
3355 5705 3490 5764 dici-

1919 5794 2008 5850 ur,
2034 5792 2168 5850 pag.
2209 5792 2330 5835 no.
