  <div class='ocr_page' id='page_1' title='image "/cluster/home/n/w/nwhite01/storage/ocr_20150623/156-157/uc1.31175010662024/810.png"; bbox 0 0 3910 6418; ppageno 0'>
   <div class='ocr_carea' id='block_1_1' title="bbox 205 446 322 502">
    <p class='ocr_par' dir='ltr' id='par_1_1' title="bbox 205 446 322 502">
     <span class='ocr_line' id='line_1_1' title="bbox 205 446 322 502; baseline 0.009 -1"><span class='ocrx_word' id='word_1_1' title='bbox 205 446 322 502; x_wconf 82' lang='lat'><strong>837</strong></span> 
     </span>
    </p>
   </div>
   <div class='ocr_carea' id='block_1_2' title="bbox 1125 441 2665 513">
    <p class='ocr_par' dir='ltr' id='par_1_2' title="bbox 1125 441 2665 513">
     <span class='ocr_line' id='line_1_2' title="bbox 1125 441 2665 513; baseline 0.001 -15"><span class='ocrx_word' id='word_1_2' title='bbox 1125 442 1394 508; x_wconf 84' lang='lat' dir='ltr'><strong>FLORES</strong></span> <span class='ocrx_word' id='word_1_3' title='bbox 1436 443 1766 501; x_wconf 81' lang='lat' dir='ltr'><strong>EPITAPHI</strong></span> <span class='ocrx_word' id='word_1_4' title='bbox 1806 441 2264 502; x_wconf 81' lang='lat' dir='ltr'><strong>SANCTORUM.</strong></span> <span class='ocrx_word' id='word_1_5' title='bbox 2299 472 2368 484; x_wconf 90' lang='lat'><strong><em>—</em></strong></span> <span class='ocrx_word' id='word_1_6' title='bbox 2412 441 2534 499; x_wconf 86' lang='lat' dir='ltr'><strong>LIB.</strong></span> <span class='ocrx_word' id='word_1_7' title='bbox 2573 443 2665 513; x_wconf 74' lang='grc' dir='ltr'><strong>⁸ΙΙ.</strong></span> 
     </span>
    </p>
   </div>
   <div class='ocr_carea' id='block_1_3' title="bbox 3418 448 3526 504">
    <p class='ocr_par' dir='ltr' id='par_1_3' title="bbox 3418 448 3526 504">
     <span class='ocr_line' id='line_1_3' title="bbox 3418 448 3526 504; baseline 0 0"><span class='ocrx_word' id='word_1_8' title='bbox 3418 448 3526 504; x_wconf 74' lang='grc'><strong>338</strong></span> 
     </span>
    </p>
   </div>
   <div class='ocr_carea' id='block_1_4' title="bbox 207 565 3529 640">
    <p class='ocr_par' dir='ltr' id='par_1_4' title="bbox 207 565 3529 640">
     <span class='ocr_line' id='line_1_4' title="bbox 207 565 3529 640; baseline 0.001 -17"><span class='ocrx_word' id='word_1_9' title='bbox 207 567 497 633; x_wconf 89' lang='lat' dir='ltr'><strong>damnata,</strong></span> <span class='ocrx_word' id='word_1_10' title='bbox 530 569 727 640; x_wconf 81' lang='lat' dir='ltr'><strong>spinas</strong></span> <span class='ocrx_word' id='word_1_11' title='bbox 760 573 817 626; x_wconf 83' lang='lat' dir='ltr'><strong>et</strong></span> <span class='ocrx_word' id='word_1_12' title='bbox 858 570 1114 638; x_wconf 86' lang='lat' dir='ltr'><strong>tribulos,</strong></span> <span class='ocrx_word' id='word_1_13' title='bbox 1163 569 1487 640; x_wconf 75' lang='lat' dir='ltr'><strong>punctiones</strong></span> <span class='ocrx_word' id='word_1_14' title='bbox 1540 567 1810 640; x_wconf 84' lang='lat' dir='ltr'><strong>profecto,</strong></span> <span class='ocrx_word' id='word_1_15' title='bbox 1843 567 1898 628; x_wconf 88' lang='lat' dir='ltr'><strong>A</strong></span> <span class='ocrx_word' id='word_1_16' title='bbox 1929 581 2116 633; x_wconf 86' lang='lat' dir='ltr'><strong>carne,</strong></span> <span class='ocrx_word' id='word_1_17' title='bbox 2149 573 2305 623; x_wconf 83' lang='lat' dir='ltr'><strong>extra</strong></span> <span class='ocrx_word' id='word_1_18' title='bbox 2332 580 2552 622; x_wconf 89' lang='lat' dir='ltr'><strong>carnem</strong></span> <span class='ocrx_word' id='word_1_19' title='bbox 2583 573 2698 637; x_wconf 90' lang='lat' dir='ltr'><strong>est;</strong></span> <span class='ocrx_word' id='word_1_20' title='bbox 2731 565 2819 624; x_wconf 93' lang='lat' dir='ltr'><strong>sic</strong></span> <span class='ocrx_word' id='word_1_21' title='bbox 2845 579 2980 624; x_wconf 88' lang='lat' dir='ltr'><strong>caro</strong></span> <span class='ocrx_word' id='word_1_22' title='bbox 3010 582 3175 640; x_wconf 82' lang='lat' dir='ltr'><strong>supra</strong></span> <span class='ocrx_word' id='word_1_23' title='bbox 3195 581 3437 638; x_wconf 87' lang='lat' dir='ltr'><strong>carnem,</strong></span> <span class='ocrx_word' id='word_1_24' title='bbox 3468 569 3529 627; x_wconf 90' lang='lat' dir='ltr'><strong>in</strong></span> 
     </span>
    </p>
   </div>
   <div class='ocr_carea' id='block_1_5' title="bbox 206 656 1816 730">
    <p class='ocr_par' dir='ltr' id='par_1_5' title="bbox 206 656 1816 730">
     <span class='ocr_line' id='line_1_5' title="bbox 206 656 1816 730; baseline -0.001 -19"><span class='ocrx_word' id='word_1_25' title='bbox 206 664 266 711; x_wconf 90' lang='lat' dir='ltr'><strong>et</strong></span> <span class='ocrx_word' id='word_1_26' title='bbox 289 656 564 712; x_wconf 87' lang='lat' dir='ltr'><strong>incentiva</strong></span> <span class='ocrx_word' id='word_1_27' title='bbox 591 656 868 724; x_wconf 87' lang='lat' dir='ltr'><strong>vitiorum,</strong></span> <span class='ocrx_word' id='word_1_28' title='bbox 901 660 1223 728; x_wconf 82' lang='lat' dir='ltr'><strong>germinare</strong></span> <span class='ocrx_word' id='word_1_29' title='bbox 1239 657 1511 730; x_wconf 90' lang='lat' dir='ltr'><strong>permissa</strong></span> <span class='ocrx_word' id='word_1_30' title='bbox 1533 665 1612 712; x_wconf 90' lang='lat' dir='ltr'><strong>est</strong></span> <span class='ocrx_word' id='word_1_31' title='bbox 1635 656 1816 728; x_wconf 85' lang='lat' dir='ltr'><strong>(ibid.,</strong></span> 
     </span>
    </p>
   </div>
   <div class='ocr_carea' id='block_1_6' title="bbox 209 745 1819 817">
    <p class='ocr_par' dir='ltr' id='par_1_6' title="bbox 209 745 1819 817">
     <span class='ocr_line' id='line_1_6' title="bbox 209 745 1819 817; baseline 0.002 -19"><span class='ocrx_word' id='word_1_32' title='bbox 209 745 307 816; x_wconf 86' lang='grc'>1⁵7)</span> <span class='ocrx_word' id='word_1_33' title='bbox 336 765 351 812; x_wconf 88' lang='grc'>;</span> <span class='ocrx_word' id='word_1_34' title='bbox 385 759 507 817; x_wconf 65' lang='lat' dir='ltr'><strong>quae</strong></span> <span class='ocrx_word' id='word_1_35' title='bbox 541 753 600 800; x_wconf 89' lang='lat' dir='ltr'><strong>ut</strong></span> <span class='ocrx_word' id='word_1_36' title='bbox 637 746 962 801; x_wconf 88' lang='lat' dir='ltr'><strong>intolerandi</strong></span> <span class='ocrx_word' id='word_1_37' title='bbox 1017 746 1222 802; x_wconf 73' lang='lat' dir='ltr'><strong>{stores</strong></span> <span class='ocrx_word' id='word_1_38' title='bbox 1285 762 1385 816; x_wconf 91' lang='lat' dir='ltr'><strong>per</strong></span> <span class='ocrx_word' id='word_1_39' title='bbox 1427 753 1671 800; x_wconf 88' lang='lat' dir='ltr'><strong>naturam</strong></span> <span class='ocrx_word' id='word_1_40' title='bbox 1719 760 1819 801; x_wconf 92' lang='lat' dir='ltr'><strong>co-</strong></span> 
     </span>
    </p>
   </div>
   <div class='ocr_carea' id='block_1_7' title="bbox 210 833 1820 904">
    <p class='ocr_par' dir='ltr' id='par_1_7' title="bbox 210 833 1820 904">
     <span class='ocr_line' id='line_1_7' title="bbox 210 833 1820 904; baseline 0.001 -18"><span class='ocrx_word' id='word_1_41' title='bbox 210 833 482 888; x_wconf 88' lang='lat' dir='ltr'><strong>mitentur</strong></span> <span class='ocrx_word' id='word_1_42' title='bbox 509 833 730 889; x_wconf 83' lang='lat' dir='ltr'><strong>omnino</strong></span> <span class='ocrx_word' id='word_1_43' title='bbox 773 850 1001 890; x_wconf 90' lang='lat' dir='ltr'><strong>necesse</strong></span> <span class='ocrx_word' id='word_1_44' title='bbox 1033 844 1141 890; x_wconf 86' lang='lat' dir='ltr'><strong>est.</strong></span> <span class='ocrx_word' id='word_1_45' title='bbox 1181 835 1287 889; x_wconf 81' lang='lat' dir='ltr'><strong>Sed</strong></span> <span class='ocrx_word' id='word_1_46' title='bbox 1335 835 1440 890; x_wconf 89' lang='lat' dir='ltr'><strong>hoc</strong></span> <span class='ocrx_word' id='word_1_47' title='bbox 1470 834 1820 904; x_wconf 88' lang='lat' dir='ltr'><strong>incompara-</strong></span> 
     </span>
    </p>
   </div>
   <div class='ocr_carea' id='block_1_8' title="bbox 208 920 1817 994">
    <p class='ocr_par' dir='ltr' id='par_1_8' title="bbox 208 920 1817 994">
     <span class='ocr_line' id='line_1_8' title="bbox 208 920 1817 994; baseline 0.001 -20"><span class='ocrx_word' id='word_1_48' title='bbox 208 920 313 975; x_wconf 84' lang='lat' dir='ltr'><strong>bili</strong></span> <span class='ocrx_word' id='word_1_49' title='bbox 345 929 431 976; x_wconf 90' lang='lat' dir='ltr'><strong>est</strong></span> <span class='ocrx_word' id='word_1_50' title='bbox 461 921 689 994; x_wconf 84' lang='lat' dir='ltr'><strong>dignum</strong></span> <span class='ocrx_word' id='word_1_51' title='bbox 730 923 1110 989; x_wconf 78' lang='lat' dir='ltr'><strong>admiratione,</strong></span> <span class='ocrx_word' id='word_1_52' title='bbox 1143 923 1288 994; x_wconf 91' lang='lat' dir='ltr'><strong>quod</strong></span> <span class='ocrx_word' id='word_1_53' title='bbox 1317 923 1372 976; x_wconf 90' lang='lat' dir='ltr'><strong>in</strong></span> <span class='ocrx_word' id='word_1_54' title='bbox 1418 923 1697 993; x_wconf 89' lang='lat' dir='ltr'><strong>utriusque</strong></span> <span class='ocrx_word' id='word_1_55' title='bbox 1725 937 1817 976; x_wconf 83' lang='lat' dir='ltr'><strong>se-</strong></span> 
     </span>
    </p>
   </div>
   <div class='ocr_carea' id='block_1_9' title="bbox 201 1010 1816 1083">
    <p class='ocr_par' dir='ltr' id='par_1_9' title="bbox 201 1010 1816 1083">
     <span class='ocr_line' id='line_1_9' title="bbox 201 1010 1816 1083; baseline 0.001 -19"><span class='ocrx_word' id='word_1_56' title='bbox 201 1010 512 1080; x_wconf 78' lang='lat' dir='ltr'><strong>paratione,</strong></span> <span class='ocrx_word' id='word_1_57' title='bbox 560 1025 685 1066; x_wconf 89' lang='lat' dir='ltr'><strong>cum</strong></span> <span class='ocrx_word' id='word_1_58' title='bbox 739 1020 1029 1083; x_wconf 90' lang='lat' dir='ltr'><strong>utrumque</strong></span> <span class='ocrx_word' id='word_1_59' title='bbox 1061 1012 1130 1066; x_wconf 89' lang='lat' dir='ltr'><strong>ad</strong></span> <span class='ocrx_word' id='word_1_60' title='bbox 1186 1010 1636 1082; x_wconf 79' lang='lat' dir='ltr'><strong>principalitatem</strong></span> <span class='ocrx_word' id='word_1_61' title='bbox 1703 1027 1816 1066; x_wconf 73' lang='lat' dir='ltr'><strong>suo:</strong></span> 
     </span>
    </p>
   </div>
   <div class='ocr_carea' id='block_1_10' title="bbox 203 1098 1817 1171">
    <p class='ocr_par' dir='ltr' id='par_1_10' title="bbox 203 1098 1817 1171">
     <span class='ocr_line' id='line_1_10' title="bbox 203 1098 1817 1171; baseline 0.002 -19"><span class='ocrx_word' id='word_1_62' title='bbox 203 1098 447 1153; x_wconf 80' lang='lat' dir='ltr'><strong>redierit</strong></span> <span class='ocrx_word' id='word_1_63' title='bbox 475 1107 720 1164; x_wconf 61' lang='lat' dir='ltr'><strong>natura};</strong></span> <span class='ocrx_word' id='word_1_64' title='bbox 753 1100 808 1154; x_wconf 93' lang='lat' dir='ltr'><strong>id</strong></span> <span class='ocrx_word' id='word_1_65' title='bbox 838 1101 983 1171; x_wconf 92' lang='lat' dir='ltr'><strong>quod</strong></span> <span class='ocrx_word' id='word_1_66' title='bbox 1013 1101 1079 1155; x_wconf 85' lang='lat' dir='ltr'><strong>de</strong></span> <span class='ocrx_word' id='word_1_67' title='bbox 1104 1101 1396 1155; x_wconf 84' lang='lat' dir='ltr'><strong>immundo</strong></span> <span class='ocrx_word' id='word_1_68' title='bbox 1427 1109 1586 1155; x_wconf 64' lang='lat' dir='ltr'><strong>terrae</strong></span> <span class='ocrx_word' id='word_1_69' title='bbox 1624 1116 1817 1156; x_wconf 81' lang='lat' dir='ltr'><strong>conce-</strong></span> 
     </span>
    </p>
   </div>
   <div class='ocr_carea' id='block_1_11' title="bbox 200 1189 1814 1260">
    <p class='ocr_par' dir='ltr' id='par_1_11' title="bbox 200 1189 1814 1260">
     <span class='ocr_line' id='line_1_11' title="bbox 200 1189 1814 1260; baseline 0.002 -19"><span class='ocrx_word' id='word_1_70' title='bbox 200 1190 380 1259; x_wconf 80' lang='lat' dir='ltr'><strong>ptum</strong></span> <span class='ocrx_word' id='word_1_71' title='bbox 414 1195 496 1242; x_wconf 89' lang='lat' dir='ltr'><strong>est</strong></span> <span class='ocrx_word' id='word_1_72' title='bbox 535 1190 754 1244; x_wconf 81' lang='lat' dir='ltr'><strong>semine</strong></span> <span class='ocrx_word' id='word_1_73' title='bbox 802 1189 920 1259; x_wconf 88' lang='lat' dir='ltr'><strong>(Job</strong></span> <span class='ocrx_word' id='word_1_74' title='bbox 951 1205 1066 1254; x_wconf 71' lang='lat' dir='ltr'><strong>xxv,</strong></span> <span class='ocrx_word' id='word_1_75' title='bbox 1098 1190 1177 1258; x_wconf 78' lang='lat'><strong>4),</strong></span> <span class='ocrx_word' id='word_1_76' title='bbox 1200 1204 1264 1244; x_wconf 91' lang='lat' dir='ltr'><strong>ac</strong></span> <span class='ocrx_word' id='word_1_77' title='bbox 1322 1190 1516 1256; x_wconf 83' lang='lat' dir='ltr'><strong>fetore,</strong></span> <span class='ocrx_word' id='word_1_78' title='bbox 1564 1190 1715 1260; x_wconf 84' lang='lat' dir='ltr'><strong>quasi</strong></span> <span class='ocrx_word' id='word_1_79' title='bbox 1744 1190 1814 1245; x_wconf 89' lang='lat' dir='ltr'><strong>de</strong></span> 
     </span>
    </p>
   </div>
   <div class='ocr_carea' id='block_1_12' title="bbox 203 1276 1811 1345">
    <p class='ocr_par' dir='ltr' id='par_1_12' title="bbox 203 1276 1811 1345">
     <span class='ocr_line' id='line_1_12' title="bbox 203 1276 1811 1345; baseline 0.002 -17"><span class='ocrx_word' id='word_1_80' title='bbox 203 1291 435 1330; x_wconf 81' lang='lat' dir='ltr'><strong>summa</strong></span> <span class='ocrx_word' id='word_1_81' title='bbox 464 1276 604 1345; x_wconf 68' lang='lat' dir='ltr'><strong>caeli,</strong></span> <span class='ocrx_word' id='word_1_82' title='bbox 637 1292 747 1331; x_wconf 91' lang='lat' dir='ltr'><strong>non</strong></span> <span class='ocrx_word' id='word_1_83' title='bbox 778 1277 848 1333; x_wconf 90' lang='lat' dir='ltr'><strong>de</strong></span> <span class='ocrx_word' id='word_1_84' title='bbox 878 1284 1098 1332; x_wconf 87' lang='lat' dir='ltr'><strong>terrena</strong></span> <span class='ocrx_word' id='word_1_85' title='bbox 1126 1277 1415 1331; x_wconf 81' lang='lat' dir='ltr'><strong>oriundum</strong></span> <span class='ocrx_word' id='word_1_86' title='bbox 1473 1278 1561 1343; x_wconf 86' lang='lat' dir='ltr'><strong>sit,</strong></span> <span class='ocrx_word' id='word_1_87' title='bbox 1595 1278 1811 1332; x_wconf 88' lang='lat' dir='ltr'><strong>habita-</strong></span> 
     </span>
    </p>
   </div>
   <div class='ocr_carea' id='block_1_13' title="bbox 193 1363 1809 1432">
    <p class='ocr_par' dir='ltr' id='par_1_13' title="bbox 193 1363 1809 1432">
     <span class='ocr_line' id='line_1_13' title="bbox 193 1363 1809 1432; baseline 0.002 -15"><span class='ocrx_word' id='word_1_88' title='bbox 193 1363 396 1431; x_wconf 80' lang='lat' dir='ltr'><strong>tione;</strong></span> <span class='ocrx_word' id='word_1_89' title='bbox 459 1366 760 1420; x_wconf 83' lang='lat' dir='ltr'><strong>secundum</strong></span> <span class='ocrx_word' id='word_1_90' title='bbox 819 1370 1074 1421; x_wconf 85' lang='lat' dir='ltr'><strong>naturam</strong></span> <span class='ocrx_word' id='word_1_91' title='bbox 1135 1367 1433 1432; x_wconf 74' lang='lat' dir='ltr'><strong>caelestem,</strong></span> <span class='ocrx_word' id='word_1_92' title='bbox 1497 1381 1607 1421; x_wconf 91' lang='lat' dir='ltr'><strong>non</strong></span> <span class='ocrx_word' id='word_1_93' title='bbox 1658 1381 1809 1421; x_wconf 88' lang='lat' dir='ltr'><strong>suam</strong></span> 
     </span>
    </p>
   </div>
   <div class='ocr_carea' id='block_1_14' title="bbox 195 1453 1812 1518">
    <p class='ocr_par' dir='ltr' id='par_1_14' title="bbox 195 1453 1812 1518">
     <span class='ocr_line' id='line_1_14' title="bbox 195 1453 1812 1518; baseline 0.002 -12"><span class='ocrx_word' id='word_1_94' title='bbox 195 1459 559 1518; x_wconf 75' lang='lat' dir='ltr'><strong>terrestrem,</strong></span> <span class='ocrx_word' id='word_1_95' title='bbox 619 1453 1068 1509; x_wconf 68' lang='lat' dir='ltr'><strong>inmstimabiliter</strong></span> <span class='ocrx_word' id='word_1_96' title='bbox 1123 1471 1347 1510; x_wconf 83' lang='lat' dir='ltr'><strong>suavem</strong></span> <span class='ocrx_word' id='word_1_97' title='bbox 1396 1455 1466 1510; x_wconf 89' lang='lat' dir='ltr'><strong>de</strong></span> <span class='ocrx_word' id='word_1_98' title='bbox 1504 1471 1563 1510; x_wconf 90' lang='lat' dir='ltr'><strong>se</strong></span> <span class='ocrx_word' id='word_1_99' title='bbox 1593 1455 1812 1510; x_wconf 77' lang='lat' dir='ltr'><strong>exhalat</strong></span> 
     </span>
    </p>
   </div>
   <div class='ocr_carea' id='block_1_15' title="bbox 192 1541 1810 1613">
    <p class='ocr_par' dir='ltr' id='par_1_15' title="bbox 192 1541 1810 1613">
     <span class='ocr_line' id='line_1_15' title="bbox 192 1541 1810 1613; baseline 0.001 -17"><span class='ocrx_word' id='word_1_100' title='bbox 192 1541 477 1603; x_wconf 85' lang='lat' dir='ltr'><strong>odorem;</strong></span> <span class='ocrx_word' id='word_1_101' title='bbox 527 1550 579 1596; x_wconf 89' lang='lat' dir='ltr'><strong>et</strong></span> <span class='ocrx_word' id='word_1_102' title='bbox 620 1557 728 1597; x_wconf 89' lang='lat' dir='ltr'><strong>non</strong></span> <span class='ocrx_word' id='word_1_103' title='bbox 772 1543 888 1613; x_wconf 86' lang='lat'><strong>(78)</strong></span> <span class='ocrx_word' id='word_1_104' title='bbox 931 1541 1193 1598; x_wconf 77' lang='lat' dir='ltr'><strong>effectivae</strong></span> <span class='ocrx_word' id='word_1_105' title='bbox 1240 1543 1480 1598; x_wconf 89' lang='lat' dir='ltr'><strong>materiei</strong></span> <span class='ocrx_word' id='word_1_106' title='bbox 1527 1559 1659 1608; x_wconf 77' lang='lat' dir='ltr'><strong>sute,</strong></span> <span class='ocrx_word' id='word_1_107' title='bbox 1711 1543 1810 1598; x_wconf 91' lang='lat' dir='ltr'><strong>sed</strong></span> 
     </span>
    </p>
   </div>
   <div class='ocr_carea' id='block_1_16' title="bbox 192 1627 1804 1704">
    <p class='ocr_par' dir='ltr' id='par_1_16' title="bbox 192 1627 1804 1704">
     <span class='ocr_line' id='line_1_16' title="bbox 192 1627 1804 1704; baseline 0.002 -20"><span class='ocrx_word' id='word_1_108' title='bbox 192 1627 576 1686; x_wconf 79' lang='lat' dir='ltr'><strong>viviticatricis</strong></span> <span class='ocrx_word' id='word_1_109' title='bbox 613 1630 810 1685; x_wconf 67' lang='lat' dir='ltr'><strong>anima:</strong></span> <span class='ocrx_word' id='word_1_110' title='bbox 855 1631 911 1685; x_wconf 90' lang='lat' dir='ltr'><strong>in</strong></span> <span class='ocrx_word' id='word_1_111' title='bbox 950 1647 1009 1687; x_wconf 90' lang='lat' dir='ltr'><strong>se</strong></span> <span class='ocrx_word' id='word_1_112' title='bbox 1052 1640 1411 1703; x_wconf 64' lang='lat' dir='ltr'><strong>repraesentat</strong></span> <span class='ocrx_word' id='word_1_113' title='bbox 1467 1631 1804 1704; x_wconf 82' lang='lat' dir='ltr'><strong>dignitatem,</strong></span> 
     </span>
    </p>
   </div>
   <div class='ocr_carea' id='block_1_17' title="bbox 193 1717 1808 1792">
    <p class='ocr_par' dir='ltr' id='par_1_17' title="bbox 193 1717 1808 1792">
     <span class='ocr_line' id='line_1_17' title="bbox 193 1717 1808 1792; baseline 0.001 -19"><span class='ocrx_word' id='word_1_114' title='bbox 193 1723 261 1773; x_wconf 81' lang='lat' dir='ltr'><strong>et</strong></span> <span class='ocrx_word' id='word_1_115' title='bbox 291 1717 691 1775; x_wconf 78' lang='lat' dir='ltr'><strong>conditionem:</strong></span> <span class='ocrx_word' id='word_1_116' title='bbox 743 1726 800 1775; x_wconf 87' lang='lat' dir='ltr'><strong>et</strong></span> <span class='ocrx_word' id='word_1_117' title='bbox 854 1719 991 1776; x_wconf 81' lang='lat' dir='ltr'><strong>sicut</strong></span> <span class='ocrx_word' id='word_1_118' title='bbox 1045 1735 1210 1792; x_wconf 87' lang='lat' dir='ltr'><strong>supra</strong></span> <span class='ocrx_word' id='word_1_119' title='bbox 1251 1720 1478 1791; x_wconf 89' lang='lat' dir='ltr'><strong>animas,</strong></span> <span class='ocrx_word' id='word_1_120' title='bbox 1531 1720 1710 1775; x_wconf 88' lang='lat' dir='ltr'><strong>anima</strong></span> <span class='ocrx_word' id='word_1_121' title='bbox 1751 1721 1808 1776; x_wconf 91' lang='lat' dir='ltr'><strong>in</strong></span> 
     </span>
    </p>
   </div>
   <div class='ocr_carea' id='block_1_18' title="bbox 283 1912 1883 1989">
    <p class='ocr_par' dir='ltr' id='par_1_18' title="bbox 283 1912 1883 1989">
     <span class='ocr_line' id='line_1_18' title="bbox 283 1912 1883 1989; baseline 0.006 -24"><span class='ocrx_word' id='word_1_122' title='bbox 283 1912 397 1981; x_wconf 89' lang='lat'><strong>(’78)</strong></span> <span class='ocrx_word' id='word_1_123' title='bbox 421 1913 699 1983; x_wconf 77' lang='lat' dir='ltr'><strong>Eﬂectivce</strong></span> <span class='ocrx_word' id='word_1_124' title='bbox 732 1917 1012 1971; x_wconf 84' lang='lat' dir='ltr'><strong>materiei.</strong></span> <span class='ocrx_word' id='word_1_125' title='bbox 1048 1914 1395 1971; x_wconf 87' lang='lat' dir='ltr'><strong>Catachresis</strong></span> <span class='ocrx_word' id='word_1_126' title='bbox 1425 1915 1657 1972; x_wconf 91' lang='lat' dir='ltr'><strong>videtur.</strong></span> <span class='ocrx_word' id='word_1_127' title='bbox 1697 1918 1801 1989; x_wconf 69' lang='grc' dir='ltr'><strong>ΕΓ·</strong></span> <span class='ocrx_word' id='word_1_128' title='bbox 1831 1922 1883 1982; x_wconf 90' lang='grc' dir='ltr'>Β</span> 
     </span>
    </p>
   </div>
   <div class='ocr_carea' id='block_1_19' title="bbox 192 2001 1796 2078">
    <p class='ocr_par' dir='ltr' id='par_1_19' title="bbox 192 2001 1796 2078">
     <span class='ocr_line' id='line_1_19' title="bbox 192 2001 1796 2078; baseline 0.004 -25"><span class='ocrx_word' id='word_1_129' title='bbox 192 2001 482 2070; x_wconf 84' lang='lat' dir='ltr'><strong>fectiva-m</strong></span> <span class='ocrx_word' id='word_1_130' title='bbox 513 2009 686 2064; x_wconf 85' lang='lat' dir='ltr'><strong>vocat,</strong></span> <span class='ocrx_word' id='word_1_131' title='bbox 720 2003 864 2078; x_wconf 91' lang='lat' dir='ltr'><strong>quod</strong></span> <span class='ocrx_word' id='word_1_132' title='bbox 895 2019 960 2059; x_wconf 90' lang='lat' dir='ltr'><strong>ex</strong></span> <span class='ocrx_word' id='word_1_133' title='bbox 997 2017 1064 2058; x_wconf 88' lang='lat' dir='ltr'><strong>ea</strong></span> <span class='ocrx_word' id='word_1_134' title='bbox 1117 2019 1320 2075; x_wconf 83' lang='lat' dir='ltr'><strong>corpus</strong></span> <span class='ocrx_word' id='word_1_135' title='bbox 1350 2013 1709 2076; x_wconf 86' lang='lat' dir='ltr'><strong>compactum,</strong></span> <span class='ocrx_word' id='word_1_136' title='bbox 1743 2012 1796 2061; x_wconf 92' lang='lat' dir='ltr'><strong>et</strong></span> 
     </span>
    </p>
   </div>
   <div class='ocr_carea' id='block_1_20' title="bbox 187 2093 657 2157">
    <p class='ocr_par' dir='ltr' id='par_1_20' title="bbox 187 2093 657 2157">
     <span class='ocr_line' id='line_1_20' title="bbox 187 2093 657 2157; baseline 0.011 -7"><span class='ocrx_word' id='word_1_137' title='bbox 187 2093 462 2153; x_wconf 75' lang='lat' dir='ltr'><strong>etYectum</strong></span> <span class='ocrx_word' id='word_1_138' title='bbox 493 2104 657 2157; x_wconf 83' lang='lat' dir='ltr'><strong>esset.</strong></span> 
     </span>
    </p>
   </div>
   <div class='ocr_carea' id='block_1_21' title="bbox 1929 657 3527 726">
    <p class='ocr_par' dir='ltr' id='par_1_21' title="bbox 1929 657 3527 726">
     <span class='ocr_line' id='line_1_21' title="bbox 1929 657 3527 726; baseline 0.003 -16"><span class='ocrx_word' id='word_1_139' title='bbox 1929 662 2094 720; x_wconf 90' lang='lat' dir='ltr'><strong>terra,</strong></span> <span class='ocrx_word' id='word_1_140' title='bbox 2143 671 2328 726; x_wconf 87' lang='lat' dir='ltr'><strong>supra,</strong></span> <span class='ocrx_word' id='word_1_141' title='bbox 2375 657 2488 710; x_wconf 90' lang='lat' dir='ltr'><strong>imo</strong></span> <span class='ocrx_word' id='word_1_142' title='bbox 2531 659 2696 710; x_wconf 85' lang='lat' dir='ltr'><strong>extra</strong></span> <span class='ocrx_word' id='word_1_143' title='bbox 2729 663 2940 712; x_wconf 89' lang='lat' dir='ltr'><strong>terram</strong></span> <span class='ocrx_word' id='word_1_144' title='bbox 2985 665 3103 725; x_wconf 88' lang='lat' dir='ltr'><strong>est;</strong></span> <span class='ocrx_word' id='word_1_145' title='bbox 3166 665 3220 714; x_wconf 89' lang='lat' dir='ltr'><strong>et</strong></span> <span class='ocrx_word' id='word_1_146' title='bbox 3266 673 3376 714; x_wconf 91' lang='lat' dir='ltr'><strong>non</strong></span> <span class='ocrx_word' id='word_1_147' title='bbox 3419 666 3527 714; x_wconf 80' lang='lat' dir='ltr'><strong>tam</strong></span> 
     </span>
    </p>
   </div>
   <div class='ocr_carea' id='block_1_22' title="bbox 1928 744 3525 817">
    <p class='ocr_par' dir='ltr' id='par_1_22' title="bbox 1928 744 3525 817">
     <span class='ocr_line' id='line_1_22' title="bbox 1928 744 3525 817; baseline 0.003 -19"><span class='ocrx_word' id='word_1_148' title='bbox 1928 744 2170 815; x_wconf 86' lang='lat' dir='ltr'><strong>sequitur</strong></span> <span class='ocrx_word' id='word_1_149' title='bbox 2197 752 2442 798; x_wconf 87' lang='lat' dir='ltr'><strong>naturam</strong></span> <span class='ocrx_word' id='word_1_150' title='bbox 2480 744 2599 813; x_wconf 88' lang='lat' dir='ltr'><strong>ejus</strong></span> <span class='ocrx_word' id='word_1_151' title='bbox 2629 744 2774 799; x_wconf 88' lang='lat' dir='ltr'><strong>unde</strong></span> <span class='ocrx_word' id='word_1_152' title='bbox 2804 754 3020 817; x_wconf 87' lang='lat' dir='ltr'><strong>sumpta</strong></span> <span class='ocrx_word' id='word_1_153' title='bbox 3048 754 3151 813; x_wconf 88' lang='lat' dir='ltr'><strong>est,</strong></span> <span class='ocrx_word' id='word_1_154' title='bbox 3185 763 3345 817; x_wconf 87' lang='lat' dir='ltr'><strong>quam</strong></span> <span class='ocrx_word' id='word_1_155' title='bbox 3385 748 3525 817; x_wconf 84' lang='lat' dir='ltr'><strong>ejus,</strong></span> 
     </span>
    </p>
   </div>
   <div class='ocr_carea' id='block_1_23' title="bbox 1925 831 3527 901">
    <p class='ocr_par' dir='ltr' id='par_1_23' title="bbox 1925 831 3527 901">
     <span class='ocr_line' id='line_1_23' title="bbox 1925 831 3527 901; baseline 0.004 -14"><span class='ocrx_word' id='word_1_156' title='bbox 1925 833 2071 888; x_wconf 90' lang='lat' dir='ltr'><strong>unde</strong></span> <span class='ocrx_word' id='word_1_157' title='bbox 2097 831 2386 896; x_wconf 82' lang='lat' dir='ltr'><strong>viviﬁcata,</strong></span> <span class='ocrx_word' id='word_1_158' title='bbox 2420 841 2471 888; x_wconf 92' lang='lat' dir='ltr'><strong>et</strong></span> <span class='ocrx_word' id='word_1_159' title='bbox 2504 841 2758 901; x_wconf 79' lang='lat' dir='ltr'><strong>vegetata</strong></span> <span class='ocrx_word' id='word_1_160' title='bbox 2787 841 2896 888; x_wconf 88' lang='lat' dir='ltr'><strong>est.</strong></span> <span class='ocrx_word' id='word_1_161' title='bbox 2937 835 2997 889; x_wconf 88' lang='lat' dir='ltr'><strong>In</strong></span> <span class='ocrx_word' id='word_1_162' title='bbox 3027 835 3312 891; x_wconf 70' lang='lat' dir='ltr'><strong>caelestem</strong></span> <span class='ocrx_word' id='word_1_163' title='bbox 3341 842 3527 893; x_wconf 85' lang='lat' dir='ltr'><strong>terre-</strong></span> 
     </span>
    </p>
   </div>
   <div class='ocr_carea' id='block_1_24' title="bbox 1925 919 3528 991">
    <p class='ocr_par' dir='ltr' id='par_1_24' title="bbox 1925 919 3528 991">
     <span class='ocr_line' id='line_1_24' title="bbox 1925 919 3528 991; baseline 0.004 -17"><span class='ocrx_word' id='word_1_164' title='bbox 1925 921 2049 974; x_wconf 87' lang='lat' dir='ltr'><strong>stris</strong></span> <span class='ocrx_word' id='word_1_165' title='bbox 2080 919 2193 991; x_wconf 75' lang='lat'><strong>(79)</strong></span> <span class='ocrx_word' id='word_1_166' title='bbox 2215 927 2452 975; x_wconf 87' lang='lat' dir='ltr'><strong>mutatur</strong></span> <span class='ocrx_word' id='word_1_167' title='bbox 2495 929 2709 988; x_wconf 88' lang='lat' dir='ltr'><strong>natura,</strong></span> <span class='ocrx_word' id='word_1_168' title='bbox 2740 937 2888 977; x_wconf 90' lang='lat' dir='ltr'><strong>mors</strong></span> <span class='ocrx_word' id='word_1_169' title='bbox 2917 922 2971 976; x_wconf 91' lang='lat' dir='ltr'><strong>in</strong></span> <span class='ocrx_word' id='word_1_170' title='bbox 3009 929 3317 979; x_wconf 88' lang='lat' dir='ltr'><strong>sanctorum</strong></span> <span class='ocrx_word' id='word_1_171' title='bbox 3359 939 3528 980; x_wconf 84' lang='lat' dir='ltr'><strong>carne</strong></span> 
     </span>
    </p>
   </div>
   <div class='ocr_carea' id='block_1_25' title="bbox 1925 1008 3524 1080">
    <p class='ocr_par' dir='ltr' id='par_1_25' title="bbox 1925 1008 3524 1080">
     <span class='ocr_line' id='line_1_25' title="bbox 1925 1008 3524 1080; baseline 0.003 -17"><span class='ocrx_word' id='word_1_172' title='bbox 1925 1024 2023 1063; x_wconf 90' lang='lat' dir='ltr'><strong>sua</strong></span> <span class='ocrx_word' id='word_1_173' title='bbox 2045 1008 2364 1080; x_wconf 83' lang='lat' dir='ltr'><strong>superfecte</strong></span> <span class='ocrx_word' id='word_1_174' title='bbox 2391 1024 2501 1064; x_wconf 91' lang='lat' dir='ltr'><strong>non</strong></span> <span class='ocrx_word' id='word_1_175' title='bbox 2531 1009 2738 1065; x_wconf 84' lang='lat' dir='ltr'><strong>obtinet</strong></span> <span class='ocrx_word' id='word_1_176' title='bbox 2760 1011 2881 1079; x_wconf 87' lang='lat' dir='ltr'><strong>jura</strong></span> <span class='ocrx_word' id='word_1_177' title='bbox 2907 1028 2920 1064; x_wconf 95' lang='lat'><strong>:</strong></span> <span class='ocrx_word' id='word_1_178' title='bbox 2969 1012 3068 1066; x_wconf 88' lang='lat' dir='ltr'><strong>sed</strong></span> <span class='ocrx_word' id='word_1_179' title='bbox 3097 1026 3229 1067; x_wconf 91' lang='lat' dir='ltr'><strong>caro</strong></span> <span class='ocrx_word' id='word_1_180' title='bbox 3259 1013 3314 1067; x_wconf 91' lang='lat' dir='ltr'><strong>in</strong></span> <span class='ocrx_word' id='word_1_181' title='bbox 3352 1027 3524 1069; x_wconf 85' lang='lat' dir='ltr'><strong>carne</strong></span> 
     </span>
    </p>
   </div>
   <div class='ocr_carea' id='block_1_26' title="bbox 1924 1097 3514 1165">
    <p class='ocr_par' dir='ltr' id='par_1_26' title="bbox 1924 1097 3514 1165">
     <span class='ocr_line' id='line_1_26' title="bbox 1924 1097 3514 1165; baseline 0.003 -13"><span class='ocrx_word' id='word_1_182' title='bbox 1924 1097 2142 1164; x_wconf 85' lang='lat' dir='ltr'><strong>Christi,</strong></span> <span class='ocrx_word' id='word_1_183' title='bbox 2183 1106 2356 1153; x_wconf 89' lang='lat' dir='ltr'><strong>morte</strong></span> <span class='ocrx_word' id='word_1_184' title='bbox 2403 1098 2700 1165; x_wconf 88' lang='lat' dir='ltr'><strong>destructa,</strong></span> <span class='ocrx_word' id='word_1_185' title='bbox 2740 1097 3012 1155; x_wconf 74' lang='lat' dir='ltr'><strong>efﬁcacius</strong></span> <span class='ocrx_word' id='word_1_186' title='bbox 3057 1098 3190 1156; x_wconf 88' lang='lat' dir='ltr'><strong>vivit</strong></span> <span class='ocrx_word' id='word_1_187' title='bbox 3230 1100 3514 1156; x_wconf 79' lang='lat' dir='ltr'><strong>defuncta.</strong></span> 
     </span>
    </p>
   </div>
   <div class='ocr_carea' id='block_1_27' title="bbox 1921 1185 3523 1260">
    <p class='ocr_par' dir='ltr' id='par_1_27' title="bbox 1921 1185 3523 1260">
     <span class='ocr_line' id='line_1_27' title="bbox 1921 1185 3523 1260; baseline 0.002 -21"><span class='ocrx_word' id='word_1_188' title='bbox 1921 1185 2156 1241; x_wconf 80' lang='lat' dir='ltr'><strong>Matricis</strong></span> <span class='ocrx_word' id='word_1_189' title='bbox 2193 1202 2304 1241; x_wconf 83' lang='lat' dir='ltr'><strong>suae</strong></span> <span class='ocrx_word' id='word_1_190' title='bbox 2332 1186 2504 1241; x_wconf 87' lang='lat' dir='ltr'><strong>nescit</strong></span> <span class='ocrx_word' id='word_1_191' title='bbox 2532 1185 2783 1251; x_wconf 85' lang='lat' dir='ltr'><strong>fetorem,</strong></span> <span class='ocrx_word' id='word_1_192' title='bbox 2818 1188 2914 1242; x_wconf 92' lang='lat' dir='ltr'><strong>sed</strong></span> <span class='ocrx_word' id='word_1_193' title='bbox 2952 1187 3368 1258; x_wconf 78' lang='lat' dir='ltr'><strong>fragrantissimi</strong></span> <span class='ocrx_word' id='word_1_194' title='bbox 3401 1189 3523 1260; x_wconf 89' lang='lat' dir='ltr'><strong>spi-</strong></span> 
     </span>
    </p>
   </div>
   <div class='ocr_carea' id='block_1_28' title="bbox 1921 1274 3518 1346">
    <p class='ocr_par' dir='ltr' id='par_1_28' title="bbox 1921 1274 3518 1346">
     <span class='ocr_line' id='line_1_28' title="bbox 1921 1274 3518 1346; baseline 0.003 -18"><span class='ocrx_word' id='word_1_195' title='bbox 1921 1275 2051 1328; x_wconf 88' lang='lat' dir='ltr'><strong>ritus</strong></span> <span class='ocrx_word' id='word_1_196' title='bbox 2075 1274 2156 1328; x_wconf 91' lang='lat' dir='ltr'><strong>sui</strong></span> <span class='ocrx_word' id='word_1_197' title='bbox 2185 1282 2371 1328; x_wconf 88' lang='lat' dir='ltr'><strong>servat</strong></span> <span class='ocrx_word' id='word_1_198' title='bbox 2403 1275 2459 1328; x_wconf 92' lang='lat' dir='ltr'><strong>in</strong></span> <span class='ocrx_word' id='word_1_199' title='bbox 2504 1290 2564 1329; x_wconf 90' lang='lat' dir='ltr'><strong>se</strong></span> <span class='ocrx_word' id='word_1_200' title='bbox 2592 1275 2842 1342; x_wconf 87' lang='lat' dir='ltr'><strong>odorem;</strong></span> <span class='ocrx_word' id='word_1_201' title='bbox 2880 1283 2952 1343; x_wconf 90' lang='lat' dir='ltr'><strong>et,</strong></span> <span class='ocrx_word' id='word_1_202' title='bbox 3005 1275 3132 1346; x_wconf 90' lang='lat' dir='ltr'><strong>quia</strong></span> <span class='ocrx_word' id='word_1_203' title='bbox 3179 1292 3250 1331; x_wconf 84' lang='lat' dir='ltr'><strong>ex</strong></span> <span class='ocrx_word' id='word_1_204' title='bbox 3298 1292 3358 1332; x_wconf 89' lang='lat' dir='ltr'><strong>se</strong></span> <span class='ocrx_word' id='word_1_205' title='bbox 3387 1276 3518 1332; x_wconf 83' lang='lat' dir='ltr'><strong>fetet</strong></span> 
     </span>
    </p>
   </div>
   <div class='ocr_carea' id='block_1_29' title="bbox 1919 1360 3515 1436">
    <p class='ocr_par' dir='ltr' id='par_1_29' title="bbox 1919 1360 3515 1436">
     <span class='ocr_line' id='line_1_29' title="bbox 1919 1360 3515 1436; baseline 0.003 -21"><span class='ocrx_word' id='word_1_206' title='bbox 1919 1360 1973 1416; x_wconf 92' lang='lat' dir='ltr'><strong>in</strong></span> <span class='ocrx_word' id='word_1_207' title='bbox 2018 1360 2409 1433; x_wconf 75' lang='lat' dir='ltr'><strong>[conceptione,</strong></span> <span class='ocrx_word' id='word_1_208' title='bbox 2473 1362 2528 1416; x_wconf 90' lang='lat' dir='ltr'><strong>in</strong></span> <span class='ocrx_word' id='word_1_209' title='bbox 2578 1363 2972 1433; x_wconf 88' lang='lat' dir='ltr'><strong>procreatione,</strong></span> <span class='ocrx_word' id='word_1_210' title='bbox 3031 1363 3085 1418; x_wconf 91' lang='lat' dir='ltr'><strong>in</strong></span> <span class='ocrx_word' id='word_1_211' title='bbox 3170 1364 3515 1436; x_wconf 86' lang='lat' dir='ltr'><strong>educatione,</strong></span> 
     </span>
    </p>
   </div>
   <div class='ocr_carea' id='block_1_30' title="bbox 1916 1450 3514 1523">
    <p class='ocr_par' dir='ltr' id='par_1_30' title="bbox 1916 1450 3514 1523">
     <span class='ocr_line' id='line_1_30' title="bbox 1916 1450 3514 1523; baseline 0.003 -19"><span class='ocrx_word' id='word_1_212' title='bbox 1916 1457 2196 1520; x_wconf 90' lang='lat' dir='ltr'><strong>postremo</strong></span> <span class='ocrx_word' id='word_1_213' title='bbox 2239 1450 2294 1505; x_wconf 91' lang='lat' dir='ltr'><strong>in</strong></span> <span class='ocrx_word' id='word_1_214' title='bbox 2323 1451 2487 1506; x_wconf 87' lang='lat' dir='ltr'><strong>totius</strong></span> <span class='ocrx_word' id='word_1_215' title='bbox 2517 1451 2640 1506; x_wconf 67' lang='lat' dir='ltr'><strong>vitm</strong></span> <span class='ocrx_word' id='word_1_216' title='bbox 2669 1453 2955 1523; x_wconf 81' lang='lat' dir='ltr'><strong>praesentis</strong></span> <span class='ocrx_word' id='word_1_217' title='bbox 3001 1452 3465 1509; x_wconf 85' lang='lat' dir='ltr'><strong>administratione</strong></span> <span class='ocrx_word' id='word_1_218' title='bbox 3498 1472 3514 1521; x_wconf 87' lang='lat'><strong>;</strong></span> 
     </span>
    </p>
   </div>
   <div class='ocr_carea' id='block_1_31' title="bbox 1916 1538 3518 1612">
    <p class='ocr_par' dir='ltr' id='par_1_31' title="bbox 1916 1538 3518 1612">
     <span class='ocr_line' id='line_1_31' title="bbox 1916 1538 3518 1612; baseline 0.003 -20"><span class='ocrx_word' id='word_1_219' title='bbox 1916 1538 2134 1593; x_wconf 88' lang='lat' dir='ltr'><strong>tandem</strong></span> <span class='ocrx_word' id='word_1_220' title='bbox 2181 1555 2246 1594; x_wconf 85' lang='lat' dir='ltr'><strong>ex</strong></span> <span class='ocrx_word' id='word_1_221' title='bbox 2275 1540 2606 1610; x_wconf 67' lang='lat' dir='ltr'><strong>prmcedenti</strong></span> <span class='ocrx_word' id='word_1_222' title='bbox 2654 1541 2936 1612; x_wconf 88' lang='lat' dir='ltr'><strong>utriusque</strong></span> <span class='ocrx_word' id='word_1_223' title='bbox 2965 1541 3323 1606; x_wconf 81' lang='lat' dir='ltr'><strong>connexione,</strong></span> <span class='ocrx_word' id='word_1_224' title='bbox 3355 1542 3518 1598; x_wconf 85' lang='lat' dir='ltr'><strong>totius</strong></span> 
     </span>
    </p>
   </div>
   <div class='ocr_carea' id='block_1_32' title="bbox 1915 1625 3514 1700">
    <p class='ocr_par' dir='ltr' id='par_1_32' title="bbox 1915 1625 3514 1700">
     <span class='ocr_line' id='line_1_32' title="bbox 1915 1625 3514 1700; baseline 0.003 -20"><span class='ocrx_word' id='word_1_225' title='bbox 1915 1625 2200 1682; x_wconf 85' lang='lat' dir='ltr'><strong>suavitatis</strong></span> <span class='ocrx_word' id='word_1_226' title='bbox 2251 1627 2611 1700; x_wconf 82' lang='lat' dir='ltr'><strong>fragrantiam</strong></span> <span class='ocrx_word' id='word_1_227' title='bbox 2658 1629 2832 1699; x_wconf 72' lang='lat' dir='ltr'><strong>Spirat</strong></span> <span class='ocrx_word' id='word_1_228' title='bbox 2859 1629 2928 1686; x_wconf 91' lang='lat' dir='ltr'><strong>de</strong></span> <span class='ocrx_word' id='word_1_229' title='bbox 2969 1645 3030 1686; x_wconf 89' lang='lat' dir='ltr'><strong>se</strong></span> <span class='ocrx_word' id='word_1_230' title='bbox 3056 1629 3111 1684; x_wconf 90' lang='lat' dir='ltr'><strong>in</strong></span> <span class='ocrx_word' id='word_1_231' title='bbox 3159 1630 3514 1700; x_wconf 78' lang='lat' dir='ltr'><strong>resolutione,</strong></span> 
     </span>
    </p>
   </div>
   <div class='ocr_carea' id='block_1_33' title="bbox 1913 1716 2853 1787">
    <p class='ocr_par' dir='ltr' id='par_1_33' title="bbox 1913 1716 2853 1787">
     <span class='ocr_line' id='line_1_33' title="bbox 1913 1716 2853 1787; baseline 0.002 -18"><span class='ocrx_word' id='word_1_232' title='bbox 1913 1730 2072 1787; x_wconf 90' lang='lat' dir='ltr'><strong>quam</strong></span> <span class='ocrx_word' id='word_1_233' title='bbox 2091 1731 2200 1772; x_wconf 91' lang='lat' dir='ltr'><strong>non</strong></span> <span class='ocrx_word' id='word_1_234' title='bbox 2227 1716 2393 1772; x_wconf 87' lang='lat' dir='ltr'><strong>habet</strong></span> <span class='ocrx_word' id='word_1_235' title='bbox 2421 1733 2488 1773; x_wconf 81' lang='lat' dir='ltr'><strong>ex</strong></span> <span class='ocrx_word' id='word_1_236' title='bbox 2517 1717 2853 1774; x_wconf 89' lang='lat' dir='ltr'><strong>conditione.</strong></span> 
     </span>
    </p>
   </div>
   <div class='ocr_carea' id='block_1_34' title="bbox 1951 1909 3505 1985">
    <p class='ocr_par' dir='ltr' id='par_1_34' title="bbox 1951 1909 3505 1985">
     <span class='ocr_line' id='line_1_34' title="bbox 1951 1909 3505 1985; baseline 0.006 -21"><span class='ocrx_word' id='word_1_237' title='bbox 1951 1909 2056 1980; x_wconf 76' lang='lat'><strong>(79)</strong></span> <span class='ocrx_word' id='word_1_238' title='bbox 2099 1911 2350 1968; x_wconf 76' lang='lat' dir='ltr'><strong>Mutatur</strong></span> <span class='ocrx_word' id='word_1_239' title='bbox 2368 1916 2601 1970; x_wconf 83' lang='lat' dir='ltr'><strong>natura.</strong></span> <span class='ocrx_word' id='word_1_240' title='bbox 2626 1913 2747 1970; x_wconf 90' lang='lat' dir='ltr'><strong>Non</strong></span> <span class='ocrx_word' id='word_1_241' title='bbox 2783 1913 3082 1970; x_wconf 89' lang='lat' dir='ltr'><strong>secundum</strong></span> <span class='ocrx_word' id='word_1_242' title='bbox 3104 1915 3505 1985; x_wconf 73' lang='lat' dir='ltr'><strong>substantiam,</strong></span> 
     </span>
    </p>
   </div>
   <div class='ocr_carea' id='block_1_35' title="bbox 1914 1999 2324 2057">
    <p class='ocr_par' dir='ltr' id='par_1_35' title="bbox 1914 1999 2324 2057">
     <span class='ocr_line' id='line_1_35' title="bbox 1914 1999 2324 2057; baseline 0.012 -5"><span class='ocrx_word' id='word_1_243' title='bbox 1914 1999 2016 2053; x_wconf 88' lang='lat' dir='ltr'><strong>sed</strong></span> <span class='ocrx_word' id='word_1_244' title='bbox 2039 2001 2324 2057; x_wconf 76' lang='lat' dir='ltr'><strong>accido-ns.</strong></span> 
     </span>
    </p>
   </div>
   <div class='ocr_carea' id='block_1_36' title="bbox 1561 2200 2251 2274">
    <p class='ocr_par' dir='ltr' id='par_1_36' title="bbox 1561 2200 2251 2274">
     <span class='ocr_line' id='line_1_36' title="bbox 1561 2200 2251 2274; baseline 0.009 -20"><span class='ocrx_word' id='word_1_245' title='bbox 1561 2200 1816 2273; x_wconf 79' lang='lat' dir='ltr'><strong>E.vplicit</strong></span> <span class='ocrx_word' id='word_1_246' title='bbox 1857 2201 1994 2258; x_wconf 80' lang='lat' dir='ltr'><strong>liber</strong></span> <span class='ocrx_word' id='word_1_247' title='bbox 2010 2204 2251 2274; x_wconf 84' lang='lat' dir='ltr'><strong>primus.</strong></span> 
     </span>
    </p>
   </div>
   <div class='ocr_carea' id='block_1_37' title="bbox 237 2324 3438 2355">
    <p class='ocr_par' dir='ltr' id='par_1_37' title="bbox 237 2324 3438 2355">
     <span class='ocr_line' id='line_1_37' title="bbox 237 2324 3438 2355; baseline 0.006 -18"><span class='ocrx_word' id='word_1_248' title='bbox 237 2324 3438 2355; x_wconf 58' lang='lat' dir='ltr'><strong>mm</strong></span> 
     </span>
    </p>
   </div>
   <div class='ocr_carea' id='block_1_38' title="bbox 1206 2456 2513 2520">
    <p class='ocr_par' dir='ltr' id='par_1_38' title="bbox 1206 2456 2513 2520">
     <span class='ocr_line' id='line_1_38' title="bbox 1206 2456 2513 2520; baseline 0.005 -8"><span class='ocrx_word' id='word_1_249' title='bbox 1206 2456 1561 2516; x_wconf 85' lang='lat' dir='ltr'><strong>INCIPIUNT</strong></span> <span class='ocrx_word' id='word_1_250' title='bbox 1587 2459 1942 2516; x_wconf 79' lang='lat' dir='ltr'><strong>CAPITULA</strong></span> <span class='ocrx_word' id='word_1_251' title='bbox 1971 2461 2278 2520; x_wconf 85' lang='lat' dir='ltr'><strong>SECUNDI</strong></span> <span class='ocrx_word' id='word_1_252' title='bbox 2305 2462 2513 2518; x_wconf 83' lang='lat' dir='ltr'><strong>LIBRI.</strong></span> 
     </span>
    </p>
   </div>
   <div class='ocr_carea' id='block_1_39' title="bbox 263 2573 3215 2662">
    <p class='ocr_par' dir='ltr' id='par_1_39' title="bbox 263 2573 3215 2662">
     <span class='ocr_line' id='line_1_39' title="bbox 263 2573 3215 2662; baseline 0.005 -31"><span class='ocrx_word' id='word_1_253' title='bbox 263 2573 416 2662; x_wconf 48' lang='lat'><strong>5:125:</strong></span> <span class='ocrx_word' id='word_1_254' title='bbox 440 2577 742 2662; x_wconf 72' lang='lat' dir='ltr'><strong>mausoleis</strong></span> <span class='ocrx_word' id='word_1_255' title='bbox 763 2583 1111 2662; x_wconf 71' lang='lat' dir='ltr'><strong>sanctorum,</strong></span> <span class='ocrx_word' id='word_1_256' title='bbox 1145 2585 1200 2636; x_wconf 88' lang='lat' dir='ltr'><strong>et</strong></span> <span class='ocrx_word' id='word_1_257' title='bbox 1229 2598 1404 2662; x_wconf 77' lang='lat' dir='ltr'><strong>quare</strong></span> <span class='ocrx_word' id='word_1_258' title='bbox 1442 2584 1626 2662; x_wconf 76' lang='lat' dir='ltr'><strong>omnis</strong></span> <span class='ocrx_word' id='word_1_259' title='bbox 1665 2585 1809 2662; x_wconf 72' lang='lat' dir='ltr'><strong>lapis</strong></span> <span class='ocrx_word' id='word_1_260' title='bbox 1833 2587 2113 2649; x_wconf 83' lang='lat' dir='ltr'><strong>pretiosus</strong></span> <span class='ocrx_word' id='word_1_261' title='bbox 2134 2590 2189 2642; x_wconf 86' lang='lat' dir='ltr'><strong>el</strong></span> <span class='ocrx_word' id='word_1_262' title='bbox 2223 2603 2430 2642; x_wconf 86' lang='lat' dir='ltr'><strong>aurum</strong></span> <span class='ocrx_word' id='word_1_263' title='bbox 2460 2587 2764 2662; x_wconf 28' lang='lat' dir='ltr'><strong>sit‘eorum</strong></span> <span class='ocrx_word' id='word_1_264' title='bbox 2781 2591 3215 2662; x_wconf 65' lang='lat' dir='ltr'><strong>operimentum.</strong></span> 
     </span>
    </p>
   </div>
   <div class='ocr_carea' id='block_1_40' title="bbox 263 2645 3500 2734">
    <p class='ocr_par' dir='ltr' id='par_1_40' title="bbox 263 2645 3500 2734">
     <span class='ocr_line' id='line_1_40' title="bbox 263 2645 3500 2734; baseline 0.006 -36"><span class='ocrx_word' id='word_1_265' title='bbox 263 2645 334 2699; x_wconf 86' lang='lat' dir='ltr'><strong>II.</strong></span> <span class='ocrx_word' id='word_1_266' title='bbox 361 2647 511 2714; x_wconf 70' lang='lat' dir='ltr'><strong>Quod</strong></span> <span class='ocrx_word' id='word_1_267' title='bbox 552 2651 712 2706; x_wconf 85' lang='lat' dir='ltr'><strong>tanto</strong></span> <span class='ocrx_word' id='word_1_268' title='bbox 745 2651 930 2706; x_wconf 84' lang='lat' dir='ltr'><strong>cineri</strong></span> <span class='ocrx_word' id='word_1_269' title='bbox 963 2667 1077 2707; x_wconf 78' lang='lat' dir='ltr'><strong>non</strong></span> <span class='ocrx_word' id='word_1_270' title='bbox 1098 2645 1472 2726; x_wconf 62' lang='lat' dir='ltr'><strong>comparetur</strong></span> <span class='ocrx_word' id='word_1_271' title='bbox 1490 2645 1790 2711; x_wconf 70' lang='lat' dir='ltr'><strong>mater-idle</strong></span> <span class='ocrx_word' id='word_1_272' title='bbox 1819 2645 2046 2726; x_wconf 74' lang='lat' dir='ltr'><strong>aurum,</strong></span> <span class='ocrx_word' id='word_1_273' title='bbox 2083 2673 2187 2713; x_wconf 84' lang='lat' dir='ltr'><strong>nec</strong></span> <span class='ocrx_word' id='word_1_274' title='bbox 2219 2673 2382 2713; x_wconf 77' lang='lat' dir='ltr'><strong>omne</strong></span> <span class='ocrx_word' id='word_1_275' title='bbox 2420 2657 2643 2732; x_wconf 80' lang='lat' dir='ltr'><strong>quodin</strong></span> <span class='ocrx_word' id='word_1_276' title='bbox 2677 2645 2846 2716; x_wconf 60' lang='lat' dir='ltr'><strong>rebus</strong></span> <span class='ocrx_word' id='word_1_277' title='bbox 2882 2645 3227 2718; x_wconf 75' lang='lat' dir='ltr'><strong>volventibus</strong></span> <span class='ocrx_word' id='word_1_278' title='bbox 3249 2666 3335 2718; x_wconf 86' lang='lat' dir='ltr'><strong>est</strong></span> <span class='ocrx_word' id='word_1_279' title='bbox 3367 2678 3500 2734; x_wconf 79' lang='lat' dir='ltr'><strong>prc-</strong></span> 
     </span>
    </p>
   </div>
   <div class='ocr_carea' id='block_1_41' title="bbox 178 2716 426 2772">
    <p class='ocr_par' dir='ltr' id='par_1_41' title="bbox 178 2716 426 2772">
     <span class='ocr_line' id='line_1_41' title="bbox 178 2716 426 2772; baseline 0.004 -1"><span class='ocrx_word' id='word_1_280' title='bbox 178 2716 426 2772; x_wconf 77' lang='lat' dir='ltr'><strong>tiosum.</strong></span> 
     </span>
    </p>
   </div>
   <div class='ocr_carea' id='block_1_42' title="bbox 260 2788 3500 2875">
    <p class='ocr_par' dir='ltr' id='par_1_42' title="bbox 260 2788 3500 2875">
     <span class='ocr_line' id='line_1_42' title="bbox 260 2788 3500 2875; baseline 0.006 -35"><span class='ocrx_word' id='word_1_281' title='bbox 260 2788 364 2870; x_wconf 67' lang='lat' dir='ltr'><strong>lli.</strong></span> <span class='ocrx_word' id='word_1_282' title='bbox 398 2788 554 2875; x_wconf 81' lang='lat' dir='ltr'><strong>Quod</strong></span> <span class='ocrx_word' id='word_1_283' title='bbox 560 2791 660 2861; x_wconf 86' lang='lat' dir='ltr'><strong>jus</strong></span> <span class='ocrx_word' id='word_1_284' title='bbox 690 2795 908 2848; x_wconf 74' lang='lat' dir='ltr'><strong>sancto:</strong></span> <span class='ocrx_word' id='word_1_285' title='bbox 929 2794 1138 2850; x_wconf 71' lang='lat' dir='ltr'><strong>animae</strong></span> <span class='ocrx_word' id='word_1_286' title='bbox 1154 2796 1483 2850; x_wconf 82' lang='lat' dir='ltr'><strong>sanctitatis</strong></span> <span class='ocrx_word' id='word_1_287' title='bbox 1511 2812 1630 2852; x_wconf 67' lang='lat' dir='ltr'><strong>suae</strong></span> <span class='ocrx_word' id='word_1_288' title='bbox 1655 2797 2016 2870; x_wconf 80' lang='lat' dir='ltr'><strong>aﬂlue-ntiam</strong></span> <span class='ocrx_word' id='word_1_289' title='bbox 2031 2801 2477 2872; x_wconf 80' lang='lat' dir='ltr'><strong>transfundatin</strong></span> <span class='ocrx_word' id='word_1_290' title='bbox 2503 2803 2696 2857; x_wconf 80' lang='lat' dir='ltr'><strong>omnia</strong></span> <span class='ocrx_word' id='word_1_291' title='bbox 2710 2804 2962 2875; x_wconf 80' lang='lat' dir='ltr'><strong>pulveris</strong></span> <span class='ocrx_word' id='word_1_292' title='bbox 2973 2804 3063 2860; x_wconf 89' lang='lat' dir='ltr'><strong>sui</strong></span> <span class='ocrx_word' id='word_1_293' title='bbox 3079 2812 3416 2861; x_wconf 77' lang='lat' dir='ltr'><strong>ornamenta</strong></span> <span class='ocrx_word' id='word_1_294' title='bbox 3445 2809 3500 2861; x_wconf 83' lang='lat' dir='ltr'><strong>et</strong></span> 
     </span>
    </p>
   </div>
   <div class='ocr_carea' id='block_1_43' title="bbox 170 2860 562 2929">
    <p class='ocr_par' dir='ltr' id='par_1_43' title="bbox 170 2860 562 2929">
     <span class='ocr_line' id='line_1_43' title="bbox 170 2860 562 2929; baseline -0.003 -14"><span class='ocrx_word' id='word_1_295' title='bbox 170 2860 562 2929; x_wconf 83' lang='lat' dir='ltr'><strong>operimenta.</strong></span> 
     </span>
    </p>
   </div>
   <div class='ocr_carea' id='block_1_44' title="bbox 255 2929 3501 3016">
    <p class='ocr_par' dir='ltr' id='par_1_44' title="bbox 255 2929 3501 3016">
     <span class='ocr_line' id='line_1_44' title="bbox 255 2929 3501 3016; baseline 0.007 -34"><span class='ocrx_word' id='word_1_296' title='bbox 255 2929 716 3016; x_wconf 36' lang='lat' dir='ltr'><strong>’IY.nQuo(l.cives</strong></span> <span class='ocrx_word' id='word_1_297' title='bbox 730 2935 981 2990; x_wconf 88' lang='lat' dir='ltr'><strong>civitatis</strong></span> <span class='ocrx_word' id='word_1_298' title='bbox 1012 2937 1266 2992; x_wconf 68' lang='grc' dir='ltr'><strong><em>ιιι·αηὶοω</em></strong></span> <span class='ocrx_word' id='word_1_299' title='bbox 1283 2937 1900 3013; x_wconf 80' lang='lat' dir='ltr'><strong>ﬂocipendantquidem</strong></span> <span class='ocrx_word' id='word_1_300' title='bbox 1929 2941 2476 3012; x_wconf 45' lang='lat' dir='ltr'><strong>monstrajavaritite,</strong></span> <span class='ocrx_word' id='word_1_301' title='bbox 2507 2941 2605 2998; x_wconf 86' lang='lat' dir='ltr'><strong>sed</strong></span> <span class='ocrx_word' id='word_1_302' title='bbox 2636 2942 3091 3016; x_wconf 82' lang='lat' dir='ltr'><strong>magnipendant</strong></span> <span class='ocrx_word' id='word_1_303' title='bbox 3140 2945 3501 3004; x_wconf 80' lang='lat' dir='ltr'><strong>devotionem</strong></span> 
     </span>
    </p>
   </div>
   <div class='ocr_carea' id='block_1_45' title="bbox 167 2999 715 3069">
    <p class='ocr_par' dir='ltr' id='par_1_45' title="bbox 167 2999 715 3069">
     <span class='ocr_line' id='line_1_45' title="bbox 167 2999 715 3069; baseline 0.005 -16"><span class='ocrx_word' id='word_1_304' title='bbox 167 2999 320 3069; x_wconf 81' lang='lat' dir='ltr'><strong>ﬁdei</strong></span> <span class='ocrx_word' id='word_1_305' title='bbox 352 3001 715 3058; x_wconf 69' lang='lat' dir='ltr'><strong>Christianae.</strong></span> 
     </span>
    </p>
   </div>
   <div class='ocr_carea' id='block_1_46' title="bbox 252 3071 2297 3152">
    <p class='ocr_par' dir='ltr' id='par_1_46' title="bbox 252 3071 2297 3152">
     <span class='ocr_line' id='line_1_46' title="bbox 252 3071 2297 3152; baseline 0.006 -28"><span class='ocrx_word' id='word_1_306' title='bbox 252 3071 326 3152; x_wconf 58' lang='lat' dir='ltr'><strong>X:</strong></span> <span class='ocrx_word' id='word_1_307' title='bbox 361 3073 515 3152; x_wconf 63' lang='lat' dir='ltr'><strong>Quod</strong></span> <span class='ocrx_word' id='word_1_308' title='bbox 527 3089 635 3152; x_wconf 71' lang='lat' dir='ltr'><strong>per</strong></span> <span class='ocrx_word' id='word_1_309' title='bbox 662 3075 864 3152; x_wconf 79' lang='lat' dir='ltr'><strong>mundi</strong></span> <span class='ocrx_word' id='word_1_310' title='bbox 892 3079 1352 3152; x_wconf 82' lang='lat' dir='ltr'><strong>concupiscibilz‘a</strong></span> <span class='ocrx_word' id='word_1_311' title='bbox 1391 3085 1794 3152; x_wconf 81' lang='lat' dir='ltr'><strong>comparentur</strong></span> <span class='ocrx_word' id='word_1_312' title='bbox 1827 3084 2004 3137; x_wconf 78' lang='lat' dir='ltr'><strong>etiam</strong></span> <span class='ocrx_word' id='word_1_313' title='bbox 2025 3083 2297 3138; x_wconf 81' lang='lat' dir='ltr'><strong>ccelestia.</strong></span> 
     </span>
    </p>
   </div>
   <div class='ocr_carea' id='block_1_47' title="bbox 249 3141 3506 3226">
    <p class='ocr_par' dir='ltr' id='par_1_47' title="bbox 249 3141 3506 3226">
     <span class='ocr_line' id='line_1_47' title="bbox 249 3141 3506 3226; baseline 0.007 -32"><span class='ocrx_word' id='word_1_314' title='bbox 249 3141 354 3195; x_wconf 80' lang='lat' dir='ltr'><strong>Vl.</strong></span> <span class='ocrx_word' id='word_1_315' title='bbox 387 3141 544 3226; x_wconf 63' lang='lat' dir='ltr'><strong>Quod</strong></span> <span class='ocrx_word' id='word_1_316' title='bbox 568 3146 848 3226; x_wconf 65' lang='lat' dir='ltr'><strong>prceclara</strong></span> <span class='ocrx_word' id='word_1_317' title='bbox 867 3149 946 3226; x_wconf 79' lang='lat' dir='ltr'><strong>sit</strong></span> <span class='ocrx_word' id='word_1_318' title='bbox 968 3141 1298 3226; x_wconf 75' lang='lat' dir='ltr'><strong>sanctorum</strong></span> <span class='ocrx_word' id='word_1_319' title='bbox 1312 3141 1640 3223; x_wconf 76' lang='lat' dir='ltr'><strong>paupertas,</strong></span> <span class='ocrx_word' id='word_1_320' title='bbox 1671 3169 1792 3225; x_wconf 74' lang='lat' dir='ltr'><strong>qua:</strong></span> <span class='ocrx_word' id='word_1_321' title='bbox 1816 3159 1942 3224; x_wconf 87' lang='lat' dir='ltr'><strong>post</strong></span> <span class='ocrx_word' id='word_1_322' title='bbox 1962 3155 2156 3210; x_wconf 85' lang='lat' dir='ltr'><strong>carnis</strong></span> <span class='ocrx_word' id='word_1_323' title='bbox 2201 3157 2443 3212; x_wconf 87' lang='lat' dir='ltr'><strong>mortem</strong></span> <span class='ocrx_word' id='word_1_324' title='bbox 2464 3156 2588 3212; x_wconf 80' lang='lat' dir='ltr'><strong>coeli</strong></span> <span class='ocrx_word' id='word_1_325' title='bbox 2609 3159 2664 3212; x_wconf 85' lang='lat' dir='ltr'><strong>et</strong></span> <span class='ocrx_word' id='word_1_326' title='bbox 2687 3161 2856 3213; x_wconf 75' lang='lat' dir='ltr'><strong>terra:</strong></span> <span class='ocrx_word' id='word_1_327' title='bbox 2877 3161 3130 3218; x_wconf 83' lang='lat' dir='ltr'><strong>meretur</strong></span> <span class='ocrx_word' id='word_1_328' title='bbox 3157 3160 3406 3226; x_wconf 84' lang='lat' dir='ltr'><strong>divitias,</strong></span> <span class='ocrx_word' id='word_1_329' title='bbox 3448 3165 3506 3217; x_wconf 85' lang='lat' dir='ltr'><strong>et</strong></span> 
     </span>
    </p>
   </div>
   <div class='ocr_carea' id='block_1_48' title="bbox 166 3213 1318 3291">
    <p class='ocr_par' dir='ltr' id='par_1_48' title="bbox 166 3213 1318 3291">
     <span class='ocr_line' id='line_1_48' title="bbox 166 3213 1318 3291; baseline 0.008 -23"><span class='ocrx_word' id='word_1_330' title='bbox 166 3228 358 3291; x_wconf 55' lang='lat' dir='ltr'><strong>quare</strong></span> <span class='ocrx_word' id='word_1_331' title='bbox 379 3213 625 3291; x_wconf 57' lang='lat' dir='ltr'><strong>habeant</strong></span> <span class='ocrx_word' id='word_1_332' title='bbox 651 3216 856 3291; x_wconf 67' lang='lat' dir='ltr'><strong>ciboria</strong></span> <span class='ocrx_word' id='word_1_333' title='bbox 888 3221 945 3273; x_wconf 83' lang='lat' dir='ltr'><strong>et</strong></span> <span class='ocrx_word' id='word_1_334' title='bbox 961 3213 1318 3291; x_wconf 47' lang='lat' dir='ltr'><strong>pyramidas;</strong></span> 
     </span>
    </p>
   </div>
   <div class='ocr_carea' id='block_1_49' title="bbox 257 3283 3504 3370">
    <p class='ocr_par' dir='ltr' id='par_1_49' title="bbox 257 3283 3504 3370">
     <span class='ocr_line' id='line_1_49' title="bbox 257 3283 3504 3370; baseline 0.007 -34"><span class='ocrx_word' id='word_1_335' title='bbox 425 3285 564 3370; x_wconf 72' lang='lat' dir='ltr'><strong>Quid</strong></span> <span class='ocrx_word' id='word_1_336' title='bbox 592 3283 977 3370; x_wconf 49' lang='lat' dir='ltr'><strong>sentiendum&quot;</strong></span> <span class='ocrx_word' id='word_1_337' title='bbox 997 3283 1072 3345; x_wconf 69' lang='lat' dir='ltr'><strong>s&#39;it</strong></span> <span class='ocrx_word' id='word_1_338' title='bbox 1099 3291 1165 3347; x_wconf 88' lang='lat' dir='ltr'><strong>de</strong></span> <span class='ocrx_word' id='word_1_339' title='bbox 1195 3293 1314 3349; x_wconf 81' lang='lat' dir='ltr'><strong>illis</strong></span> <span class='ocrx_word' id='word_1_340' title='bbox 1371 3293 1682 3351; x_wconf 84' lang='lat' dir='ltr'><strong>electorum</strong></span> <span class='ocrx_word' id='word_1_341' title='bbox 1711 3295 1810 3350; x_wconf 87' lang='lat' dir='ltr'><strong>Dei</strong></span> <span class='ocrx_word' id='word_1_342' title='bbox 1833 3296 2160 3368; x_wconf 84' lang='lat' dir='ltr'><strong>pigneribus</strong></span> <span class='ocrx_word' id='word_1_343' title='bbox 2186 3313 2307 3370; x_wconf 70' lang='lat' dir='ltr'><strong>quae</strong></span> <span class='ocrx_word' id='word_1_344' title='bbox 2344 3302 2770 3356; x_wconf 83' lang='lat' dir='ltr'><strong>consumuntur</strong></span> <span class='ocrx_word' id='word_1_345' title='bbox 2798 3316 2832 3356; x_wconf 85' lang='grc' dir='ltr'><strong>ιι</strong></span> <span class='ocrx_word' id='word_1_346' title='bbox 2861 3299 3054 3358; x_wconf 79' lang='lat' dir='ltr'><strong>bestiis</strong></span> <span class='ocrx_word' id='word_1_347' title='bbox 3073 3303 3132 3357; x_wconf 89' lang='lat' dir='ltr'><strong>et</strong></span> <span class='ocrx_word' id='word_1_348' title='bbox 3154 3301 3368 3370; x_wconf 85' lang='lat' dir='ltr'><strong>avibus,</strong></span> <span class='ocrx_word' id='word_1_349' title='bbox 3411 3303 3504 3360; x_wconf 83' lang='lat' dir='ltr'><strong>vel</strong></span> 
     </span>
    </p>
   </div>
   <div class='ocr_carea' id='block_1_50' title="bbox 168 3355 1005 3426">
    <p class='ocr_par' dir='ltr' id='par_1_50' title="bbox 168 3355 1005 3426">
     <span class='ocr_line' id='line_1_50' title="bbox 168 3355 1005 3426; baseline 0.007 -16"><span class='ocrx_word' id='word_1_350' title='bbox 168 3355 504 3425; x_wconf 77' lang='lat' dir='ltr'><strong>immergun</strong></span> <span class='ocrx_word' id='word_1_351' title='bbox 516 3360 614 3412; x_wconf 87' lang='lat' dir='ltr'><strong>tur</strong></span> <span class='ocrx_word' id='word_1_352' title='bbox 653 3359 1005 3426; x_wconf 83' lang='lat' dir='ltr'><strong>ﬂuminibus.</strong></span> 
     </span>
    </p>
   </div>
   <div class='ocr_carea' id='block_1_51' title="bbox 1319 3435 2372 3511">
    <p class='ocr_par' dir='ltr' id='par_1_51' title="bbox 1319 3435 2372 3511">
     <span class='ocr_line' id='line_1_51' title="bbox 1319 3435 2372 3511; baseline 0.006 -20"><span class='ocrx_word' id='word_1_353' title='bbox 1319 3435 1657 3508; x_wconf 71' lang='lat' dir='ltr'><strong>Expliciuut</strong></span> <span class='ocrx_word' id='word_1_354' title='bbox 1682 3437 1939 3511; x_wconf 88' lang='lat' dir='ltr'><strong>capitula</strong></span> <span class='ocrx_word' id='word_1_355' title='bbox 1960 3439 2196 3497; x_wconf 79' lang='lat' dir='ltr'><strong>secundi</strong></span> <span class='ocrx_word' id='word_1_356' title='bbox 2223 3439 2372 3498; x_wconf 84' lang='lat' dir='ltr'><strong>libri.</strong></span> 
     </span>
    </p>
   </div>
   <div class='ocr_carea' id='block_1_52' title="bbox 219 3581 3494 3625">
    <p class='ocr_par' dir='ltr' id='par_1_52' title="bbox 219 3581 3494 3625">
     <span class='ocr_line' id='line_1_52' title="bbox 219 3581 3494 3625; baseline 0.005 -25"><span class='ocrx_word' id='word_1_357' title='bbox 219 3581 3494 3625; x_wconf 85' lang='lat'><strong>———_—__________________________</strong></span> 
     </span>
    </p>
   </div>
   <div class='ocr_carea' id='block_1_53' title="bbox 1074 3716 2578 3817">
    <p class='ocr_par' dir='ltr' id='par_1_53' title="bbox 1074 3716 2578 3817">
     <span class='ocr_line' id='line_1_53' title="bbox 1074 3716 2578 3817; baseline 0.004 -9"><span class='ocrx_word' id='word_1_358' title='bbox 1074 3716 1496 3810; x_wconf 87' lang='lat' dir='ltr'><strong>INCIPIT</strong></span> <span class='ocrx_word' id='word_1_359' title='bbox 1557 3720 1887 3813; x_wconf 80' lang='lat' dir='ltr'><strong>LIBER</strong></span> <span class='ocrx_word' id='word_1_360' title='bbox 1955 3722 2578 3817; x_wconf 87' lang='lat' dir='ltr'><strong>SECUNDUS.</strong></span> 
     </span>
    </p>
   </div>
   <div class='ocr_carea' id='block_1_54' title="bbox 609 3967 1335 4030">
    <p class='ocr_par' dir='ltr' id='par_1_54' title="bbox 609 3967 1335 4030">
     <span class='ocr_line' id='line_1_54' title="bbox 609 3967 1335 4030; baseline 0.008 -6"><span class='ocrx_word' id='word_1_361' title='bbox 609 3967 1003 4028; x_wconf 83' lang='lat' dir='ltr'><strong>CAPITULUM</strong></span> <span class='ocrx_word' id='word_1_362' title='bbox 1034 3972 1335 4030; x_wconf 77' lang='lat' dir='ltr'><strong>PRIMUM.</strong></span> 
     </span>
    </p>
   </div>
   <div class='ocr_carea' id='block_1_55' title="bbox 177 4065 1714 4146">
    <p class='ocr_par' dir='ltr' id='par_1_55' title="bbox 177 4065 1714 4146">
     <span class='ocr_line' id='line_1_55' title="bbox 177 4065 1714 4146; baseline 0.006 -24"><span class='ocrx_word' id='word_1_363' title='bbox 177 4065 258 4122; x_wconf 88' lang='lat' dir='ltr'><strong>De</strong></span> <span class='ocrx_word' id='word_1_364' title='bbox 296 4065 590 4146; x_wconf 73' lang='lat' dir='ltr'><strong>Mausoleis</strong></span> <span class='ocrx_word' id='word_1_365' title='bbox 627 4073 1006 4146; x_wconf 71' lang='lat' dir='ltr'><strong>sanctorum,</strong></span> <span class='ocrx_word' id='word_1_366' title='bbox 1036 4076 1092 4127; x_wconf 88' lang='lat' dir='ltr'><strong>et</strong></span> <span class='ocrx_word' id='word_1_367' title='bbox 1135 4089 1308 4144; x_wconf 80' lang='lat' dir='ltr'><strong>quare</strong></span> <span class='ocrx_word' id='word_1_368' title='bbox 1337 4074 1521 4130; x_wconf 81' lang='lat' dir='ltr'><strong>omnis</strong></span> <span class='ocrx_word' id='word_1_369' title='bbox 1571 4075 1714 4146; x_wconf 84' lang='lat' dir='ltr'><strong>lapis</strong></span> 
     </span>
    </p>
   </div>
   <div class='ocr_carea' id='block_1_56' title="bbox 245 4137 1639 4216">
    <p class='ocr_par' dir='ltr' id='par_1_56' title="bbox 245 4137 1639 4216">
     <span class='ocr_line' id='line_1_56' title="bbox 245 4137 1639 4216; baseline 0.007 -26"><span class='ocrx_word' id='word_1_370' title='bbox 245 4137 554 4206; x_wconf 85' lang='lat' dir='ltr'><strong>pretiosus,</strong></span> <span class='ocrx_word' id='word_1_371' title='bbox 579 4143 637 4194; x_wconf 86' lang='lat' dir='ltr'><strong>et</strong></span> <span class='ocrx_word' id='word_1_372' title='bbox 649 4157 856 4196; x_wconf 87' lang='lat' dir='ltr'><strong>aurum</strong></span> <span class='ocrx_word' id='word_1_373' title='bbox 883 4144 961 4197; x_wconf 86' lang='lat' dir='ltr'><strong>sit</strong></span> <span class='ocrx_word' id='word_1_374' title='bbox 981 4137 1173 4200; x_wconf 81' lang='lat' dir='ltr'><strong>eorum</strong></span> <span class='ocrx_word' id='word_1_375' title='bbox 1203 4137 1639 4216; x_wconf 58' lang='lat' dir='ltr'><strong>operimentum:</strong></span> 
     </span>
    </p>
   </div>
   <div class='ocr_carea' id='block_1_57' title="bbox 247 4259 1777 4338">
    <p class='ocr_par' dir='ltr' id='par_1_57' title="bbox 247 4259 1777 4338">
     <span class='ocr_line' id='line_1_57' title="bbox 247 4259 1777 4338; baseline 0.007 -24"><span class='ocrx_word' id='word_1_376' title='bbox 247 4259 374 4315; x_wconf 87' lang='lat' dir='ltr'><strong>Non</strong></span> <span class='ocrx_word' id='word_1_377' title='bbox 406 4261 635 4317; x_wconf 89' lang='lat' dir='ltr'><strong>sordent</strong></span> <span class='ocrx_word' id='word_1_378' title='bbox 675 4264 926 4334; x_wconf 80' lang='lat' dir='ltr'><strong>profecto</strong></span> <span class='ocrx_word' id='word_1_379' title='bbox 967 4268 1082 4337; x_wconf 87' lang='lat'><strong>(80)</strong></span> <span class='ocrx_word' id='word_1_380' title='bbox 1114 4277 1428 4324; x_wconf 88' lang='lat' dir='ltr'><strong>sanctorum</strong></span> <span class='ocrx_word' id='word_1_381' title='bbox 1478 4270 1777 4338; x_wconf 87' lang='lat' dir='ltr'><strong>mausolea,</strong></span> 
     </span>
    </p>
   </div>
   <div class='ocr_carea' id='block_1_58' title="bbox 171 4350 1769 4428">
    <p class='ocr_par' dir='ltr' id='par_1_58' title="bbox 171 4350 1769 4428">
     <span class='ocr_line' id='line_1_58' title="bbox 171 4350 1769 4428; baseline 0.008 -26"><span class='ocrx_word' id='word_1_382' title='bbox 171 4354 230 4402; x_wconf 90' lang='lat' dir='ltr'><strong>ut</strong></span> <span class='ocrx_word' id='word_1_383' title='bbox 259 4350 526 4420; x_wconf 82' lang='lat' dir='ltr'><strong>sepulcra</strong></span> <span class='ocrx_word' id='word_1_384' title='bbox 556 4352 907 4422; x_wconf 83' lang='lat' dir='ltr'><strong>Pharisaica,</strong></span> <span class='ocrx_word' id='word_1_385' title='bbox 945 4358 1090 4426; x_wconf 78' lang='lat' dir='ltr'><strong>foris</strong></span> <span class='ocrx_word' id='word_1_386' title='bbox 1106 4358 1365 4413; x_wconf 85' lang='lat' dir='ltr'><strong>dealbata</strong></span> <span class='ocrx_word' id='word_1_387' title='bbox 1387 4361 1583 4428; x_wconf 85' lang='lat' dir='ltr'><strong>(Malh.</strong></span> <span class='ocrx_word' id='word_1_388' title='bbox 1617 4375 1769 4426; x_wconf 74' lang='lat' dir='ltr'><strong>xxxii,</strong></span> 
     </span>
    </p>
   </div>
   <div class='ocr_carea' id='block_1_59' title="bbox 174 4433 1772 4513">
    <p class='ocr_par' dir='ltr' id='par_1_59' title="bbox 174 4433 1772 4513">
     <span class='ocr_line' id='line_1_59' title="bbox 174 4433 1772 4513; baseline 0.007 -25"><span class='ocrx_word' id='word_1_389' title='bbox 174 4433 296 4497; x_wconf 73' lang='lat'><strong>27),</strong></span> <span class='ocrx_word' id='word_1_390' title='bbox 333 4433 434 4487; x_wconf 88' lang='lat' dir='ltr'><strong>sed</strong></span> <span class='ocrx_word' id='word_1_391' title='bbox 457 4450 582 4488; x_wconf 89' lang='lat' dir='ltr'><strong>eum</strong></span> <span class='ocrx_word' id='word_1_392' title='bbox 616 4435 735 4506; x_wconf 83' lang='lat' dir='ltr'><strong>ipsa</strong></span> <span class='ocrx_word' id='word_1_393' title='bbox 765 4455 980 4511; x_wconf 91' lang='lat' dir='ltr'><strong>quoque</strong></span> <span class='ocrx_word' id='word_1_394' title='bbox 1010 4457 1182 4508; x_wconf 83' lang='lat' dir='ltr'><strong>mors,</strong></span> <span class='ocrx_word' id='word_1_395' title='bbox 1215 4459 1336 4513; x_wconf 70' lang='lat' dir='ltr'><strong>qum</strong></span> <span class='ocrx_word' id='word_1_396' title='bbox 1365 4443 1553 4512; x_wconf 64' lang='lat' dir='ltr'><strong>prima:</strong></span> <span class='ocrx_word' id='word_1_397' title='bbox 1582 4452 1772 4499; x_wconf 83' lang='lat' dir='ltr'><strong>trans-</strong></span> 
     </span>
    </p>
   </div>
   <div class='ocr_carea' id='block_1_60' title="bbox 172 4519 1779 4602">
    <p class='ocr_par' dir='ltr' id='par_1_60' title="bbox 172 4519 1779 4602">
     <span class='ocr_line' id='line_1_60' title="bbox 172 4519 1779 4602; baseline 0.01 -30"><span class='ocrx_word' id='word_1_398' title='bbox 172 4519 486 4591; x_wconf 66' lang='lat' dir='ltr'><strong>gressionis</strong></span> <span class='ocrx_word' id='word_1_399' title='bbox 515 4539 730 4579; x_wconf 89' lang='lat' dir='ltr'><strong>summa</strong></span> <span class='ocrx_word' id='word_1_400' title='bbox 771 4535 824 4580; x_wconf 86' lang='lat' dir='ltr'><strong>et</strong></span> <span class='ocrx_word' id='word_1_401' title='bbox 861 4527 1230 4599; x_wconf 87' lang='lat' dir='ltr'><strong>irreparabilis</strong></span> <span class='ocrx_word' id='word_1_402' title='bbox 1270 4539 1351 4586; x_wconf 89' lang='lat' dir='ltr'><strong>est</strong></span> <span class='ocrx_word' id='word_1_403' title='bbox 1381 4546 1570 4602; x_wconf 77' lang='lat' dir='ltr'><strong>poma,</strong></span> <span class='ocrx_word' id='word_1_404' title='bbox 1613 4531 1669 4586; x_wconf 90' lang='lat' dir='ltr'><strong>in</strong></span> <span class='ocrx_word' id='word_1_405' title='bbox 1698 4533 1779 4588; x_wconf 92' lang='lat' dir='ltr'><strong>eis</strong></span> 
     </span>
    </p>
   </div>
   <div class='ocr_carea' id='block_1_61' title="bbox 171 4606 1774 4692">
    <p class='ocr_par' dir='ltr' id='par_1_61' title="bbox 171 4606 1774 4692">
     <span class='ocr_line' id='line_1_61' title="bbox 171 4606 1774 4692; baseline 0.009 -30"><span class='ocrx_word' id='word_1_406' title='bbox 171 4606 240 4662; x_wconf 85' lang='lat' dir='ltr'><strong>sit</strong></span> <span class='ocrx_word' id='word_1_407' title='bbox 258 4610 512 4681; x_wconf 80' lang='lat' dir='ltr'><strong>pretiosa</strong></span> <span class='ocrx_word' id='word_1_408' title='bbox 532 4613 710 4680; x_wconf 86' lang='lat' dir='ltr'><strong>(Psal.</strong></span> <span class='ocrx_word' id='word_1_409' title='bbox 751 4631 873 4681; x_wconf 86' lang='lat' dir='ltr'><strong>cxv,</strong></span> <span class='ocrx_word' id='word_1_410' title='bbox 907 4617 1018 4688; x_wconf 72' lang='lat'><strong>153),</strong></span> <span class='ocrx_word' id='word_1_411' title='bbox 1071 4618 1250 4673; x_wconf 86' lang='lat' dir='ltr'><strong>vitalis</strong></span> <span class='ocrx_word' id='word_1_412' title='bbox 1296 4627 1348 4674; x_wconf 90' lang='lat' dir='ltr'><strong>et</strong></span> <span class='ocrx_word' id='word_1_413' title='bbox 1391 4621 1673 4692; x_wconf 81' lang='lat' dir='ltr'><strong>gloriosa;</strong></span> <span class='ocrx_word' id='word_1_414' title='bbox 1724 4630 1774 4676; x_wconf 93' lang='lat' dir='ltr'><strong>et</strong></span> 
     </span>
    </p>
   </div>
   <div class='ocr_carea' id='block_1_62' title="bbox 177 4695 1772 4772">
    <p class='ocr_par' dir='ltr' id='par_1_62' title="bbox 177 4695 1772 4772">
     <span class='ocr_line' id='line_1_62' title="bbox 177 4695 1772 4772; baseline 0.009 -24"><span class='ocrx_word' id='word_1_415' title='bbox 177 4711 303 4767; x_wconf 70' lang='lat' dir='ltr'><strong>quae</strong></span> <span class='ocrx_word' id='word_1_416' title='bbox 319 4695 374 4750; x_wconf 90' lang='lat' dir='ltr'><strong>in</strong></span> <span class='ocrx_word' id='word_1_417' title='bbox 405 4698 584 4753; x_wconf 89' lang='lat' dir='ltr'><strong>minus</strong></span> <span class='ocrx_word' id='word_1_418' title='bbox 601 4700 879 4770; x_wconf 83' lang='lat' dir='ltr'><strong>perfectis,</strong></span> <span class='ocrx_word' id='word_1_419' title='bbox 904 4705 1088 4760; x_wconf 87' lang='lat' dir='ltr'><strong>obitus</strong></span> <span class='ocrx_word' id='word_1_420' title='bbox 1112 4724 1127 4772; x_wconf 88' lang='lat'><strong>;</strong></span> <span class='ocrx_word' id='word_1_421' title='bbox 1149 4706 1202 4760; x_wconf 92' lang='lat' dir='ltr'><strong>in</strong></span> <span class='ocrx_word' id='word_1_422' title='bbox 1227 4715 1387 4762; x_wconf 65' lang='lat' dir='ltr'><strong>terra}</strong></span> <span class='ocrx_word' id='word_1_423' title='bbox 1408 4708 1772 4763; x_wconf 82' lang='lat' dir='ltr'><strong>animantibus</strong></span> 
     </span>
    </p>
   </div>
   <div class='ocr_carea' id='block_1_63' title="bbox 173 4783 1774 4866">
    <p class='ocr_par' dir='ltr' id='par_1_63' title="bbox 173 4783 1774 4866">
     <span class='ocr_line' id='line_1_63' title="bbox 173 4783 1774 4866; baseline 0.007 -26"><span class='ocrx_word' id='word_1_424' title='bbox 173 4793 262 4840; x_wconf 87' lang='lat' dir='ltr'><strong>est</strong></span> <span class='ocrx_word' id='word_1_425' title='bbox 293 4783 588 4853; x_wconf 85' lang='lat' dir='ltr'><strong>interitus;</strong></span> <span class='ocrx_word' id='word_1_426' title='bbox 619 4789 674 4844; x_wconf 94' lang='lat' dir='ltr'><strong>in</strong></span> <span class='ocrx_word' id='word_1_427' title='bbox 708 4790 819 4846; x_wconf 89' lang='lat' dir='ltr'><strong>illis</strong></span> <span class='ocrx_word' id='word_1_428' title='bbox 862 4792 932 4847; x_wconf 84' lang='lat' dir='ltr'><strong>sit</strong></span> <span class='ocrx_word' id='word_1_429' title='bbox 981 4794 1284 4850; x_wconf 87' lang='lat' dir='ltr'><strong>transitus:</strong></span> <span class='ocrx_word' id='word_1_430' title='bbox 1325 4804 1381 4850; x_wconf 84' lang='lat' dir='ltr'><strong>et</strong></span> <span class='ocrx_word' id='word_1_431' title='bbox 1411 4812 1532 4866; x_wconf 69' lang='lat' dir='ltr'><strong>qua:</strong></span> <span class='ocrx_word' id='word_1_432' title='bbox 1569 4796 1623 4851; x_wconf 90' lang='lat' dir='ltr'><strong>in</strong></span> <span class='ocrx_word' id='word_1_433' title='bbox 1652 4797 1774 4852; x_wconf 90' lang='lat' dir='ltr'><strong>aliis</strong></span> 
     </span>
    </p>
   </div>
   <div class='ocr_carea' id='block_1_64' title="bbox 171 4875 1772 4954">
    <p class='ocr_par' dir='ltr' id='par_1_64' title="bbox 171 4875 1772 4954">
     <span class='ocr_line' id='line_1_64' title="bbox 171 4875 1772 4954; baseline 0.006 -24"><span class='ocrx_word' id='word_1_434' title='bbox 171 4875 302 4931; x_wconf 65' lang='lat' dir='ltr'><strong>vita:</strong></span> <span class='ocrx_word' id='word_1_435' title='bbox 353 4878 500 4945; x_wconf 81' lang='lat' dir='ltr'><strong>finis,</strong></span> <span class='ocrx_word' id='word_1_436' title='bbox 554 4878 607 4932; x_wconf 91' lang='lat' dir='ltr'><strong>in</strong></span> <span class='ocrx_word' id='word_1_437' title='bbox 653 4879 788 4952; x_wconf 87' lang='lat' dir='ltr'><strong>ipsis</strong></span> <span class='ocrx_word' id='word_1_438' title='bbox 835 4881 1148 4938; x_wconf 87' lang='lat' dir='ltr'><strong>celebretur</strong></span> <span class='ocrx_word' id='word_1_439' title='bbox 1193 4884 1304 4954; x_wconf 81' lang='lat'><strong>(8|)</strong></span> <span class='ocrx_word' id='word_1_440' title='bbox 1354 4885 1586 4940; x_wconf 87' lang='lat' dir='ltr'><strong>natalis:</strong></span> <span class='ocrx_word' id='word_1_441' title='bbox 1639 4886 1772 4941; x_wconf 84' lang='lat' dir='ltr'><strong>nihil</strong></span> 
     </span>
    </p>
   </div>
   <div class='ocr_carea' id='block_1_65' title="bbox 1811 3978 3491 4052">
    <p class='ocr_par' dir='ltr' id='par_1_65' title="bbox 1811 3978 3491 4052">
     <span class='ocr_line' id='line_1_65' title="bbox 1811 3978 3491 4052; baseline 0.006 -18"><span class='ocrx_word' id='word_1_442' title='bbox 1811 3978 1859 4043; x_wconf 89' lang='lat' dir='ltr'>C</span> <span class='ocrx_word' id='word_1_443' title='bbox 1889 3979 2136 4052; x_wconf 81' lang='lat' dir='ltr'><strong>fetidum,</strong></span> <span class='ocrx_word' id='word_1_444' title='bbox 2164 3981 2276 4038; x_wconf 90' lang='lat' dir='ltr'><strong>nihi</strong></span> <span class='ocrx_word' id='word_1_445' title='bbox 2305 3990 2389 4039; x_wconf 88' lang='lat' dir='ltr'><strong>est</strong></span> <span class='ocrx_word' id='word_1_446' title='bbox 2427 3983 2747 4050; x_wconf 85' lang='lat' dir='ltr'><strong>sordidum;</strong></span> <span class='ocrx_word' id='word_1_447' title='bbox 2810 3985 2910 4042; x_wconf 90' lang='lat' dir='ltr'><strong>sed</strong></span> <span class='ocrx_word' id='word_1_448' title='bbox 2957 3985 3148 4042; x_wconf 88' lang='lat' dir='ltr'><strong>omnia</strong></span> <span class='ocrx_word' id='word_1_449' title='bbox 3205 3994 3335 4044; x_wconf 90' lang='lat' dir='ltr'><strong>sunt</strong></span> <span class='ocrx_word' id='word_1_450' title='bbox 3378 3994 3491 4044; x_wconf 90' lang='lat' dir='ltr'><strong>tam</strong></span> 
     </span>
    </p>
   </div>
   <div class='ocr_carea' id='block_1_66' title="bbox 1896 4071 3488 4142">
    <p class='ocr_par' dir='ltr' id='par_1_66' title="bbox 1896 4071 3488 4142">
     <span class='ocr_line' id='line_1_66' title="bbox 1896 4071 3488 4142; baseline 0.005 -17"><span class='ocrx_word' id='word_1_451' title='bbox 1896 4071 2114 4139; x_wconf 87' lang='lat' dir='ltr'><strong>suavia,</strong></span> <span class='ocrx_word' id='word_1_452' title='bbox 2145 4073 2325 4127; x_wconf 88' lang='lat' dir='ltr'><strong>omnia</strong></span> <span class='ocrx_word' id='word_1_453' title='bbox 2352 4081 2462 4128; x_wconf 86' lang='lat' dir='ltr'><strong>tam</strong></span> <span class='ocrx_word' id='word_1_454' title='bbox 2492 4074 2740 4142; x_wconf 87' lang='lat' dir='ltr'><strong>honesta,</strong></span> <span class='ocrx_word' id='word_1_455' title='bbox 2771 4082 2826 4131; x_wconf 89' lang='lat' dir='ltr'><strong>et</strong></span> <span class='ocrx_word' id='word_1_456' title='bbox 2879 4082 3027 4130; x_wconf 86' lang='lat' dir='ltr'><strong>tanta</strong></span> <span class='ocrx_word' id='word_1_457' title='bbox 3071 4075 3255 4132; x_wconf 87' lang='lat' dir='ltr'><strong>divina</strong></span> <span class='ocrx_word' id='word_1_458' title='bbox 3283 4076 3488 4134; x_wconf 87' lang='lat' dir='ltr'><strong>virtute</strong></span> 
     </span>
    </p>
   </div>
   <div class='ocr_carea' id='block_1_67' title="bbox 1893 4160 3486 4230">
    <p class='ocr_par' dir='ltr' id='par_1_67' title="bbox 1893 4160 3486 4230">
     <span class='ocr_line' id='line_1_67' title="bbox 1893 4160 3486 4230; baseline 0.006 -18"><span class='ocrx_word' id='word_1_459' title='bbox 1893 4160 2139 4230; x_wconf 83' lang='lat' dir='ltr'><strong>praedita,</strong></span> <span class='ocrx_word' id='word_1_460' title='bbox 2175 4171 2238 4215; x_wconf 87' lang='lat' dir='ltr'><strong>ut</strong></span> <span class='ocrx_word' id='word_1_461' title='bbox 2264 4162 2442 4217; x_wconf 91' lang='lat' dir='ltr'><strong>omnis</strong></span> <span class='ocrx_word' id='word_1_462' title='bbox 2458 4163 2574 4217; x_wconf 90' lang='lat' dir='ltr'><strong>Deo</strong></span> <span class='ocrx_word' id='word_1_463' title='bbox 2596 4162 2781 4218; x_wconf 91' lang='lat' dir='ltr'><strong>dedita</strong></span> <span class='ocrx_word' id='word_1_464' title='bbox 2810 4163 2865 4218; x_wconf 89' lang='lat' dir='ltr'><strong>in</strong></span> <span class='ocrx_word' id='word_1_465' title='bbox 2880 4178 3016 4220; x_wconf 81' lang='lat' dir='ltr'><strong>voce</strong></span> <span class='ocrx_word' id='word_1_466' title='bbox 3032 4165 3414 4221; x_wconf 88' lang='lat' dir='ltr'><strong>exsultationis</strong></span> <span class='ocrx_word' id='word_1_467' title='bbox 3430 4175 3486 4222; x_wconf 84' lang='lat' dir='ltr'><strong>et</strong></span> 
     </span>
    </p>
   </div>
   <div class='ocr_carea' id='block_1_68' title="bbox 1891 4243 3483 4318">
    <p class='ocr_par' dir='ltr' id='par_1_68' title="bbox 1891 4243 3483 4318">
     <span class='ocr_line' id='line_1_68' title="bbox 1891 4243 3483 4318; baseline 0.005 -20"><span class='ocrx_word' id='word_1_468' title='bbox 1891 4243 2077 4316; x_wconf 69' lang='lat' dir='ltr'><strong>digna:</strong></span> <span class='ocrx_word' id='word_1_469' title='bbox 2098 4243 2475 4300; x_wconf 86' lang='lat' dir='ltr'><strong>admirationis</strong></span> <span class='ocrx_word' id='word_1_470' title='bbox 2524 4247 2647 4313; x_wconf 89' lang='lat' dir='ltr'><strong>jure</strong></span> <span class='ocrx_word' id='word_1_471' title='bbox 2697 4247 2963 4304; x_wconf 84' lang='lat' dir='ltr'><strong>exclamet</strong></span> <span class='ocrx_word' id='word_1_472' title='bbox 3018 4249 3239 4304; x_wconf 88' lang='lat' dir='ltr'><strong>anima:</strong></span> <span class='ocrx_word' id='word_1_473' title='bbox 3303 4250 3483 4318; x_wconf 83' lang='lat' dir='ltr'><strong>Quam</strong></span> 
     </span>
    </p>
   </div>
   <div class='ocr_carea' id='block_1_69' title="bbox 1884 4333 3482 4406">
    <p class='ocr_par' dir='ltr' id='par_1_69' title="bbox 1884 4333 3482 4406">
     <span class='ocr_line' id='line_1_69' title="bbox 1884 4333 3482 4406; baseline 0.006 -20"><span class='ocrx_word' id='word_1_474' title='bbox 1884 4333 2125 4405; x_wconf 85' lang='lat' dir='ltr'><strong>pulchra</strong></span> <span class='ocrx_word' id='word_1_475' title='bbox 2139 4333 2509 4390; x_wconf 82' lang='lat' dir='ltr'><strong>tabernacula</strong></span> <span class='ocrx_word' id='word_1_476' title='bbox 2524 4339 2622 4390; x_wconf 87' lang='lat' dir='ltr'><strong>tua</strong></span> <span class='ocrx_word' id='word_1_477' title='bbox 2635 4377 2648 4401; x_wconf 88' lang='lat'><strong>,</strong></span> <span class='ocrx_word' id='word_1_478' title='bbox 2663 4335 2846 4402; x_wconf 85' lang='lat' dir='ltr'><strong>Jacob,</strong></span> <span class='ocrx_word' id='word_1_479' title='bbox 2862 4341 2917 4392; x_wconf 90' lang='lat' dir='ltr'><strong>et</strong></span> <span class='ocrx_word' id='word_1_480' title='bbox 2933 4339 3181 4394; x_wconf 82' lang='lat' dir='ltr'><strong>tentoria</strong></span> <span class='ocrx_word' id='word_1_481' title='bbox 3194 4342 3315 4406; x_wconf 84' lang='lat' dir='ltr'><strong>tua,</strong></span> <span class='ocrx_word' id='word_1_482' title='bbox 3330 4340 3482 4396; x_wconf 84' lang='lat' dir='ltr'><strong>Isra-</strong></span> 
     </span>
    </p>
   </div>
   <div class='ocr_carea' id='block_1_70' title="bbox 1886 4423 3479 4501">
    <p class='ocr_par' dir='ltr' id='par_1_70' title="bbox 1886 4423 3479 4501">
     <span class='ocr_line' id='line_1_70' title="bbox 1886 4423 3479 4501; baseline 0.006 -25"><span class='ocrx_word' id='word_1_483' title='bbox 1886 4423 1940 4476; x_wconf 90' lang='lat' dir='ltr'><strong>el</strong></span> <span class='ocrx_word' id='word_1_484' title='bbox 1958 4423 1968 4474; x_wconf 74' lang='grc' dir='ltr'>Σ</span> <span class='ocrx_word' id='word_1_485' title='bbox 1984 4425 2047 4477; x_wconf 85' lang='lat' dir='ltr'><strong>ut</strong></span> <span class='ocrx_word' id='word_1_486' title='bbox 2061 4423 2233 4477; x_wconf 83' lang='lat' dir='ltr'><strong>valles</strong></span> <span class='ocrx_word' id='word_1_487' title='bbox 2257 4438 2584 4491; x_wconf 70' lang='lat' dir='ltr'><strong>nemorosae,</strong></span> <span class='ocrx_word' id='word_1_488' title='bbox 2608 4428 2673 4479; x_wconf 87' lang='lat' dir='ltr'><strong>ut</strong></span> <span class='ocrx_word' id='word_1_489' title='bbox 2687 4425 3019 4495; x_wconf 73' lang='lat' dir='ltr'><strong>borliiuxta</strong></span> <span class='ocrx_word' id='word_1_490' title='bbox 3033 4427 3233 4495; x_wconf 84' lang='lat' dir='ltr'><strong>ﬂuvios</strong></span> <span class='ocrx_word' id='word_1_491' title='bbox 3251 4428 3479 4501; x_wconf 82' lang='lat' dir='ltr'><strong>irrigui,</strong></span> 
     </span>
    </p>
   </div>
   <div class='ocr_carea' id='block_1_71' title="bbox 1887 4510 3473 4588">
    <p class='ocr_par' dir='ltr' id='par_1_71' title="bbox 1887 4510 3473 4588">
     <span class='ocr_line' id='line_1_71' title="bbox 1887 4510 3473 4588; baseline 0.007 -25"><span class='ocrx_word' id='word_1_492' title='bbox 1887 4513 1950 4564; x_wconf 89' lang='lat' dir='ltr'><strong>ut</strong></span> <span class='ocrx_word' id='word_1_493' title='bbox 1971 4510 2340 4566; x_wconf 84' lang='lat' dir='ltr'><strong>tabernacula</strong></span> <span class='ocrx_word' id='word_1_494' title='bbox 2357 4511 2623 4584; x_wconf 74' lang='lat' dir='ltr'><strong>quwﬁxit</strong></span> <span class='ocrx_word' id='word_1_495' title='bbox 2643 4514 2915 4569; x_wconf 83' lang='lat' dir='ltr'><strong>Dominus</strong></span> <span class='ocrx_word' id='word_1_496' title='bbox 2945 4515 3137 4584; x_wconf 85' lang='lat' dir='ltr'><strong>(Num.</strong></span> <span class='ocrx_word' id='word_1_497' title='bbox 3166 4533 3316 4583; x_wconf 79' lang='lat' dir='ltr'><strong>xxxv,</strong></span> <span class='ocrx_word' id='word_1_498' title='bbox 3349 4518 3473 4588; x_wconf 79' lang='lat'><strong>56);</strong></span> 
     </span>
    </p>
   </div>
   <div class='ocr_carea' id='block_1_72' title="bbox 1884 4599 3470 4678">
    <p class='ocr_par' dir='ltr' id='par_1_72' title="bbox 1884 4599 3470 4678">
     <span class='ocr_line' id='line_1_72' title="bbox 1884 4599 3470 4678; baseline 0.005 -25"><span class='ocrx_word' id='word_1_499' title='bbox 1884 4606 2080 4654; x_wconf 84' lang='lat' dir='ltr'><strong>etcum</strong></span> <span class='ocrx_word' id='word_1_500' title='bbox 2111 4599 2229 4671; x_wconf 91' lang='lat' dir='ltr'><strong>ipsa</strong></span> <span class='ocrx_word' id='word_1_501' title='bbox 2260 4617 2380 4672; x_wconf 77' lang='lat' dir='ltr'><strong>quae</strong></span> <span class='ocrx_word' id='word_1_502' title='bbox 2400 4601 2464 4656; x_wconf 81' lang='lat' dir='ltr'><strong>in</strong></span> <span class='ocrx_word' id='word_1_503' title='bbox 2492 4602 2771 4672; x_wconf 76' lang='lat' dir='ltr'><strong>quadrum</strong></span> <span class='ocrx_word' id='word_1_504' title='bbox 2798 4604 2981 4676; x_wconf 65' lang='lat' dir='ltr'><strong>posits</strong></span> <span class='ocrx_word' id='word_1_505' title='bbox 3011 4609 3098 4660; x_wconf 86' lang='lat' dir='ltr'><strong>est</strong></span> <span class='ocrx_word' id='word_1_506' title='bbox 3117 4605 3320 4678; x_wconf 86' lang='lat' dir='ltr'><strong>(Apoc.</strong></span> <span class='ocrx_word' id='word_1_507' title='bbox 3359 4621 3470 4672; x_wconf 77' lang='grc' dir='ltr'><strong>χχι,</strong></span> 
     </span>
    </p>
   </div>
   <div class='ocr_carea' id='block_1_73' title="bbox 1883 4686 3469 4766">
    <p class='ocr_par' dir='ltr' id='par_1_73' title="bbox 1883 4686 3469 4766">
     <span class='ocr_line' id='line_1_73' title="bbox 1883 4686 3469 4766; baseline 0.005 -24"><span class='ocrx_word' id='word_1_508' title='bbox 1883 4686 1994 4754; x_wconf 85' lang='grc'>16),</span> <span class='ocrx_word' id='word_1_509' title='bbox 2027 4689 2271 4744; x_wconf 71' lang='lat' dir='ltr'><strong>cwlestis</strong></span> <span class='ocrx_word' id='word_1_510' title='bbox 2293 4691 2439 4761; x_wconf 86' lang='lat' dir='ltr'><strong>regis</strong></span> <span class='ocrx_word' id='word_1_511' title='bbox 2465 4691 2670 4746; x_wconf 87' lang='lat' dir='ltr'><strong>civitas</strong></span> <span class='ocrx_word' id='word_1_512' title='bbox 2691 4691 2882 4766; x_wconf 78' lang='lat' dir='ltr'><strong>(Apoc.</strong></span> <span class='ocrx_word' id='word_1_513' title='bbox 2916 4707 3035 4760; x_wconf 76' lang='lat' dir='ltr'><strong>xxx,</strong></span> <span class='ocrx_word' id='word_1_514' title='bbox 3071 4693 3176 4762; x_wconf 87' lang='lat' dir='ltr'><strong>l6),</strong></span> <span class='ocrx_word' id='word_1_515' title='bbox 3209 4693 3280 4749; x_wconf 89' lang='lat' dir='ltr'><strong>ad</strong></span> <span class='ocrx_word' id='word_1_516' title='bbox 3306 4709 3469 4766; x_wconf 85' lang='lat' dir='ltr'><strong>quam</strong></span> 
     </span>
    </p>
   </div>
   <div class='ocr_carea' id='block_1_74' title="bbox 1881 4777 3465 4854">
    <p class='ocr_par' dir='ltr' id='par_1_74' title="bbox 1881 4777 3465 4854">
     <span class='ocr_line' id='line_1_74' title="bbox 1881 4777 3465 4854; baseline 0.007 -26"><span class='ocrx_word' id='word_1_517' title='bbox 1881 4785 2190 4832; x_wconf 83' lang='lat' dir='ltr'><strong>sanctorum</strong></span> <span class='ocrx_word' id='word_1_518' title='bbox 2218 4777 2408 4834; x_wconf 88' lang='lat' dir='ltr'><strong>attinet</strong></span> <span class='ocrx_word' id='word_1_519' title='bbox 2455 4777 2782 4835; x_wconf 87' lang='lat' dir='ltr'><strong>universitas</strong></span> <span class='ocrx_word' id='word_1_520' title='bbox 2818 4797 2832 4844; x_wconf 92' lang='lat'><strong>;</strong></span> <span class='ocrx_word' id='word_1_521' title='bbox 2864 4795 2987 4837; x_wconf 90' lang='lat' dir='ltr'><strong>cum</strong></span> <span class='ocrx_word' id='word_1_522' title='bbox 3038 4781 3180 4852; x_wconf 88' lang='lat' dir='ltr'><strong>ipsa,</strong></span> <span class='ocrx_word' id='word_1_523' title='bbox 3222 4781 3465 4854; x_wconf 87' lang='lat' dir='ltr'><strong>inquam,</strong></span> 
     </span>
    </p>
   </div>
   <div class='ocr_carea' id='block_1_75' title="bbox 1881 4876 3468 4951">
    <p class='ocr_par' dir='ltr' id='par_1_75' title="bbox 1881 4876 3468 4951">
     <span class='ocr_line' id='line_1_75' title="bbox 1881 4876 3468 4951; baseline 0.004 -21"><span class='ocrx_word' id='word_1_524' title='bbox 1881 4890 2087 4930; x_wconf 87' lang='lat' dir='ltr'><strong>aurum</strong></span> <span class='ocrx_word' id='word_1_525' title='bbox 2121 4876 2399 4932; x_wconf 81' lang='lat' dir='ltr'><strong>mundum</strong></span> <span class='ocrx_word' id='word_1_526' title='bbox 2453 4877 2637 4946; x_wconf 86' lang='lat' dir='ltr'><strong>(ibid.,</strong></span> <span class='ocrx_word' id='word_1_527' title='bbox 2666 4877 2755 4947; x_wconf 87' lang='grc'><strong>18)</strong></span> <span class='ocrx_word' id='word_1_528' title='bbox 2803 4893 2877 4934; x_wconf 81' lang='lat' dir='ltr'><strong>ex</strong></span> <span class='ocrx_word' id='word_1_529' title='bbox 2905 4893 3036 4934; x_wconf 91' lang='lat' dir='ltr'><strong>auro</strong></span> <span class='ocrx_word' id='word_1_530' title='bbox 3093 4886 3149 4935; x_wconf 86' lang='lat' dir='ltr'><strong>et</strong></span> <span class='ocrx_word' id='word_1_531' title='bbox 3192 4878 3468 4951; x_wconf 87' lang='lat' dir='ltr'><strong>lapidibus</strong></span> 
     </span>
    </p>
   </div>
   <div class='ocr_carea' id='block_1_76' title="bbox 172 4968 3466 5059">
    <p class='ocr_par' dir='ltr' id='par_1_76' title="bbox 172 4968 3466 5059">
     <span class='ocr_line' id='line_1_76' title="bbox 172 4968 3466 5059; baseline 0.005 -34"><span class='ocrx_word' id='word_1_532' title='bbox 172 4968 396 5025; x_wconf 90' lang='lat' dir='ltr'><strong>omnino</strong></span> <span class='ocrx_word' id='word_1_533' title='bbox 424 4968 480 5022; x_wconf 90' lang='lat' dir='ltr'><strong>in</strong></span> <span class='ocrx_word' id='word_1_534' title='bbox 509 4983 698 5024; x_wconf 90' lang='lat' dir='ltr'><strong>eorum</strong></span> <span class='ocrx_word' id='word_1_535' title='bbox 738 4970 920 5026; x_wconf 90' lang='lat' dir='ltr'><strong>carnis</strong></span> <span class='ocrx_word' id='word_1_536' title='bbox 949 4972 1314 5044; x_wconf 85' lang='lat' dir='ltr'><strong>corruptione,</strong></span> <span class='ocrx_word' id='word_1_537' title='bbox 1349 4975 1544 5030; x_wconf 87' lang='lat' dir='ltr'><strong>mentis</strong></span> <span class='ocrx_word' id='word_1_538' title='bbox 1596 4975 1770 5031; x_wconf 90' lang='lat' dir='ltr'><strong>oculis</strong></span> <span class='ocrx_word' id='word_1_539' title='bbox 1877 4981 2136 5052; x_wconf 84' lang='lat' dir='ltr'><strong>pretiosis</strong></span> <span class='ocrx_word' id='word_1_540' title='bbox 2166 4990 2365 5038; x_wconf 85' lang='lat' dir='ltr'><strong>stratas</strong></span> <span class='ocrx_word' id='word_1_541' title='bbox 2421 4983 2622 5040; x_wconf 86' lang='lat' dir='ltr'><strong>habeat</strong></span> <span class='ocrx_word' id='word_1_542' title='bbox 2669 4983 2900 5057; x_wconf 82' lang='lat' dir='ltr'><strong>plateas,</strong></span> <span class='ocrx_word' id='word_1_543' title='bbox 2945 4984 3002 5042; x_wconf 77' lang='lat' dir='ltr'><strong>in</strong></span> <span class='ocrx_word' id='word_1_544' title='bbox 3043 4985 3240 5059; x_wconf 87' lang='lat' dir='ltr'><strong>quibus</strong></span> <span class='ocrx_word' id='word_1_545' title='bbox 3264 4993 3466 5043; x_wconf 68' lang='lat' dir='ltr'><strong>aeterna</strong></span> 
     </span>
    </p>
   </div>
   <div class='ocr_carea' id='block_1_77' title="bbox 243 5146 1768 5220">
    <p class='ocr_par' dir='ltr' id='par_1_77' title="bbox 243 5146 1768 5220">
     <span class='ocr_line' id='line_1_77' title="bbox 243 5146 1768 5220; baseline 0.006 -20"><span class='ocrx_word' id='word_1_546' title='bbox 243 5146 357 5218; x_wconf 87' lang='lat'><strong>(80)</strong></span> <span class='ocrx_word' id='word_1_547' title='bbox 381 5147 722 5220; x_wconf 72' lang='lat' dir='ltr'><strong>Sanctorum</strong></span> <span class='ocrx_word' id='word_1_548' title='bbox 777 5150 1087 5205; x_wconf 82' lang='lat' dir='ltr'><strong>mausolea.</strong></span> <span class='ocrx_word' id='word_1_549' title='bbox 1129 5151 1391 5220; x_wconf 82' lang='lat' dir='ltr'><strong>Majorum</strong></span> <span class='ocrx_word' id='word_1_550' title='bbox 1449 5161 1768 5209; x_wconf 86' lang='lat' dir='ltr'><strong>nostrorum</strong></span> 
     </span>
    </p>
   </div>
   <div class='ocr_carea' id='block_1_78' title="bbox 175 5217 3238 5302">
    <p class='ocr_par' dir='ltr' id='par_1_78' title="bbox 175 5217 3238 5302">
     <span class='ocr_line' id='line_1_78' title="bbox 175 5217 3238 5302; baseline 0.007 -31"><span class='ocrx_word' id='word_1_551' title='bbox 175 5217 376 5302; x_wconf 81' lang='lat' dir='ltr'><strong>quanto</strong></span> <span class='ocrx_word' id='word_1_552' title='bbox 404 5219 584 5298; x_wconf 74' lang='lat' dir='ltr'><strong>major</strong></span> <span class='ocrx_word' id='word_1_553' title='bbox 603 5217 709 5302; x_wconf 61' lang='lat' dir='ltr'><strong>iuit</strong></span> <span class='ocrx_word' id='word_1_554' title='bbox 731 5219 995 5302; x_wconf 47' lang='lat' dir='ltr'><strong>pietasﬂet</strong></span> <span class='ocrx_word' id='word_1_555' title='bbox 1025 5217 1238 5302; x_wconf 77' lang='lat' dir='ltr'><strong>religio,</strong></span> <span class='ocrx_word' id='word_1_556' title='bbox 1280 5231 1431 5302; x_wconf 77' lang='lat' dir='ltr'><strong>tanto</strong></span> <span class='ocrx_word' id='word_1_557' title='bbox 1470 5224 1764 5302; x_wconf 72' lang='lat' dir='ltr'><strong>in_orna_n-</strong></span> <span class='ocrx_word' id='word_1_558' title='bbox 1875 5233 2249 5302; x_wconf 86' lang='lat' dir='ltr'><strong>antiquorum,</strong></span> <span class='ocrx_word' id='word_1_559' title='bbox 2282 5217 2538 5288; x_wconf 49' lang='lat' dir='ltr'><strong>natalitiis</strong></span> <span class='ocrx_word' id='word_1_560' title='bbox 2556 5217 2679 5290; x_wconf 73' lang='lat' dir='ltr'><strong>suisr</strong></span> <span class='ocrx_word' id='word_1_561' title='bbox 2698 5217 3238 5292; x_wconf 50' lang='lat' dir='ltr'><strong>die&#39;buaJIartialis:</strong></span> 
     </span>
    </p>
   </div>
   <div class='ocr_carea' id='block_1_79' title="bbox 171 5288 2884 5369">
    <p class='ocr_par' dir='ltr' id='par_1_79' title="bbox 171 5288 2884 5369">
     <span class='ocr_line' id='line_1_79' title="bbox 171 5288 2884 5369; baseline 0.007 -28"><span class='ocrx_word' id='word_1_562' title='bbox 171 5288 272 5369; x_wconf 78' lang='lat' dir='ltr'><strong>das</strong></span> <span class='ocrx_word' id='word_1_563' title='bbox 303 5298 355 5343; x_wconf 88' lang='lat' dir='ltr'><strong>et</strong></span> <span class='ocrx_word' id='word_1_564' title='bbox 401 5289 708 5369; x_wconf 44' lang='lat' dir='ltr'><strong>exquisitis.</strong></span> <span class='ocrx_word' id='word_1_565' title='bbox 731 5290 1032 5369; x_wconf 73' lang='lat' dir='ltr'><strong>honoribus</strong></span> <span class='ocrx_word' id='word_1_566' title='bbox 1075 5288 1444 5369; x_wconf 68' lang='lat' dir='ltr'><strong>honestandas</strong></span> <span class='ocrx_word' id='word_1_567' title='bbox 1491 5296 1585 5351; x_wconf 90' lang='lat' dir='ltr'><strong>SS.</strong></span> <span class='ocrx_word' id='word_1_568' title='bbox 1621 5298 1756 5369; x_wconf 82' lang='lat' dir='ltr'><strong>reli-</strong></span> <span class='ocrx_word' id='word_1_569' title='bbox 1786 5343 1836 5369; x_wconf 69' lang='grc' dir='ltr'>η</span> <span class='ocrx_word' id='word_1_570' title='bbox 1941 5288 2172 5359; x_wconf 65' lang='lat' dir='ltr'><strong>Natales</strong></span> <span class='ocrx_word' id='word_1_571' title='bbox 2200 5288 2343 5359; x_wconf 74' lang='lat' dir='ltr'><strong>mihi</strong></span> <span class='ocrx_word' id='word_1_572' title='bbox 2365 5288 2884 5362; x_wconf 29' lang='lat' dir='ltr'><strong>blartire&#39;Kaleu—dai.</strong></span> 
     </span>
    </p>
   </div>
   <div class='ocr_carea' id='block_1_80' title="bbox 176 5343 2989 5498">
    <p class='ocr_par' dir='ltr' id='par_1_80' title="bbox 176 5343 2989 5498">
     <span class='ocr_line' id='line_1_80' title="bbox 176 5343 2989 5498; baseline 0.006 -86"><span class='ocrx_word' id='word_1_573' title='bbox 176 5359 351 5430; x_wconf 89' lang='lat' dir='ltr'><strong>quias,</strong></span> <span class='ocrx_word' id='word_1_574' title='bbox 385 5343 659 5429; x_wconf 57' lang='lat' dir='ltr'><strong>profusior</strong></span> <span class='ocrx_word' id='word_1_575' title='bbox 688 5343 789 5414; x_wconf 82' lang='lat' dir='ltr'><strong>fuit</strong></span> <span class='ocrx_word' id='word_1_576' title='bbox 815 5343 1430 5420; x_wconf 32' lang='lat' dir='ltr'><strong>liberalitasfllin—dilla</strong></span> <span class='ocrx_word' id='word_1_577' title='bbox 1461 5343 1755 5436; x_wconf 51' lang='lat' dir='ltr'><strong>maiisolea,</strong></span> <span class='ocrx_word' id='word_1_578' title='bbox 1786 5343 1836 5402; x_wconf 73' lang='grc' dir='ltr'>Π</span> 
     </span>
     <span class='ocr_line' id='line_1_81' title="bbox 176 5429 2989 5498; baseline 0.005 -15"><span class='ocrx_word' id='word_1_579' title='bbox 176 5446 292 5498; x_wconf 70' lang='lat' dir='ltr'><strong>quae</strong></span> <span class='ocrx_word' id='word_1_580' title='bbox 331 5429 602 5498; x_wconf 81' lang='lat' dir='ltr'><strong>hodieque</strong></span> <span class='ocrx_word' id='word_1_581' title='bbox 631 5430 860 5498; x_wconf 88' lang='lat' dir='ltr'><strong>plurima</strong></span> <span class='ocrx_word' id='word_1_582' title='bbox 906 5434 1174 5498; x_wconf 86' lang='lat' dir='ltr'><strong>visuntur,</strong></span> <span class='ocrx_word' id='word_1_583' title='bbox 1215 5445 1522 5491; x_wconf 89' lang='lat' dir='ltr'><strong>sanctorum</strong></span> <span class='ocrx_word' id='word_1_584' title='bbox 1553 5453 1757 5498; x_wconf 86' lang='lat' dir='ltr'><strong>c0rpo-</strong></span> <span class='ocrx_word' id='word_1_585' title='bbox 1869 5443 1976 5498; x_wconf 82' lang='lat' dir='ltr'><strong>cur</strong></span> <span class='ocrx_word' id='word_1_586' title='bbox 2003 5446 2075 5498; x_wconf 77' lang='lat' dir='ltr'><strong>ita</strong></span> <span class='ocrx_word' id='word_1_587' title='bbox 2151 5445 2290 5498; x_wconf 78' lang='lat' dir='ltr'><strong>Ouia</strong></span> <span class='ocrx_word' id='word_1_588' title='bbox 2321 5462 2385 5498; x_wconf 85' lang='lat' dir='ltr'><strong>eo</strong></span> <span class='ocrx_word' id='word_1_589' title='bbox 2404 5447 2494 5498; x_wconf 83' lang='lat' dir='ltr'><strong>die</strong></span> <span class='ocrx_word' id='word_1_590' title='bbox 2509 5456 2664 5498; x_wconf 82' lang='lat' dir='ltr'><strong>natus</strong></span> <span class='ocrx_word' id='word_1_591' title='bbox 2693 5448 2944 5498; x_wconf 79' lang='lat' dir='ltr'><strong>hamulus</strong></span> <span class='ocrx_word' id='word_1_592' title='bbox 2973 5464 2989 5498; x_wconf 72' lang='grc' dir='ltr'><strong><em>ε</em></strong></span> 
     </span>
    </p>
   </div>
   <div class='ocr_carea' id='block_1_81' title="bbox 176 5429 3456 5525">
    <p class='ocr_par' dir='ltr' id='par_1_81' title="bbox 176 5429 3456 5525">
     <span class='ocr_line' id='line_1_82' title="bbox 176 5429 3456 5525; baseline 0.008 -42"><span class='ocrx_word' id='word_1_593' title='bbox 176 5429 292 5500; x_wconf 70' lang='lat' dir='ltr'><strong>quae</strong></span> <span class='ocrx_word' id='word_1_594' title='bbox 331 5429 602 5525; x_wconf 81' lang='lat' dir='ltr'><strong>hodieque</strong></span> <span class='ocrx_word' id='word_1_595' title='bbox 631 5430 860 5525; x_wconf 55' lang='lat' dir='ltr'><strong>plurima</strong></span> <span class='ocrx_word' id='word_1_596' title='bbox 903 5434 1174 5525; x_wconf 67' lang='lat' dir='ltr'><strong>visuntur,</strong></span> <span class='ocrx_word' id='word_1_597' title='bbox 1215 5445 1522 5525; x_wconf 78' lang='lat' dir='ltr'><strong>sanctorum</strong></span> <span class='ocrx_word' id='word_1_598' title='bbox 1553 5429 1757 5525; x_wconf 50' lang='lat' dir='ltr'><strong>corpo;</strong></span> <span class='ocrx_word' id='word_1_599' title='bbox 1869 5443 1976 5525; x_wconf 70' lang='grc' dir='ltr'><strong><em>ςιιι·</em></strong></span> <span class='ocrx_word' id='word_1_600' title='bbox 2003 5446 2075 5499; x_wconf 90' lang='lat' dir='ltr'><strong>ita</strong></span> <span class='ocrx_word' id='word_1_601' title='bbox 2094 5429 2131 5525; x_wconf 53' lang='grc' dir='ltr'>ξ</span> <span class='ocrx_word' id='word_1_602' title='bbox 2151 5429 2292 5514; x_wconf 80' lang='lat' dir='ltr'><strong>Quia</strong></span> <span class='ocrx_word' id='word_1_603' title='bbox 2311 5429 2385 5525; x_wconf 58' lang='lat' dir='ltr'><strong>&#39;elp</strong></span> <span class='ocrx_word' id='word_1_604' title='bbox 2404 5429 3004 5525; x_wconf 44' lang='lat' dir='ltr'><strong>di’eiigiidéﬁiiiﬁuiiis&#39;e</strong></span> <span class='ocrx_word' id='word_1_605' title='bbox 3028 5449 3142 5505; x_wconf 90' lang='lat' dir='ltr'><strong>luto</strong></span> <span class='ocrx_word' id='word_1_606' title='bbox 3172 5458 3228 5507; x_wconf 89' lang='lat' dir='ltr'><strong>et</strong></span> <span class='ocrx_word' id='word_1_607' title='bbox 3257 5451 3456 5525; x_wconf 76' lang='lat' dir='ltr'><strong>argilla</strong></span> 
     </span>
    </p>
   </div>
   <div class='ocr_carea' id='block_1_82' title="bbox 176 5501 3454 5596">
    <p class='ocr_par' dir='ltr' id='par_1_82' title="bbox 176 5501 3454 5596">
     <span class='ocr_line' id='line_1_83' title="bbox 176 5501 3454 5596; baseline 0.009 -43"><span class='ocrx_word' id='word_1_608' title='bbox 176 5515 295 5596; x_wconf 45' lang='lat' dir='ltr'><strong>nim</strong></span> <span class='ocrx_word' id='word_1_609' title='bbox 347 5501 716 5596; x_wconf 69' lang='lat' dir='ltr'><strong>receptacula.</strong></span> <span class='ocrx_word' id='word_1_610' title='bbox 775 5503 1010 5596; x_wconf 65' lang='lat' dir='ltr'><strong>Plurima</strong></span> <span class='ocrx_word' id='word_1_611' title='bbox 1040 5506 1180 5596; x_wconf 65' lang='grc' dir='ltr'><strong>ιθοις)</strong></span> <span class='ocrx_word' id='word_1_612' title='bbox 1235 5501 1758 5596; x_wconf 36' lang='grc' dir='ltr'><strong><em>ωᾳιιιιτιιιιξηδιὶῃιθ</em></strong></span> <span class='ocrx_word' id='word_1_613' title='bbox 1866 5515 2048 5596; x_wconf 73' lang='lat' dir='ltr'><strong>fictus.</strong></span> <span class='ocrx_word' id='word_1_614' title='bbox 2090 5501 2308 5596; x_wconf 61' lang='lat' dir='ltr'><strong>Quanto</strong></span> <span class='ocrx_word' id='word_1_615' title='bbox 2335 5501 3135 5596; x_wconf 26' lang='lat' dir='ltr'><strong>formosiorduigillaﬁaeteina,</strong></span> <span class='ocrx_word' id='word_1_616' title='bbox 3176 5501 3454 5596; x_wconf 52' lang='lat' dir='ltr'><strong>ﬁci&#39;ﬁiéi</strong></span> 
     </span>
    </p>
   </div>
   <div class='ocr_carea' id='block_1_83' title="bbox 177 5571 3454 5666">
    <p class='ocr_par' dir='ltr' id='par_1_83' title="bbox 177 5571 3454 5666">
     <span class='ocr_line' id='line_1_84' title="bbox 177 5571 3454 5666; baseline 0.009 -41"><span class='ocrx_word' id='word_1_617' title='bbox 177 5571 312 5626; x_wconf 79' lang='lat' dir='ltr'><strong>adeo</strong></span> <span class='ocrx_word' id='word_1_618' title='bbox 360 5572 503 5654; x_wconf 77' lang='lat' dir='ltr'><strong>intra</strong></span> <span class='ocrx_word' id='word_1_619' title='bbox 545 5571 667 5666; x_wconf 74' lang='lat' dir='ltr'><strong>solo</strong></span> <span class='ocrx_word' id='word_1_620' title='bbox 719 5583 984 5666; x_wconf 68' lang='lat' dir='ltr'><strong>aruerunt</strong></span> <span class='ocrx_word' id='word_1_621' title='bbox 1040 5571 1393 5658; x_wconf 39' lang='lat' dir='ltr'><strong>hagiomaétii.</strong></span> <span class='ocrx_word' id='word_1_622' title='bbox 1426 5571 1755 5666; x_wconf 70' lang='lat' dir='ltr'><strong>Calvinisiae,</strong></span> <span class='ocrx_word' id='word_1_623' title='bbox 1874 5587 2016 5640; x_wconf 81' lang='lat' dir='ltr'><strong>tiosa</strong></span> <span class='ocrx_word' id='word_1_624' title='bbox 2055 5571 2137 5666; x_wconf 37' lang='lat' dir='ltr'><strong>eslwt</strong></span> <span class='ocrx_word' id='word_1_625' title='bbox 2182 5591 2245 5644; x_wconf 82' lang='lat' dir='ltr'><strong>in</strong></span> <span class='ocrx_word' id='word_1_626' title='bbox 2294 5571 2878 5666; x_wconf 44' lang='lat' dir='ltr'><strong>conspectu—Domini,</strong></span> <span class='ocrx_word' id='word_1_627' title='bbox 2911 5571 3454 5666; x_wconf 42' lang='lat' dir='ltr'><strong>iiii—ﬁaiﬁiéis,</strong></span> 
     </span>
    </p>
   </div>
   <div class='ocr_carea' id='block_1_84' title="bbox 177 5643 3450 5736">
    <p class='ocr_par' dir='ltr' id='par_1_84' title="bbox 177 5643 3450 5736">
     <span class='ocr_line' id='line_1_85' title="bbox 177 5643 3450 5736; baseline 0.008 -41"><span class='ocrx_word' id='word_1_628' title='bbox 177 5656 284 5696; x_wconf 89' lang='lat' dir='ltr'><strong>non</strong></span> <span class='ocrx_word' id='word_1_629' title='bbox 312 5643 487 5716; x_wconf 84' lang='lat' dir='ltr'><strong>magis</strong></span> <span class='ocrx_word' id='word_1_630' title='bbox 515 5651 826 5699; x_wconf 79' lang='lat' dir='ltr'><strong>sanctorum</strong></span> <span class='ocrx_word' id='word_1_631' title='bbox 875 5646 1021 5714; x_wconf 87' lang='lat' dir='ltr'><strong>odio,</strong></span> <span class='ocrx_word' id='word_1_632' title='bbox 1073 5643 1233 5719; x_wconf 75' lang='lat' dir='ltr'><strong>quam</strong></span> <span class='ocrx_word' id='word_1_633' title='bbox 1283 5649 1396 5702; x_wconf 87' lang='lat' dir='ltr'><strong>auri</strong></span> <span class='ocrx_word' id='word_1_634' title='bbox 1443 5643 1759 5724; x_wconf 83' lang='lat' dir='ltr'><strong>argentique</strong></span> <span class='ocrx_word' id='word_1_635' title='bbox 1868 5643 2666 5736; x_wconf 58' lang='lat' dir='ltr'><strong>qua:_r_1__vitasan—ctorilmeius</strong></span> 
     </span>
    </p>
   </div>
   <div class='ocr_carea' id='block_1_85' title="bbox 180 5727 3462 5803">
    <p class='ocr_par' dir='ltr' id='par_1_85' title="bbox 180 5727 3462 5803">
     <span class='ocr_line' id='line_1_86' title="bbox 180 5727 3462 5803; baseline 0.008 -35"><span class='ocrx_word' id='word_1_636' title='bbox 180 5727 435 5803; x_wconf 57' lang='lat' dir='ltr'><strong>amore.&quot;</strong></span> <span class='ocrx_word' id='word_1_637' title='bbox 479 5788 493 5803; x_wconf 47' lang='lat'>‘</span> <span class='ocrx_word' id='word_1_638' title='bbox 544 5785 578 5803; x_wconf 53' lang='grc' dir='ltr'><strong>ν</strong></span> <span class='ocrx_word' id='word_1_639' title='bbox 674 5785 725 5803; x_wconf 52' lang='grc' dir='ltr'><em>Ν</em></span> <span class='ocrx_word' id='word_1_640' title='bbox 799 5786 834 5803; x_wconf 52' lang='grc' dir='ltr'><strong>ν</strong></span> <span class='ocrx_word' id='word_1_641' title='bbox 1011 5788 1024 5803; x_wconf 36' lang='grc'>⁸</span> <span class='ocrx_word' id='word_1_642' title='bbox 1051 5787 1082 5803; x_wconf 36' lang='grc' dir='ltr'>η</span> <span class='ocrx_word' id='word_1_643' title='bbox 1340 5797 1349 5803; x_wconf 25' lang='grc' dir='ltr'><strong>Δ</strong></span> <span class='ocrx_word' id='word_1_644' title='bbox 1747 5801 1753 5803; x_wconf 89' lang='lat'>_</span> <span class='ocrx_word' id='word_1_645' title='bbox 1873 5727 1962 5803; x_wconf 70' lang='lat' dir='ltr'><strong>lux</strong></span> <span class='ocrx_word' id='word_1_646' title='bbox 1992 5728 2135 5783; x_wconf 91' lang='lat' dir='ltr'><strong>illius</strong></span> <span class='ocrx_word' id='word_1_647' title='bbox 2158 5731 2410 5803; x_wconf 87' lang='lat' dir='ltr'><strong>civitatis,</strong></span> <span class='ocrx_word' id='word_1_648' title='bbox 2455 5747 2614 5803; x_wconf 91' lang='lat' dir='ltr'><strong>quam</strong></span> <span class='ocrx_word' id='word_1_649' title='bbox 2658 5727 2878 5788; x_wconf 73' lang='lat' dir='ltr'><strong>claritas</strong></span> <span class='ocrx_word' id='word_1_650' title='bbox 2915 5733 3016 5788; x_wconf 92' lang='lat' dir='ltr'><strong>Dei</strong></span> <span class='ocrx_word' id='word_1_651' title='bbox 3061 5727 3348 5802; x_wconf 76' lang='lat' dir='ltr'><strong>illuminat,</strong></span> <span class='ocrx_word' id='word_1_652' title='bbox 3401 5727 3462 5794; x_wconf 71' lang='lat' dir='ltr'><strong>et</strong></span> 
     </span>
    </p>
   </div>
   <div class='ocr_carea' id='block_1_86' title="bbox 1873 5797 3460 5879">
    <p class='ocr_par' dir='ltr' id='par_1_86' title="bbox 1873 5797 3460 5879">
     <span class='ocr_line' id='line_1_87' title="bbox 1873 5797 3460 5879; baseline 0.007 -26"><span class='ocrx_word' id='word_1_653' title='bbox 1873 5797 2263 5879; x_wconf 39' lang='lat' dir='ltr'><strong>lucerna-ejus</strong></span> <span class='ocrx_word' id='word_1_654' title='bbox 2309 5797 2403 5879; x_wconf 72' lang='lat' dir='ltr'><strong>est</strong></span> <span class='ocrx_word' id='word_1_655' title='bbox 2437 5797 2630 5879; x_wconf 63' lang='lat' dir='ltr'><strong>A&#39;gnus</strong></span> <span class='ocrx_word' id='word_1_656' title='bbox 2653 5805 2666 5879; x_wconf 63' lang='grc' dir='ltr'>ζ</span> <span class='ocrx_word' id='word_1_657' title='bbox 2693 5805 3071 5879; x_wconf 65' lang='lat' dir='ltr'><strong>_(Apoc._1_u_u,</strong></span> <span class='ocrx_word' id='word_1_658' title='bbox 3096 5807 3213 5879; x_wconf 65' lang='grc'><strong>23.)</strong></span> <span class='ocrx_word' id='word_1_659' title='bbox 3267 5797 3460 5879; x_wconf 80' lang='lat' dir='ltr'><strong>Itaque</strong></span> 
     </span>
    </p>
   </div>
   <div class='ocr_carea' id='block_1_87' title="bbox 1871 5869 3460 5997">
    <p class='ocr_par' dir='ltr' id='par_1_87' title="bbox 1871 5869 3460 5997">
     <span class='ocr_line' id='line_1_88' title="bbox 1871 5869 3460 5947; baseline 0.008 -25"><span class='ocrx_word' id='word_1_660' title='bbox 1871 5869 2140 5936; x_wconf 88' lang='lat' dir='ltr'><strong>ejusmodi</strong></span> <span class='ocrx_word' id='word_1_661' title='bbox 2176 5869 2422 5945; x_wconf 86' lang='lat' dir='ltr'><strong>Natalis,</strong></span> <span class='ocrx_word' id='word_1_662' title='bbox 2455 5869 2602 5947; x_wconf 73' lang='lat' dir='ltr'><strong>quod</strong></span> <span class='ocrx_word' id='word_1_663' title='bbox 2653 5869 2743 5931; x_wconf 80' lang='lat' dir='ltr'><strong>hic</strong></span> <span class='ocrx_word' id='word_1_664' title='bbox 2783 5869 2865 5931; x_wconf 73' lang='lat' dir='ltr'><strong>&#39;ait</strong></span> <span class='ocrx_word' id='word_1_665' title='bbox 2909 5869 3218 5934; x_wconf 78' lang='lat' dir='ltr'><strong>Thiofridus</strong></span> <span class='ocrx_word' id='word_1_666' title='bbox 3256 5869 3460 5936; x_wconf 67' lang='lat' dir='ltr'><strong>merito</strong></span> 
     </span>
     <span class='ocr_line' id='line_1_89' title="bbox 1873 5941 2882 5997; baseline 0.004 -1"><span class='ocrx_word' id='word_1_667' title='bbox 1873 5941 2214 5997; x_wconf 80' lang='lat' dir='ltr'><strong>celebratur.</strong></span> <span class='ocrx_word' id='word_1_668' title='bbox 2873 5959 2882 5976; x_wconf 89' lang='lat'><strong><em>&#39;</em></strong></span> 
     </span>
    </p>
   </div>
   <div class='ocr_carea' id='block_1_88' title="bbox 1873 5956 2882 5999">
    <p class='ocr_par' dir='ltr' id='par_1_88' title="bbox 1873 5956 2882 5999">
     <span class='ocr_line' id='line_1_90' title="bbox 1873 5956 2882 5999; baseline 0.006 -3"><span class='ocrx_word' id='word_1_669' title='bbox 1873 5956 1933 5997; x_wconf 87' lang='lat' dir='ltr'><strong>ce</strong></span> <span class='ocrx_word' id='word_1_670' title='bbox 1940 5956 2214 5999; x_wconf 69' lang='lat' dir='ltr'><strong>moratur.</strong></span> <span class='ocrx_word' id='word_1_671' title='bbox 2873 5959 2882 5976; x_wconf 93' lang='lat'><strong><em>&#39;</em></strong></span> 
     </span>
    </p>
   </div>
   <div class='ocr_carea' id='block_1_89' title="bbox 1875 5159 3456 5236">
    <p class='ocr_par' dir='ltr' id='par_1_89' title="bbox 1875 5159 3456 5236">
     <span class='ocr_line' id='line_1_91' title="bbox 1875 5159 3456 5236; baseline 0.004 -20"><span class='ocrx_word' id='word_1_672' title='bbox 1875 5159 1994 5236; x_wconf 79' lang='lat' dir='ltr'><strong>cius</strong></span> <span class='ocrx_word' id='word_1_673' title='bbox 2034 5161 2172 5216; x_wconf 88' lang='lat' dir='ltr'><strong>nati.</strong></span> <span class='ocrx_word' id='word_1_674' title='bbox 2236 5162 2444 5236; x_wconf 74' lang='lat' dir='ltr'><strong>Magna</strong></span> <span class='ocrx_word' id='word_1_675' title='bbox 2476 5171 2600 5236; x_wconf 76' lang='lat' dir='ltr'><strong>erat</strong></span> <span class='ocrx_word' id='word_1_676' title='bbox 2629 5176 2852 5236; x_wconf 83' lang='lat' dir='ltr'><strong>pompa</strong></span> <span class='ocrx_word' id='word_1_677' title='bbox 2922 5170 2976 5219; x_wconf 75' lang='lat' dir='ltr'><strong>et</strong></span> <span class='ocrx_word' id='word_1_678' title='bbox 3031 5163 3197 5236; x_wconf 85' lang='lat' dir='ltr'><strong>multa</strong></span> <span class='ocrx_word' id='word_1_679' title='bbox 3244 5165 3456 5224; x_wconf 86' lang='lat' dir='ltr'><strong>vanitas</strong></span> 
     </span>
    </p>
   </div>
   <div class='ocr_carea' id='block_1_90' title="bbox 247 5785 1762 5853">
    <p class='ocr_par' dir='ltr' id='par_1_90' title="bbox 247 5785 1762 5853">
     <span class='ocr_line' id='line_1_92' title="bbox 247 5785 1762 5853; baseline 0.005 -13"><span class='ocrx_word' id='word_1_680' title='bbox 247 5785 356 5853; x_wconf 83' lang='grc'>(81)</span> <span class='ocrx_word' id='word_1_681' title='bbox 386 5785 633 5840; x_wconf 84' lang='lat' dir='ltr'><strong>Natalis.</strong></span> <span class='ocrx_word' id='word_1_682' title='bbox 673 5785 764 5841; x_wconf 90' lang='lat' dir='ltr'><strong>Sic</strong></span> <span class='ocrx_word' id='word_1_683' title='bbox 783 5786 929 5841; x_wconf 90' lang='lat' dir='ltr'><strong>diem</strong></span> <span class='ocrx_word' id='word_1_684' title='bbox 975 5787 1154 5843; x_wconf 89' lang='lat' dir='ltr'><strong>obitus</strong></span> <span class='ocrx_word' id='word_1_685' title='bbox 1199 5797 1514 5847; x_wconf 89' lang='lat' dir='ltr'><strong>sanctorum</strong></span> <span class='ocrx_word' id='word_1_686' title='bbox 1567 5801 1762 5848; x_wconf 89' lang='lat' dir='ltr'><strong>vocant</strong></span> 
     </span>
    </p>
   </div>
   <div class='ocr_carea' id='block_1_91' title="bbox 175 5856 1760 5935">
    <p class='ocr_par' dir='ltr' id='par_1_91' title="bbox 175 5856 1760 5935">
     <span class='ocr_line' id='line_1_93' title="bbox 175 5856 1760 5935; baseline 0.008 -29"><span class='ocrx_word' id='word_1_687' title='bbox 175 5858 396 5935; x_wconf 69' lang='lat' dir='ltr'><strong>antiqua</strong></span> <span class='ocrx_word' id='word_1_688' title='bbox 425 5856 690 5935; x_wconf 65' lang='lat' dir='ltr'><strong>Ecclesiae</strong></span> <span class='ocrx_word' id='word_1_689' title='bbox 712 5857 1122 5935; x_wconf 80' lang='lat' dir='ltr'><strong>Martyrologia,</strong></span> <span class='ocrx_word' id='word_1_690' title='bbox 1145 5875 1212 5916; x_wconf 89' lang='lat' dir='ltr'><strong>eo</strong></span> <span class='ocrx_word' id='word_1_691' title='bbox 1241 5862 1385 5935; x_wconf 81' lang='lat' dir='ltr'><strong>haud</strong></span> <span class='ocrx_word' id='word_1_692' title='bbox 1405 5862 1590 5935; x_wconf 80' lang='lat' dir='ltr'><strong>dubie,</strong></span> <span class='ocrx_word' id='word_1_693' title='bbox 1615 5865 1760 5935; x_wconf 87' lang='lat' dir='ltr'><strong>quod</strong></span> 
     </span>
    </p>
   </div>
   <div class='ocr_carea' id='block_1_92' title="bbox 180 5924 1760 5994">
    <p class='ocr_par' dir='ltr' id='par_1_92' title="bbox 180 5924 1760 5994">
     <span class='ocr_line' id='line_1_94' title="bbox 180 5924 1760 5994; baseline 0.009 -18"><span class='ocrx_word' id='word_1_694' title='bbox 180 5924 333 5980; x_wconf 84' lang='lat' dir='ltr'><strong>nobis</strong></span> <span class='ocrx_word' id='word_1_695' title='bbox 361 5926 564 5994; x_wconf 85' lang='lat' dir='ltr'><strong>denati,</strong></span> <span class='ocrx_word' id='word_1_696' title='bbox 589 5927 701 5982; x_wconf 90' lang='lat' dir='ltr'><strong>Deo</strong></span> <span class='ocrx_word' id='word_1_697' title='bbox 729 5935 782 5982; x_wconf 92' lang='lat' dir='ltr'><strong>et</strong></span> <span class='ocrx_word' id='word_1_698' title='bbox 813 5924 1094 5984; x_wconf 70' lang='lat' dir='ltr'><strong>beatorum</strong></span> <span class='ocrx_word' id='word_1_699' title='bbox 1122 5931 1285 5986; x_wconf 83' lang='lat' dir='ltr'><strong>coetui</strong></span> <span class='ocrx_word' id='word_1_700' title='bbox 1309 5933 1481 5990; x_wconf 88' lang='lat' dir='ltr'><strong>multo</strong></span> <span class='ocrx_word' id='word_1_701' title='bbox 1508 5924 1615 5990; x_wconf 84' lang='lat' dir='ltr'><strong>sint</strong></span> <span class='ocrx_word' id='word_1_702' title='bbox 1634 5924 1760 5992; x_wconf 54' lang='lat' dir='ltr'><strong>&#39;i&#39;eli-</strong></span> 
     </span>
    </p>
   </div>
  </div>
