3910 6408
478 470 580 524 339

1473 462 1685 520 ΤΗΙοΕ
1690 463 1727 520 F
1730 460 1880 519 RIDI
1909 452 2212 518 ABBATIS
2241 455 2782 515 FTERNACENSIS

3708 459 3825 514 3‘0

479 592 813 661 deambulat,
846 600 901 648 et
929 591 1234 649 oblectatur
1290 588 1774 662 divinitas;digne
1823 588 2068 660 profecto
2097 589 2156 650 Α
2184 601 2285 642 nes
2334 583 2550 655 (Exod.
2618 598 2804 651 χχχιχ,
2840 587 2893 651 8,
2933 582 3043 653 10),
3075 589 3128 639 et
3166 580 3445 639 nominum
3471 590 3526 639 et
3549 582 3824 642 colorum

484 682 718 756 pignora
783 681 1049 739 electrum
1093 680 1215 750 Dei,
1267 679 1361 753 qui
1413 695 1583 753 super
1626 677 2076 750 fundamentum
2184 689 2409 731 suorum
2441 673 2721 740 varietate,
2751 671 3094 747 tropologice
3124 671 3431 741 distinctas,
3461 680 3516 729 et
3572 671 3824 730 deside-

486 772 696 829 Christi
712 769 999 841 aediﬁcant
1026 785 1255 837 aurum,
1279 769 1517 842 lapides,
1547 766 2077 840 pretiosos,nonli-
2185 764 2387 821 rabiles
2440 761 2703 820 virtutum
2769 761 3018 818 omnium
3055 760 3111 817 in
3139 778 3200 819 se
3255 761 3618 833 prmtundunt
3671 776 3823 834 spe-

480 877 596 934 gna
623 876 810 932 neque
826 861 1101 933 stipulam
1123 859 1169 930 (Ι
1197 859 1320 916 Cor.
1336 873 1418 927 ιιι,
1450 857 1538 927 12)
1560 876 1579 924 ;
1602 870 1834 929 quorum
1863 854 2081 925 sapien-

481 950 578 1016 tia,
614 956 667 1005 et
695 950 911 1005 sincera
925 947 1176 1019 corporis
1195 963 1261 1003 ac
1272 947 1486 1012 animai,
1508 945 1566 1001 in
1582 960 1716 1001 auro
1732 942 2080 1001 metallorum

483 1038 899 1110 pretiosissimo,
931 1037 1257 1110 intelligitur
1313 1036 1556 1108 puritas;
1590 1034 1661 1090 de
1679 1049 1811 1090 auro
1835 1040 1889 1088 et
1916 1048 2082 1106 gem-

482 1127 587 1184 mis
617 1134 918 1182 exstructas
972 1134 1026 1182 et
1074 1125 1357 1182 rcdimitas
1414 1123 1716 1180 sortiuntur
1769 1121 2001 1194 pyxides
2029 1128 2084 1177 et

482 1211 758 1284 capsulas,
792 1212 907 1282 (82)
938 1210 1142 1266 ciboria
1172 1217 1228 1265 et
1255 1208 1597 1282 pyramidas.
1642 1208 1806 1274 Nam,
1829 1214 1887 1261 ut
1917 1204 2083 1260 intel-

487 1300 687 1357 lectum
714 1307 1110 1372 praetereamus
1137 1297 1513 1372 allegoricum,
1546 1312 1739 1368 quare,
1779 1295 2086 1352 secundum

492 1388 754 1457 litteram,
783 1389 969 1447 omnis
993 1388 1137 1461 lapis
1191 1387 1473 1460 pretiosus
1533 1390 1591 1441 et
1643 1400 1837 1442 aurum
1862 1397 1973 1440 non
2018 1383 2089 1440 sit

488 1502 686 1545 eorum
700 1487 1120 1560 operimentum
1142 1484 1367 1553 (Esech.
1386 1498 1579 1552 xxvrtt,
1599 1486 1708 1549 t3),
1731 1482 1823 1554 qui
1840 1484 1906 1537 in
1918 1480 2091 1536 abun-

488 1585 692 1642 dantia
702 1584 957 1642 virtutum
969 1585 1375 1656 ingrediuntur
1401 1581 1774 1656 sepulchrum
1789 1581 1907 1651 (Job
1923 1596 1978 1646 v,
1995 1582 2091 1651 26)

491 1684 603 1757 qui,
635 1683 746 1753 (83)
776 1698 932 1754 reges
942 1688 998 1739 et
1018 1682 1278 1739 consules
1294 1685 1486 1746 terrm,
1507 1680 1797 1750 aediﬁcant
1817 1679 1926 1735 sibi
1944 1677 2090 1734 soli-

492 1773 720 1829 tudines
749 1772 866 1842 (Job
894 1786 975 1840 ιιι,
1003 1772 1093 1835 lt)
1123 1786 1223 1842 per
1258 1768 1567 1842 tranquillae
1597 1768 1795 1823 mentis
1832 1766 2090 1833 studium,

488 1871 542 1919 et
567 1860 852 1933 possident
879 1859 1158 1932 sapientiae
1199 1874 1393 1915 aurum
1424 1865 1480 1914 et
1517 1856 1689 1912 divini
1739 1856 1948 1928 eloquii
1996 1873 2095 1911 ar-

2187 860 2323 918 cies.
2346 860 2485 916 Sunt
2510 875 2735 933 quoque
2760 860 2953 933 regale
2982 859 3367 917 sacerdotium
3387 860 3440 932 (l
3451 862 3611 917 Petr.
3636 874 3707 929 ιι,
3732 861 3815 932 8),

2190 966 2245 1015 et
2272 973 2396 1015 cum
2422 957 2495 1014 ad
2522 973 2810 1014 numerum
2836 960 2959 1015 octo
3006 957 3424 1015 beatitudinum
3477 957 3691 1025 (lath.
3756 975 3814 1026 v,

2190 1050 2371 1113 3-10),
2426 1047 2539 1119 (81)
2582 1055 2708 1103 octo
2729 1046 2839 1102 sint
2857 1046 2913 1101 in
2955 1046 3081 1119 lege
3099 1045 3494 1102 inaestimabilis
3531 1046 3702 1118 pretii
3756 1055 3815 1103 et

2192 1135 2410 1193 decoris
2464 1151 2533 1191 ex
2587 1135 2767 1207 typico
2821 1135 2957 1203 lino,
2988 1176 2995 1179 ι
3023 1150 3283 1207 purpura,
3353 1149 3540 1204 cocco,
3592 1135 3807 1208 bysso,

2189 1224 2501 1296 hyacintho,
2539 1232 2594 1279 et
2619 1238 2773 1291 auro,
2804 1232 2860 1279 et
2878 1223 3118 1297 gemmis
3139 1222 3545 1294 pretiosissimis
3575 1223 3801 1294 (Exod.

2190 1315 2389 1384 χχιιι)
2413 1314 2553 1382 εξιιοιι
2572 1320 2681 1368 tam
2695 1314 3054 1380 vestimenta,
3069 1326 3231 1384 quam
3244 1316 3583 1369 ornamenta
3592 1315 3809 1385 ponti-

2195 1403 2389 1473 ﬁcum,
2445 1416 2570 1458 cum
2626 1400 2788 1457 totius
2839 1401 3030 1457 mundi
3094 1399 3322 1458 fabricas
3374 1407 3488 1456 tum
3539 1401 3806 1456 omnium

2199 1497 2689 1558 sacramentorum,
2719 1506 2843 1562 quas
2887 1490 2946 1544 in
2995 1488 3263 1555 Ecclesia,
3321 1504 3420 1560 per
3448 1488 3808 1547 sacerdotale

2199 1585 2418 1650 Oportet
2477 1577 2848 1633 administrari
2874 1574 3111 1633 oﬁicium
3154 1574 3426 1643 mirabile,
3457 1591 3524 1632 ac
3562 1576 3657 1631 vix
3688 1577 3809 1632 hu-

2199 1666 2378 1723 manis
2406 1665 2589 1723 verbis
2617 1664 2938 1737 explicabile
2978 1664 3333 1738 mysterium;
3366 1668 3423 1720 et
3461 1664 3593 1720 tanti
3621 1680 3807 1722 orna-

2199 1764 2287 1811 tus
2315 1756 2602 1825 majestate
2630 1754 2893 1811 vestiatur
2920 1769 3048 1811 caro
3095 1752 3406 1809 inﬁrmitate
3434 1754 3804 1824 circumdata,

2202 1853 2334 1908 dum
2362 1852 2540 1909 adhuc
2585 1854 2988 1925 peregrinatur
3036 1868 3072 1908 a
3107 1853 3343 1908 Domino
3364 1852 3441 1924 (II
3457 1852 3584 1910 Cor.
3622 1867 3686 1918 v,
3721 1853 3808 1920 6,)

485 1954 723 2024 gentum
742 1951 870 2021 igne
900 1950 1340 2006 examinatum!
1385 1947 1557 2013 (Psal.
1591 1961 1665 2011 χι,
1704 1945 1794 2015 '7.)
1822 1943 2095 2000 Nimirum
2124 1944 2178 2005 Β
2208 1941 2392 1998 anima
2414 1956 2430 2013 ;
2452 1956 2636 1997 nonne
2661 1955 2785 1997 cum
2814 1939 2909 1996 illa
2953 1946 3079 2012 post
3106 1940 3371 1996 exhausta
3413 1947 3491 1997 tot
3543 1940 3812 1997 laborum

488 2047 647 2105 electi
678 2045 780 2103 Dei
809 2052 937 2101 sunt
972 2061 1106 2101 vasa
1142 2046 1273 2100 auri
1305 2044 1531 2100 excelsa
1545 2046 1601 2100 et
1613 2043 1950 2109 eminentia,
1973 2058 2097 2115 quae

484 2162 601 2203 non
614 2147 1025 2218 computantur
1033 2158 1134 2217 pro
1144 2146 1363 2198 (eterna
1372 2142 1473 2197 Dei
1487 2141 1895 2212 sapientia(lob
1907 2155 2097 2205 xxvm,

489 2246 579 2315 18)
608 2243 712 2315 ipsi
755 2242 1018 2314 topaz-ion
1065 2256 1139 2296 ex
1180 2238 1443 2311 Ethiopia
1498 2239 1675 2308 (Rsal.
1726 2253 1912 2306 cxvm,
1949 2239 2095 2309 127):

486 2333 594 2406 ipsi
640 2347 847 2388 aurum
876 2329 1158 2385 mundum
1186 2328 1336 2382 unde
1364 2327 1583 2383 condita
1612 2334 1698 2381 est
1726 2326 1866 2397 ipsa,
1894 2326 1965 2382 de
1994 2342 2103 2398 qua

488 2419 916 2494 praelibavimus,
949 2420 1063 2486 (86)
1092 2417 1292 2472 civitas
1321 2415 1547 2475 uranica
1574 2417 1763 2487 (Apoc.
1796 2429 1911 2482 χχι,
1960 2418 2050 2484 18)
2083 2429 2099 2467 :

494 2500 551 2560 in
581 2505 736 2573 cujus
765 2509 1064 2571 structurae,
1098 2515 1163 2556 ac
1191 2498 1574 2555 inestimabilis
1616 2506 1841 2554 ornatus
1882 2513 2101 2571 praeco-

494 2594 609 2660 nia,
634 2608 735 2663 per
758 2589 1013 2663 Spiritum
1043 2595 1313 2655 sanctum,
1346 2586 1575 2660 mystice
1606 2587 1936 2659 promittitur
1963 2601 2098 2644 voce

505 2680 829 2755 pr0phetica
851 2696 868 2734 :
890 2679 1033 2734 Ecce
1057 2694 1155 2749 ego
1194 2679 1450 2733 sternam
1479 2692 1581 2748 per
1617 2675 1871 2733 ordinem
1892 2676 2103 2749 lapides

504 2783 645 2848 tuos,
662 2781 719 2834 et
734 2777 984 2849 fundabo
1004 2779 1059 2832 te
1082 2776 1147 2830 in
1167 2773 1477 2846 sapphiris,
1502 2778 1562 2830 et
1594 2789 1806 2847 ponam
1817 2773 2104 2846 jaspidem

503 2874 930 2951 propugnacula
950 2876 1071 2943 tua,
1092 2876 1148 2928 et
1161 2875 1353 2943 portas
1380 2874 1508 2927 tuas
1533 2872 1597 2926 in
1620 2871 1835 2943 lapides
1853 2871 2103 2943 sculptos

505 2970 563 3022 et
607 2979 801 3021 omnes
843 2961 1115 3019 terminos
1159 2964 1285 3017 tuos
1317 2961 1377 3015 in
1447 2958 1661 3031 lapides
1708 2958 2105 3015 desiderabiles

507 3054 662 3125 (Isai.
686 3067 796 3117 LIV,
830 3049 1069 3121 11,12);
1112 3057 1166 3104 et
1196 3048 1342 3120 quod
1380 3047 1495 3119 (85)
1524 3047 1752 3103 involuti
1795 3048 2106 3115 aanigmatis

509 3151 581 3207 sit
617 3147 839 3215 solutio,
872 3147 1166 3204 universos
1212 3146 1360 3216 ﬁlios
1384 3150 1510 3203 tuos
1538 3146 1725 3204 doctos
1779 3163 1815 3201 a
1875 3146 2106 3205 Domino

509 3239 689 3310 (ibid.,
722 3238 833 3308 13).
866 3237 1003 3293 Sunt
1031 3235 1233 3309 quippe
1260 3235 1369 3304 ﬁlii
1388 3234 1525 3291 Sion
1558 3236 1785 3308 inclyti,
1820 3239 1878 3292 et
1905 3232 2108 3293 amicti

2205 2039 2466 2102 tempora,
2495 2028 2913 2085 immortalitatis
2957 2027 3159 2085 vestita
3188 2028 3344 2095 stola,
3378 2037 3431 2086 et
3477 2027 3667 2102 gloriae
3699 2044 3807 2085 co-

2205 2134 2369 2189 rona,
2388 2119 2443 2174 in
2464 2118 2671 2175 cmlesti
2698 2117 2935 2190 gloriosa
2961 2117 3274 2191 regnaverit
3301 2116 3455 2174 curia
3483 2136 3496 2181 ;
3531 2116 3807 2190 quidquid

2208 2224 2292 2272 est
2311 2218 2601 2273 terrestris
2622 2215 2819 2273 domus
2835 2216 2957 2287 ejus
2971 2215 3335 2272 habitationis
3348 2215 3481 2285 (ibid
3492 2257 3506 2271 .
3520 2256 3533 2282 ,
3550 2215 3622 2286 1),
3636 2216 3807 2284 hujus

2206 2330 2471 2386 operosae
2498 2321 2721 2385 arteque
2750 2312 3055 2370 elaboratas
3101 2320 3302 2379 vestes,
3352 2313 3466 2385 (88)
3503 2312 3806 2368 minervale

2207 2404 2539 2476 pretium,et
2564 2401 2746 2459 fusilis
2775 2401 2979 2458 metalli
3032 2401 3372 2457 admirandis
3424 2400 3613 2473 ﬁguris
3658 2416 3806 2473 opus

2207 2492 2477 2558 incusum,
2534 2506 2602 2548 ac
2646 2489 2966 2562 multiplicia
3019 2490 3159 2545 varii
3206 2490 3408 2546 coloris
3457 2505 3802 2563 gemmarum

2208 2595 2433 2654 genera,
2466 2594 2569 2652 pro
2598 2578 2889 2636 devotione
2930 2577 3191 2647 ﬁdelium,
3223 2578 3344 2648 jure
3386 2587 3659 2634 mereatur
3697 2580 3806 2634 ba-

2209 2669 2339 2726 bere
2382 2669 2438 2725 in
2494 2668 2817 2741 operimenti
2873 2668 2962 2723 sui
3010 2667 3125 2738 (89)
3182 2665 3532 2723 redimicula?
3586 2666 3659 2722 Et
3707 2682 3810 2724 cur

2209 2772 2404 2815 eorum
2427 2756 2609 2815 inﬁma
2639 2771 2752 2814 non
2777 2771 3002 2813 summo
3028 2756 3327 2812 induantur
3354 2764 3413 2812 et
3440 2755 3809 2812 obvolvantur

2209 2847 2431 2913 decore,
2453 2862 2521 2903 ac
2562 2846 2759 2918 gloria,
2800 2860 2923 2902 cum
2980 2844 3091 2900 sint
3148 2843 3380 2900 uranicse
3408 2843 3662 2914 civitatis,
3695 2859 3809 2900 non

2203 2941 2314 2991 tam
2340 2934 2604 3006 primates
2636 2949 2802 3006 quam
2827 2948 2992 3006 reges
3021 2948 3037 3001 ;
3089 2947 3215 2989 cum
3271 2931 3340 2989 de
3398 2931 3477 2987 eis
3505 2947 3614 2989 non
3638 2938 3701 2988 ut
3734 2932 3807 2990 de

2210 3024 2326 3080 suis
2354 3023 2685 3095 Babylonius
2715 3039 2835 3090 rex,
2894 3023 2999 3079 sed
3053 3038 3185 3080 vere
3239 3037 3304 3079 ac
3332 3021 3527 3079 merito
3553 3037 3802 3076 summus

2210 3128 2405 3186 regum
2432 3112 2692 3184 princeps
2717 3113 2867 3169 Deus
2895 3110 3187 3185 glorietur,
3221 3110 3495 3184 inquiens,
3540 3111 3804 3184 nunquid

2208 3211 2494 3284 principes
2510 3210 2805 3268 meisimul
2825 3212 2962 3266 sunt
2987 3206 3341 3280 reges?(ls‘a.
3378 3224 3432 3278 x,
3490 3207 3580 3279 9.)
3627 3204 3808 3278 Reges

511 3305 652 3384 auro
673 3305 1104 3398 primo(Thren.
1128 3305 1213 3391 19,
1244 3323 1299 3394 2)
1325 3341 1339 3387 ;
1369 3331 1498 3377 sunt
1525 3305 1697 3380 mirae:
1708 3323 2103 3395 magnitudinis

2226 3306 2485 3381 profecto,
2501 3314 2556 3364 et
2574 3306 2865 3364 senatoriae
2882 3305 3169 3380 dignitatis
3195 3314 3337 3375 sunt,
3369 3313 3423 3362 et
3437 3321 3624 3378 regem
3634 3320 3809 3363 saecu-

516 3425 570 3474 et
609 3415 806 3472 summi
843 3413 1001 3486 pretii
1046 3412 1279 3485 lapides,
1337 3412 1429 3484 qui
1456 3411 1513 3467 in
1574 3413 1783 3469 summi
1825 3413 2115 3486 pontificis

516 3506 817 3576 rationali,
858 3503 971 3577 (86)
1027 3500 1258 3577 mystice
1313 3516 1414 3575 per
1440 3505 1699 3581 quatuor:
1729 3503 1923 3559 intexi
1957 3502 2115 3559 ordi-

589 3697 702 3771 (82)
734 3697 952 3771 Cibaria
972 3700 1035 3771 et
1054 3696 1415 3771 pyramidas.
1433 3694 1559 3752 Scio
1572 3694 1793 3753 Horatio
1812 3696 2079 3771 scriptum
2104 3714 2120 3754 :

810 3768 1070 3826 Oblivisio
1093 3768 1236 3823 levia
1252 3768 1481 3823 Massico

812 3841 1028 3898 Cibaria
1043 3840 1209 3911 exple
1247 3879 1259 3911 τ
1283 3878 1295 3891 .
1312 3878 1350 3893 ..

568 3928 639 3993 up
670 3910 795 3993 loco
822 3911 1032 3993 ciboria
1068 3907 1289 3993 capacis
1316 3907 1497 3993 poculi
1515 3925 1695 3993 genus
1725 3925 1849 3966 esse
1877 3917 2115 3993 constat.

530 3932 639 4041 guo
670 3932 795 3969 Ιοῦο
822 3932 1032 3977 manu
1068 3932 1289 3993 ρυριιοιδ
1316 3932 1497 3980 ρυουιι
1515 3932 1695 3980 genus
1725 3932 1849 3966 esse
1877 3932 2115 3968 consul.

574 3983 659 4041 cio
686 3982 739 4038 in
770 3994 930 4038 sacra
958 3981 1382 4037 Christianarum
1433 3978 1797 4036 Ecclesiarum
1842 3997 1945 4052 sup
1986 3982 2129 4038 elle-

537 4056 671 4108 utili.
720 4053 999 4108 cibarium
1042 4066 1168 4107 esse
1194 4066 1296 4107 vas
1331 4065 1440 4108 auo
1484 4061 1889 4107 sacrosanctum
1927 3998 2127 4108 Ebristi

537 4056 671 4121 ctili,
720 4053 999 4111 cibarium
1042 4066 1168 4123 esse
1194 4066 1296 4107 vas
1331 4065 1440 4123 quo
1484 4061 1889 4123 sacrosanctum
1927 4052 2127 4109 Christi

534 4125 756 4210 Domitii
780 4140 982 4210 corpus
1010 4122 1263 4210 conditur
1290 4122 1709 4210 etesservatur.
1899 4124 1989 4180 hic
2015 4124 2127 4180 alio

535 4193 893 4270 signiticatu,'
920 4203 974 4251 et
1018 4194 1197 4248 minus
1247 4194 1468 4260 usitato,
1528 4193 1661 4263 poni
1716 4193 1975 4260 arbitror,
2028 4210 2127 4266 pro

537 4266 850 4327 conditorio
867 4281 1157 4323 sacrorum
1173 4280 1489 4335 corporum.
1510 4264 1631 4319 Non
1655 4263 1778 4321 dico
1804 4281 1902 4335 pro
1921 4264 2125 4335 loculo,

539 4346 631 4395 aut
659 4337 999 4408 sarcophago
1029 4335 1128 4408 sed
1158 4334 1419 4406 ampliore
1448 4336 1534 4408 vel
1582 4350 1728 4408 casa,
1774 4334 1867 4408 vel
1902 4334 2127 4404 sacello,

536 4409 627 4466 vel
664 4405 890 4474 fornice,
922 4405 1030 4478 quo
1059 4405 1619 4478 plures'isarcopbagi
1652 4406 1841 4477 reponi
1883 4415 2127 4477 possent.

540 4482 633 4539 Sic
675 4477 959 4536 manifeste
991 4477 1192 4549 accipit
1236 4477 1483 4549 £gidius
1522 4478 1893 4533 Aurea-Vallis
1931 4494 2129 4534 mona-

2221 3406 2424 3473 lorum,
2437 3406 2529 3479 qui
2551 3407 2717 3463 habet
2744 3408 2807 3462 in
2823 3406 3179 3472 vestimento,
3202 3406 3337 3462 etin
3377 3408 3589 3476 femore
3629 3406 3808 3475 scrip-

2227 3511 2382 3576 tum;
2408 3522 2516 3565 rex
2543 3522 2738 3580 regum
2772 3510 2831 3564 et
2858 3505 3132 3565 Dominus
3164 3504 3583 3595 dominantium
3611 3503 3805 3578 (Apoc.

2227 3704 2355 3773 sunt
2383 3697 2617 3773 lapides,
2646 3696 2795 3771 quod
2825 3697 3031 3773 diserte
3049 3695 3267 3773 subdit.

2299 3771 2413 3841 (86)
2440 3766 2779 3843 'Mystice'per
2788 3770 3030 3843 quatuor
3041 3770 3255 3825 intexti
3269 3766 3510 3843 ordines.
3526 3766 3811 3843 mysticum

2230 3849 2285 3922 et
2299 3836 2407 3922 _'typ
2414 3836 2562 3922 icum
2579 3861 2598 3908 ;
2611 3836 2846 3922 itemque
2857 3840 3096 3922 mystice
3105 3843 3161 3895 et
3173 3840 3370 3922 .typice
3382 3836 3637 3922 ﬁeridicit
3654 3839 3811 3922 Thio-

2230 3856 2407 3968 cit-231p
2414 3858 2562 3898 tcum
2579 3856 2846 3913 memque
2857 3856 3093 3922 mystice
3105 3856 3161 3895 et
3188 3856 3370 3965 εἴρια
3382 3856 3500 3894 neri
3512 3856 3637 3894 uicit
3655 3856 3808 3895 mw-

2230 3914 2310 3994 [ς
2351 3920 2580 3994 us,“tum
2607 3912 2886 3994 quidquid
2912 3928 2967 3966 in
3005 3911 3185 3967 Veteri
3256 3917 3565 3994 setamento.
3602 3917 3808 3994 myste-

2230 3929 2437 3985 Iriaus,
2471 3929 2580 3967 tum
2613 3929 2741 3983 quia
2790 3929 2886 3966 uia
2912 3929 2967 3966 in
3006 3929 3185 3967 reteri
3220 3929 3556 3965 testamento
3604 3929 3808 3979 myste-

2230 3982 2625 4064 riumpliquod
2653 3929 2954 4064 Negasive
2983 3997 3105 4036 rem
3145 3995 3359 4064 sacram
3404 3988 3458 4035 et
3486 3978 3811 4064 spiritualem

2232 4051 2615 4137 signiﬁcabat'
2648 4062 2760 4109 tum
2816 4053 2994 4124 ipsum
3048 4051 3389 4133 mysterium,
3445 4058 3538 4105 aut
3587 4065 3692 4106 rem
3745 4065 3811 4106 eo

2231 4128 2396 4180 modo
2442 4095 2829 4190 signiﬁcatam.
2869 4124 2986 4180 Hoc
3013 4139 3064 4177 si
3092 4124 3377 4189 observes,
3432 4121 3595 4177 multa
3657 4121 3810 4190 hujus

2234 4163 2829 4273 ξίῑεῑξιςξξϊδξξινῑέῑξῑέ
2851 4163 3405 4273 ﬁngeretis.
3611 4163 3810 4273 ita;

2234 4268 2298 4322 in
2328 4267 2614 4348 rationali
2627 4266 2933 4348 pontiﬁcis,
2968 4262 3274 4348 vult_fuisse
3287 4272 3471 4335 typum
3492 4262 3732 4347 insignis,
3749 4270 3807 4348 ‘et

2235 4352 2410 4408 sacrae
2447 4335 2750 4405 varietatis,
2805 4352 2994 4394 earum
3048 4337 3304 4393 virtutum
3358 4350 3483 4408 quas
3524 4335 3578 4390 in
3621 4335 3809 4390 sanctis

2235 4407 2432 4465 futurae
2472 4418 2656 4465 erant.

2308 4481 2422 4550 (87)
2454 4481 2584 4538 Octo
2603 4483 2945 4537 ornamenta
2954 4478 3310 4550 pontiﬁcum.
3340 4477 3466 4550 Haec
3482 4482 3606 4532 octo
3614 4474 3806 4550 descri-

539 4554 699 4619 chus,
728 4546 1193 4620 additionibusad
1221 4546 1533 4620 anselmum
1556 4549 1899 4615 canonicum,
1924 4549 1980 4604 in
2010 4549 2134 4606 Flo-
2236 4546 2438 4606 buntur
2467 4551 2638 4607 Exodi
2665 4568 2838 4607 xxxix
2868 4558 2922 4605 et
2944 4546 3215 4620 Deijussu
3230 4548 3663 4620 concinnantura
3682 4546 3807 4602 Bese

539 4623 768 4691 riberto,
792 4618 956 4691 capit.
980 4623 1067 4674 30.
1095 4618 1248 4691 Quod
1263 4621 1565 4688 feretrum,
1596 4620 1864 4691 inquit,!n
1902 4621 2125 4689 ciboria,

2237 4620 2364 4691 leel,
2380 4638 2581 4696 nempe
2597 4619 3086 4696 superhumerale,
3110 4621 3414 4696 rationale,
3433 4619 3634 4696 tunica
3656 4633 3808 4696 supe-

529 4674 1141 4768 felicissimum
1178 4674 1486 4768 Lamberti,
1516 4674 1691 4768 usque
1706 4674 2128 4768 in'hodiernum
2154 4674 2208 4735 D
2238 4674 3812 4768 rhumeralis,Vtunicaeﬂbyssinxlmitrle,feminalia,‘cinga-

542 4762 713 4830 diem,
736 4762 1080 4834 collocatum
1103 4766 1207 4834 est,
1232 4777 1364 4817 cum
1383 4762 1517 4817 aliis
1530 4762 1860 4834 sanctorum
1881 4763 2134 4834 pignori-

540 4840 659 4895 bus.
694 4835 907 4891 ibidem
935 4833 1098 4897 intra,
1149 4832 1219 4886 de
1273 4847 1503 4899 corpore
1529 4833 1586 4887 S.
1618 4832 2008 4890 Madeldertse:
2068 4836 2134 4890 In

538 4909 785 4983 praefato
806 4906 1011 4961 ciboria
1024 4909 1109 4960 est
1128 4905 1215 4959 col
1221 4905 1339 4983 loca
1348 4906 1468 4958 tum
1490 4924 1510 4983 :_
1533 4904 1598 4983 in
1607 4921 1724 4983 guo
1739 4916 1796 4959 et
1814 4905 1932 4983 alia
1946 4906 2135 4983 multa

541 4974 872 5035 sanctorum
892 4990 1127 5048 corpora
1147 4974 1529 5048 requiescunt.
1553 4975 1955 5048 Hinclversibus
1975 4975 2135 5048 hujus

543 5051 728 5121 operis
758 5048 912 5102 initio
955 5046 1168 5121 positis,
1214 5060 1325 5121 non
1370 5046 1532 5121 modo
1567 5047 1917 5121 pyramidas,
1951 5047 2053 5121 sed
2078 5054 2136 5121 et

541 5116 756 5201 ciboria
771 5116 998 5201 exstrui
1033 5117 1108 5173 ait
1128 5131 1284 5201 :pquo
1312 5116 1536 5201 indicat,
1568 5116 1746 5201 genus
1767 5116 1940 5201 fuisse
1969 5117 2135 5201 (ediﬁ-

541 5193 811 5250 calionis.
847 5187 965 5259 Qua
977 5203 1110 5244 vero
1140 5186 1316 5242 forma
1344 5203 1405 5243 ea
1427 5186 1625 5244 cibarii
1641 5192 1938 5259 structura
1963 5197 2131 5257 esset,

539 5264 823 5336 eleganter
868 5258 946 5336 ab
1000 5263 1226 5336 auctore
1283 5267 1473 5336 nostro
1520 5258 1864 5330 descriptum
1922 5259 2133 5315 videbis

537 5329 695 5400 infr'a,
726 5334 829 5388 lib.
868 5331 973 5387 hoc
992 5329 1256 5397 secundo,
1286 5345 1342 5386 c.
1382 5334 1441 5384 6.

609 5408 725 5477 (83)
773 5407 940 5477 Reges
983 5405 1038 5457 et
1079 5402 1341 5458 consules
1366 5405 1555 5458 terras.
1606 5399 1796 5477 Verba
1836 5408 1962 5477 sunt
1988 5401 2124 5477 Job.

540 5471 829 5546 Quomodo
849 5471 1054 5529 'noster
1075 5481 1301 5546 sanctos
1344 5481 1503 5530 vocet
1528 5489 1711 5546 reges,
1743 5471 1875 5528 dicit
1897 5472 2015 5545 ipse
2042 5475 2135 5528 in—

535 5542 648 5602 fra.
686 5548 794 5602 hoc
818 5544 939 5612 ipso
967 5542 1144 5613 capite
1156 5581 1170 5596 .

608 5617 727 5688 (Si)
756 5614 965 5688 Civitas
979 5614 1239 5670 uranica.
1266 5614 1324 5669 td
1355 5620 1443 5671 est
1469 5614 1738 5672 cmlestis.
1771 5615 1950 5688 Magis
1973 5630 2131 5671 usur-

532 5683 662 5755 pant
690 5683 874 5743 Graeci
900 5683 1154 5767 οὺρανιος.

606 5768 718 5834 (85)
737 5765 980 5823 Involuti
999 5768 1320 5836 aenigmuis
1342 5768 1569 5823 solutio.
1593 5765 1755 5834 Quod
1784 5774 1936 5823 tanto
1964 5781 2127 5836 appa-

533 5842 659 5891 ratu
687 5853 743 5891 et
774 5837 1030 5892 varietate
1058 5835 1129 5890 de
1154 5835 1431 5901 lapidibus
1448 5837 1663 5901 dicitur,
1681 5838 1787 5893 sed
1816 5835 2052 5891 obscure
2070 5846 2126 5892 et

533 5852 659 5891 ratu
687 5853 743 5891 et
774 5852 1030 5892 varietate
1058 5852 1129 5890 de
1154 5852 1209 5891 ia
1250 5852 1431 5893 tamus
1448 5852 1663 5901 dicitur,
1681 5852 1787 5893 seu
1816 5852 2052 5891 onscure
2070 5852 2123 5892 et

533 5906 681 5986 quasi
709 5852 1424 5986 ιῐξιιίειιιδλὶεξςὶρ.(ξιιιιὲςειιιινΡ
1454 5904 1647 5986 inquit,
1678 5907 2123 5986 duasubjungi:

531 5978 651 6029 tur:
683 5974 973 6033 univcrsos
1001 5974 1150 6041 ﬁlios
1184 5980 1329 6041 tuos,
1371 5982 1501 6041 etc.,
1529 5974 1587 6030 id
1615 5983 1720 6041 est,
1762 5975 1827 6030 Hi
1873 5974 1999 6047 ipSi,
2027 5974 2122 6045 ﬁli

2246 4766 2385 4831 lum,
2399 4760 2805 4823 laminasacrae
2814 4760 3213 4820 venerationis.
3237 4763 3294 4817 In
3309 4760 3530 4817 numero
3548 4760 3808 4816 octonos-lo

2242 4836 2446 4891 nullam
2460 4837 2568 4892 vim
2582 4844 2675 4893 aut
2698 4834 3017 4907 mysterium
3047 4832 3137 4890 hic
3165 4848 3366 4907 ponere
3377 4832 3608 4907 ‘videtu_r
3624 4838 3803 4907 auctor,

2243 4907 2339 4963 sed
2369 4915 2578 4963 tantum
2605 4892 2944 4965 varietatem
2974 4892 3549 4976 ornatussigniﬁcare.
3566 4901 3720 4956 Porro
3747 4892 3805 4956 de

2244 4979 2477 5061 singulis
2506 4978 2590 5033 bis
2621 4979 2826 5061 dicere,
2861 4975 3131 5032 inﬁnitum
3162 4974 3251 5042 sit,
3271 4972 3337 5030 et
3362 4972 3583 5061 minime
3635 4985 3807 5027 neces—

2242 5046 2478 5117 sarium;
2512 5050 2676 5105 modo
2710 5051 2814 5106 hoc
2833 5057 3146 5113 teneamus,
3166 5063 3236 5102 ea
3262 5046 3523 5117 varietate
3543 5058 3806 5117 ornamen~

2243 5130 2446 5189 torum,
2467 5114 2664 5177 varias
2689 5120 2924 5177 indicari
2980 5125 3295 5175 sanctarum
3343 5116 3601 5189 mentium
3639 5114 3796 5189 dotes.

2242 5192 2400 5264 Vide,
2420 5184 2482 5264 si
2506 5192 2704 5264 placet,
2737 5207 2834 5248 eos
2862 5190 2956 5264 qui
3000 5191 3338 5264 scripserunt
3366 5203 3531 5264 super
3558 5184 3797 5264 Exodum,

2241 5271 2300 5318 ut
2338 5259 2731 5328 Origfbomil.
2769 5268 2802 5318 9
2832 5259 2896 5318 et'
2928 5262 3025 5328 13;
3057 5259 3349 5328 Rupertum
3396 5259 3492 5314 lib.
3524 5273 3596 5322 IV,
3626 5271 3673 5312 c.
3711 5259 3794 5312 23.

2241 5336 2376 5391 Item
2398 5328 2733 5392 Clementem
2763 5333 3069 5390 Alexandr.
3098 5328 3199 5388 lib.
3226 5348 3257 5388 v
3287 5331 3541 5387 Stmmat.
3565 5347 3580 5397 ;
3608 5328 3798 5384 Hieron.

2241 5407 2325 5463 De
2354 5415 2506 5462 veste
2526 5407 2749 5463 sacerd.

2312 5481 2423 5548 (88)
2445 5479 2748 5535 Mineruale
2763 5478 3032 5548 pretium.
3059 5474 3316 5548 Pretium
3344 5471 3579 5548 arbitror
3597 5468 3795 5548 positum

2239 5540 2342 5621 pro
2372 5540 2429 5605 re
2456 5550 2728 5621 pretiosa.
2750 5540 2837 5621 Et
2856 5546 3121 5621 quoniam
3139 5546 3210 5601 de
3232 5544 3475 5621 vestibus
3502 5540 3620 5599 arte
3641 5540 3796 5621 elabo-

2238 5614 2367 5677 ratis
2396 5614 2531 5692 agit,
2562 5619 2764 5690 poetici
2786 5614 3083 5692 commenti
3136 5631 3366 5682 memor,
3388 5614 3679 5671 linereale
3718 5627 3796 5668 vo-

2238 5701 2342 5748 cat.
2376 5690 2511 5746 Nam
2542 5691 2784 5746 Minerva
2815 5690 3057 5746 textrina;
3085 5696 3334 5758 praeerat.

2305 5766 2422 5832 (89)
2479 5762 2851 5820 Redimicula.
2896 5754 3165 5832 Ampliter
3218 5760 3324 5832 hoc
3372 5757 3600 5832 verbum
3647 5754 3789 5825 ponit,

2231 5828 2335 5906 pro
2363 5828 2430 5906 eo
2459 5834 2609 5889 omni
2637 5850 2746 5906 quo
2774 5833 2896 5906 quis
2940 5828 3250 5898 redimitur,
3273 5830 3411 5886 sicut
3436 5828 3676 5897 amictus,
3702 5841 3791 5898 quo

2230 5905 2501 5962 amicitur.
