3910 6426
188 504 292 559 341

1072 492 1345 552 FLORES
1379 493 1730 551 EPITAPHII
1768 490 2232 552 SANCTORUM.
2262 523 2331 535 —
2360 491 2494 550 LIB.
2543 495 2623 553 II.

3383 500 3489 559 3L2

188 638 310 690 xix,
346 621 454 693 16),
486 619 542 676 in
589 620 786 677 decore
829 633 928 675 suo
976 615 1207 674 vicinius
1254 615 1310 673 in
1339 615 1502 674 domo
1532 633 1633 673 sua
1670 632 1786 674 cue-
1815 618 1871 681 Α
1902 619 2189 684 amittere;
2223 619 2399 678 donec
2435 621 2560 693 post
2600 620 2972 678 matutinalem
3018 623 3266 695 synaxin,
3323 639 3491 698 egre-

189 711 318 767 lesti
364 709 804 780 contemplantur
850 707 995 764 beati
1042 706 1184 762 oculi
1232 722 1446 776 eorum,
1479 713 1531 762 et
1574 713 1792 763 aeterna

189 797 505 854 festivitatis
557 799 915 870 frequentant
944 795 1258 866 tripudium,
1305 793 1513 850 nullum
1551 811 1793 866 unquam

191 896 356 943 tanta:
385 884 736 952 celebritatis,
772 891 826 940 et
855 883 1056 939 laetitiae
1083 882 1248 939 visuri
1278 881 1594 938 terminum.
1636 883 1794 939 Cum‘

192 991 301 1047 que
357 974 582 1046 quilibet
633 989 730 1029 rex
786 979 962 1043 terrae,
1015 971 1072 1026 in
1125 971 1352 1026 summis
1407 969 1792 1028 festivitatibus

191 1064 449 1131 summis,
482 1078 592 1118 non
624 1061 778 1134 quasi
807 1062 990 1127 homo,
1025 1059 1123 1115 sed
1152 1058 1226 1114 ud
1255 1060 1391 1115 alter
1417 1060 1572 1126 deus,
1602 1059 1791 1116 mundi

190 1151 477 1208 ornatibus
506 1152 816 1215 decoretur,
841 1157 891 1205 et
921 1150 1017 1221 qui
1044 1149 1108 1204 in
1129 1149 1378 1205 domibus
1407 1165 1602 1221 regum
1627 1154 1785 1217 sunt,

188 1241 456 1298 mollibus
481 1247 535 1296 et
565 1237 1002 1312 exquisitissimis
1013 1239 1670 1307 vestiantur(llfatth.xr,
1691 1238 1747 1306 8)
1772 1253 1788 1306 ;

189 1343 363 1401 quare
394 1336 711 1385 sanctorum
742 1341 870 1382 ossa
907 1333 960 1382 et
990 1325 1225 1391 cineres,
1281 1326 1478 1397 quibus
1521 1326 1630 1397 ipsi
1660 1342 1788 1398 pur-s

187 1413 370 1483 purati
400 1428 582 1486 reges,
611 1419 666 1468 et
693 1410 969 1483 principes
995 1425 1143 1480 genu
1172 1408 1415 1478 ﬂectunt,
1431 1418 1485 1465 et
1511 1409 1785 1466 inclinan-o

187 1509 298 1569 tur,
331 1516 442 1557 non
480 1503 536 1556 in
581 1499 830 1573 operosis
859 1506 912 1555 et
953 1497 1192 1556 maximo
1225 1506 1442 1570 sumptu
1488 1497 1784 1557 elaboratis

186 1590 489 1647 mausoleis
519 1598 572 1647 et
599 1588 842 1663 capsulis
867 1595 924 1644 et
951 1587 1248 1645 involucris
1271 1587 1639 1645 recondantur
1666 1591 1696 1649 Ἰ

739 1770 1141 1830 CAPITULUM
1166 1773 1214 1828 ll
1227 1813 1241 1826 .

191 1875 348 1942 Quod
364 1880 525 1934 tanta
537 1880 717 1935 cineri
730 1895 845 1936 non
862 1885 1223 1952 comparetur
1235 1895 1329 1936 ma
1338 1881 1536 1938 teriale
1551 1896 1780 1949 aurum,

1903 707 2114 764 dientes
2132 713 2185 780 (9
2193 708 2245 779 i)
2267 707 2480 775 fratres,
2497 725 2629 767 oves
2645 709 2998 778 Dominicaaa,
3012 705 3354 768 oﬁ'enderent
3365 729 3491 770 cum

1902 797 2169 869 torqueri,
2203 811 2326 853 cum
2374 797 2707 855 conscientia
2744 799 2984 867 vindice,
3015 806 3130 854 tum
3162 800 3278 873 (95)
3308 801 3492 858 divino

1902 886 2185 955 examine;
2232 893 2285 942 et
2312 901 2442 942 cum
2470 887 2694 943 dubium
2725 895 2891 953 esset,
2922 895 3106 946 utrum
3132 890 3376 946 venisset
3403 877 3496 946 of-I

1902 972 2046 1028 ferre
2077 987 2149 1029 an
2177 973 2410 1044 auferre,
2425 976 2560 1032 certi
2581 976 2800 1032 tandem
2829 977 3026 1032 redditi
3054 984 3240 1033 reatus
3270 978 3491 1035 confes-

1900 1061 2054 1118 sione
2076 1077 2142 1118 ac
2162 1061 2569 1120 evidentissima
2581 1065 2778 1121 divinae
2799 1065 3288 1122 animadversionis
3300 1073 3492 1123 osten-

1900 1151 2074 1220 sione,
2107 1167 2321 1208 summa
2359 1151 2450 1208 vix
2495 1153 2811 1210 obtinerent
2838 1154 3236 1226 supplicatione
3272 1174 3287 1213 :
3315 1162 3374 1210 ut
3399 1157 3492 1229 qui

1896 1255 1986 1296 res
2011 1255 2203 1296 eorum
2230 1249 2463 1297 venerat
2491 1241 2706 1298 insidiis
2751 1242 3022 1313 excipere,
3049 1243 3244 1300 saltem
3281 1259 3488 1301 vacuus

1896 1335 1950 1384 et
1977 1328 2121 1384 liber
2139 1337 2326 1401 posset
2348 1329 2672 1388 abscedere.
2689 1330 2936 1388 Profecto
2961 1345 3088 1390 cum
3107 1333 3176 1388 sit
3195 1332 3485 1405 scriptum,

1894 1420 1960 1475 de
1983 1422 2138 1475 terra
2165 1422 2435 1476 constant
2454 1423 2649 1478 omnia
2675 1421 2881 1493 (Eccle.
2909 1422 3100 1492 111,20)
3123 1440 3140 1489 ;
3170 1421 3356 1493 specie
3374 1438 3486 1479 non

1892 1523 2139 1582 genere:
2171 1507 2355 1565 colore
2401 1510 2511 1579 (96)
2549 1524 2661 1566 non
2689 1509 2915 1566 veritate
2943 1517 3158 1567 natura
3206 1509 3484 1580 differunt,

1893 1606 2073 1654 tantus
2100 1603 2418 1654 sanctorum
2445 1597 2602 1663 cinis,
2637 1605 2689 1654 et
2708 1613 2923 1669 aurum,
2964 1614 3030 1656 ac
3057 1615 3222 1657 omne
3247 1601 3391 1674 quod
3419 1603 3485 1658 in

1892 1687 2105 1744 mundo
2127 1687 2586 1759 concupiscentia
2613 1690 2701 1744 est
2717 1688 3012 1744 oculorum
3031 1689 3084 1757 (I
3104 1690 3267 1747 Joan.
3292 1704 3352 1756 ιι,
3373 1691 3483 1757 16).

1894 1775 2003 1834 Sed
2023 1791 2132 1830 non
2163 1782 2371 1831 tantum
2399 1791 2464 1844 ex
2495 1776 2600 1831 hoc
2627 1776 2869 1833 avaritiae
2897 1785 3164 1845 monstro,
3197 1775 3483 1834 effemina-

1890 1872 1978 1920 tur
2005 1863 2158 1920 virile
2204 1879 2406 1936 corpus
2434 1872 2489 1920 et
2515 1864 2752 1934 animus,
2785 1873 3047 1938 quantum
3082 1882 3150 1923 ex
3178 1866 3271 1922 illo
3292 1865 3482 1924 excel-

242 1980 349 2021 nec
369 1966 708 2040 omne,qund
723 1968 784 2023 in
798 1968 962 2024 rebus
978 1969 1327 2026 volventibus
1344 1973 1430 2025 est
1441 1971 1777 2041 pretiosum.

1890 1953 2180 2010 lentissimi
2209 1952 2390 2008 meriti
2427 1953 2683 2010 thesauro
2713 1953 2769 2009 in
2797 1971 2992 2011 omnes
3022 1954 3484 2028 supereminentis

259 2108 529 2165 Nimirum
557 2109 696 2167 sicut
723 2114 945 2167 astaram
977 2112 1289 2184 Sapientiae
1307 2128 1422 2170 non
1448 2113 1785 2184 adaequetur

184 2212 398 2254 aurum
455 2199 722 2272 obryxum
767 2199 1059 2272 mysticum
1112 2201 1231 2272 (Job
1278 2216 1482 2268 xxvm,
1536 2202 1646 2272 i5),
1701 2201 1783 2258 sic

181 2293 340 2342 tanto
367 2287 540 2344 cineri
580 2303 692 2344 non
739 2299 1086 2360 comparatur
1112 2289 1388 2346 materiale
1433 2305 1646 2359 aurum,
1679 2304 1783 2347 nec

181 2387 348 2432 omne
389 2375 537 2446 quod
581 2375 638 2430 in
668 2377 836 2433 rebus
865 2378 1266 2450 temporalibus
1308 2386 1393 2434 est
1445 2378 1771 2450 pretiosum.

182 2462 330 2532 Quid
359 2463 505 2520 enim
525 2472 608 2521 est
627 2481 822 2521 aurum
851 2474 904 2521 et
923 2482 1086 2522 omne
1107 2467 1253 2539 quod
1282 2483 1354 2524 ex
1383 2474 1538 2522 terra
1557 2475 1640 2522 est
1655 2482 1782 2540 pre-

179 2552 378 2609 tiosum
408 2552 513 2609 nisi
541 2562 746 2610 mutato
787 2555 973 2611 colore
1001 2555 1220 2611 lutum?
1251 2555 1361 2612 Sed
1409 2555 1552 2612 inter
1580 2555 1782 2613 cineris

179 2649 437 2698 naturam
477 2650 531 2698 et
577 2643 693 2713 (90)
731 2644 845 2698 auri
883 2659 1073 2700 auram
1124 2660 1325 2718 magna
1371 2643 1636 2700 distantia
1676 2653 1777 2714 est,

183 2729 314 2802 quia
366 2730 503 2787 cinis
551 2731 870 2788 naturaliter
924 2732 1157 2804 squalet,
1207 2748 1400 2790 aurum
1451 2733 1642 2801 claret,
1693 2733 1784 2791 hic

185 2819 556 2891 spiritualiter,
587 2823 691 2878 hoc
730 2821 966 2878 oblectat
993 2821 1307 2878 carnaliter.
1346 2822 1466 2878 Hoc
1493 2838 1604 2878 non
1649 2839 1782 2895 per-

184 2907 349 2962 mittit
378 2922 627 2963 securum
661 2908 738 2965 ire
766 2909 912 2966 inter
939 2909 1200 2976 latrones,
1233 2909 1323 2965 hic
1349 2909 1612 2966 invisibili
1633 2924 1783 2966 com-

179 2995 326 3067 pede
354 2995 490 3068 ligat
534 2997 832 3070 sacrilegos
868 3014 933 3054 ac
981 2997 1157 3067 fures,
1189 3005 1243 3055 et
1291 3013 1414 3055 cum
1458 2999 1648 3071 praeda
1685 3014 1783 3055 sua

177 3083 316 3142 facit
345 3094 487 3142 stare
517 3085 845 3154 immobiles,
1729 3079 1736 3086 ’

582 3197 649 3248 ut
682 3197 800 3250 stat
828 3193 1144 3263 Marphesia
1173 3197 1386 3251 cautes.

1890 2043 2081 2118 gratiae
2092 2042 2193 2098 Dei
2207 2041 2426 2099 divitias
2437 2042 2828 2100 corroboratur
2838 2051 2889 2101 et
2900 2043 3264 2117 loclupetatur
3279 2045 3444 2102 homo
3463 2064 3478 2112 ;

1891 2141 2047 2212 cujus
2075 2140 2292 2197 divinus
2321 2139 2794 2214 incircumscripto
2816 2141 3036 2214 spiritui
3062 2141 3306 2198 adhaeret
3327 2140 3483 2212 spiri-

1892 2239 2004 2287 tus.
2075 2229 2352 2286 Pretiosor
2409 2237 2492 2286 est
2545 2229 2726 2303 pulvis
2781 2230 3016 2306 exiguus
3086 2246 3224 2288 auro
3270 2231 3479 2288 mundo

1891 2326 2112 2399 cbryzo,
2155 2325 2284 2383 licet
2320 2325 2540 2399 utrique
2575 2335 2734 2384 terrae
2762 2328 2956 2384 matrix
2997 2327 3071 2384 sit
3099 2327 3255 2402 origo
3285 2348 3306 2386 :
3348 2345 3480 2400 pre-

1891 2421 2104 2489 tiosior,
2136 2422 2383 2493 inquam,
2410 2421 2544 2494 quia
2571 2421 2704 2478 illud
2731 2421 2886 2491 fallit,
2920 2429 2974 2480 et
3007 2422 3210 2481 infelici
3238 2423 3484 2480 avaritias

1891 2510 2167 2567 blanditur
2208 2509 2524 2582 deceptorio
2553 2511 2742 2568 colore
2773 2529 2784 2565 :
2828 2512 2918 2568 hic
2947 2512 3159 2584 absque
3203 2513 3352 2569 omni
3381 2513 3484 2568 de-

1891 2599 2157 2672 ceptionis
2186 2599 2334 2667 fuco,
2366 2614 2490 2656 cum
2519 2599 2729 2673 ingenti
2754 2607 2809 2657 et
2837 2599 3005 2672 digna
3033 2600 3276 2657 omnium
3304 2600 3487 2658 admi—

1890 2690 2122 2756 ratione,
2145 2689 2203 2744 in
2258 2687 2489 2745 salutem
2534 2689 2724 2746 mundi
2767 2688 2978 2762 proiicit
3015 2706 3080 2748 ex
3125 2690 3352 2762 spiritus
3402 2690 3489 2747 sui

1891 2777 2348 2836 sanctiﬁcatione.
2381 2780 2611 2847 Aurum,
2645 2785 2699 2834 et
2735 2777 2998 2851 quidquid
3027 2779 3084 2834 in
3112 2779 3281 2836 rebus
3307 2787 3487 2838 mate-

1891 2867 2116 2926 rialibus
2136 2909 2151 2936 ,
2209 2868 2400 2925 oculos
2457 2866 2642 2923 carnis
2696 2865 2909 2940 fulgore
2963 2883 3065 2925 suo
3115 2868 3488 2942 perstringit;

1892 2963 2093 3029 quanto
2120 2955 2302 3028 magis
2329 2955 2643 3022 dividendo,
2665 2971 2792 3012 cum
2819 2971 3034 3014 summo
3063 2956 3356 3014 dividentis
3375 2957 3488 3013 dis-

1889 3044 2111 3116 pendio,
2131 3042 2437 3110 minuitur;
2470 3050 2622 3100 tanto
2652 3042 2878 3098 minoris
2903 3043 3064 3115 pretii
3092 3043 3337 3109 ducitur;
3367 3045 3482 3115 (97)

1891 3133 2020 3190 tanti
2047 3139 2228 3190 autem
2266 3131 2508 3203 pulveris
2539 3131 2821 3198 electrum,
2851 3139 3051 3204 quanto
3092 3132 3256 3190 latius
3287 3132 3400 3203 (98)
3426 3133 3486 3188 in

1889 3218 2186 3293 patiocinia
2223 3220 2599 3277 Ecclesiarum
2639 3220 2760 3291 Dei,
2791 3221 2910 3277 sine
2949 3220 3061 3277 ullo
3108 3219 3482 3278 distribuentis

252 3313 369 3371 Hoc
395 3314 598 3386 quippe
627 3313 1028 3386 vigilantissimi
1058 3329 1216 3386 papae
1243 3314 1488 3388 theologi
1503 3315 1615 3384 (91)
1636 3315 1773 3372 Gre-
1809 3329 1858 3396 ρ
1890 3310 2310 3378 intertrimento,
2339 3309 2704 3377 distribuitur,
2729 3316 2877 3365 tanto
2907 3308 3186 3382 profusius
3211 3309 3288 3365 illi
3317 3325 3484 3367 reve-

177 3402 327 3476 gorii
365 3403 532 3460 habet
573 3401 860 3473 Dialogus,
903 3403 1051 3474 quod
1101 3419 1291 3460 coram
1348 3405 1458 3474 (92)
1490 3403 1776 3474 cujusdam

172 3489 487 3563 magniﬁcae
546 3491 843 3546 sanctitatis
875 3491 980 3546 viri
1032 3491 1415 3548 sacratissimis
1472 3492 1772 3562 cineribus,

172 3579 266 3635 fur
294 3580 475 3636 noctis
506 3578 722 3636 furvum
754 3581 1032 3652 praecipue
1061 3589 1488 3652 appetens,cum
1520 3597 1772 3650 vervece,

174 3681 341 3740 quem
382 3668 452 3724 de
498 3667 694 3725 vicinis
730 3669 974 3736 ejusdem
1017 3668 1185 3726 electi
1234 3669 1336 3725 Dei
1364 3669 1570 3726 tumulo
1603 3670 1779 3727 caulis

175 3756 385 3824 ovium,
419 3757 535 3830 (93)
587 3756 808 3828 cleptim
867 3757 1143 3825 involavit,
1193 3758 1560 3814 invisibilibus
1615 3759 1776 3816 canis

171 3847 356 3914 vivus,
379 3862 414 3901 a
445 3847 600 3904 leone
629 3849 855 3904 mortuo
885 3847 1058 3916 (Eccl.
1076 3865 1158 3913 rx,
1191 3847 1270 3921 4),
1303 3847 1415 3904 imo
1445 3847 1772 3915 dormiente,

173 3935 389 3992 steterit
413 3935 617 4007 ligatus
647 3935 876 3991 nexibus
907 3953 922 4000 ;
954 3951 1058 3993 nec
1085 3952 1316 4009 usquam
1345 3935 1443 3993 niti
1472 3944 1527 3994 et
1553 3953 1616 3994 se
1638 3952 1776 4008 pro-

174 4024 376 4094 ripere,
405 4038 584 4096 neque
613 4023 878 4095 praedam,
901 4039 1066 4095 quam
1094 4024 1149 4080 in
1177 4025 1360 4081 vultus
1384 4025 1470 4079 sui
1498 4024 1778 4082 confusio-

172 4128 324 4180 nem,
372 4113 676 4186 permissus
731 4121 814 4169 est
869 4113 1176 4186 subripere,
1207 4113 1319 4170 ullo
1366 4113 1488 4170 nisu
1541 4115 1780 4188 potuerit

247 4302 361 4368 (90)
391 4304 545 4360 Auri
570 4319 793 4361 auram.
829 4304 1055 4362 Versata
1082 4303 1148 4375 in_
1167 4303 1343 4375 poetis
1373 4305 1654 4364 Thiofrido
1681 4307 1772 4364 ul-

178 4381 268 4431 tro
293 4383 578 4447 poetarum
607 4382 794 4430 sermo
817 4374 1050 4431 occurit.
1088 4373 1284 4447 Virgil.
1325 4392 1379 4432 v1
1398 4375 1523 4431 zEn.

281 4445 994 4519 Discolorjundeauriper
1023 4445 1209 4503 ramoi
1237 4463 1384 4504 aura
1404 4448 1662 4519 refulsit.

171 4517 390 4589 Auram
419 4516 660 4589 intellige
690 4517 1063 4589 splendorem.

175 4588 368 4714 1091)
401 4587 649 4714 ϐἔξςονὶἱ
684 4587 847 4644 habet
898 4589 1183 4658 Dialogus.
1217 4588 1354 4645 Vide
1396 4587 1495 4644 lib.
1528 4603 1590 4647 ιιι
1635 4589 1770 4646 Dia-

199 4673 298 4713 OE.
338 4674 394 4713 6.
432 4673 530 4713 22.

381 4673 685 4800 ὶίῗῗιλεᾱαπη
709 4728 1021 4800 magniﬁca
1041 4731 1369 4787 sanctitatis
1399 4730 1527 4786 viri.
1545 4731 1611 4788 D.
1630 4730 1771 4787 Gre-

168 4801 363 4871 gorius
414 4799 585 4854 nihilo
641 4799 817 4869 magis
873 4800 1134 4854 nominat.
1192 4803 1417 4856 Tantum
1475 4801 1547 4856 ait
1602 4801 1771 4860 fuisse

165 4871 561 4944 presbyterum
587 4873 892 4944 provincia:
929 4873 1175 4928 Valeriae.

247 4950 357 5020 (93)
392 4949 650 5026 Cteptim.
676 4950 882 5026 gotum
915 4957 997 5004 est
1025 4949 1299 5019 Graecum,
1333 4945 1533 5026 κλεπω,
1565 4969 1630 5026 ex
1663 4969 1772 5026 quo

172 5019 636 5094 Plautus,_c'lepo.
676 5022 979 5094 Utrumque
1019 5031 1118 5094 est,
1150 5027 1338 5094 furor.
1377 5024 1494 5079 lam
1526 5019 1772 5080 Sicut—ex

171 5093 299 5165 hoc,
333 5091 796 5165 diciturV/‘urtim,
828 5091 998 5165 itaex
1023 5092 1122 5165 illo
1150 5091 1356 5159 noster,
1391 5094 1606 5151 liberali
1630 5111 1772 5165 qua-

168 5164 318 5286 danfii,
353 5177 456 5286 ntec
499 5162 713 5218 insolita
742 5163 980 5230 licentia,
1014 5163 1143 5220 fecit
1188 5167 1439 5238 cleptim,
1473 5162 1665 5222 eodem
1692 5166 1772 5221 si-

168 5250 268 5286 gni
312 5249 375 5286 ca
401 5250 460 5286 u.

214 5242 435 5288 mticatu
448 5275 460 5288 .

167 5252 638 5375 εῃξὲῗῗῑβνίαενεε,
661 5322 787 5362 oves
816 5305 1147 5363 Dominicis.
1176 5311 1335 5364 Amat
1362 5306 1679 5365 Thiofridus
1711 5307 1769 5362 in

168 5375 543 5451 orationeeas
568 5377 956 5451 conAnexiones,
984 5380 1560 5451 quasappositionem
1585 5394 1774 5451 gram-

170 5446 356 5502 matici
411 5447 615 5502 dicunt.
648 5447 922 5503 Caeterum
953 5446 1282 5505 crediderim
1312 5453 1500 5507 ovium
1530 5446 1620 5507 hic
1648 5465 1770 5506 me-

169 5517 422 5579 minisse,
452 5518 599 5587 quod
627 5518 696 5574 de
724 5534 945 5574 vervece
974 5519 1246 5577 subducto
1276 5535 1459 5577 sermo
1486 5529 1659 5577 esset.

244 5590 359 5658 (95)
392 5589 591 5662 Diuina
619 5591 913 5662 creamine.
943 5591 1185 5646 Examen
1215 5592 1483 5662 intellige.
1515 5591 1772 5648 adhibitis

172 5659 496 5799 tormestis;
541 5667 596 5715 ut
634 5659 770 5715 illud
802 5676 814 5716 :
867 5660 1000 5730 Igne
1037 5678 1128 5718 me
1168 5659 1540 5720 examinasti.
1584 5664 1763 5734 (Psal.

175 5747 299 5794 xvr,
398 5771 412 5783 .

175 5747 299 5794 xvr,
332 5735 412 5794 3).

249 5802 366 5870 (96)
398 5801 779 5876 Nonacritate
809 5805 1053 5876 naturae.
1088 5802 1343 5874 Intelligo
1372 5805 1555 5876 quoad
1583 5809 1772 5860 mate—

176 5876 347 5931 riam,
377 5880 436 5926 ut
465 5872 650 5925 addita
681 5871 813 5924 ratio
843 5872 1066 5926 indicat.

249 5944 366 6020 (97_)
406 5943 573 6020 Tanti
603 5943 854 6020 pulveris
883 5943 1179 6020 electrum.
1214 5944 1504 6020 Eleganter
1529 5947 1636 6002 duo
1666 5946 1775 6001 dis-

171 6012 516 6086 junctiSsima
546 6012 847 6082 conjungit,
900 6019 958 6066 ut
1003 6027 1124 6068 cum
1182 6012 1355 6071 sancti
1395 6027 1589 6073 vocant
1637 6033 1772 6088 opu-

1799 4697 1852 4757 D
1883 4677 2037 4757 Euro,
2062 4670 2295 4757 argelnto

1883 3400 2074 3458 rentiae
2101 3414 2164 3456 ac
2194 3397 2420 3454 honoris
2447 3397 2686 3470 pretium
2731 3406 2783 3454 et
2829 3398 2994 3470 aegris
3039 3397 3358 3456 mortalibus
3390 3413 3486 3455 sa-

1882 3491 2010 3547 lutis
2062 3487 2362 3546 remedium
2392 3487 2750 3559 impenditur.
2788 3489 2869 3543 Ex
2895 3489 3054 3544 venis
3099 3495 3270 3544 terra:
3290 3503 3483 3543 aurum

1885 3595 2098 3636 summo
2128 3594 2249 3636 cum
2276 3577 2468 3634 labore
2489 3576 2716 3642 eruitur,
2739 3592 2956 3633 summo
2986 3592 3109 3633 cum
3140 3576 3339 3633 sudore
3369 3593 3482 3633 sco-

1884 3671 1974 3727 ria
2003 3671 2120 3740 ejus
2147 3667 2224 3725 ad
2248 3683 2460 3738 purum
2483 3668 2823 3739 excoquitur
2851 3666 2988 3739 (Isa.
3005 3684 3048 3734 r,
3066 3666 3181 3738 25),
3199 3673 3257 3724 et
3281 3666 3338 3722 in
3367 3667 3478 3724 for-

1884 3773 2019 3816 nace
2047 3767 2160 3814 tum
2180 3757 2401 3814 demum
2430 3755 2500 3812 ad
2515 3763 2722 3811 naturae
2748 3771 2863 3812 suae
2890 3756 3202 3812 claritatem
3221 3756 3462 3828 proficit,

1883 3847 2011 3904 dum
2067 3846 2260 3903 sordes
2311 3845 2506 3901 amittit
2548 3852 2601 3902 et
2637 3845 2854 3918 abjicit.
2911 3843 3004 3902 Sic
3045 3849 3099 3900 et
3135 3845 3270 3902 tanti
3317 3845 3478 3918 pretii

1883 3938 2172 3993 thesaurus
2203 3935 2272 3992 de
2311 3943 2456 3992 terra
2486 3933 2707 4006 quidem
2747 3933 2938 4003 oritur,
2970 3933 3071 3990 sed
3098 3931 3168 3990 de
3199 3941 3339 3991 terra
3368 3933 3477 3990 tol-

1883 4025 2031 4093 litur,
2064 4025 2192 4081 dum
2221 4025 2279 4080 in
2326 4022 2530 4080 sanctis
2567 4022 2746 4079 adhuc
2773 4021 2831 4078 in
2876 4023 2994 4079 acie
3023 4022 3410 4095 pugnantibus,
3441 4039 3479 4080 a

1883 4123 2104 4172 terrena
2129 4113 2343 4171 actione
2369 4127 2496 4170 cum
2540 4111 2752 4186 spiritu,
2787 4111 2881 4186 qui
2911 4112 2966 4167 in
2996 4112 3118 4185 ipso
3165 4119 3248 4168 est
3276 4112 3476 4170 divinae

1882 4304 2240 4361 lautissimam
2296 4309 2690 4376 paupertatem,
2733 4306 2790 4357 et
2847 4301 3148 4376 Origenes
3173 4303 3244 4360 de
3301 4303 3478 4361 Maria

1881 4376 2229 4449 Magdalena,
2261 4373 2560 4449 {Chi-isto,
2592 4382 2853 4449 tanquam
2882 4373 3282 4449 ab'hortulano,
3318 4392 3474 4446 quae-

1882 4444 2054 4515 rente,
2073 4464 2216 4527 num
2255 4463 2316 4502 se
2345 4444 2826 4527 sustulisset‘lait,
2856 4459 2976 4500 eam
3010 4446 3168 4526 docte
3207 4444 3474 4527 ignorare

1881 4528 1935 4574 et
1962 4520 2259 4600 sapienter
2282 4533 2502 4600 errare.
2553 4516 2998 4600 Electrum'auro
3021 4516 3141 4588 ipso
3178 4516 3473 4600 pretiosius

1881 4537 1935 4574 et
1962 4537 2254 4644 sapienter
2282 4537 2502 4574 errare.
2553 4537 2836 4596 nisurum
2865 4537 2998 4597 aure
3021 4537 3141 4588 ipso
3178 4537 3473 4600 pretiosius

1880 4598 2026 4646 meta
2049 4590 2160 4645 lum
2217 4589 2490 4670 Origenes
2530 4593 2798 4670 censuit.
2847 4587 3094 4670 Plinius,_
3123 4594 3352 4670 mistum
3403 4605 3473 4670 ex

1883 4677 2037 4729 auro,
2070 4658 2405 4786 argentoque
2453 4658 2612 4738 hujus
2651 4658 2840 4729 quinta
2865 4665 3020 4727 parte
3062 4658 3325 4714 duntaxat
3364 4660 3468 4715 ad-

1883 4733 2016 4788 dita.
2061 4732 2298 4804 Quidqui
2393 4730 2511 4799 ejus
2569 4736 2658 4804 ait,
2716 4727 3067 4804 splendorem
3104 4737 3259 4784 certe
3281 4729 3472 4804 _babet

1881 4799 2155 4869 eximium,
2190 4799 2298 4874 quo
2328 4809 2380 4857 et
2399 4815 2590 4856 aurum
2620 4799 2768 4874 haud
2797 4799 2964 4874 dubie
2992 4808 3241 4874 superat.
3279 4799 3467 4872 Itaque

1878 4883 2056 4939 locum
2085 4869 2222 4938 fecit
2247 4880 2543 4953 Proverbio
2567 4896 2582 4933 :
2611 4869 2867 4953 ἠλέκτρου
2895 4869 3324 4953 διαφιγγέστιρον
3348 4869 3468 4936 Eia.

1879 4958 2000 5011 ctro
2024 4955 2376 5027 pellicidius.
2417 4952 2577 5009 Unde
2605 4952 3146 5027 Ezechielpropbeta
3167 4952 3300 5027 alias
3319 4967 3468 5027 com-

1879 5041 2008 5095 para
2024 5021 2160 5081 "cum
2199 5025 2311 5096 igni
2355 5025 2503 5094 (cap.
2542 5039 2583 5089 ι,
2623 5027 2739 5096 27),
2790 5021 3003 5093 opinor,
3035 5024 3158 5094 quia
3214 5022 3468 5096 similiter

1879 5097 2078 5163 vibrat,
2109 5095 2247 5150 alias
2276 5098 2346 5164 (c.
2377 5110 2497 5158 vm,
2523 5099 2583 5167 2)
2622 5095 2770 5151 clare
2799 5096 2961 5166 quasi
2984 5098 3245 5167 aspectus
3272 5095 3466 5166 splen-

1879 5167 2050 5232 doris,
2080 5171 2147 5223 ut
2169 5168 2306 5223 visio
2333 5166 2557 5222 electri.

1951 5239 2066 5318 (98)
2096 5238 2166 5292 In
2195 5239 2539 5318 patrocinia.
2572 5235 3322 5318 Ecclesiarum-Erubescant
3348 5235 3468 5318 Cal.

1880 5307 2210 5381 vinistae,qui
2233 5308 2363 5362 dum
2385 5309 2544 5376 hujus
2563 5310 2814 5381 pulveris
2831 5307 3464 5381 electrumconculcant,

1881 5379 2320 5450 succenturiatos
2336 5379 2699 5450 acesten—dunt
2722 5379 2866 5435 illius
2887 5380 3161 5450 serpentis
3185 5379 3277 5450 qui
3299 5384 3469 5450 terra

1879 5451 2188 5522 pulverem,
2207 5449 2875 5522 maledictioneurgente,
2910 5449 3171 5507 comedit.
3201 5449 3356 5505 Isille
3387 5458 3472 5522 est

1882 5519 1974 5592 qui
2004 5519 2300 5592 lulianum,
2324 5520 2506 5592 Deiet
2529 5519 2816 5591 religiOnis
2845 5522 3199 5592 perduellem,
3224 5521 3471 5576 stimula-

1881 5589 1977 5665 vit,
2003 5599 2091 5665 _ut_
2119 5590 2380 5665 nobilem
2403 5589 2556 5645 illum
2598 5589 2817 5665 Babyla:
2845 5589 3133 5665 martyris
3178 5593 3470 5665 pulverem

1882 5661 2208 5734 Daphnitico
2238 5661 2479 5734 delubro
2493 5661 2684 5734 procul
2710 5661 3194 5734 amoveretJdem'
3207 5671 3470 5734 apostatae

1882 5730 2024 5787 illius
2071 5740 2298 5805 nepotes
2337 5730 2738 5805 Calvinicrepos
2791 5733 2956 5805 longe
2997 5733 3140 5788 ultra
3196 5730 3472 5803 provexit,

1883 5813 1939 5857 ut
1967 5801 2341 5874 sanctissimas
2372 5801 2841 5874 sanctissimorum
2864 5801 3120 5874 reliquias
3152 5801 3469 5858 exurerent.

1881 5877 2050 5929 Porro
2109 5873 2269 5928 solita
2342 5873 2773 5944 periEcclesias
2842 5873 3093 5929 distribui
3157 5882 3472 5928 sanctorum

1881 5945 2111 6017 lipsana,
2160 5943 2348 6000 disces
2388 5943 2533 5999 infra
2577 5943 2674 5999 lib.
2705 5959 2784 6012 Ill,
2817 5960 2872 6001 c.
2911 5948 2965 6013 4,
2997 5955 3049 6002 et
3093 5945 3188 6000 lib.
3223 5957 3300 6008 Iv,
3332 5957 3381 5996 c.
3415 5945 3469 5998 6.
