3910 6408
492 438 596 497 343

1462 432 1826 492 THIOFRIDI
1867 433 2151 491 ABBATIS
2191 431 2775 515 EFTERNACENSIS

3696 435 3799 491 εει

490 558 864 629 miseratior'a'e
906 566 1182 632 respectu,
1211 558 1538 626 secernitur,
1591 564 1647 615 et
1692 556 1851 630 quasi
1895 571 2090 614 aurum
2120 558 2177 621 A
2205 565 2259 613 et
2287 573 2411 613 cum
2436 563 2683 614 mortuus
2705 556 2909 612 mundo
2923 565 3040 616 nen
3061 555 3269 627 diligat
3285 557 3708 625 mundum,nec
3726 565 3799 615 'ea

495 650 643 724 quod
654 665 754 722 per
769 649 956 724 ignem
971 657 1087 705 tran
1095 649 1250 718 sit,ex
1259 647 1470 704 ustione
1491 644 1880 702 tribultationis
1899 645 2094 718 proba-

492 746 602 806 tur,
620 746 677 795 at
703 737 972 803 exuritur;
992 745 1044 793 et
1060 738 1129 793 ab
1145 737 1300 794 omni
1317 736 1575 792 vitiorum
1597 734 1759 791 sorde
1770 734 2094 807 purgatissi-

492 827 754 906 mus,(99)
773 843 839 882 ex
851 843 1057 884 corona
1077 826 1434 893 Melchom,in
1450 825 1790 882 diadematis
1810 838 2093 880 ornamen-

495 933 603 981 tum
627 924 704 997 (ΙΙ
726 926 855 995 Reg.
879 939 979 994 xn,
996 926 1099 991 30;
1135 923 1161 980 1
1175 924 1369 980 Paral.
1392 936 1494 991 xx,
1516 919 1751 993 2),(100)
1775 932 1905 977 vere
1925 936 2092 977 manu

491 1021 649 1082 fortis
676 1020 875 1089 David,
890 1020 1239 1092 procuditur.
1261 1019 1511 1076 Pulveris
1534 1018 1703 1076 tancti
1733 1018 2092 1076 sanctificatio

493 1133 990 1191 aurum,gemmas,
1015 1125 1070 1175 et
1096 1118 1300 1183 omnia,
1315 1133 1440 1191 quas
1460 1116 1762 1173 secundum
1788 1115 2092 1173 Ezechielis

492 1216 808 1274 vaticinium
834 1216 1216 1288 negotiatores
1233 1215 1389 1272 Aran
1418 1218 1475 1272 et
1504 1214 1678 1279 Eden,
1694 1219 1750 1270 et
1775 1213 2092 1271 venditores

496 1315 639 1373 Saba
665 1318 723 1372 et
755 1316 949 1381 Assur,
972 1314 1193 1385 (lOl)in
1214 1312 1473 1369 nundinis
1496 1310 1690 1383 typicm
1709 1310 1839 1382 Tyri
1859 1308 2093 1365 multifa-

489 1414 634 1471 riam
648 1413 952 1473 involuCris
967 1416 1171 1488 hyacin
1178 1415 1350 1482 thi,et
1364 1413 1767 1486 polymitorum
1777 1427 2093 1483 .gazarum-

489 1529 595 1586 que
611 1509 1017 1584 pretiosarum.
1042 1509 1248 1566 habent
1267 1510 1548 1577 obvoluta,
1567 1517 1621 1565 et
1639 1517 1989 1581 peccaturum
2007 1511 2092 1581 fu-

488 1602 657 1658 nibus
683 1602 898 1658 astrica
919 1599 1144 1672 (Ezeeh.
1174 1613 1360 1667 xxvu,
1384 1600 1497 1672 23),
1528 1600 1596 1656 de
1625 1614 1954 1679 mammona
1982 1597 2092 1653 ini-

487 1693 726 1765 quitatis
750 1690 906 1761 (Luc,
938 1704 1060 1757 xvr,
1094 1688 1151 1757 9)
1182 1688 1382 1745 liberat
1410 1687 1831 1761 gazophylacio,
1861 1702 1927 1743 ac
1954 1700 2090 1742 san-

488 1787 684 1844 ctitatis
741 1803 860 1843 suae
884 1786 1215 1843 commercio
1270 1786 1363 1841 dat
1420 1801 1544 1841 esse
1587 1785 1950 1855 sanctiﬁcata
1977 1784 2088 1843 Do-

485 1879 643 1934 mino
678 1895 693 1944 ;
726 1880 793 1932 ut
820 1877 1070 1949 reposita
1098 1877 1162 1932 in
1193 1876 1477 1932 thesauris
1505 1877 1630 1949 ejus
1651 1876 1834 1946 (Iosue
1863 1889 1941 1943 γι,
1977 1873 2087 1946 19),

486 1966 554 2022 ad
584 1965 891 2022 ornandum
921 1964 1105 2021 locum
1135 1964 1334 2037 quietis
1366 1980 1501 2032 suae,
1534 1972 1589 2020 et
1616 1963 1672 2019 in
1701 1964 1906 2021 cultum
1933 1979 2088 2035 mys-

484 2050 576 2121 tici
609 2061 949 2120 tabernaculi
973 2065 1031 2118 et
1052 2061 1239 2134 templi
1269 2063 1372 2129 sui,
1392 2076 1503 2118 non
1534 2067 1644 2116 tam
1674 2060 1897 2134 proprio
1929 2076 2091 2134 quam

482 2153 652 2226 longe
686 2150 1038 2224 praetentiore
1066 2149 1272 2207 conditi
1300 2150 1357 2205 in
1401 2165 1463 2207 se
1500 2149 1747 2206 thesauri
1791 2148 2090 2220 eﬂ’ulgeant

482 2240 687 2315 pretio.
723 2241 858 2295 Auri
896 2254 1049 2306 aura,
1084 2247 1139 2296 et
1167 2239 1368 2295 similia
1397 2238 1589 2295 mundi
1617 2238 1999 2304 delectabilia,
2034 2247 2088 2295 et

481 2338 601 2396 visu
631 2338 878 2411 pulchra,
921 2353 989 2394 ex
1017 2337 1397 2394 commistione
1428 2341 1487 2393 et
1515 2336 1914 2408 conspersione
1970 2350 2083 2392 non

487 2427 810 2484 sanctiticati
848 2426 1110 2499 pulveris,
1146 2426 1384 2483 obducta
1421 2426 1606 2498 specie
1653 2426 1739 2481 sui
1789 2425 2008 2482 decoris
2033 2432 2088 2482 et

482 2516 923 2589 pulchritudinis,
956 2514 1325 2572 obscurantur
1354 2533 1370 2583 ;
1404 2515 1502 2572 sed
1531 2531 1629 2587 per
1648 2514 1931 2587 pulverem
1961 2530 2087 2570 san-

482 2604 744 2663 tiﬁcatum
794 2603 1111 2673 clariﬁcata,
1166 2618 1277 2660 non
1322 2611 1430 2658 tam
1465 2611 1662 2660 ornant
1706 2618 1871 2675 quam
1920 2618 2086 2660 exor-

481 2702 684 2751 nantur
728 2710 743 2758 ;
803 2700 858 2750 et
908 2692 1285 2765 propensiore
1340 2692 1669 2749 claritudine
1721 2692 2080 2750 illustrantur.

486 2783 645 2842 Unde
676 2780 1033 2839 materialiter
1059 2779 1323 2838 offuscari
1348 2781 1477 2838 inde
1524 2780 1880 2854 spiritualiter
1906 2780 2086 2838 solent

486 2870 768 2937 illustrari,
812 2870 1026 2941 fulgore
1083 2886 1203 2939 suo,
1236 2870 1522 2936 carnales;
1574 2870 1780 2927 meritis
1809 2878 1864 2927 et
1908 2871 2084 2943 gratia

479 2960 624 3034 ejus,
655 2960 796 3033 quod
837 2960 892 3015 in
933 2975 994 3016 se
1027 2959 1364 3026 reconditur,
1397 2959 1587 3016 oculos
1632 2960 1687 3015 in
1720 2976 1781 3016 se
1843 2959 2087 3015 alliciunt

482 3048 819 3122 spirituales.
852 3048 931 3104 Ex
961 3064 1024 3104 se
1054 3047 1344 3104 avaritiam
1362 3048 1555 3105 carnis
1582 3047 1854 3104 exitialem
1886 3068 1901 3115 ;
1935 3050 2084 3120 (102)

478 3154 581 3211 per
608 3136 881 3195 inclusum
926 3135 1239 3209 depositum
1267 3152 1446 3203 suum,
1480 3153 1604 3193 cum
1635 3136 1786 3209 (103)
1815 3137 2089 3211 Augusti-

2202 662 2325 721 quae
2370 649 2511 703 sunt
2551 645 2755 702 mundi
2799 646 2851 718 (Ι
2892 647 3059 703 Joan.
3116 661 3176 711 ιι,
3222 648 3356 717 15);
3405 645 3592 701 subtili
3620 654 3799 703 tamen

2202 734 2437 792 aestimat
2479 734 2687 806 judicio
2715 734 2901 801 animi,
2933 734 3004 791 de
3052 733 3256 790 mundo
3309 749 3421 790 non
3479 750 3621 801 esse,
3656 735 3797 808 quod

2200 837 2453 904 includit,
2486 837 2576 895 vel
2602 836 2864 905 obvolvit,
2900 837 2957 895 id
2991 837 3139 911 quod
3168 837 3404 895 evidenti
3433 837 3640 895 ratione
3670 854 3796 896 con-

2202 934 2329 995 stat,
2360 943 2527 998 super
2572 926 2835 983 mundum
2880 942 3030 982 esse.
3061 929 3142 982 An
3188 942 3297 983 non
3339 942 3510 999 super
3537 928 3796 984 mundum

2202 1022 2531 1079 sanctiﬁcati
2556 1021 2802 1095 pulveris
2828 1023 3068 1096 pretium
3097 1031 3197 1091 est,
3231 1023 3287 1080 in
3316 1039 3423 1098 quo
3450 1040 3548 1096 per
3582 1024 3795 1097 glorifi-

2202 1120 2311 1179 cati
2360 1120 2588 1193 spiritus
2635 1122 2889 1180 meritum
2938 1124 3089 1194 (104)
3140 1121 3290 1180 salus
3335 1122 3521 1180 mundi
3548 1126 3631 1179 est
3655 1124 3685 1179 τ
3733 1124 3795 1179 In

2200 1208 2405 1267 mundo
2441 1217 2599 1266 extra
2630 1211 2904 1268 mundum
2932 1226 3045 1267 non
3074 1211 3146 1268 de
3176 1210 3379 1267 mundo
3408 1219 3515 1278 est,
3544 1211 3641 1268 sed
3675 1213 3797 1281 (se-

2201 1297 2441 1354 cundum
2460 1298 2588 1365 hoc,
2611 1299 2761 1371 quod
2792 1300 3048 1357 Christus
3075 1303 3140 1359 in
3169 1316 3227 1357 se
3252 1300 3528 1357 mundum
3555 1302 3799 1357 reconci-

2202 1387 2353 1443 lians
2383 1386 2457 1457 (II
2487 1386 2609 1455 Cor,
2640 1403 2696 1454 v,
2730 1390 2785 1458 1)
2824 1389 2932 1447 Deo
2971 1389 3153 1456 Patri,
3188 1390 3458 1462 apostolis
3496 1390 3633 1456 suis,
3662 1405 3797 1463 quos

2197 1500 2303 1558 per
2329 1485 2611 1558 Spiritum
2638 1490 2908 1543 sanetum
2936 1487 3130 1559 elegit,
3155 1486 3369 1544 locutus
3386 1494 3471 1543 est
3497 1487 3641 1555 (Act.
3657 1502 3697 1555 ι,
3716 1491 3793 1557 2),

2199 1582 2268 1640 de
2290 1584 2501 1640 mundo
2512 1599 2630 1639 non
2648 1586 2787 1641 estis
2807 1584 2903 1641 sed
2917 1600 3014 1657 ego
3029 1585 3169 1657 elegi
3185 1600 3280 1642 eos
3294 1585 3361 1642 de
3372 1585 3582 1641 mundo
3607 1586 3793 1653 (toan.

2200 1687 2292 1738 xv,
2326 1673 2437 1738 19),
2466 1672 2614 1744 quod
2659 1671 2716 1727 in
2744 1672 2967 1741 mundo,
2993 1672 3065 1729 de
3093 1673 3297 1729 mundo
3323 1680 3661 1745 procreatum
3689 1680 3793 1741 est,

2199 1767 2258 1815 ut
2284 1759 2412 1816 inde
2453 1760 2565 1829 jam
2603 1775 2714 1817 non
2759 1760 2860 1829 sit;
2909 1777 3024 1817 non
3054 1762 3138 1817 sui
3176 1762 3359 1818 meriti
3408 1761 3795 1834 prmrogativa,

2197 1864 2311 1906 non
2355 1855 2548 1921 suapte
2594 1856 2814 1917 natura,
2872 1842 2972 1907 sed
3030 1850 3272 1923 gratuita
3324 1850 3424 1907 Dei
3477 1850 3667 1923 gratia,
3726 1849 3799 1907 de

2201 1938 2406 1995 mundo
2431 1937 2665 1995 electum
2693 1945 2802 1995 est.
2848 1939 2913 1994 In
2940 1953 3079 1996 auro
3120 1946 3175 1994 et
3203 1938 3457 1995 omnibus
3485 1939 3632 2008 (105)
3660 1953 3796 2009 spo-

2200 2026 2289 2083 liis
2326 2026 2602 2093 Damasci,
2637 2043 2761 2099 quae
2788 2026 2976 2083 mundi
3005 2034 3089 2083 est
3116 2035 3294 2099 typus,
3324 2035 3411 2083 est
3437 2027 3794 2099 praesumptio

2198 2124 2252 2172 et
2272 2114 2449 2189 gloria
2472 2114 2661 2171 mundi
2692 2133 2708 2170 :
2740 2116 2840 2171 sed
2866 2115 2996 2171 dum
3024 2115 3316 2188 eliguntur,
3331 2123 3385 2171 et
3413 2122 3788 2183 secernuntur,

2196 2212 2251 2268 in
2282 2210 2687 2284 operimentum
2715 2219 2770 2268 et
2806 2219 3057 2268 ornatum
3089 2211 3342 2269 dissoluti
3371 2212 3505 2267 tanti
3547 2211 3791 2283 pulveris

2195 2301 2497 2358 electorum
2526 2300 2666 2364 Dei;
2697 2296 2781 2356 est
2809 2316 3029 2374 quoque
3058 2300 3111 2356 in
3143 2301 3224 2357 eis
3253 2300 3659 2357 evidentissima
3688 2300 3791 2355 vir-

2194 2398 2280 2447 tus
2312 2398 2365 2448 et
2413 2390 2594 2463 gloria
2632 2390 2752 2446 Dei.
2795 2390 2935 2445 Nam
2972 2390 3431 2463 quemadmodum
3471 2390 3538 2447 de
3574 2390 3786 2460 spiritu

2194 2479 2532 2553 legislatoris
2565 2479 2733 2551 10ῃεὶ
2779 2479 2970 2549 (Num.
3000 2494 3082 2548 χι,
3117 2480 3231 2549 25),
3267 2478 3478 2552 absque
3508 2478 3652 2535 omni
3689 2479 3792 2533 im-

2191 2575 2513 2632 minutionis
2540 2575 2896 2639 detrimento,
2915 2575 3082 2632 infusi
3109 2582 3163 2632 et
3190 2574 3386 2647 repleti
3416 2582 3543 2631 sunt
3571 2579 3789 2648 septua-

2190 2667 2354 2739 ginta
2381 2665 2490 2721 viri
2521 2665 2757 2734 (Jerem.
2811 2680 2970 2733 xxxx,
3008 2665 3118 2734 10),
3150 2664 3425 2719 minorum
3451 2664 3508 2719 in
3546 2663 3791 2719 Ecclesia

2193 2753 2538 2811 sacerdotum
2554 2754 2670 2826 typi
2688 2772 2703 2822 ;
2727 2752 2808 2810 sic
2822 2769 2924 2825 per
2939 2755 3306 2826 septuaginta
3326 2767 3607 2809 annorum
3619 2754 3788 2821 (Dan.

2192 2871 2274 2923 ix,
2308 2857 2361 2927 2)
2394 2856 2543 2927 (106)
2572 2856 2863 2928 mysticum
2881 2864 3087 2928 septem
3117 2855 3446 2912 decadarum
3477 2870 3783 2922 numerum,

2192 2962 2293 3019 per
2321 2961 2486 3002 omne
2514 2944 2760 3018 profecto
2808 2952 3021 3017 tempus
3052 2944 3285 3000 labentis
3312 2943 3521 3011 saeculi,
3558 2943 3627 3000 de
3657 2959 3792 2999 san-

2194 3044 2379 3100 ctitate
2402 3041 2638 3115 Spiritus
2667 3039 2959 3115 glorificati
2983 3056 2997 3111 ;
3027 3040 3323 3114 gratiarum
3351 3040 3589 3097 omnium
3615 3039 3793 3112 pleni-

2195 3144 2380 3201 tudine
2406 3143 2765 3201 infunduntur
2782 3150 2835 3198 et
2862 3142 3161 3216 implentur
3181 3142 3506 3199 dilectorum
3535 3142 3657 3209 Dei,
3681 3158 3790 3199 non

480 3241 586 3282 nus
613 3226 906 3282 Dominum
939 3241 1159 3299 quoque
1186 3232 1343 3283 vocet
1371 3240 1622 3295 avarum.
1654 3226 1937 3282 avaritiam
1965 3226 2087 3282 ani-
2117 3278 2164 3304 η
2197 3240 2309 3291 tam
2337 3240 2487 3290 artus
2516 3232 2810 3289 examinati
2840 3250 2855 3300 ;
2888 3247 3048 3304 quam
3079 3246 3261 3297 omne,
3292 3245 3401 3303 quo
3428 3230 3514 3288 vel
3541 3230 3789 3299 interius,

480 3326 585 3371 mae
631 3314 856 3371 incitant
901 3313 1180 3372 vivificam
1229 3323 1284 3371 et
1328 3314 1648 3374 salutarem.
1678 3314 1896 3385 Quanto
1937 3315 2084 3371 enim

480 3403 715 3479 quisque
741 3406 835 3460 est
853 3403 1122 3470 sanctior,
1139 3410 1288 3460 tanto
1317 3410 1376 3459 et
1401 3403 1534 3459 tanti
1559 3404 1801 3460 thesauri
1829 3403 2079 3472 avidior;

560 3656 676 3725 (99)
708 3657 795 3712 Ea:
823 3669 1036 3711 corona
1065 3654 1353 3711 NelehOm.
1383 3654 1518 3725 Erat
1547 3652 1639 3710 hic
1666 3670 1762 3710 rex
1793 3654 2083 3711 Ammoni-

488 3724 682 3793 tarum,
718 3742 750 3782 e
786 3726 942 3794 cujus
971 3726 1383 3797 pretiosissima
1407 3724 1720 3797 diademate
1766 3726 1939 3782 David
1974 3726 2089 3797 sibi

490 3794 1249 3869 diademaconcinnavit:rac
1273 3798 1323 3869 si
1355 3794 1763 3868 quodammodo
1792 3814 1823 3853 e
1855 3796 2087 3869 profano

488 3884 712 3925 sacrum
742 3866 887 3924 fecit.
922 3868 1013 3924 Sic
1054 3866 1133 3923 ait
1156 3866 1490 3937 Thiofridus,
1524 3875 1838 3925 sanctorum
1855 3866 2086 3924 cineres

490 3947 544 3996 et
561 3939 852 4020 reliquias,
884 3939 933 4020 si
959 3938 1232 4020 originem
1260 3946 1498 4020 spectes,
1529 3940 1783 4020 profanas
1811 3955 1954 4009 esse,
1987 3939 2085 3995 sed

487 4009 714 4082 spiritus
744 4009 1030 4082 sanctitate
1054 4009 1141 4082 ita
1172 4009 1504 4071 consecrari.
1532 4009 1595 4082 ut
1619 4010 1889 4081 Christus,
1924 4026 2087 4066 verus

486 4080 690 4147 David,
722 4098 813 4154 eas
840 4096 953 4154 non
981 4080 1310 4153 dedignatur
1331 4082 1509 4154 :pquin
1538 4081 1782 4154 imosint
1809 4080 2086 4154 tanquam

487 4169 696 4210 corona
715 4151 1194 4225 gloriteiunzanu
1214 4152 1513 4225 Dominiet
1538 4152 1797 4225 diadema
1826 4151 1986 4225 regni
2019 4151 2081 4208 in

487 4239 666 4279 manu
698 4222 800 4279 Dei
834 4224 924 4278 sui
972 4222 1107 4291 (ιτα.
1145 4238 1281 4291 Lxu,
1312 4224 1388 4289 3).
1429 4222 1589 4292 Quod
1635 4224 1747 4280 dixi
1815 4222 2079 4280 malchom

488 4294 664 4350 fuisse
691 4308 884 4366 regem
925 4294 1379 4366 Ammonitarum,
1412 4309 1532 4366 non,
1549 4310 1637 4350 me
1679 4295 1811 4351 latet
1837 4295 2082 4366 assequi

486 4366 668 4421 Deum
695 4363 897 4436 potius,
922 4363 1204 4436 etidolum
1235 4365 1405 4420 fuisse
1430 4365 1619 4431 velint,
1653 4367 1881 4436 ejusque
1910 4363 2078 4422 fuisse

487 4383 668 4421 ueum
695 4383 897 4436 ponus,
922 4383 975 4419 et
999 4383 1204 4420 tantum
1235 4383 1405 4420 ruisse
1430 4383 1619 4431 vennt,
1653 4383 1739 4436 eju
1810 4383 1881 4422 ue
1910 4383 2077 4422 luisse

487 4437 630 4508 hanc
657 4448 939 4508 coronam.
971 4434 1239 4508 Sedmihi
1267 4450 1376 4492 non
1403 4383 1916 4508 persuadentﬂiim
1944 4437 2077 4492 mihi

485 4506 671 4579 facere
697 4506 949 4579 videntur
971 4504 1133 4579 claris
1170 4504 1464 4579 Scripturae
1500 4507 1679 4563 verbis
1711 4525 1725 4562 :
1766 4509 1917 4565 Tulit
1948 4509 2077 4564 dia-

488 4578 654 4651 deuia
680 4578 828 4650 regis
856 4592 1054 4651 eorum
1093 4577 1161 4633 de
1184 4622 1185 4625 η
1198 4577 1392 4651 capite
1418 4579 1541 4650 ejus
1560 4579 1811 4651 ,(lflleg.
1851 4595 1912 4646 ιι,
1946 4583 2064 4651 20).

485 4648 673 4731 ausim
706 4648 893 4731 prope
935 4648 1143 4731 dicere,
1160 4648 1518 4731 vim'quoque
1547 4648 1670 4731 ﬁeri
1699 4648 1888 4721 pietati
1917 4650 2081 4731 Davi-

486 4720 593 4788 dis,
627 4719 735 4792 qui
760 4719 948 4794 utique
974 4719 1332 4776 contamirari
1356 4719 1633 4791 se'magis
1661 4719 1825 4794 quam
1869 4722 2074 4794 ornari,

485 4805 556 4863 eo
607 4791 913 4863 gestamine
966 4798 1238 4863 censeret.
1269 4794 1659 4863 Argumentum
1681 4791 1780 4848 ‘de
1835 4792 2080 4863 pondere

486 4861 699 4930 talenti,
741 4862 1005 4917 librarum
1048 4861 1416 4918 Romanarum
1460 4877 1612 4918 cxxv
1658 4861 1882 4919 minime
1912 4870 2082 4919 terret

486 4947 606 4999 eos,
636 4932 730 5005 qui
753 4931 1023 5006 talentum
1062 4947 1169 5006 nec
1199 4933 1580 5006 duodecimam
1612 4934 1776 5003 hujus
1819 4933 2080 5006 ponderis

484 5003 700 5076 partem
750 5003 1031 5077 habuisse,
1082 5004 1595 5077 bonisdrationibus
1624 5005 1730 5061 sibi
1783 5003 2080 5077 persuase-

488 5075 653 5147 runt;
685 5076 886 5147 quibus
901 5075 1191 5147 assentior.
1216 5075 1355 5132 Vide
1384 5076 1693 5132 ludovicum
1719 5075 1799 5132 ab'
1815 5078 2075 5133 Alcasar.

488 5146 569 5220 De
598 5146 936 5220 ponderibus
981 5146 1177 5220 sacris,
1201 5148 1563 5220 propositone
1590 5152 1680 5220 22,
1713 5147 1745 5220 g
1783 5153 1833 5217 3,
1868 5148 1952 5203 lit.
1992 5150 2068 5203 (ὲ.

486 5215 738 5300 Denique
778 5217 1146 5300 quidnat‘tinet
1184 5215 1456 5300 dubitare,
1495 5235 1566 5300 ne
1606 5215 2076 5300 _dicam,'neg_a.re,

487 5288 752 5360 pavidam
792 5288 849 5344 id
894 5288 1148 5360 diadema
1195 5296 1422 5360 gestare
1468 5291 1734 5360 potuisse,
1765 5305 1890 5347 cum
1924 5288 2084 5347 'dicat

487 5356 770 5429 Scriptura
798 5367 927 5434 tam_
956 5359 1179 5434 disertis
1200 5356 1413 5434 'verbis
1445 5356 1483 5417 ;”
1505 5361 1573 5416 Et
1620 5356 1952 5434 impositum
1996 5366 2083 5417 est

483 5444 656 5555 arma:
690 5434 864 5502 caput
897 5431 1087 5488 David.
1121 5430 1281 5500 Quod
1311 5440 1458 5488 certe
1485 5448 1677 5488 omnes
1701 5430 1954 5507 argutias
1980 5448 2081 5489 ex-

554 5606 703 5687 (100)
734 5606 862 5687 Ve_re
890 5623 1071 5687 manu
1098 5608 1267 5687 fortis
1291 5609 1498 5687 David.
1532 5609 1735 5667 Alludit
1762 5610 1833 5665 ad
1863 5616 2083 5683 etymon

479 5677 719 5811 ngjnis
768 5677 960 5745 David,
1003 5677 1150 5751 quod
1196 5679 1363 5753 aliqui
1421 5681 1850 5755 interpretantur
1899 5677 2081 5739 manu

600 5763 675 5801 ις.

513 5852 700 5937 101)
731 5854 797 5935 In
836 5855 1118 5910 nundinis
1141 5857 1339 5937 typica:
1373 5859 1522 5929 Tyri.
1547 5859 1745 5937 ‘Tryrus
1774 5859 2074 5937 mundun},

483 5928 599 5977 sive
639 5928 930 5994 impiorum
959 5928 1442 5996 congregationem
1470 5928 1647 5983 notat.
1685 5928 1933 5998 Corpora
1963 5930 2074 6001 igi-

2116 3278 2166 3343 C

2197 3323 2285 3380 vel
2312 3322 2552 3379 exterius
2580 3320 2964 3393 c00periuntur
2991 3334 3185 3376 eorum
3228 3318 3464 3385 cineres,
3494 3317 3550 3375 in
3576 3327 3788 3375 natura:

2196 3428 2311 3470 sua:
2339 3411 2637 3485 originem,
2653 3409 2888 3466 naturali
2908 3409 3243 3466 resolutione
3262 3407 3513 3475 revoluti,
3530 3423 3594 3466 ac
3608 3407 3788 3465 relati.

2196 3668 2285 3717 tur
2310 3660 2555 3716 humana
2578 3658 2742 3730 ,(qum
2776 3655 2831 3711 in
2860 3653 3070 3730 mundo
3120 3653 3273 3727 quasi
3325 3653 3540 3730 venalia
3589 3654 3787 3727 exponi

2197 3732 2470 3807 videntur,
2490 3737 2540 3807 et
2574 3725 2995 3807 in'tltesaurum,
3027 3725 3153 3807 sive
3171 3726 3617 3807 gazophylacium
3647 3725 3786 3798 quo-

2195 3803 2491 3859 dammodo
2524 3798 2824 3872 iniquitatis
2851 3796 3068 3872 reponi)
3108 3796 3325 3872 animae
3348 3796 3783 3872 sanctte,_opera,

2197 3875 2267 3931 ab
2322 3873 2416 3929 illa
2473 3866 2793 3942 ignominia,
2850 3866 3133 3942 liberata;
3189 3867 3246 3923 in
3301 3882 3515 3942 sacrum
3570 3866 3787 3942 Domini

2192 3939 2520 4001 thesaurum
2557 3940 2891 4013 commnari
2935 3940 3028 3994 ait.
3060 3939 3456 4013 His__nundinis
3484 3940 3786 4013 (quanibil

2195 4024 2322 4073 sunt
2349 4022 2555 4087 praeter
2572 4010 2923 4087 eruptionem
2966 4015 3022 4068 et
3036 4010 3438 4087 venditionem;
3483 4010 3589 4066 nun
3619 4010 3786 4087 dissi-

2193 4088 2322 4144 mile
2349 4081 2454 4157 est,
2506 4081 2676 4157 quod'
2696 4085 2772 4139 ait
2810 4082 3090 4157 Scriptura
3114 4083 3209 4157 Ade
3265 4082 3469 4146 Achab.
3491 4081 3782 4157 venando:

2196 4164 2322 4216 tum
2370 4152 2560 4222 fuisse,
2600 4157 2790 4227 facere
2830 4152 3053 4210 malum
3100 4154 3165 4208 in
3203 4158 3502 4227 conspectu
3527 4154 3660 4210 Dom
3689 4152 3788 4223 (III

2193 4233 2303 4302 Reg
2317 4272 2330 4285 .
2364 4242 2487 4294 xxx,
2520 4229 2612 4296 25)
2625 4267 2641 4282 .

2264 4318 2421 4388 (102)
2445 4317 2555 4388 Per
2570 4315 2865 4388 inclusum
2892 4315 3213 4388 depositum
3242 4329 3428 4388 suum.
3445 4311 3666 4388 Venusti
3696 4327 3782 4388 sa-

2188 4384 2318 4447 cras
2347 4384 2610 4459 reliquias
2636 4393 2805 4460 vocat
2817 4384 3145 4460 depositum
3172 4386 3286 4460 auri
3328 4385 3625 4457 argentive,
3655 4384 3780 4455 qui-

2189 4461 2296 4517 bus
2325 4457 2585 4532 tanquam
2615 4457 3009 4524 custodiendae,
3040 4457 3415 4514 includuntur.

2260 4546 2772 4619 (103)Augustinus
2795 4545 3097 4619 Dorninum
3117 4547 3508 4619 guoguevocat
3526 4559 3777 4619 avarum:

2106 4632 2160 4694 D
2190 4616 2479 4694 Augustini
2503 4616 2658 4694 locus
2688 4624 2772 4694 est
2797 4617 2851 4671 in
2888 4617 3030 4694 Esal.
3050 4616 3201 4694 xcix.
3220 4616 3443 4694 Verba;
3472 4616 3683 4694 Avarus
3695 4618 3780 4694 est

2191 4686 2340 4750 Deus
2372 4690 2581 4746 salutis
2608 4691 2865 4756 nostrai,
2888 4688 3093 4744 Sancta
3123 4688 3229 4743 ista
3256 4686 3483 4742 avaritia
3509 4693 3596 4741 est
3642 4686 3779 4751 sitis,

2229 4778 2313 4890 ut?
2360 4760 2680 4817 derelictum
2729 4757 3022 4815 Dominum
3051 4758 3343 4832 torquebat
3387 4772 3508 4815 cum
3555 4756 3781 4823 diceret,

2229 4850 2249 4890 ι
2279 4849 2352 4890 ιο.

2229 4850 2412 4992 ῑῧοόι)
2452 4921 2618 4992 salus
2655 4918 2885 4992 mundi.
2915 4918 3184 4992 Ringetur
3211 4917 3281 4992 ad
3306 4917 3425 4992 haec
3452 4915 3774 4974 Calvinista.

2191 4990 2299 5051 Sed
2329 4990 2625 5049 catholicus
2653 4990 2893 5062 prudens
2921 4991 3078 5047 facile
3107 4990 3286 5062 capiet
3304 4990 3507 5062 bonum
3538 5003 3779 5062 sensum.

2189 5063 2295 5135 Qui
2316 5062 2494 5134 juvari
2523 5060 2674 5131 velit,
2692 5060 2872 5117 videat
2899 5077 3065 5133 supra
3095 5060 3280 5117 notata
3307 5061 3402 5115 lib.
3434 5076 3474 5129 ι,
3512 5074 3565 5115 c.
3594 5060 3654 5114 5.

2259 5155 2410 5279 (to?)
2427 5152 2644 5279 fpoliis
2697 5152 2981 5208 Damasci.
3017 5148 3244 5207 .Alludit
3299 5148 3368 5205 ad
3425 5148 3606 5206 locum
3658 5147 3774 5203 lsa.

2259 5239 2308 5279 ιι.
2380 5265 2395 5279 .
2473 5263 2487 5277 .

2189 5239 2309 5383 νυξὶ
2427 5230 2723 5387 ⁴Γὲριειίαιηι
2741 5315 2955 5387 septeni
2976 5310 3319 5387 decedarum
3338 5323 3659 5387 uurnerum.
3686 5307 3785 5387 Se-

2188 5379 2497 5458 ptuaginta'
2529 5384 2692 5458 annis
2757 5379 3107 5458 captivitatis,
3166 5382 3330 5451 hujus
3389 5381 3605 5458 miserae
3658 5379 3787 5435 vitae

2191 5452 2407 5538 tempus
2462 5454 2716 5538 indicari,
2773 5452 3356 5538 pluresudocuerunt.
3397 5452 3462 5507 Et
3521 5459 3787 5538 consonat

2190 5525 2474 5609 Scriptura
2503 5527 2686 5609 gPsal.
2712 5528 3083 5609 Lxxxix,10).
3117 5525 3247 5609 Dies
3269 5538 3541 5609 annorum
3570 5531 3786 5609 nostro-

2189 5594 2388 5653 rum’in
2416 5598 2553 5670 ipsis
2571 5597 2922 5670 septuaginta
2936 5595 3083 5651 anni.
3114 5594 3431 5651 Absolutam
3454 5608 3623 5665 porro
3653 5607 3781 5648 san-

2189 5670 2428 5747 ctitatem
2458 5670 2651 5747 (cujus
2666 5668 2723 5724 in
2752 5668 3114 5747 hocnumero
3137 5666 3453 5747 mysterium
3474 5663 3785 5747 Thiot‘ridus

2263 5741 2384 5811 nit),
2451 5735 2565 5812 per'
2610 5739 2878 5821 Decalogi
2946 5735 3402 5820 observationem,
3486 5735 3786 5816 septiformi

2186 5755 2427 5882 giritus
2483 5811 2663 5868 sancti
2716 5818 2893 5882 gratia
2947 5810 3204 5877 obtineri,
3265 5822 3427 5864 nemo
3482 5805 3786 5863 catholicus

2186 5805 2427 5937 (Spiritu?
2452 5805 2663 5868 'sancti
2716 5805 2893 5883 gratia
2947 5810 3204 5877 obtineri,
3265 5822 3427 5864 nemo
3482 5805 3786 5863 catholicus

2224 5898 2259 5938 u
2300 5898 2318 5936 ι
2400 5920 2417 5937 .
