3910 6438
241 521 346 575 3·ιό

780 666 1173 725 CAPITULUM
1209 669 1306 723 III.

245 774 405 845 Quod
411 776 511 846 jus
531 774 749 831 sanctae
778 775 990 830 animae
1009 773 1342 830 sanctitatis
1368 789 1488 829 sua:
1507 772 1849 845 aﬂuentiam

321 862 710 935 transfundat
737 863 804 918 in
831 863 1026 919 omnia
1072 861 1325 934 pulveris
1362 863 1455 918 sui
1481 868 1844 932 ornamenta,

315 956 373 1009 et
406 953 781 1020 operimenta.

323 1084 471 1141 Sicut
500 1085 645 1139 enim
668 1100 850 1142 sermo
869 1083 976 1141 Dei
995 1085 1172 1151 vivus,
1187 1089 1244 1142 et
1255 1084 1485 1157 efﬁcax,
1504 1088 1560 1141 et
1579 1088 1846 1159 penetra-

250 1173 419 1230 bilior
448 1176 607 1231 omni
622 1174 810 1246 gladio
825 1174 1269 1247 ancipiti,usque
1284 1173 1356 1230 ad
1375 1171 1705 1230 divisionem
1719 1174 1847 1228 ani-

249 1277 358 1317 mce
392 1278 458 1317 ac
488 1262 751 1335 spiritus,
783 1277 1115 1335 compagum
1135 1278 1349 1336 quoque
1380 1266 1437 1317 et
1463 1262 1846 1317 medullarum

251 1351 433 1420 (Hebr.
467 1366 544 1417 Iv,
581 1351 692 1420 12),
741 1350 964 1420 mystice
1021 1350 1326 1423 pertingit;
1382 1350 1460 1404 sic
1522 1357 1718 1404 sanctm
1766 1349 1846 1403 vis

248 1438 464 1504 animae,
497 1454 619 1493 cum
649 1439 765 1493 Deo
789 1437 905 1507 jam
936 1438 1228 1510 regnantis,
1266 1438 1335 1493 ab
1382 1438 1582 1492 intimis
1628 1437 1696 1492 ad
1743 1453 1844 1491 ex-

250 1525 381 1582 tima
412 1526 480 1581 ad
509 1543 586 1591 se,
624 1542 747 1581 cum
778 1526 833 1580 in
868 1526 1043 1581 carnis
1072 1541 1287 1582 carcere
1334 1526 1590 1592 clausam,
1639 1533 1752 1580 tum
1790 1525 1845 1579 in

249 1614 483 1670 cmlestis
520 1614 858 1670 Hierusalem
898 1615 1288 1686 municipatum
1331 1614 1659 1679 translatam,
1716 1629 1845 1684 per-

252 1702 494 1767 tinentia,
537 1719 595 1758 se
642 1702 867 1758 miriﬁce
904 1701 1197 1758 diffundit:
1251 1710 1303 1758 et
1349 1702 1608 1773 quidquid
1652 1701 1848 1757 sanctis

247 1791 701 1864 praevenientibus
734 1834 748 1858 ,
826 1808 888 1846 ac
943 1791 1393 1847 intercedentibus
1447 1791 1649 1846 meritis
1679 1831 1694 1857 ,
1753 1805 1848 1862 per

246 1895 465 1935 carnem
498 1886 553 1934 et
580 1896 720 1945 ossa,
755 1880 1003 1936 mirabile
1032 1881 1173 1952 gerit
1202 1899 1217 1947 ;
1252 1880 1396 1935 idem
1436 1879 1735 1934 mirabilius
1779 1878 1848 1933 de

246 1967 504 2023 dissoluto
535 1967 775 2039 pulvere,
829 1969 884 2022 in
931 1969 1115 2023 omnia
1172 1976 1279 2023 tam
1337 1970 1621 2035 exteriora,
1680 1983 1840 2038 quam
1871 1990 1926 2056 Β

249 2056 523 2124 interiora,
583 2056 947 2127 cujuscunque
1010 2056 1271 2124 materia),
1312 2058 1397 2113 vel
1445 2056 1621 2128 pretii,
1681 2062 1842 2111 tantas

245 2143 447 2199 favilla:
476 2151 815 2211 ornamenta,
850 2152 904 2200 et
929 2145 1265 2217 operimenta
1294 2144 1632 2200 transfundit.
1676 2146 1847 2214 Atque

242 2241 303 2288 ut
339 2233 454 2305 ipsa
491 2233 675 2288 anima
711 2234 767 2288 in
819 2248 1046 2304 corpore
1100 2248 1209 2288 non
1273 2233 1501 2304 videtur,
1560 2241 1614 2288 et
1669 2240 1847 2288 tamen

243 2322 383 2376 mira
411 2336 508 2393 per
536 2338 732 2393 corpus
762 2330 1036 2393 operatur,
1072 2322 1150 2377 sic
1196 2323 1411 2394 pretiosi
1460 2321 1696 2395 pulveris
1743 2322 1851 2376 the-

243 2426 450 2477 saurus,
484 2410 610 2465 licet
636 2426 745 2465 non
775 2410 1039 2478 videatur,
1072 2411 1197 2466 licet
1226 2428 1334 2467 non
1384 2420 1633 2484 tangatur
1663 2425 1676 2480 ;
1735 2425 1850 2465 san'

240 2499 438 2554 ctitatis
466 2506 647 2554 tamen
684 2498 1011 2555 afﬂuentiam
1052 2500 1183 2570 (qua
1242 2499 1310 2556 de
1338 2502 1499 2572 fonte
1527 2500 1622 2572 qui
1648 2503 1850 2555 manat

242 2588 312 2643 de
327 2588 488 2645 domo
500 2589 809 2656 Domini,et
826 2589 977 2658 (107)
991 2589 1196 2659 irrigat
1215 2592 1533 2645 torrentem
1548 2590 1850 2661 spinarum

246 2677 412 2745 (Joel.
446 2692 525 2741 In,
560 2677 671 2745 18),
704 2692 802 2747 per
843 2678 1104 2747 prieclara
1133 2675 1447 2732 sanctiﬁeati
1500 2677 1583 2731 sui
1636 2675 1850 2747 spiritus

244 2764 456 2832 merita,
490 2764 763 2835 irrigatur)
805 2765 1109 2820 transmittit
1143 2765 1199 2820 in
1263 2765 1466 2832 omnia,
1532 2766 1587 2819 in
1653 2764 1847 2834 quibus

242 2862 383 2916 intra
411 2868 467 2916 et
494 2869 645 2917 extra
702 2860 1013 2916 occultatur.
1073 2861 1131 2917 Si
1185 2861 1629 2917 constantissime
1681 2878 1844 2919 manu

247 2949 394 3017 ﬁdei,
427 2949 662 3005 exterior
688 2949 809 3018 ejus
837 2957 1145 3013 attrectatur
1188 2950 1444 3016 clausula,
1494 2950 1610 3006 auri
1656 2966 1720 3006 ac
1763 2967 1847 3005 ar-

238 3039 390 3111 genti
419 3038 656 3104 bractea,
690 3054 784 3094 seu
814 3037 1202 3108 cujuscumque
1229 3040 1384 3110 pretii
1412 3039 1709 3110 gemmula,
1732 3039 1846 3095 sive

238 3126 500 3197 qualibet
528 3126 728 3182 textilis
755 3127 843 3181 vel
872 3126 1204 3197 productilis,
1237 3134 1328 3182 aut
1358 3126 1531 3182 fusilis
1557 3135 1651 3182 aut
1692 3144 1844 3183 mar-

236 3230 428 3271 morea
456 3215 541 3271 vel
572 3215 757 3286 lignea
784 3214 1012 3270 materia
1043 3229 1057 3282 ;
1090 3230 1157 3270 ac
1183 3215 1229 3268 si
1258 3217 1359 3271 hoc
1390 3223 1658 3288 tangatur,
1700 3215 1844 3287 quod

236 3303 463 3358 interius
500 3303 813 3358 occultatur.
856 3304 945 3358 Sic
1002 3302 1201 3359 divinae
1257 3303 1552 3373 majestatis
1606 3304 1845 3376 potentia

234 3394 484 3450 salutem
512 3394 577 3448 in
606 3392 788 3448 medio
812 3398 983 3448 terra:
1005 3395 1274 3465 operatur
1295 3393 1472 3462 (Psal.
1506 3408 1705 3459 LXXIII,
1729 3395 1836 3465 12).

244 3484 309 3537 In
339 3480 574 3553 pulveris
610 3478 1020 3552 gloriﬁcatione,
1059 3479 1397 3538 recordatur
1440 3482 1841 3540 misericordiae

236 3585 358 3626 sure
399 3569 556 3639 (Luc.
599 3584 639 3635 ι,
682 3566 774 3640 54)
806 3586 820 3633 ;
864 3567 1102 3623 declarat
1135 3584 1296 3641 super
1332 3585 1431 3624 nos
1467 3570 1674 3626 viscera
1714 3586 1841 3626 con-

235 3656 603 3714 descensionis
629 3672 741 3712 sum
774 3676 786 3713 :
821 3672 922 3712 nec
952 3656 1064 3713 vult
1093 3656 1345 3729 ignorare
1373 3658 1671 3725 hominem,
1722 3665 1844 3731 post

235 3762 461 3803 vernem
496 3745 734 3800 futurum
764 3744 1064 3817 pulverem,
1098 3745 1241 3816 quod
1271 3745 1363 3801 illa
1390 3762 1486 3801 sua
1514 3747 1839 3819 incompre-

236 3834 536 3900 heusibilis,
572 3834 664 3889 illa
694 3834 1145 3905 inexcogitabilis,
1199 3835 1291 3890 illa
1337 3835 1624 3891 ineﬂ’abilis
1668 3837 1840 3892 subli-

236 3924 399 3979 mitas
434 3922 849 3988 sublimitatum,
893 3922 1015 3978 ideo
1053 3922 1334 3979 humiliata
1363 3932 1416 3979 et
1459 3928 1719 3981 detracta
1755 3928 1842 3982 est

234 4026 413 4086 usque
440 4011 513 4068 ad
541 4012 831 4083 pulverem
862 4010 992 4079 (Isa.
1028 4026 1189 4078 xum,
1223 4014 1299 4082 ὅ),
1332 4011 1453 4068 ideo
1483 4012 1707 4069 interna:
1726 4013 1843 4086 pul-

239 4100 557 4158 chritudinis
594 4116 705 4155 suae
742 4099 983 4172 Speciem
1023 4116 1121 4172 per
1156 4102 1415 4173 assumpti
1444 4103 1680 4173 pulveris
1733 4103 1841 4159 ob-

234 4188 391 4245 duxit
417 4189 732 4261 caliginem.
767 4188 894 4244 ldeo
926 4196 1198 4261 postremo
1230 4189 1485 4245 dormivit
1522 4191 1578 4245 in
1625 4192 1844 4263 pulvere

235 4277 363 4349 (Job
395 4293 493 4347 vn,
526 4278 617 4348 21)
651 4292 665 4347 ;
698 4284 756 4332 ut
775 4277 953 4349 pulvis
980 4276 1339 4333 sanctiﬁcatus
1384 4277 1439 4333 in
1495 4279 1612 4351 ipso
1669 4296 1845 4336 corru.

235 4367 435 4441 ptionis
462 4381 575 4421 suae
601 4378 812 4429 somno,
847 4374 900 4420 et
927 4366 1246 4438 putredine;
1280 4367 1393 4422 etsi
1424 4382 1533 4423 non
1590 4368 1844 4439 qualitate

235 4453 605 4526 corruptibilis
632 4455 966 4521 substantiae,
1006 4455 1184 4510 meriti
1222 4463 1401 4511 tamen
1460 4458 1839 4530 praerogativa,

234 4552 293 4602 et
321 4543 557 4616 gratuito
589 4542 732 4598 dono
761 4543 992 4599 caelestis
1020 4544 1230 4615 gratiae,
1263 4544 1505 4600 omnium
1535 4545 1590 4599 in
1647 4555 1843 4602 terram

235 4632 634 4688 dissolubilium
676 4632 963 4688 excelleret
1018 4633 1489 4702 pulchritudinem.
1548 4635 1842 4707 Speciosus

1135 516 1398 575 FLORES
1436 517 1779 576 ΕΡΙΤᾹΡΗΠ
1817 516 2262 575 ὃΛΝΟΤΟΙὶΗΜ.
2305 548 2377 563 --
2405 519 2533 574 LIB.
2576 519 2646 572 Il.

1868 644 1924 704 Α
1953 641 2121 698 voluit
2146 658 2205 698 se
2231 657 2479 700 uermem
2526 642 2583 697 in
2625 658 2788 698 carne
2833 650 3017 700 natum
3061 641 3177 698 sine
3224 642 3447 710 semine,
3495 652 3549 699 et

3443 518 3545 576 346

1953 755 2071 801 non
2101 740 2406 807 hominem,
2438 739 2549 795 imo
2578 740 2633 794 in
2666 739 2885 796 homine
2931 740 3067 796 ultra
3107 740 3406 806 hominem,
3447 756 3548 812 op-

1950 829 2239 902 probrium
2277 829 2573 888 hominum
2592 837 2646 885 et
2674 829 3045 901 abjeclianem
3095 830 3270 897 (Psal.
3321 845 3443 896 xm,
3494 832 3548 899 7)

1949 942 2090 992 .esse,
2122 934 2341 997 propter
2377 926 2675 998 pulverem,
2719 934 2779 982 ut
2814 926 2989 998 pulvis
3027 933 3217 981 natura
3269 934 3323 983 et
3372 926 3551 997 specie

1956 1022 2282 1079 fmdissimus
2317 1023 2493 1096 gratia
2556 1030 2612 1078 et
2662 1023 3081 1079 sanctiﬁcatione
3131 1023 3213 1079 sui
3266 1022 3549 1094 glorificati

1953 1112 2185 1183 spiritus,
2216 1120 2551 1183 reputaretur
2577 1112 2968 1182 pulcherrimus
3000 1131 3012 1167 :
3063 1120 3117 1166 et
3163 1112 3298 1167 sicut
3351 1128 3548 1168 secun-

1953 1208 2081 1263 dum
2111 1210 2393 1280 egregium
2428 1211 2579 1278 (108)
2636 1209 3002 1280 yperaspisten
3062 1209 3314 1263 Ecclesiae
3369 1209 3550 1264 Hiero-

1951 1313 2192 1367 nymum,
2226 1307 2485 1369 perpetua
2513 1298 2668 1369 virgo
2699 1298 2885 1365 Maria,
2918 1298 2987 1353 de
3015 1312 3121 1367 qua
3148 1305 3303 1352 natus
3331 1305 3413 1351 est
3429 1297 3545 1367 ipse

1952 1395 2097 1450 Deus
2125 1403 2176 1450 et
2205 1398 2389 1462 homo,
2424 1396 2542 1467 plus
2571 1403 2648 1451 est
2675 1396 2898 1462 meritis,
2959 1410 3065 1450 non
3121 1404 3329 1462 natura,
3388 1411 3548 1466 quam

1950 1484 2108 1555 virgo
2137 1491 2190 1539 et
2218 1485 2381 1539 homo
2413 1500 2427 1554 ;
2461 1485 2537 1539 sic
2566 1501 2673 1539 non
2706 1502 2802 1556 per
2829 1492 3094 1553 naturam,
3145 1484 3240 1539 sed
3287 1500 3386 1556 per
3428 1500 3551 1556 gra-

1954 1580 2082 1634 tiam
2115 1582 2217 1635 hoc
2247 1581 2454 1651 pulveri
2484 1580 2700 1636 daretur
2737 1580 3100 1653 privilegium,
3150 1590 3207 1635 ut
3254 1582 3372 1653 plus
3406 1594 3553 1650 quo-

1954 1684 2058 1738 que
2085 1677 2222 1723 esset
2254 1685 2418 1739 quam
2450 1670 2627 1740 pulvis
2656 1676 2710 1724 et
2739 1670 2939 1725 vermis
2985 1668 3243 1738 edulium,
3276 1686 3373 1741 per
3419 1670 3548 1724 inae-

1953 1765 2221 1821 stimabile
2251 1766 2512 1838 profecto,
2545 1767 2687 1837 quod
2718 1767 2771 1821 in
2801 1768 2973 1823 crucis
3017 1776 3211 1823 statera
3252 1784 3547 1839 appensum

1955 1862 2051 1921 est,
2094 1854 2279 1909 mundi
2318 1855 2592 1924 talentum,
2657 1855 2845 1910 mundi
2910 1856 3229 1911 admirabile
3296 1857 3546 1927 pretium.

1954 1949 2165 2007 Pulveri
2204 1952 2378 2008 vicem
2416 1952 2662 2024 rependit
2726 1953 3228 2025 incomparabilem,
3299 1959 3351 2006 et
3416 1953 3552 2009 sicut

1953 2039 2070 2109 ejus
2097 2057 2308 2097 summa
2363 2049 2417 2096 et
2460 2042 2756 2097 essentialis
2811 2041 3023 2096 claritas
3077 2050 3131 2096 et
3184 2040 3545 2114 pulchritudo,

1952 2144 2061 2192 tam
2091 2137 2261 2204 latuit,
2295 2154 2456 2209 quam
2485 2139 2675 2212 claruit
2722 2139 2776 2194 in
2816 2139 3036 2212 pulvere
3069 2154 3082 2207 ;
3134 2139 3210 2193 sic
3247 2137 3549 2210 incompre-

1953 2226 2202 2281 bensibili
2221 2243 2397 2282 rerum
2427 2227 2807 2292 vicissitudine,
2839 2235 2890 2282 et
2937 2226 3181 2282 dissimili
3231 2227 3549 2301 praeordina-

1948 2315 2034 2393 bvit
2056 2314 2424 2383 similitudine,
2456 2324 2515 2370 ut
2544 2317 2779 2389 pulveris
2806 2315 3169 2372 substantialis
3218 2317 3441 2387 putredo
3498 2323 3549 2371 et

1956 2413 2190 2481 fmditas,
2222 2430 2289 2469 ex
2318 2414 2487 2480 sanie,
2520 2414 2575 2467 in
2604 2414 2738 2483 auri,
2791 2422 2845 2468 et
2879 2414 3242 2484 cujuscunque
3289 2415 3549 2488 pretiosis-

1955 2501 2078 2556 simi
2106 2501 2327 2569 metalli,
2360 2518 2614 2574 gemma),
2649 2518 2712 2559 ac
2740 2517 2984 2573 operosae
3014 2502 3197 2569 vestis,
3259 2510 3369 2558 tam
3416 2502 3548 2557 late-

1955 2604 2055 2663 ret,
2089 2613 2251 2668 quam
2309 2597 2627 2653 claresceret
2681 2597 3120 2668 pulchritudine:
3181 2613 3244 2652 ac
3298 2606 3547 2653 nontam

1958 2686 2225 2757 acciperet
2259 2686 2510 2741 decorem
2542 2701 2703 2755 quam
2750 2685 3041 2755 redderet;
3102 2694 3154 2740 et
3209 2701 3318 2740 non
3375 2685 3549 2756 pulvis

1956 2782 2176 2846 pmpler
2204 2774 2319 2829 auri
2346 2775 2604 2845 speciem,
2637 2790 2758 2844 qum
2796 2773 3022 2829 fascinat
3050 2773 3233 2829 oculos
3262 2773 3500 2833 avaritiae
3532 2789 3545 2842 ;

1954 2862 2049 2918 sed
2085 2878 2273 2918 aurum
2329 2863 2515 2935 magni
2580 2862 2901 2934 penderetur
2963 2870 3181 2933 propter
3248 2862 3545 2933 pulverem.

1955 2950 2185 3007 Omnem
2215 2950 2400 3005 mundi
2427 2950 2662 3022 gloriam
2702 2959 2756 3005 et
2806 2958 3052 3006 ornatum
3100 2951 3389 3007 substravit
3433 2951 3549 3022 pul-

1955 3046 2096 3102 veris
2122 3047 2331 3103 ornatui
2361 3055 2415 3101 et
2439 3047 2628 3118 gloria:
2665 3064 2678 3099 :
2714 3048 2840 3118 quia
2869 3048 2984 3117 ipse
3011 3063 3137 3101 cum
3191 3048 3262 3101 sit
3313 3046 3550 3118 pulveris

1952 3134 2216 3201 conditor,
2257 3134 2532 3191 exinanita
2571 3134 2868 3205 majestatis
2894 3151 3006 3189 suae
3060 3136 3261 3206 specie,
3311 3135 3546 3205 concipi,

1948 3230 2131 3299 condi,
2165 3239 2219 3287 et
2243 3232 2391 3287 nasci
2419 3231 2673 3304 dignatus
2700 3239 2780 3286 est
2807 3248 2875 3286 ex
2905 3231 3124 3302 pulvere
3158 3251 3171 3287 :
3226 3232 3358 3302 ipse,
3405 3231 3549 3302 quod

1873 3349 1924 3414 Ο
1951 3319 2178 3376 ﬁdenter
2213 3320 2356 3387 dico,
2396 3320 2696 3414 secundum
2748 3319 3033 3375 essentiam
3099 3334 3375 3414 corporea
3430 3319 3550 3375 sub-

1947 3410 2176 3478 stantiae,
2218 3409 2389 3465 factus
2424 3415 2523 3475 est,
2591 3408 2734 3464 unde
2787 3417 3079 3481 conceptus
3135 3415 3192 3463 et
3243 3408 3416 3463 editus
3470 3417 3549 3464 est

1947 3505 2125 3578 pulvis
2151 3505 2220 3561 de
2248 3505 2467 3578 pulvere
2501 3524 2515 3561 :
2548 3506 2693 3561 Deus
2720 3507 2884 3561 homo
2917 3504 3089 3561 factus
3118 3512 3199 3561 est
3225 3519 3293 3560 ex
3323 3503 3545 3574 pulvere

1948 3602 2166 3666 propter
2200 3594 2475 3651 hominem
2508 3608 2524 3662 ;
2557 3602 2608 3649 et
2637 3594 2904 3661 homines,
2937 3593 3005 3649 ad
3036 3610 3172 3664 quos
3221 3608 3399 3648 sermo
3448 3592 3547 3649 Dei

1948 3683 2120 3739 factus
2136 3691 2235 3751 est,
2266 3685 2410 3739 Deos
2441 3683 2565 3737 fecit
2595 3682 2663 3738 de
2700 3683 2923 3753 pulvere
2958 3702 2970 3739 :
3034 3682 3099 3737 Et
3156 3699 3277 3737 cum
3338 3681 3547 3754 pulveri

1947 3772 2181 3828 nominis
2210 3781 2261 3828 et
2288 3772 2583 3827 divinitatis
2627 3788 2739 3827 sua:
2795 3773 3121 3828 concesserit
3178 3770 3544 3841 participium,

1949 3877 2114 3932 quare
2151 3860 2445 3932 quidquam
2483 3877 2550 3917 ex
2589 3869 2729 3917 terra
2793 3861 3086 3932 pretiosum
3143 3860 3199 3914 in
3256 3859 3374 3930 ejus
3437 3875 3546 3914 non

1949 3958 2282 4031 expendatur
2307 3967 2526 4015 ornatus
2550 3957 2885 4030 impendium
2917 3972 2932 4026 ;
2964 3957 3118 4027 cujus
3145 3973 3203 4013 se
3230 3956 3546 4028 participem

1949 4064 2012 4104 ac
2030 4048 2256 4115 socium,
2287 4048 2441 4118 cujus
2467 4047 2787 4120 sanguinem
2818 4063 2972 4102 suum
3033 4046 3202 4102 voluit
3256 4061 3373 4101 esse
3425 4059 3547 4114 pre-

1949 4150 2082 4206 tium
2111 4149 2140 4204 ?
2168 4150 2355 4205 Carnis
2381 4166 2492 4205 suae
2519 4148 2751 4221 gloriam
2782 4148 2991 4220 pulveri
3038 4146 3365 4203 sanctiﬁcata
3414 4163 3550 4218 quo-

1949 4238 2241 4294 dammodo
2270 4237 2416 4294 dedit
2443 4254 2559 4293 esse
2587 4254 2952 4302 communem,
2986 4237 3111 4308 quia
3139 4237 3229 4307 qui
3259 4254 3315 4290 se
3346 4252 3379 4290 a
3407 4235 3549 4291 vitiis

1948 4334 2124 4390 carnis
2158 4334 2334 4389 reddit
2359 4334 2676 4401 immunem,
2710 4333 3050 4391 adhwrendo
3096 4334 3354 4399 Domino,
3393 4349 3546 4389 unus

1951 4448 2081 4490 cum
2110 4446 2172 4488 eo
2200 4432 2437 4505 spiritus
2458 4436 2542 4488 est
2561 4433 2611 4499 (I
2627 4434 2749 4489 Cor.
2783 4447 2858 4499 vr,
2896 4434 3003 4501 17),
3037 4439 3091 4485 et
3117 4447 3224 4486 una
3250 4446 3373 4487 cum
3385 4446 3546 4486 carne

1950 4520 2070 4590 ejus
2095 4535 2224 4576 caro
2251 4529 2350 4575 est.
2383 4522 2612 4575 Carnem
2662 4520 2828 4592 igitur
2881 4537 3033 4575 suam
3092 4522 3256 4574 homo
3313 4519 3549 4575 Christus

1947 4610 2102 4664 Iesus
2128 4609 2183 4662 in
2211 4609 2430 4663 homine
2459 4624 2567 4664 non
2599 4609 2859 4678 quolibet,
2896 4608 2990 4663 sed
3023 4607 3112 4678 qui
3143 4607 3197 4661 in
3237 4623 3398 4662 carne
3443 4616 3541 4674 est,

232 4725 426 4795 forma
457 4736 576 4792 pra:
605 4720 743 4791 ﬁliis
775 4696 1071 4777 hominum
1100 4722 1256 4778 Psal.
1281 4737 1434 4792 XLIV,
1457 4724 1538 4792 3),
1560 4696 1841 4779 πίοιιιίιιια.
1868 4710 1921 4772 D
1948 4697 2158 4754 refovet
2185 4712 2248 4753 ac
2275 4696 2608 4768 diligentem
2627 4712 2686 4754 se
2704 4697 2896 4795 diligit
2932 4698 3116 4766 (Prov.
3160 4711 3280 4762 vni,
3336 4698 3446 4795 17),
3480 4703 3549 4795 ⁵(ξι

232 4810 367 4865 bere
385 4809 643 4866 decorem
670 4816 724 4864 et
749 4811 992 4881 speciem
1026 4810 1158 4878 (Isa.
1201 4826 1315 4878 Llll,
1373 4814 1453 4880 2,)
1487 4827 1501 4880 ;
1560 4812 1655 4867 sed
1711 4813 1836 4869 uul-

236 4901 365 4956 tum
393 4899 557 4971 quasi
585 4895 1007 4966 absconditum,
1040 4902 1097 4955 et
1120 4898 1518 4972 despicabilem
1541 4900 1724 4971 (ibid.,
1752 4903 1805 4972 3)
1832 4929 1846 4969 ε

311 5076 428 5150 (10)
460 5074 668 5147 Irrigat
682 5079 998 5150 torrentem
1021 5077 1344 5150 spinarum.
1371 5077 1537 5150 Fonte
1556 5077 1747 5150 gratiae
1777 5078 1849 5132 di-

236 5148 381 5219 vina:
402 5149 542 5219 hunc
564 5156 851 5219 torrentem
874 5147 1085 5219 irrigari
1106 5149 1199 5204 ait.
1221 5151 1419 5204 Lucem
1441 5147 1725 5215 huic'loco,
1741 5164 1847 5204 non

236 5218 403 5274 nimis
423 5218 625 5291 alioqui
653 5218 820 5284 claro,
855 5216 1009 5291 ail‘eft
1037 5220 1097 5274 S.
1132 5219 1448 5290 Hieromyn.
1481 5220 1745 5291 Apolog.)
1779 5220 1847 5275 ad

236 5289 649 5345 Pammachium
708 5304 805 5359 pro
870 5289 968 5343 lib.
1034 5297 1221 5345 contra
1275 5289 1636 5355 Jovinianum,
1666 5289 1847 5346 “circa

234 5359 400 5434 ﬁnem
437 5376 448 5411 :
485 5361 629 5416 Fons
659 5359 1165 5434 signatus,_itiquit,
1199 5362 1269 5416 de
1290 5378 1395 5434 quo
1423 5363 1583 5430 fonte
1613 5362 1713 5417 ille
1728 5363 1847 5431 [lu-

234 5432 364 5488 uius
390 5434 613 5496 manat,
639 5432 818 5500 juxta
847 5431 985 5497 .Ioel,
1019 5433 1115 5501 qui
1140 5431 1348 5502 irrigat
1391 5436 1720 5498 torrentem,
1760 5434 1845 5489 vel

232 5503 492 5575 funium,
509 5505 593 5575 vel
617 5502 918 5575 spinarum
942 5517 956 5554 :
977 5504 1228 5571 funium,
1248 5507 1626 5575 peccatorum,
1646 5504 1843 5575 quibus

234 5573 374 5629 ante
384 5573 768 5645 illigabamur:
783 5573 1232 5645 spinarum,qute
1247 5573 1844 5645 suﬂ‘ocantsementem

235 5644 431 5700 Patris
468 5643 747 5713 familias.
802 5644 862 5713 In
910 5642 1140 5713 gratiam
1190 5642 1620 5710 Calvinistarum,
1671 5646 1845 5700 obiter

238 5722 510 5778 notemus,
544 5712 859 5785 Hieronymi
890 5712 1089 5779 mente,
1122 5715 1224 5769 hoc
1255 5715 1394 5779 loco,
1444 5716 1665 5769 ﬂuvium
1714 5717 1841 5785 qui-

151 5828 155 5834 .
235 5786 364 5840 dem
396 5799 513 5838 esse
542 5783 641 5864 Dei
664 5782 876 5864 Δςιδεξξίίιεεε
925 5797 1157 5864 perenne
1192 5786 1571 5864 proﬂuvium}
1623 5794 1676 5841 at
1731 5782 1846 5864 fon-

239 5866 374 5928 tem,
409 5869 526 5909 esse
552 5852 1066 5928 beatissimam_Dei_
1097 5852 1343 5928 matrem,
1402 5857 1682 5928 Virginem
1731 5859 1843 5912 Ma-

233 5920 400 6053 giam,
432 5940 547 6050 tper
582 5938 745 5994 quam
787 5920 966 5977 omnis
1001 5922 1070 5977 ad
1123 5925 1332 5981 animas
1396 5920 1603 5982 nostras
1665 5929 1842 6000 gratia

275 6011 429 6053 enva
451 6010 535 6049 ur.
1564 6028 1568 6034 .

275 5997 535 6053 erivatur.
1564 6028 1568 6034 .

1952 4810 2075 4850 cum
2104 4794 2174 4849 ad
2203 4794 2585 4850 amicissimum
2616 4792 3079 4849 confabulatorem
3130 4808 3284 4845 suum
3341 4792 3550 4863 legisla-

1952 4890 2120 4939 torem
2152 4883 2302 4953 (109)
2334 4883 2540 4939 locutus
2568 4884 2636 4938 sit
2665 4883 2881 4954 Moysen
2906 4900 2917 4936 :
2952 4880 3049 4954 qui
3067 4880 3407 4950 honori/icui
3428 4896 3539 4947 me,

2020 5061 2168 5133 (108)
2213 5060 2637 5133 _Yperaspisteu.
2705 5058 3057 5130 Septuaginta
3114 5057 3433 5133 Iuterpretes
3490 5056 3546 5133 in

1947 5127 2171 5186 Psalmis
2204 5127 2508 5201 frequenter
2536 5131 2706 5185 Deum
2738 5127 2931 5184 vocant
2957 5127 3546 5211 unspuartcmv,_Laii-_-

1945 5228 2045 5266 nus
2073 5209 2228 5266 vertit
2256 5211 2629 5283 defensorem,
2665 5217 2753 5264 aut
2779 5205 3159 5283 protectorem
3181 5222 3206 5283 _;
3241 5207 3389 5283 quasi
3452 5205 3542 5283 qui

1945 5283 2191 5354 clypeum
2223 5277 2379 5335 nobis
2428 5281 2636 5335 tuendis
2665 5277 2981 5352 praetendat.
3010 5281 3147 5335 Nam
3176 5277 3296 5347 ὰπὶς
3325 5285 3404 5333 est
3433 5281 3549 5349 cly-

1941 5378 2103 5434 peas.
2136 5359 2464 5434 Thiofridus,
2526 5360 2771 5434 neglecta
2837 5359 3104 5434 aspirandi
3174 5359 3376 5434 notula,
3444 5358 3547 5434 hoc

1947 5429 2208 5512 verbonuti
2228 5430 2449 5512 videtur
2478 5429 2799 5512 proﬂuovis
2828 5429 2949 5512 viro.
2982 5431 3247 5512 primario
3278 5429 3548 5512 aut-pala-

1944 5503 2075 5558 tino.
2110 5503 2199 5557 Sic
2228 5501 2462 5572 Prologo
2494 5502 2547 5554 in
2578 5501 2755 5555 Vitam
2785 5502 2952 5556 sancti
2982 5501 3320 5557 Willibrordi
3361 5502 3541 5554 Carm.

1944 5574 2235 5645 Aleuinuni
2260 5582 2416 5626 vocat
2443 5572 2616 5627 Caroli
2639 5573 2819 5645 Magni
2848 5576 3255 5645 yperaspisten.
3430 5580 3433 5583 ’

2014 5648 2163 5703 (100)
2199 5642 2335 5698 Cum
2368 5639 2809 5715 locutussitad
2837 5639 3073 5715 Moysen.
3107 5645 3418 5698 Humanum
3451 5639 3547 5715 ali-

1942 5715 2070 5786 quid
2130 5714 2217 5786 hic
2274 5729 2461 5785 passus
2490 5713 2844 5786 A'l‘hiofridus,
2881 5711 3180 5786 vacillante
3260 5711 3543 5776 memoria,

1941 5783 2123 5866 Moysi.
2172 5783 2375 5866 dictum
2414 5783 2616 5866 refert,‘
2670 5784 2856 5866 quod“
2878 5784 3043 5866 longe
3118 5790 3237 5855 post
3303 5791 3546 5866 tempore

1939 5852 2204 5915 sacerdoti
2254 5856 2393 5921 Heli,
2461 5855 2746 5923 propheta,
2816 5855 2914 5909 Dei
2968 5852 3143 5924 jussu.
3213 5852 3549 5923 exprobrans

1939 5928 2136 5983 retulit.
2174 5927 2348 5981 Verba
2378 5925 2598 5995 quidem
2632 5925 2684 5978 in
2716 5926 2926 5995 Regum
2959 5926 3180 5981 historia
3208 5925 3353 5978 clara
3380 5926 3503 5974 sunt
3529 5938 3541 5973 :

1941 5999 2009 6054 ad
2028 6000 2256 6068 Moysen
2279 6011 2539 6066 nusquam
2569 5994 2836 6063 ejusmodi
2857 5996 3134 6066 quidpiam
3157 5994 3356 6048 dictum
3385 6003 3545 6059 repe—
