3910 6400
469 492 571 551 347

1456 486 1822 547 THIOFRIDI
1858 486 2146 548 ABBATIS
2183 484 2751 546 EFTERNACENSIS

3657 485 3765 545 348

466 617 837 689 honoriﬁcabo
856 634 986 675 eum
1009 617 1065 689 (Ι
1077 619 1210 690 Reg.
1266 632 1327 683 11,
1388 616 1476 687 30)
1519 631 1534 686 ;
1594 612 1744 687 (110)
1796 616 2059 671 honorem

2175 614 2295 671 luto
2316 618 2375 671 et
2396 614 2578 687 paleis
2595 614 2860 669 civitates
2881 612 3236 670 exarsimus
3256 611 3457 682 (Exod.
3479 627 3520 679 I,
3545 611 3726 682 11-14)
3748 625 3762 679 ;

465 722 606 780 pene
633 708 907 774 eumdem,
942 723 1101 778 quem
1141 704 1408 762 divinitati
1465 720 1529 761 ac
1583 703 1903 762 humanitati
1956 718 2069 759 sua:

465 795 718 870 persolvi,
749 794 1074 851 immutabili
1111 792 1463 867 providentiae
1509 804 1621 849 sua:
1675 794 1890 849 decreto
1945 807 2069 847 cen-

464 884 586 954 suit,
622 884 830 956 spiritui
860 898 1076 955 quoque
1131 889 1185 938 et
1230 881 1399 952 carni,
1459 897 1522 939 ac
1568 882 1804 939 resoluto
1859 888 2070 937 sancto-

464 988 582 1029 rum
620 973 806 1037 cineri,
849 970 1110 1042 impendi,
1150 970 1396 1041 ejusdem
1443 969 1629 1026 aeterni
1688 970 1892 1026 decreti
1945 968 2070 1041 lege

465 1062 744 1134 disposuit.
775 1061 897 1118 Non
926 1076 1066 1118 auro
1086 1059 1453 1132 corruptibili
1497 1058 1741 1116 redemit
1787 1059 2067 1131 pulverem

464 1149 695 1207 decano
705 1148 2071 1221 conversatione,sedprctiociuimosuosanguinc

466 1240 517 1308 (ι
543 1240 701 1295 Petr.
733 1254 772 1307 1,
815 1241 927 1309 18),
961 1237 1073 1308 qui,
1100 1237 1396 1294 secundum
1453 1244 1742 1308 assumpta
1787 1236 2068 1292 veritatem

466 1334 692 1396 naturae,
748 1342 1009 1383 venarum
1055 1341 1274 1381 suarum
1329 1324 1596 1398 principia
1639 1324 1830 1382 habuit
1883 1324 2069 1397 pulve-

462 1432 599 1471 rem.
630 1415 868 1486 Ideoque
897 1414 1222 1487 praevidens,
1273 1414 1545 1471 viventem
1590 1414 1648 1469 in
1692 1429 1854 1471 carne
1894 1412 2070 1469 homi-

464 1520 611 1573 nem,
639 1520 751 1560 non
778 1519 940 1574 posse
969 1504 1087 1560 sine
1115 1519 1339 1571 nausea,
1371 1510 1425 1559 et
1452 1503 1563 1559 acri
1592 1502 1722 1570 bile,
1774 1501 1962 1559 videre
2003 1517 2068 1558 ac

465 1600 751 1650 attrectare
808 1592 1164 1664 putrescentis
1217 1591 1441 1648 humani
1495 1591 1739 1663 corporis
1808 1590 2064 1660 saniem;

463 1682 600 1737 sicut
624 1689 1023 1737 sacrosanctum
1053 1696 1249 1752 corpus
1275 1696 1453 1752 suum,
1503 1688 1556 1737 et
1599 1679 1939 1753 sanguinem,
1999 1693 2069 1735 ne

463 1769 821 1843 percipientes
855 1769 1023 1826 cruda
1066 1786 1120 1825 et
1175 1777 1397 1826 cruenta
1451 1770 1820 1835 exhorrerent,
1870 1767 2070 1824 velavit

462 1866 719 1914 consueto
758 1866 812 1913 et
847 1857 1041 1914 usitato
1080 1857 1412 1924 hominibus,
1442 1856 1600 1930 panis
1649 1864 1702 1913 et
1765 1855 1876 1912 vini
1932 1855 2071 1912 vela-

464 1946 609 2001 mine
642 1962 657 2017 ;
690 1946 768 2003 sic
795 1944 1059 2019 persuasit
1086 1945 1359 2002 mentibus
1403 1944 1639 2001 ﬁliorum

466 2050 614 2105 auro,
650 2043 705 2089 et
733 2034 1036 2105 quibusque
1067 2050 1247 2091 rerum
1292 2033 1603 2089 utensilium
1648 2032 2065 2104 pretiosissimis,

465 2123 815 2180 obvolverent
870 2123 928 2179 in
982 2122 1317 2180 includerent
1361 2123 1588 2196 pignera
1641 2121 1818 2177 carnis
1871 2121 2066 2190 beata,

468 2211 594 2283 quia
622 2212 679 2268 in
707 2212 941 2268 DOmino
972 2218 1197 2268 mortuae
1230 2231 1242 2266 :
1273 2227 1343 2267 ne
1373 2210 1500 2266 dum
1551 2210 1804 2266 humanis
1851 2210 2074 2282 aspecti-

464 2301 586 2369 bus,
617 2301 718 2356 sub
748 2309 952 2357 natura:
979 2317 1090 2356 suae
1126 2299 1305 2372 specie
1357 2299 1747 2372 ingererentur,
1799 2307 1851 2355 et
1904 2297 2073 2355 oﬂ'en-

472 2390 679 2456 derent,
711 2404 821 2446 non
876 2398 987 2445 tam
1039 2391 1432 2445 honorarentur
1487 2403 1650 2459 quam
1706 2387 2066 2444 vilescerent:

469 2494 590 2534 cum
622 2494 783 2533 nemo
822 2478 878 2532 in
907 2479 985 2533 eis
1031 2477 1494 2548 supereminentes
1549 2474 1896 2532 multiformis
1950 2491 2074 2548 gra-

467 2566 557 2622 tiae
587 2566 685 2621 Dei
717 2566 950 2634 divitias,
984 2564 1080 2622 sed
1125 2567 1378 2621 humanae
1433 2564 1757 2621 conditionis
1813 2564 2073 2621 vilitatem

475 2655 791 2712 attenderet.
822 2656 947 2710 Non
979 2654 1125 2710 enim
1156 2661 1264 2709 tam
1313 2653 1695 2726 conspicienda
1741 2660 1865 2709 sunt
1906 2652 2073 2710 oculis

469 2743 793 2815 carnalibus,
827 2759 987 2814 quam
1015 2742 1382 2816 spiritualibus
1411 2758 1426 2812 ;
1456 2750 1535 2811 ut,
1594 2742 1722 2797 dum
1768 2742 2073 2800 considera-

471 2841 575 2900 tur,
608 2848 771 2903 quam
801 2831 1051 2904 pretiosa:
1079 2832 1319 2888 materiae
1365 2830 1706 2888 includantur
1756 2831 1845 2889 vel
1899 2831 2074 2887 invol-

468 2929 679 2991 vantur,
712 2935 823 2976 non
853 2920 981 2992 quid
1008 2935 1109 2991 per
1126 2926 1369 2977 naturam
1398 2920 1522 2988 sint,
1554 2919 1649 2977 sed
1687 2935 1850 2992 quam
1896 2920 2072 2977 excel-

470 3010 628 3066 lentis
655 3009 831 3065 meriti
861 3009 1005 3082 apud
1032 3009 1229 3075 Deum,
1259 3024 1382 3065 cum
1412 3025 1520 3080 quo
1566 3017 1797 3081 regnant
1843 3009 2072 3081 Spiritus

468 3098 745 3156 et-anima:
767 3098 1056 3169 justorum,
1087 3098 1434 3169 aestimentur,
1461 3098 1824 3172 {subtilissime
1871 3114 2071 3172 pense-

466 3193 551 3243 tur
578 3201 593 3257 ;
625 3195 679 3243 et
705 3203 774 3244 ex
802 3201 867 3243 eo
899 3186 1045 3258 quod
1072 3201 1172 3258 per
1198 3203 1409 3258 aurum,
1442 3203 1508 3243 ac
1563 3188 1840 3255 electrum,
1901 3194 1955 3242 et
2008 3187 2073 3242 si-

465 3276 636 3345 milia,
676 3275 933 3333 virtutum
963 3275 1177 3349 fulgore
1224 3276 1513 3332 translucet
1566 3276 1737 3332 lutum
1769 3290 1785 3345 ;
1862 3276 2068 3347 absque

2174 718 2285 759 non
2320 702 2523 761 idcirco
2559 718 2770 769 aurum,
2810 710 2866 759 et
2927 701 3189 773 quidquid
3250 702 3308 757 in
3361 701 3610 768 metallis,
3675 700 3769 760 vel

2175 792 2433 861 vestibus,
2470 800 2562 849 aut
2595 791 2833 865 gemmis
2870 800 2950 849 est
2999 791 3292 862 pretiosum
3340 790 3499 848 tantis
3560 805 3766 863 praco-

2175 881 2346 937 coniis
2373 880 2699 949 extollimus,
2731 880 2875 952 quod
2902 880 2988 936 vel
3018 882 3166 951 (111)
3214 895 3314 937 nos
3358 879 3629 952 proselyti,
3677 879 3765 937 vel

2176 970 2289 1027 veri
2314 970 2571 1026 Israelita
2600 970 2692 1041 qui
2737 971 2800 1026 in
2835 985 3014 1026 manu
3056 967 3250 1026 valida
3298 969 3502 1041 egressi
3547 967 3756 1039 (Exod.

2176 1083 2295 1136 xxv,
2328 1069 2403 1139 8),
2434 1068 2609 1142 spolia
2634 1067 2847 1141 Egypti
2877 1073 3192 1123 consecrant
3216 1067 3274 1122 in
3302 1066 3508 1139 mystici
3560 1066 3763 1123 cultum

2178 1156 2507 1213 tabernaculi
2536 1156 2656 1224 Dei,
2707 1155 2893 1231 inepte
2953 1155 3302 1222 afﬁrmemus,
3368 1154 3452 1211 his
3512 1154 3764 1211 delectari

2176 1245 2385 1302 animas
2414 1245 2705 1302 electorum
2734 1244 2855 1313 Dei,
2887 1261 3007 1301 cum
3038 1261 3137 1316 pro
3192 1251 3501 1317 contemptu
3555 1244 3760 1312 talium,

2175 1333 2276 1406 ipsi
2319 1351 2508 1392 aurum
2556 1333 3013 1407 probatissimum,
3064 1334 3338 1405 transponi
3381 1333 3668 1389 meruerint
3708 1332 3767 1387 in

2174 1433 2406 1489 ccelestis
2467 1433 2808 1506 imperatoris
2871 1433 3336 1508 gazophylacium.
3394 1433 3548 1489 Cives
3607 1432 3766 1503 siqui-

2174 1522 2299 1578 dem
2341 1521 2571 1580 civitatis
2631 1522 2869 1579 uranicee
2931 1521 3326 1595 ﬂoccipendunt
3391 1538 3456 1578 ea
3521 1528 3763 1577 monstra

2175 1611 2435 1683 avaritias,
2474 1627 2595 1682 quae
2640 1619 2949 1682 coaequatur
3009 1609 3329 1667 idolotatriee
3377 1624 3392 1680 ;
3451 1609 3543 1666 sed
3578 1610 3767 1683 magni

2174 1699 2415 1774 pendunt
2450 1698 2795 1757 devotionem
2821 1699 2948 1756 ﬁdei
2992 1698 3324 1766 Christianae,
3379 1706 3433 1755 et
3482 1698 3538 1754 in
3589 1714 3770 1754 exem-

2174 1789 2322 1862 plum
2353 1789 2454 1845 Dei
2480 1789 2664 1856 Israel,
2698 1788 2790 1860 qui
2818 1788 2995 1862 typica
3039 1787 3312 1845 Israelitici
3367 1787 3551 1860 populi
3603 1785 3766 1843 sacri-

2173 1878 2296 1934 ﬁcia
2321 1877 2444 1945 sibi,
2476 1894 2639 1949 quam
2665 1877 2844 1945 idolis,
2874 1876 3063 1934 maluit
3108 1875 3399 1942 immolari,
3453 1875 3657 1932 malunt
3706 1890 3766 1930 se

1687 1944 1962 2011 Ecclesiae,
2011 1951 2067 1999 ut

2177 1975 2630 2033 eminentissimos
2656 1976 2898 2032 omnium
2941 1974 3008 2032 de
3063 1974 3479 2046 pretiosissimis,
3534 1990 3658 2030 cum
3708 1972 3768 2028 in

2177 2064 2575 2138 probationem,
2609 2072 2721 2121 tum
2750 2065 2807 2120 in
2834 2081 2979 2135 usus,
3002 2065 3287 2130 concessis,
3343 2062 3638 2130 hominum,
3696 2061 3770 2118 ab

2176 2153 2487 2210 hominibus
2515 2154 2768 2211 honorari
2800 2173 2816 2220 ;
2849 2161 2903 2210 et
2927 2170 3026 2210 sua
3052 2169 3174 2225 quae
3211 2153 3282 2210 de
3333 2160 3470 2209 terra
3518 2151 3575 2207 in
3630 2159 3773 2207 terra

2176 2242 2430 2299 dmerunt
2459 2257 2474 2312 ;
2506 2251 2764 2314 quantum
2792 2242 2861 2299 ad
2886 2242 3101 2299 illorum
3145 2241 3558 2299 immortalitatis
3606 2238 3775 2296 subli-

2177 2332 2441 2402 mitatem,
2472 2331 2734 2389 vilissima
2764 2347 2778 2403 ;
2812 2340 3069 2403 quantum
3097 2330 3168 2389 ad
3196 2339 3391 2388 nostrae
3436 2328 3775 2387 mortalitatis

2178 2428 2572 2498 necessitatem,
2604 2429 3057 2486 excellentissima
3082 2429 3358 2502 pignora;
3415 2427 3498 2484 his
3551 2426 3774 2484 cimum-

2180 2517 2291 2591 tegi
2318 2534 2386 2575 ac
2412 2518 2682 2585 exornari,
2713 2534 2877 2589 quam
2923 2533 3250 2575 mammona
3300 2516 3593 2588 iniquitatis
3647 2530 3773 2586 apo-

2180 2618 2365 2672 thecas
2391 2615 2682 2687 constipari
2716 2630 2730 2686 ;
2763 2622 2817 2672 et
2857 2616 3008 2686 (112)
3065 2623 3366 2687 peccatum,
3414 2614 3559 2685 quod
3609 2627 3774 2684 super

2175 2716 2395 2790 plumbi
2417 2718 2702 2774 talentum
2720 2716 2887 2783 sedet,
2919 2717 3276 2790 augmentari,
3336 2722 3390 2772 et
3441 2713 3499 2770 in
3554 2718 3773 2771 terram

2176 2816 2455 2883 Senuaar,
2496 2815 2811 2871 latissimam
2849 2814 2951 2870 diri
2989 2815 3175 2872 fetorls
3209 2815 3426 2882 vallem,
3478 2829 3512 2870 a
3554 2812 3771 2870 duabus

2178 2905 2353 2961 alatis
2379 2904 2715 2962 mulieribus
2745 2904 2943 2975 (Zach.
2984 2920 3042 2973 ν,
3072 2906 3109 2960 '1
3154 2906 3345 2979 seqq),
3379 2901 3768 2976 principalibus

2175 2991 2426 3049 videlicet
2451 2993 2613 3063 vitiis,
2643 2993 2897 3065 superbia
2923 3001 2977 3049 et
3002 2993 3147 3049 inani
3175 2993 3369 3066 gloria,
3399 2990 3769 3066 propheticam

2177 3092 2510 3165 amphoram
2522 3093 2678 3148 inter
2705 3093 2907 3149 castum
2937 3095 2994 3149 et
3019 3096 3234 3149 terram
3274 3092 3550 3149 eleuatum
3571 3094 3769 3146 trans-

2174 3180 2398 3254 portari
2425 3180 2629 3253 (ibid),
2663 3188 2717 3236 et
2743 3180 2799 3235 in
2826 3180 3134 3253 Babylonis,
3164 3195 3390 3236 summa:
3435 3177 3768 3235 confusionis

2180 3293 2248 3333 ex
2277 3276 2540 3335 aediﬁcata
2570 3278 2755 3346 domo,
2786 3278 3057 3335 collocari.
3090 3278 3215 3334 Non
3243 3275 3460 3349 quidem
3505 3282 3768 3348 appetunt

466 3330 717 3437 scrupulo
754 3364 1004 3421 credatur
1038 3330 1156 3420 esse
1195 3372 1371 3421 ratum
1408 3373 1462 3420 et
1499 3379 1685 3421 verum
1718 3377 1732 3435 ;
1764 3330 2068 3437 'fuloebunt
2095 3330 2147 3395 ς’
2177 3330 2539 3435 summissi
2559 3330 3626 3441 “religiﬁoseﬁdispensantibus
3679 3330 3767 3421 in;

464 3454 614 3523 iusti
650 3456 802 3514 sicut
838 3455 924 3513 sol
958 3454 1025 3511 in
1060 3462 1235 3527 regno
1262 3455 1459 3512 Patris
1477 3452 2065 3524 eorum(latth.xm,

465 3543 583 3600 t3).

507 3545 583 3618 3).

902 3694 1296 3754 CAPITULUM
1332 3695 1405 3753 IV
1444 3694 1637 3769 (110*).

469 3818 620 3891 Quod
643 3821 789 3878 cives
810 3821 1065 3878 civitatis
1091 3822 1348 3879 amnica.-
1377 3820 1794 3893 ﬂoccipendant
1838 3820 2065 3894 quidem

532 3915 793 3968 monstra
811 3910 1073 3968 avaritiae
1093 3926 1110 3976 ;
1132 3910 1231 3967 ud
1250 3910 1704 3985 magnipendant
1715 3908 2066 3971 deuotionem

531 3998 670 4071 ﬁdei
698 3998 1057 4058 σὴνωιαηιε.

535 4114 644 4173 Sed
669 4122 801 4184 nos,
820 4115 912 4187 qui
939 4112 1104 4172 molle
1130 4115 1301 4173 lutum
1331 4130 1533 4183 sumus,
1566 4114 1659 4187 qui
1687 4114 1966 4187 Egyptias
1994 4117 2064 4174 de

465 4294 567 4381 rio.
600 4292 908 4381 Griecihoc
934 4301 1129 4381 vocant
1156 4293 1450 4381 ἁμάρτημα
1478 4292 1816 4376 μνημονικόν,
1841 4309 2062 4353 memo-

465 4376 572 4431 ria:
598 4376 913 4447 peccatum,
942 4377 1030 4432 vel
1060 4376 1302 4449 lapsum)

540 4465 690 4538 _(11_0)
721 4464 996 4538 Honorem
1014 4480 1159 4538 peric
1190 4466 1470 4523 eumdem.
1528 4467 1644 4521 Hoc
1697 4464 1850 4538 dicto
1899 4482 2064 4523 nemo

468 4533 786 4609 oﬂ'endetur,
829 4534 920 4609 qui
949 4533 1273 4609 meminerit,
1332 4538 1401 4594 ab
1452 4536 1789 4609 ipsoﬂhujus
1842 4537 2063 4594 honoris

469 4607 829 4679 agonotheta,
849 4606 1044 4679 diserte
1072 4607 1273 4664 dictum
1308 4629 1319 4664 :
1348 4606 1645 4677 Quiéredit
1660 4606 1848 4673 inme,
1868 4625 2058 4679 opera,

468 4692 592 4764 qua:
602 4692 696 4748 ego
715 4678 963 4764 facioLet
984 4678 1102 4764 ipse
1117 4681 1312 4764 faciet,
1337 4684 1394 4736 et
1408 4692 1637 4764 Maroni.
1651 4681 1855 4764 horum
1885 4678 2059 4764 faciet
2086 4694 2138 4764 Ι)

467 4750 653 4821 (Ἰοαπ.
687 4763 805 4814 xxv,
840 4752 949 4819 12).
984 4750 1050 4804 Et
1104 4758 1290 4806 notant
1344 4751 1534 4816 sancti,
1588 4750 1893 4821 piscatoris
1921 4751 2064 4806 illius

467 4820 606 4893 Petri
634 4821 894 4893 umbram
921 4821 1143 4877 morbos
1168 4837 1380 4878 curasse
1410 4823 1556 4892 (Act.
1589 4836 1646 4892 v,
1679 4823 1793 4891 15,)
1821 4821 1967 4893 quod
1994 4822 2064 4880 de

469 4891 659 4946 Christi
688 4892 884 4946 umbra
913 4909 1177 4962 nusquam
1210 4894 1381 4965 legas.

539 4981 711 5054 (110')
741 4981 857 5054 Hoc
885 4989 1063 5053 caput,
1097 4988 1155 5037 ut
1207 4982 1509 5054 epigraphe
1564 4980 1863 5054 praesciam,
1921 4982 2062 5037 stul-

469 5056 575 5106 tam
604 5051 977 5107 hmreticorum
1006 5051 1327 5120 sapientiam
1355 5051 1665 5122 Stmsannat,
1699 5051 1826 5108 dum
1876 5069 2063 5110 eorum

467 5123 692 5193 stolidae,
725 5122 1018 5192 objectioni
1048 5124 1204 5180 docte
1233 5141 1295 5180 ac
1322 5123 1494 5181 solide
1521 5123 1828 5195 respondet.

540 5213 858 5285 (11_1)_No:
906 5214 1194 5285 proselyti.
1256 5212 1586 5268 Humilitatis
1638 5212 1839 5285 studio,
1888 5213 2066 5285 potius

469 5283 747 5357 proselytis
784 5283 946 5357 quam
989 5283 1241 5339 Israelitis
1300 5301 1360 5357 se
1426 5293 1762 5357 annumerat.
1830 5283 2066 5357 Respicit

468 5354 782 5475 proselytos,
812 5355 1144 5439 siveoulgus
1164 5354 1313 5412 illud
1320 5356 1711 5429 promiscuum
1731 5354 2067 5439 inpuméra-

503 5424 596 5478 tle.
631 5440 721 5478 aut
750 5441 872 5478 cum
902 5425 1025 5478 hlus
1071 5427 1236 5478 Israel
1266 5443 1334 5478 ex
1356 5426 1589 5478 £9:va
1618 5444 1818 5478 euressx
1861 5427 2063 5478 (Exod.

470 5423 721 5564 ﬂebili?
750 5441 872 5481 cum
902 5424 1025 5481 filiis
1045 5423 1236 5483 ’Israel
1266 5423 1336 5484 ei
1356 5426 1589 5500 Egypto
1618 5428 1819 5501 egressi
1861 5427 2063 5499 (Exod.

540 5581 1061 5663 (_i!2)_Pe‘ccatum,
1109 5586 1254 5663 quod
1289 5603 1477 5663 super.
1502 5587 1721 5663 plumbi
1756 5589 2065 5663 talentum

540 5603 691 5650 (in)
726 5603 1061 5651 recoctum,
1186 5603 1254 5643 0a
1289 5603 1461 5659 super
1502 5603 1721 5660 ptumo:
1779 5603 2065 5645 talentum

470 5651 645 5728 sedet.
679 5654 910 5728 Erudite_
925 5655 1073 5728 illam
1109 5603 1382 5713 aiebam!)
1427 5657 1690 5713 visionem
1737 5658 1805 5714 de
1841 5660 2068 5714 avaritia

471 5726 861 5808 interpretatur.
894 5726 1032 5808 Nam
1061 5727 1202 5782 belle
1231 5729 1455 5808 quadrat
1473 5737 1535 5808 et
1580 5730 1818 5808 plumbi__
1836 5738 2067 5808 terreum

474 5798 720 5859 pondus;
754 5801 807 5847 et.
834 5798 1115 5863 amphora,
1147 5798 1442 5852 condendis
1467 5798 1593 5853 ﬂavi
1625 5800 1825 5854 metalli
1854 5802 2069 5856 laminis

475 5873 802 5939 comparata.
836 5866 992 5919 Certe
1006 5864 1088 5939 de
1116 5864 1473 5939 eodemvitio
1498 5871 1639 5922 hunc
1682 5871 1861 5923 locum
1908 5887 2070 5939 expoo

476 5932 898 6016 nunt‘prigenes
918 5941 984 6016 et
1006 5934 1076 6016 Dn.
1104 5935 1399 6016 Gregorius
1427 5938 1867 6016 Magnus._R_ecte
1886 5932 2067 6016 autem

478 6000 814 6064 peculiariter
842 6009 992 6055 notat
1018 6000 1346 6071 Thiofriiius,
1396 6000 1638 6060 avaﬁtia‘:
1682 6008 2068 6065 habitationem

2171 3480 2293 3521 rum
2326 3479 2341 3534 ;
2373 3480 2482 3521 non
2510 3472 2772 3538 appetunt
2800 3466 2856 3520 in
2884 3464 3051 3522 altum
3098 3471 3366 3521 exstructa
3402 3463 3756 3520 oratoriomm

2172 3552 2419 3622 mdiﬁcia,
2452 3569 2563 3612 non
2592 3570 2660 3613 ex
2709 3571 2839 3611 auro
2888 3553 3185 3611 fabrefacta
3238 3552 3604 3610 columnarum
3659 3551 3767 3624 epi-

2172 3642 2332 3714 stilia,
2366 3659 2476 3700 non
2504 3642 2842 3717 splendentia
2869 3642 3070 3702 divitiis
3096 3643 3413 3715 laquearia,-
3441 3658 3549 3698 non
3576 3640 3763 3717 crebro

2173 3745 2400 3803 maculis
2428 3745 2679 3804 distincta
2714 3745 3007 3820 smaragdo
3036 3744 3225 3803 altaria
3256 3760 3269 3816 ;
3328 3761 3437 3802 non
3492 3752 3552 3800 ut
3602 3759 3766 3799 mem-

2172 3835 2358 3892 branze
2396 3851 2668 3910 purpureo
2704 3836 2884 3893 colore
2932 3833 3252 3904 inﬁciantur,
3319 3849 3429 3891 non
3492 3840 3551 3889 ut
3611 3834 3758 3904 (113)

2172 3950 2362 3991 aurum
2390 3935 2653 4006 liquescat
2679 3935 2735 3989 in
2764 3934 2986 4002 litteras,
3016 3949 3127 3990 non
3168 3939 3228 3989 ut
3270 3931 3503 4005 gemmis
3552 3929 3762 3989 codices

2171 4022 2466 4080 vestiantur
2495 4038 2511 4094 ;
2545 4030 2599 4078 et
2626 4021 2994 4080 ministrorum
3024 4020 3220 4079 Christi
3246 4028 3340 4078 aut
3382 4019 3623 4088 minima,
3669 4026 3761 4076 aut

2172 4112 2319 4170 nulla
2343 4112 2626 4188 diligentia
2651 4112 2933 4182 habeatur,
2955 4118 3009 4169 et
3044 4109 3219 4168 nudus
3254 4117 3378 4169 ante
3403 4108 3548 4167 fores
3573 4122 3756 4165 eorum

2171 4317 2287 4357 esse
2315 4299 2374 4355 in
2401 4307 2542 4356 terra
2569 4300 2831 4365 Sennaar,
2864 4313 2987 4369 qua)
3013 4312 3141 4363 vox,
3174 4312 3241 4353 ex
3259 4295 3507 4369 origine
3526 4310 3641 4364 sua,
3661 4299 3763 4369 _est

2170 4372 2509 4444 dormientis
2539 4362 2856 4444 suscitatio.
2881 4362 2992 4438 Qui
3023 4369 3169 4444 enim
3199 4362 3383 4425 minus
3421 4365 3596 4437 quiete
3626 4362 3759 4444 dor-

2170 4444 2360 4511 miunt,
2395 4441 2725 4513 frequentius
2752 4442 2949 4513 misere
2976 4440 3295 4513 excitantur,
3327 4453 3490 4513 quam
3521 4451 3650 4506 quos
3704 4440 3757 4489 in

2170 4513 2427 4569 ditionem
2456 4510 2608 4569 suam
2637 4512 2903 4577 redactos,
2935 4510 3300 4581 iniquissimus
3327 4510 3618 4564 Mammon.

2239 4602 2484 4676 Imperio
2498 4603 2732 4675 premit,
2763 4616 2830 4658 ac
2860 4600 3065 4657 vinclis
3092 4603 3149 4655 et
3180 4612 3405 4655 carcere
3432 4594 3676 4667 frenat?

2238 4692 2389 4766 (113)
2418 4693 2638 4766 Aurum
2661 4690 2933 4766 liquescat
2949 4692 3015 4744 in
3034 4689 3279 4766 litterae.
3292 4684 3536 4766 Dubium
3553 4682 3755 4766 nullum

2171 4763 2303 4818 mihi
2341 4758 2438 4830 est,
2478 4762 2547 4818 de
2593 4762 2661 4818 iis
2713 4758 3001 4816 codicibus
3064 4758 3405 4815 Thiofridum
3468 4758 3751 4822 insinuare,

2171 4850 2305 4907 quos
2332 4834 2493 4900 illius,
2525 4832 2906 4907 etsuperiores
2933 4839 3119 4887 aetates
3142 4846 3301 4907 fuero
3337 4843 3478 4886 auro
3516 4832 3758 4907 exaratos

2170 4896 2420 4960 viderunt.
2453 4896 2811 4974 :chjusmodi
2840 4902 3046 4974 aliquot
3099 4901 3261 4974 etiam
3327 4915 3467 4953 nunc
3528 4897 3583 4951 in
3641 4896 3755 4950 illu-

2172 4977 2367 5031 stribus
2394 4972 2634 5030 ecclesiis
2662 4982 2716 5030 et
2742 4972 3081 5029 monasteriis
3107 4973 3199 5043 pia
3227 4978 3557 5043 posterorum
3586 4976 3755 5043 servat

2173 5047 2472 5121 diligentia.
2513 5046 2832 5121 Bambergaa
2885 5037 3136 5121 quidem:
3166 5037 3333 5097 unum
3393 5040 3525 5121 mihi
3578 5037 3756 5121 videre

2174 5110 2400 5191 contigit
2428 5134 2461 5172 a
2486 5132 2610 5191 raro
2640 5110 2858 5191 illo,'e_t,
2972 5114 3049 5191 sic
3086 5113 3259 5170 dicam
3272 5110 3583 5191 Lparadoxo
3622 5110 3755 5191 prin-

2174 5180 2362 5264 cipum
2384 5187 2679 5264 conjugum
2711 5180 2854 5264 pari,
2888 5184 3120 5264 Henrico
3167 5194 3219 5241 et
3272 5180 3756 5264 K'unigunde,fun-

2174 5257 2449 5316 datoribus
2477 5257 2598 5315 illus
2622 5257 2882 5326 ecclesia,
2917 5257 3195 5324 donatum,
3254 5271 3376 5311 cum
3431 5257 3532 5310 hac
3586 5257 3759 5306 inscri-

2175 5333 2401 5405 pﬁone:

2173 5418 2420 5474 Heinrich
2451 5429 2504 5473 et
2535 5419 2815 5485 Kunigund,
2846 5420 2997 5482 Deus,
3030 5417 3138 5472 haec
3168 5417 3259 5470 tibi
3281 5428 3487 5469 omnem
3512 5415 3760 5477 promunt.

2174 5521 2363 5589 Neque
2383 5517 2654 5574 Efternaci
2683 5516 2951 5589 ejusmodi
2978 5516 3207 5587 supplex
3230 5514 3406 5589 deest.
3463 5514 3767 5589 Asservatur

2174 5579 2443 5663 hodieque
2463 5597 2692 5659 quatuor
2712 5579 3135 5663 Evangelioruin
3156 5586 3409 5663 volumen
3435 5579 3764 5663 prmgmnde,

2176 5655 2381 5735 liquido
2412 5655 2543 5717 auro
2572 5655 2955 5735 conscriptum,
2987 5674 3110 5714 cum
3157 5657 3328 5735 multa
3372 5655 3669 5735 imaginum
3713 5659 3767 5705 et

2177 5728 2451 5787 titulorum
2484 5747 2704 5801 pompa.
2738 5728 2903 5799 Cujus
2926 5746 3129 5785 asseres
3158 5728 3248 5798 qui
3303 5728 3628 5801 extrinsecus
3671 5736 3765 5801 pro

2176 5792 2512 5858 munimento
2540 5792 2681 5867 sunt,
2715 5792 2890 5857 aureis
2936 5792 3483 5874 lamellis—teguntur,
3534 5792 3763 5874 eleganti

2178 5874 2396 5943 quidem
2427 5881 2482 5927 et
2509 5866 2731 5942 antiquo
2765 5889 2928 5944 opere
2986 5866 3293 5944 attigistis."
3316 5870 3516 5944 Praeter
3566 5866 3766 5944 aliquot

2177 5934 2481 6024 sanctorum
2513 5934 3260 6024 imaginesfvisunturvetia‘m
3315 5939 3436 5994 duae
3490 5934 3763 6024 Augustali

2178 6014 2383 6069 habitu.
2424 6007 2730 6070 Dexteriori
2766 6007 3146 6085 subscriptum,
3180 6012 3331 6068 Οττο
3376 6024 3490 6066 nux
3521 6023 3535 6078 ;
3582 6007 3760 6071 alteri.

3854 6152 3910 6400 l
