3910 6460
235 551 340 606 349

1152 549 1422 609 FLORES
1451 550 1787 608 ΕΡΙΤΑΡΗΙ
1815 551 2267 610 SANCTORUM.
2305 582 2371 595 -—
2403 555 2512 609 LIB
2541 553 2612 612 Il.

3416 554 3522 610 350

235 672 480 728 Christus
505 671 787 728 moriatur.
842 673 1006 742 Nam,
1036 682 1096 730 ut
1141 675 1439 732 secundum
1483 676 1639 732 Isaiae
1683 678 1826 733 vati-
1854 679 1913 740 Α
1940 693 2062 734 rum
2089 678 2381 746 Dominus;
2403 688 2456 735 et
2482 695 2677 737 omnes
2732 679 2962 747 caelites,
3007 677 3282 737 exteriora
3338 679 3526 734 ortho-

234 761 462 830 cinium,
500 761 643 818 Medi
657 766 962 836 argentum
995 780 1114 820 non
1149 769 1432 838 quierunt.
1454 782 1559 822 nec
1607 783 1822 823 aurum

231 850 566 920 uotunt(lsa
608 864 726 917 xm,
791 852 900 922 l7),
934 859 989 906 et
1032 852 1194 919 sicut,
1256 853 1444 909 Solino
1500 853 1827 927 physiologo

231 945 392 1005 teste,
423 937 670 994 universi
718 939 977 994 mortales
1018 940 1112 1012 qui
1160 948 1290 995 sunt
1323 941 1472 1014 (114)
1520 943 1579 996 in
1625 941 1828 1013 oppido

231 1034 465 1090 Carbilze
493 1035 614 1091 sive
671 1035 921 1104 Barbitaa,
981 1037 1128 1108 quod
1159 1054 1188 1091 ιι
1219 1039 1395 1102 Susis,
1453 1039 1831 1110 opinatissima

231 1121 450 1179 civitate
478 1123 718 1178 Persidis
763 1139 1037 1194 cccxxxv,
1080 1125 1322 1180 millibus
1351 1142 1613 1196 passuum
1641 1127 1829 1194 distat,

231 1211 360 1268 odio
388 1212 532 1279 auri,
564 1219 824 1268 coemunt
855 1213 960 1268 hoc
1003 1229 1183 1287 genus
1212 1213 1440 1281 metalli,
1487 1222 1540 1270 et
1568 1215 1830 1285 abjiciunt

229 1305 288 1361 in
317 1316 577 1364 terrarum
608 1309 900 1381 profunda,
928 1327 996 1367 ne
1037 1311 1224 1382 polluti
1252 1329 1352 1367 usu
1397 1313 1537 1382 ejus,
1571 1329 1827 1369 corrum-

230 1403 365 1469 pant
390 1397 701 1470 aequitatem
731 1415 830 1470 per
855 1400 1175 1467 avaritiam;
1207 1401 1286 1457 sic
1313 1400 1467 1456 multi
1489 1411 1825 1470 sanctorum,

229 1500 302 1541 ne
331 1486 485 1558 quasi
513 1487 896 1545 commendare
927 1497 979 1545 et
1007 1488 1304 1546 conciliare
1329 1489 1504 1546 avidis
1541 1490 1825 1548 hominum

226 1583 504 1639 mentibus
534 1585 822 1641 videantur
857 1586 1275 1660 philargyriam,
1318 1595 1582 1661 tanquam
1639 1587 1827 1645 excel-

227 1670 552 1730 lentissima:
610 1674 914 1730 sanctitatis
977 1692 1090 1732 suae
1134 1675 1522 1748 impedimenta
1593 1677 1832 1748 pretiosa

230 1768 517 1832 respuunt,
553 1769 604 1818 et
633 1762 936 1819 abhorrent
965 1773 1323 1820 ornamenta:
1365 1772 1421 1821 et
1453 1773 1512 1820 ut
1549 1765 1672 1821 vitae
1713 1773 1831 1822 tuta

229 1846 478 1915 facultas,
508 1851 763 1922 pauperis
792 1852 1119 1925 angustique
1147 1853 1295 1919 laris,
1348 1861 1402 1910 et
1429 1869 1655 1910 munera
1683 1870 1827 1910 non-

228 1948 360 2004 dum
390 1951 688 2008 intetlecta
708 1951 835 2018 Dei,
853 1968 956 2025 per
971 1967 1038 2008 ea
1057 1967 1180 2026 qua
1191 1954 1624 2026 conspiciuntur
1645 1955 1823 2022 (Rom.

1932 767 2195 823 doxorum
2218 767 2379 824 xenia
2405 783 2515 824 non
2565 768 2926 841 susciperent,
2987 768 3124 824 falso
3171 782 3329 823 saera
3369 766 3524 822 Scri-

1934 863 2095 926 ptura
2123 856 2368 912 diceret:
2400 857 2732 930 Redemptio
2749 860 2960 914 anima:
2971 859 3099 924 uiri,
3123 858 3364 930 propria:
3383 856 3527 912 divi-

1936 946 2032 1000 tia:
2049 947 2232 1014 (Prov.
2275 961 2392 1012 xm,
2451 944 2506 1014 8)
2536 964 2552 1010 ;
2582 945 2690 1002 Sed
2747 961 2873 1003 cum
2926 947 2975 1002 is
3023 946 3115 1018 qui
3159 943 3527 1000 sustentandis

1936 1032 2090 1102 vulgi
2119 1033 2455 1103 pauperibus
2483 1034 2730 1105 invigilat
2770 1036 2922 1091 inter
2952 1049 3184 1106 quorum
3232 1048 3446 1104 pannos
3471 1039 3524 1088 et

1932 1119 2180 1176 illuviem
2207 1122 2480 1192 corporis,
2514 1121 2754 1194 ﬂagrans
2779 1123 2949 1179 libido
2985 1122 3307 1189 dominatur,
3329 1129 3401 1186 et,
3433 1119 3525 1192 qui

1933 1224 2043 1265 non
2071 1216 2302 1280 possunt
2347 1210 2550 1266 habere
2605 1219 2813 1267 aeterna
2857 1210 3232 1276 tabernacula,
3263 1225 3387 1265 cum
3424 1223 3526 1264 nec

1934 1302 2223 1372 praesentia
2259 1302 2598 1372 possideant,
2649 1319 2751 1360 nec
2779 1303 2987 1368 futura;
3029 1303 3253 1368 cumis,
3283 1300 3522 1368 inquam,

1933 1388 2172 1445 animam
2228 1406 2385 1445 suam
2439 1391 2674 1462 propriis
2729 1391 2927 1448 divitiis
2988 1392 3266 1456 redimat;
3325 1397 3526 1461 quanto

1934 1478 2111 1551 magis
2139 1478 2233 1534 ille
2255 1479 2454 1536 beatus
2465 1482 2562 1552 qui
2578 1497 2748 1554 super
2764 1497 3007 1552 egenum
3020 1484 3076 1536 et
3095 1495 3402 1552 pauperem
3415 1478 3528 1548 Spi-

1928 1567 2036 1622 ritu
2060 1568 2522 1639 intetligit(Psat.
2554 1583 2649 1634 XL,
2683 1569 2759 1639 2),
2793 1577 2846 1624 et
2863 1577 2973 1624 tam
2993 1576 3304 1624 sanctorum
3329 1580 3520 1623 neces-

1931 1653 2182 1711 sitatibus
2208 1672 2363 1729 qaam
2393 1655 2579 1730 dignis
2610 1663 2663 1713 et
2705 1655 2902 1714 debitis
2930 1656 3214 1714 ornatibus
3271 1669 3522 1712 commu-

1935 1743 2085 1799 nicat
2102 1746 2131 1802 ?

2489 1896 2573 1952 CA
2583 1895 2890 1954 PITULUM
2931 1896 2994 1951 V.

228 2061 267 2106 ι.
327 2047 440 2116 20),
493 2046 620 2113 sint,
651 2054 707 2102 et
761 2047 1098 2120 intelligatur
1168 2047 1464 2105 manifesta
1524 2064 1637 2106 non
1691 2049 1825 2105 Eois

1942 2029 2093 2098 Quod
2107 2047 2212 2104 per
2223 2030 2422 2089 mundi
2439 2031 2918 2103 coneupiscibitia,
2932 2031 3334 2103 comparentur
3350 2028 3524 2084 etiam

230 2133 572 2204 splendentia
599 2136 834 2206 gemmis
863 2136 1128 2203 sacraria,
1188 2151 1300 2193 non
1326 2137 1454 2192 ullis
1501 2137 1704 2194 violata
1731 2153 1832 2210 per

233 2237 416 2277 sevum
436 2222 640 2279 divitiis
667 2224 875 2281 habere
929 2224 1225 2298 dignantur
1280 2225 1589 2282 mausolea.
1646 2229 1834 2283 Aurea

230 2318 575 2389 redimicula,
608 2336 730 2393 quae
766 2320 891 2377 ﬁliis
921 2322 1108 2378 saculi
1163 2330 1289 2378 sunt
1336 2324 1524 2388 lucra.
1560 2324 1834 2381 arbitrati

231 2409 374 2464 sunt
403 2413 730 2467 utstercora
756 2411 932 2482 (Phil.
967 2427 1048 2478 ιιι,
1109 2414 1185 2482 8),
1241 2427 1351 2468 non
1375 2416 1432 2467 in
1476 2412 1834 2486 suggillatio—

229 2521 362 2562 nem
406 2514 460 2562 et
505 2508 887 2578 praejudicium
943 2509 1247 2566 devotionis
1313 2510 1652 2577 Christianae,
1709 2527 1832 2584 qua

231 2603 432 2650 sancto
459 2603 768 2652 sanctorum
799 2597 938 2667 Deo,
969 2605 1024 2653 et
1070 2599 1274 2655 sanctis
1304 2600 1560 2655 omnibus
1587 2607 1670 2655 est
1695 2613 1832 2671 gra-

231 2684 480 2748 tissima;
529 2686 626 2741 sed
671 2693 729 2740 ut
757 2685 963 2757 liquido
1015 2695 1246 2754 constet,
1302 2689 1573 2744 mentibus
1628 2703 1832 2744 carna-

232 2771 393 2838 lium,
426 2787 590 2844 quam
619 2773 959 2830 detestabilis
1011 2775 1082 2830 sit
1131 2776 1389 2832 avaritia.
1447 2777 1570 2832 Non
1613 2783 1832 2848 caputa

232 2861 516 2928 membris,
548 2878 658 2918 non
674 2864 922 2920 membra
945 2863 1215 2920 dissident
1247 2879 1280 2921 a
1312 2865 1526 2936 capite;
1558 2867 1654 2922 sed
1669 2879 1832 2938 quem

239 2961 540 3017 admodum
583 2961 752 3030 Deus,
797 2962 890 3035 qui
945 2962 1119 3035 solus,
1172 2965 1471 3020 secundum
1536 2963 1832 3020 ordinatis-

235 3049 434 3105 simam
462 3049 926 3120 dispensationem
956 3065 1070 3107 suae
1099 3053 1483 3124 providentiae,
1514 3067 1831 3126 coagmen-

235 3155 348 3205 tem
376 3148 627 3203 humanae
641 3146 936 3204 inﬁrmitati
960 3149 1284 3206 medicinam
1307 3149 1455 3207 novit
1474 3149 1834 3221 impendere;

237 3251 406 3302 nunc,
440 3244 497 3292 ut
525 3235 770 3293 antidoto
799 3236 1169 3308 parcimonias,
1229 3240 1478 3294 morbum
1511 3246 1663 3295 sanet
1698 3253 1832 3294 ava-

235 3323 397 3392 ritiae,
466 3325 646 3394 rejicit
724 3327 1003 3382 materiam
1067 3326 1420 3400 philargyrias
1483 3343 1666 3384 :nunc
1712 3337 1832 3384 eam

240 3423 480 3480 admittit
510 3423 564 3478 in
593 3422 921 3481 sacriﬁcium
943 3424 1201 3494 justitias;
1236 3433 1293 3479 ut
1321 3425 1537 3496 placere
1573 3424 1677 3480 sibi
1705 3440 1833 3496 pro-

241 3511 338 3568 bet
365 3511 732 3579 devotionem,
766 3520 818 3568 et
851 3513 1180 3570 oblationem
1209 3514 1470 3586 cujusque
1500 3513 1681 3570 ﬁdelis
1708 3511 1831 3569 ani-

239 3616 383 3656 mae:
416 3601 495 3657 sic
525 3601 650 3672 ejus
669 3616 892 3673 corpus.
949 3601 1130 3668 electi,
1188 3601 1280 3657 alii
1336 3601 1555 3674 quidem
1611 3617 1834 3658 omnem

239 3689 431 3745 mundi
478 3697 750 3756 ornatum,
794 3687 1048 3745 salutaris
1087 3690 1323 3762 exempli
1367 3690 1568 3762 gratia,
1616 3699 1675 3746 ut
1697 3691 1835 3746 alios

238 3777 607 3846 lucrifaciant,
640 3771 744 3832 sibi
784 3775 1095 3834 existimant
1151 3779 1568 3846 detrimentum;
1627 3778 1719 3834 alii
1774 3793 1835 3835 se

239 3865 644 3940 talidignantur
671 3866 897 3934 honore,
929 3866 984 3922 in
1017 3875 1222 3924 sanctas
1249 3865 1537 3923 charitatis
1565 3874 1623 3923 et
1651 3867 1834 3924 ortho-

237 3958 396 4012 doxae
424 3955 730 4013 devotionis
757 3965 1134 4026 augmentum.
1160 3956 1218 4012 Si
1245 3956 1391 4012 enim
1421 3973 1575 4026 teque
1605 3965 1658 4012 et
1677 3956 1839 4014 calo-

232 4145 628 4188 τιιεοιφιιλκῐιι
638 4145 752 4188 mp.
772 4133 925 4187 Hunc
939 4139 1198 4202 apportet
1215 4148 1339 4187 esse
1349 4131 1621 4188 Othonem
1631 4147 1834 4189 secun-

235 4203 372 4258 dum
403 4217 418 4257 :
451 4219 678 4258 uxorem
709 4204 853 4259 enim
884 4200 1074 4257 habuit
1099 4202 1834 4273 Theophaniam,Nicephori

241 4273 510 4344 Bizantini
539 4274 678 4344 imp.
736 4273 923 4342 ﬁliam,
978 4274 1132 4342 cujus
1167 4273 1338 4328 frater
1367 4273 1464 4328 l'uit
1502 4275 1574 4328 B.
1615 4274 1831 4344 Grego‘

240 4343 356 4417 rius
372 4345 544 4399 abbas
563 4343 912 4417 Porzetanus.
937 4344 1284 4417 Videbiolani
1304 4345 1530 4417 Natales
1561 4344 1657 4399 SS.
1678 4343 1830 4417 Belg.

239 4417 278 4470 4
306 4415 573 4472 Novemb.
606 4416 751 4470 Nihil
785 4416 967 4485 itaque
996 4415 1147 4469 dubii
1193 4423 1276 4470 est
1305 4416 1434 4486 quin
1465 4416 1658 4486 horum
1688 4415 1835 4486 prin-

241 4486 651 4566 gpummunus
679 4487 748 4540 sit
804 4486 894 4542 hic
924 4486 1114 4566 .codex
1149 4503 1162 4539 :
1211 4485 1373 4557 quem
1423 4485 1660 4566 proinde
1693 4485 1834 4542 'vidit

242 4555 559 4628 Thiofridus
588 4565 811 4628 noster;
845 4555 1053 4628 quippe
1085 4555 1246 4628 cumi'
1267 4572 1388 4628 eum
1419 4555 1497 4628 illi
1528 4572 1832 4628 praecesse-

242 4626 354 4682 rint
391 4627 518 4709 totis
551 4631 650 4709 100
680 4625 878 4710 annisf
899 4625 1128 4682 N’otabis
1146 4627 1324 4681 obiter
1342 4625 1834 4710 Christianissimof

240 4713 364 4753 rum
378 4699 716 4780 'principum,
740 4699 793 4754 in
824 4699 927 4753 hoc
983 4713 1198 4769 quoque
1247 4713 1469 4769 genere,
1497 4699 1747 4768 pietatem
1778 4707 1830 4780 et

241 4768 691 4848 munificentiam,
721 4778 775 4848 et
803 4776 1112 4848 sanctorum
1161 4767 1363 4848 cultum
1394 4776 1472 4823 tot
1493 4779 1829 4848 argumentis

241 4847 522 4922 testatum.
581 4839 1039 4922 S‘anctiwquorum
1066 4838 1365 4922 ‘imagines
1385 4839 1647 4922 ‘spect'ari
1686 4839 1828 4922 dixi,

239 4919 370 4964 sunt
396 4912 573 4982 primo
607 4912 729 4967 loco
756 4909 1150 4965 Willibrordus
1171 4909 1356 4979 (cujus
1385 4909 1580 4982 honori
1609 4909 1828 4982 potissi-

238 4981 524 5038 mum'boc
556 4982 800 5038 muneris
827 4982 1051 5050 datum),
1075 4989 1186 5036 tum
1210 4988 1429 5036 sanctus
1459 4981 1785 5036 Benedictus
1810 5000 1824 5038 :

239 5068 275 5107 θ
303 5052 527 5125 regione
556 5069 688 5110 vero
717 5061 940 5125 sanctus
968 5051 1647 5125 Bonifacius,_et_san_ctus
1678 5053 1825 5108 Lud-

236 5122 430 5196 gerus.
462 5125 583 5196 Non
614 5124 923 5196 didicerant
980 5123 1096 5196 haec
1155 5122 1209 5176 in
1262 5122 1828 5196 schola_Calvinista-

233 5193 380 5259 rum,
405 5195 496 5266 qui
527 5197 644 5251 haec
690 5194 836 5266 talia,
854 5193 1046 5266 sicubi
1104 5193 1414 5266 reperiunt,_
1445 5193 1646 5248 docent
1675 5209 1827 5250 ever-

231 5263 546 5340 tendacum
603 5265 936 5340 pulvisculo.
983 5268 1085 5340 Ae
1124 5263 1348 5340 insuper
1401 5263 1556 5333 ipsos
1604 5272 1822 5340 sanctos

231 5334 634 5407 blasphemant,
649 5351 837 5392 eorum
863 5336 959 5391 SS.
984 5335 1249 5407 reliquias
1270 5342 1520 5400 exurunt,
1536 5334 1823 5407 etcineres

228 5409 289 5461 in
321 5405 543 5480 ventum
569 5416 863 5480 spargunt.
903 5408 1019 5463 Hoc
1049 5405 1177 5462 vere
1213 5414 1319 5472 est,
1342 5421 1466 5461 esse
1497 5405 1821 5463 reformatos

227 5486 283 5534 et
313 5478 723 5534 reformaturesl

301 5551 544 5623 (114)_ln
590 5550 798 5623 oppido
842 5549 1094 5623 corbitae,
1137 5551 1250 5604 sive
1286 5547 1558 5623 _Bu_rb_itre.
1599 5548 1821 5623 _Vitium

224 5618 440 5676 videtur
464 5618 756 5690 irrepsisse
784 5621 841 5675 in
874 5621 1228 5690 Scripturam.
1279 5618 1451 5673 Solini
1499 5620 1664 5673 verba
1694 5627 1821 5674 sunt

222 5707 348 5759 cap.
367 5695 460 5746 56.
488 5689 778 5762 Babytuce,
803 5691 1084 5763 Oppidum.
1104 5689 1377 5746 Persidis.
1400 5691 1462 5744 In
1477 5705 1537 5745 eo
1549 5691 1820 5763 mortales

221 5763 497 5825 universi,
512 5761 636 5817 odio
651 5765 800 5824 auri,
824 5761 1088 5817 coemunt
1108 5777 1283 5830 genus
1300 5763 1399 5816 hor
1421 5761 1662 5824 metalli,
1679 5765 1734 5816 et
1754 5763 1817 5816 in

223 5838 519 5889 terrarum
541 5833 826 5904 profunda
857 5833 1158 5904 objiciunt.
1182 5847 1254 5904 ne
1291 5832 1652 5904 pollutiusus
1671 5834 1814 5904 ejus,

218 5907 470 5962 avaritia
488 5901 1221 5973 corrumpunttequitatem.
1240 5901 1555 5956 Pliniuslib.
1578 5916 1631 5973 vi
1659 5901 1812 5956 0.27.

216 5978 288 6032 In
300 5974 769 6050 septentrionalis
784 5972 1138 6050 Tigrisﬂatueo
1149 5973 1411 6044 oppidum
1420 5976 1507 6027 est
1522 5972 1812 6043 Babytace,

214 6055 323 6104 etc.
357 6041 555 6100 Subdit
583 6043 772 6101 eadem
804 6041 924 6112 quae
955 6041 1190 6097 Solinus;

2610 2128 2876 2183 cwtestia.

2005 2249 2288 2306 Nimirum
2301 2249 2448 2306 beati
2460 2265 2738 2323 pauperes
2755 2250 2963 2323 spiritu
2975 2248 3206 2319 (Matth.
3228 2263 3283 2314 v,
3296 2245 3376 2316 2),
3397 2249 3524 2303 sunt

1939 2335 2098 2393 electi
2127 2346 2180 2394 et
2201 2337 2485 2396 domestici
2515 2339 2632 2404 Dei,
2667 2346 2776 2394 tam
2806 2337 2930 2395 cceli
2957 2353 3115 2411 quos,
3147 2337 3303 2409 quasi
3328 2337 3525 2393 micam

1937 2431 2100 2498 tibus,
2133 2440 2186 2488 et
2214 2433 2362 2504 (115)
2394 2433 2639 2504 mysticis
2667 2433 2860 2499 stellis,
2888 2432 3186 2504 pleiadum,
3211 2438 3267 2487 et
3287 2427 3522 2500 Arcturi,

1937 2519 2194 2575 virtutum
2216 2518 2520 2595 fulgoribus
2542 2523 2760 2577 ornavit
2776 2520 3009 2594 Spiritus
3039 2520 3138 2575 Dei
3161 2539 3174 2585 ;
3199 2535 3360 2592 quam
3377 2534 3526 2574 orna-

1939 2616 2131 2664 menta
2157 2609 2306 2666 sedis
2319 2610 2416 2666 Dei
2438 2618 2491 2666 et
2505 2609 2911 2683 idcircojomnis
2929 2608 3284 2674 orthodoxus,
3315 2607 3424 2680 qui,
3441 2622 3527 2662 se-

1937 2697 2173 2753 cundum
2200 2696 2406 2754 dictum
2436 2697 2618 2766 Arati,
2649 2697 3060 2770 comprobatum
3082 2697 3386 2753 testimonio
3412 2701 3524 2749 ma;

1936 2784 2093 2858 gistri
2105 2785 2348 2858 gentium
2369 2785 2673 2858 Pauli(Act.
2688 2802 2824 2853 xvu,
2836 2789 2948 2858 28),
2965 2785 3010 2857 (1
3026 2787 3114 2844 16)
3128 2792 3208 2840 est
3221 2801 3395 2857 genus
3407 2783 3526 2851 Dei,

1937 2881 2127 2947 terque
2154 2883 2455 2948 quaterque
2483 2877 2691 2944 beatus,
2725 2874 2874 2946 (11Ἷ)
2904 2875 3099 2932 cubum
3128 2880 3364 2929 meretur
3391 2879 3532 2928 octo-

1939 2963 2363 3032 beatitudinum;
2395 2963 2443 3018 si
2470 2979 2633 3020 omne
2658 2963 2803 3037 quod
2818 2963 3090 3020 aestimare
3121 2961 3316 3034 poterit
3334 2961 3532 3032 pretiu-

1940 3067 2060 3107 sum
2089 3051 2145 3105 in
2172 3066 2303 3108 auro
2332 3058 2425 3107 aut
2452 3061 2704 3126 argento,
2728 3061 2820 3107 aut
2843 3052 3278 3124 margaritarum,
3296 3057 3349 3106 et
3377 3049 3532 3105 varia

1939 3139 2169 3196 vestium
2188 3140 2479 3197 sericarum
2495 3141 2889 3212 suppellectile,
2913 3154 3124 3196 summa
3141 3138 3450 3202 devotione,
3463 3149 3532 3192 ac

1940 3228 2200 3285 aviditate
2213 3228 2728 3300 animi,expenderit
2739 3228 2794 3283 in
2804 3242 3074 3299 expensas
3085 3229 3208 3282 dom
3217 3241 3280 3280 us
3292 3223 3527 3289 Domini,

1942 3326 1996 3373 et
2023 3325 2275 3373 ornatum
2303 3316 2493 3389 gloria:
2505 3316 2738 3372 ﬁliorum
2764 3315 2885 3372 Dei.
2907 3317 3045 3371 Nam
3075 3315 3180 3370 nisi
3213 3328 3313 3385 per
3339 3311 3527 3369 mundi

1863 3380 1913 3444 Ο
1943 3380 2408 3476 concupiscibilia,
2425 3413 2478 3462 et
2501 3405 2839 3462 delectabilia
2851 3380 3236 3475 comparentur
3256 3400 3525 3466 coelestia,

1940 3508 2050 3551 non
2068 3502 2219 3550 tanta
2247 3493 2415 3550 animi
2439 3493 2741 3566 vigilantia,
2772 3493 2923 3564 (118)
2951 3499 3005 3548 et
3043 3491 3276 3557 Veteris,
3307 3497 3363 3544 et
3385 3488 3526 3544 Novi

1939 3580 2273 3640 Testamenti
2311 3584 2521 3650 Patres,
2557 3597 2684 3637 suas
2729 3582 3108 3654 expenderent
3147 3592 3442 3652 expensas,
3473 3577 3532 3633 in

1942 3669 2138 3729 domus
2169 3671 2288 3739 Dei,
2320 3679 2374 3728 et
2402 3681 2710 3728 sanctorum
2758 3670 3007 3740 aedilicia,
3049 3677 3103 3724 et
3128 3667 3182 3723 in
3215 3657 3529 3738 multiplicia

1941 3761 2128 3830 divini,
2159 3761 2337 3818 cultus
2396 3759 2730 3816 redimicula.
2774 3760 2882 3815 Sed
2937 3775 3060 3815 cum
3117 3757 3262 3829 apud
3316 3762 3530 3812 mentes

1942 3865 2172 3906 summas
2198 3849 2498 3908 divinitatis
2525 3849 2646 3906 luce
2687 3848 3000 3914 illustratus,
3029 3853 3322 3912 constaret,
3380 3843 3530 3916 quod

1942 3953 2009 3996 ex
2039 3940 2232 4012 iniquo
2247 3942 2820 4006 mammoua,wtema
2847 3950 3064 4010 quoque
3076 3934 3430 4006 acquirantur
3442 3937 3530 3987 ta-

2015 4113 2059 4185 (1
2073 4114 2162 4186 15)
2192 4111 2440 4186 big/stici;
2450 4115 2632 4186 stellis
2662 4113 2958 4186 Pleiadum
2973 4116 3029 4168 et
3043 4114 3077 4167 Α
3087 4113 3290 4186 rctuii.
3303 4181 3314 4186 Α
3327 4109 3523 4166 Multus

1943 4181 2042 4241 fuit
2069 4181 2384 4240 Thiot’ridus
2412 4185 2467 4239 in
2496 4185 2729 4241 lectione
2761 4185 2829 4239 υ.
2869 4183 3124 4255 Gregorii
3140 4181 3338 4255 Magni,
3359 4197 3523 4255 quem

1945 4256 2357 4312 lucidissimum
2371 4255 2686 4326 theologum
2705 4256 2897 4311 solitus
2925 4251 3348 4326 est_nominire.
3380 4251 3440 4326 ‘ls
3466 4253 3525 4307 in

1940 4327 2042 4381 Job
2066 4327 2336 4390 scribens,
2367 4323 2686 4382 Arcturum
2715 4327 2828 4381 vult
2857 4323 3170 4396 signiﬁcare
3193 4325 3519 4394 Ecclesium,

1942 4398 2002 4469 in
2051 4413 2159 4469 quia
2189 4397 2258 4452 sit
2299 4399 2648 4469 septi/“armis
2683 4398 2886 4469 gratiae
2945 4397 3192 4469 Spiritus
3243 4396 3522 4469 claritas,-

1943 4466 2196 4539 Pteiades
2237 4466 2626 4532 vero,sanctos
2646 4466 2856 4532 omnes,
2907 4466 3002 4539 qui
3026 4467 3184 4522 inter
3225 4466 3524 4539 praesentis

1939 4538 2070 4592 vita:
2081 4539 2355 4610 tenebras,
2375 4539 2618 4609 ejusdem
2636 4541 2846 4610 gratim
2856 4537 2957 4592 nos
2971 4537 3522 4610 lumiueillustrant,

1940 4616 2056 4679 etc.
2081 4609 2215 4663 Vide
2241 4608 2344 4664 Job
2377 4607 2452 4674 rx,
2478 4614 2533 4672 9,
2565 4617 2618 4663 et
2639 4607 2651 4610 ⁷
2674 4624 2902 4671 xxxviii,
2961 4609 3056 4662 31.
3100 4607 3284 4679 Ipsum
3341 4616 3523 4662 autem

1941 4679 1997 4734 S.
2029 4677 2270 4751 Gregor.
2305 4696 2437 4734 χχιχ
2467 4681 2604 4734 Mor.
2643 4695 2698 4735 c.
2736 4683 2826 4744 20,
2856 4681 2944 4734 29.

2013 4747 2171 4820 (116)
2193 4752 2291 4805 Est
2311 4767 2488 4820 genus
2506 4753 2630 4806 Dei.
2655 4751 3060 4808 Hemistichium
3085 4749 3240 4820 Arati
3270 4765 3300 4802 a
3320 4747 3522 4820 Sancto

1935 4816 2206 4950 {:11}an
2234 4816 2417 4876 Actib.
2455 4821 2768 4894 allegatum,
2801 4829 2884 4876 est
2915 4837 2928 4875 :
2959 4825 3076 4883 Τοῦ
3109 4818 3210 4903 γὰρ
3247 4820 3338 4879 καὶ
3379 4816 3524 4898 γένος

1961 4915 2003 4950 σ.
2064 4917 2107 4950 ν.

1961 4915 2107 4970 σμιν.

2008 4973 2154 5042 (117)
2189 4972 2399 5029 Cubum
2419 4975 2676 5028 meretur
2691 4977 2814 5027 octo
2844 4973 3280 5029 beatitudinum.
3316 4969 3522 5042 Scitum

1932 5053 2015 5098 est
2043 5043 2097 5098 in
2127 5041 2600 5116 magnitudinibus
2628 5044 2828 5099 cubum
2859 5042 3092 5116 ﬁguram
3117 5057 3241 5098 esse
3280 5057 3346 5116 ex
3371 5041 3521 5096 omni

1931 5120 2084 5186 parte
2113 5113 2452 5186 quadratam,
2499 5121 2828 5186 utilesseras
2871 5113 3143 5186 videmus.
3205 5117 3274 5168 At
3303 5113 3355 5166 in
3412 5129 3520 5166 nu-

1932 5185 2119 5251 meris,
2136 5185 2506 5255 proportione
2527 5185 2740 5240 dicitur.
2777 5185 2986 5241 Utalios
3013 5185 3234 5242 cubicos
3256 5197 3521 5255 numeros

1931 5253 2517 5323 sileam,‘(ut’sunt27,
2551 5256 2642 5323 6t)
2697 5255 2767 5310 de
2812 5257 3094 5312 octonario
3123 5257 3202 5310 sic
3257 5253 3517 5323 breviter,

1931 5335 1984 5382 et
2013 5335 2200 5396 aperte
2220 5326 2437 5381 Boetius
2457 5327 2575 5396 (lib.
2606 5343 2642 5380 ιι
2673 5327 2749 5382 De
2785 5328 3026 5383 arithm.
3046 5371 3058 5384 .
3113 5341 3231 5396 cap.
3292 5325 3517 5386 25).Sio

1931 5398 2180 5454 bisbinos
2200 5399 2280 5453 bis
2322 5398 2519 5467 facies,
2534 5398 2828 5452 octonaria
2855 5402 3156 5468 quantitas
3196 5398 3418 5468 crescit,
3460 5400 3516 5451 et

1930 5473 2015 5524 est
2024 5471 2246 5540 primus
2278 5469 2370 5540 hic
2391 5467 3003 5540 eubus._ilierograpbis
3031 5478 3156 5524 erat
3189 5467 3362 5540 cubus
3390 5474 3518 5540 nota

1929 5537 2170 5608 sup—remi
2200 5539 2454 5592 numinis.
2505 5537 2812 5593 Thiofridus
2872 5537 2973 5606 pro
3031 5554 3287 5609 suprema
3336 5537 3516 5609 beati-

1928 5607 2312 5681 tudineIponit
2369 5624 2492 5681 quae
2537 5609 2594 5663 in
2648 5609 2795 5664 illius
2857 5607 3112 5665 Numinis
3133 5615 3358 5680 aspectu
3409 5607 3520 5664 sita

1928 5687 2032 5735 est.
3510 5716 3514 5720 .

1997 5749 2122 5819 (118
2179 5751 2245 5806 Et
2284 5753 2488 5808 veteris
2519 5755 2576 5806 et
2616 5751 2754 5807 Novi
2797 5753 3142 5808 Testamenti
3178 5751 3419 5813 Patres).
3452 5753 3512 5805 ln

1928 5819 2128 5887 Veteri,
2193 5821 2303 5875 noti
2373 5829 2504 5875 sunt
2547 5821 2722 5877 David
2777 5831 2829 5876 et
2871 5823 3162 5879 Salomon:
3224 5823 3277 5876 in
3334 5821 3512 5885 Novo,

1927 5892 2320 5966 Constantinus
2347 5900 2401 5946 et
2447 5891 2674 5966 Carolus
2704 5894 2908 5966 Magni.
2928 5895 3047 5949 Nec
3075 5895 3232 5966 plura
3262 5893 3514 5962 exempla

1924 5979 2186 6035 congero,
2215 5962 2410 6036 quibus
2439 5962 2747 6020 Christiana
2765 5963 2993 6022 historia
3021 5962 3219 6022 scatet.
