3882 6464
201 475 304 527 353

1089 469 1356 526 FLORES
1394 469 1747 524 EPlT.\PHIl
1787 469 2234 528 SANCTORUM.
2285 500 2350 510 —-
2391 469 2521 525 LIB.
2570 469 2618 524 II

3388 469 3491 526 εδι

203 593 356 651 Pauli
394 599 639 666 gestaret
687 591 894 649 limina.
959 593 1020 648 In
1075 600 1332 666 promptu
1378 608 1596 666 quoque
1649 601 1798 650 esset
1824 592 2038 667 Agine
2069 597 2220 664 (130)
2251 593 2456 649 Vedius
2484 591 2753 665 apparuit,
2799 599 2853 649 et
2882 589 3163 648 teterrima
3216 593 3491 666 unguibus

205 682 490 740 revolvere
519 681 614 753 qui
660 682 723 738 S.
763 683 1028 738 Romanis
1067 682 1214 738 sedis
1243 681 1442 737 summi
1491 681 1798 754 pontiﬁces,

208 772 301 842 qui
326 772 674 826 diversarum
691 770 1022 843 dignitatum
1043 769 1295 827 fascibus
1313 770 1528 842 praediti
1561 789 1574 836 ;
1607 778 1800 826 etcum

207 860 278 914 ad
319 859 720 927 saculumnum
754 859 811 913 in
835 861 1012 916 Deum
1041 859 1256 925 divites,
1288 873 1507 914 summa
1534 873 1658 914 cum
1675 858 1799 914 dili-

207 948 396 1021 gentia
425 948 656 1019 privatis
711 963 776 1003 ac
805 947 1048 1019 publicis
1082 947 1359 1018 inpendiis
1415 946 1798 1012 exstruxerint,

210 1037 619 1102 renovaverint,
645 1037 1032 1091 exornaverint
1061 1044 1372 1092 sanctorum
1404 1035 1658 1091 oratoria.
1695 1034 1803 1091 Sed

210 1141 281 1180 ne
312 1140 344 1180 a
374 1123 638 1196 propositi
670 1125 812 1179 serie
843 1124 1008 1196 longo
1038 1126 1326 1196 prolrabar
1381 1123 1624 1188 sirmate,
1656 1140 1802 1195 pra:-

214 1220 372 1268 tereo
402 1230 524 1284 quae
563 1213 825 1284 praeclara
882 1212 1145 1267 nobilium
1202 1212 1530 1283 scriptorum
1584 1209 1803 1281 ingenia

213 1300 530 1356 indiderunt
588 1301 875 1356 annalibus
905 1309 962 1356 et
991 1301 1288 1356 memorias.
1331 1299 1480 1370 (128)
1500 1301 1580 1355 De
1626 1298 1805 1355 vicino

210 1401 397 1461 petam
421 1389 758 1461 exemplum,
792 1398 1058 1461 quantum
1089 1389 1263 1461 prosit
1291 1389 1560 1460 cujusque
1613 1388 1798 1443 ortho-

216 1478 349 1534 doxi
381 1478 576 1533 animae
599 1478 809 1534 eductae
837 1477 906 1534 de
935 1477 1116 1532 carnis
1133 1493 1356 1534 carcere
1386 1476 1432 1531 si
1460 1476 1590 1548 quid
1607 1477 1675 1531 de
1691 1475 1804 1530 suis

209 1566 404 1637 cepiis,
437 1567 490 1620 in
519 1582 683 1622 carne
738 1573 1048 1622 sanctorum
1090 1564 1405 1638 patrociniis
1459 1562 1801 1635 impenderit,

211 1655 451 1710 honoris
482 1671 548 1711 ac
578 1654 915 1711 reverentiae.
946 1655 1082 1709 Cum
1103 1653 1532 1709 divaememoriar
1546 1653 1805 1708 Henricus

213 1760 334 1806 rex.
369 1743 613 1812 ejusdem
636 1743 870 1798 nominis
901 1759 1092 1815 regum
1120 1743 1472 1808 secundus,et
1501 1741 1805 1811 imperato-

209 1846 329 1886 rum
367 1832 523 1902 (129)
556 1831 859 1903 imperator
888 1831 1117 1902 primus,
1147 1838 1355 1886 naturae
1379 1829 1618 1886 solveret
1645 1828 1805 1884 debi-

208 1928 348 1988 tum,
382 1920 517 1975 etin
559 1921 678 1990 ipsa
739 1921 874 1974 hora
927 1934 1034 1990 qua
1086 1927 1194 1974 tam
1224 1917 1360 1974 clari
1415 1917 1546 1973 solis
1604 1917 1887 2013 mundoB

210 2008 540 2064 imminebat
559 2007 860 2079 deliquium
890 2027 904 2075 ;
931 2008 1150 2080 quidam
1180 2007 1488 2063 theoreticae
1506 2007 1629 2062 vitae
1658 2022 1803 2076 prte-

210 2099 477 2168 rogativa
507 2097 762 2169 insignis,
796 2096 851 2150 in
889 2096 1135 2152 oratione
1164 2096 1539 2154 contribulati
1571 2097 1805 2164 spiritus

209 2187 326 2253 sui,
351 2189 407 2242 et
428 2186 611 2242 cordis
627 2186 866 2240 contriti
888 2190 942 2241 et
956 2186 1252 2240 humilia-ti
1262 2186 1426 2254 (Dan.
1457 2201 1534 2250 ιιι,
1560 2185 1670 2251 40),
1691 2185 1806 2238 Deo

213 2273 448 2330 offerret
477 2273 805 2329 sacriﬁcium
837 2288 852 2340 ;
881 2273 1356 2339 innumerabilem,
1389 2271 1547 2344 quasi
1575 2273 1645 2326 ad
1695 2287 1807 2326 am-

217 2362 467 2434 plissima
484 2371 538 2417 et
558 2370 712 2418 certa
741 2361 916 2432 spolia
949 2370 1343 2434 congregatum
1399 2361 1804 2416 immundorum

217 2451 530 2521 spirituum,
551 2449 747 2506 cellam
770 2466 924 2504 suam
953 2465 1161 2504 summa
1213 2465 1336 2505 cum
1365 2449 1640 2506 alacritate
1671 2464 1807 2519 prae-

217 2538 387 2594 terire
415 2537 702 2608 conspexit
757 2537 1080 2593 exercitum.
1127 2538 1244 2594 Nec
1270 2537 1325 2592 in
1382 2545 1534 2593 tanto
1587 2536 1806 2608 agmine

209 2633 402 2684 castra
437 2627 537 2683 Dei
558 2627 716 2695 (Gen.
741 2643 904 2692 χχχιι,
937 2624 1806 2698 2),sedprincipatusetpotesta-

213 2720 297 2772 tes
315 2717 464 2771 aeris
481 2716 650 2786 hujus
667 2714 804 2785 (Col.
822 2730 882 2780 ιι,
907 2718 1003 2784 15;
1025 2715 1221 2785 Ephes.
1237 2729 1296 2779 ιι,
1309 2715 1364 2783 2)
1379 2729 1801 2785 recognoscens,

217 2804 441 2859 insolita
468 2803 699 2868 visione,
731 2811 788 2858 ut
817 2804 981 2859 homo
1013 2819 1084 2858 ex
1112 2802 1804 2874 hominibus,primoexpa-

218 2896 295 2953 vit
323 2911 336 2964 ;
369 2897 467 2952 sed
495 2896 644 2962 dein,
679 2905 904 2952 utexlra
924 2895 1172 2952 homines
1211 2897 1808 2962 homo,armaturaDei

220 2999 464 3046 armatus
497 2992 719 3062 (Ephes.
754 3006 831 3056 vr,
876 2991 963 3056 11,
997 2991 1108 3060 13),
1139 2998 1438 3045 extremum
1487 3005 1805 3045 commean-

220 3079 359 3134 tium
384 3079 683 3155 imperiosa
711 3079 1042 3134 auctoritate
1069 3079 1322 3144 accitum,
1371 3094 1590 3135 causam
1644 3087 1808 3136 tanta:

212 3167 581 3240 properantia:
608 3166 858 3238 diligenti
896 3167 1249 3238 inquisitione
1297 3166 1655 3238 interrogavit
1684 3186 1698 3233 ;
1730 3172 1803 3235 et,

208 3256 304 3312 ubi
327 3271 519 3312 verum
553 3256 622 3310 ab
645 3263 870 3311 auctore
899 3255 1077 3311 omnis
1106 3255 1375 3312 mendacii
1402 3255 1718 3327 exsculpsit,
1751 3263 1808 3310 ut

215 3344 414 3410 abiret,
445 3359 512 3400 ac
542 3343 737 3398 eodem
759 3343 954 3398 itinere
983 3344 1052 3399 ad
1078 3359 1158 3411 se,
1208 3343 1324 3399 sive
1349 3342 1564 3410 effecto,
1596 3359 1694 3398 seu
1717 3342 1805 3398 in-

211 3435 378 3498 fecto,
405 3448 513 3504 quo
543 3431 971 3504 lproperabatur,
1008 3433 1248 3504 negotio,
1278 3431 1480 3488 rediret
1510 3450 1525 3499 ;
1556 3431 1658 3486 sub
1695 3440 1807 3487 tera-

209 3521 366 3576 ribili
423 3521 593 3576 divini
648 3521 884 3575 nominis
938 3521 1298 3577 obtestatione
1343 3520 1648 3592 imperavit.
1695 3523 1811 3579 Nec

210 3624 393 3677 mora,
429 3608 521 3664 ille
550 3609 743 3680 paruit,
779 3616 833 3664 et

209 3792 325 3846 Par
337 3787 549 3845 levibus
561 3788 1045 3860 ventis,celerique
1055 3789 1385 3847 simillimus
1396 3792 1806 3862 somno[Euro],

213 3968 524 4040 disparuit;
559 3976 613 4024 et
663 3968 720 4022 in
740 3967 895 4024 brevi
941 3984 1217 4036 reversus,
1251 3984 1361 4025 non
1419 3968 1557 4025 alius
1605 3969 1659 4024 in
1715 3970 1782 4024 ha

211 4059 349 4124 bitu,
379 4058 435 4112 in
457 4057 697 4125 incessu,
731 4057 788 4112 in
817 4057 1006 4128 putide
1037 4057 1214 4130 Stygii
1230 4059 1419 4114 fetoris
1447 4059 1810 4130 halitu,quam

211 4163 348 4205 vere
399 4162 466 4203 ac
521 4146 639 4202 sine
685 4146 792 4202 ulla
835 4147 1180 4203 cunctatione
1213 4148 1366 4218 picea
1395 4148 1646 4203 obtectus
1673 4147 1807 4203 cali-

218 4342 400 4394 tatem
418 4340 589 4393 erant
610 4352 728 4392 ann
738 4337 1048 4393 untiaturi.
1077 4336 1206 4392 Ideo
1227 4336 1428 4408 placuit
1449 4335 1670 4393 Christo
1685 4352 1809 4393 esse

219 4416 312 4466 ter
340 4413 670 4480 quaternos.

291 4478 555 4559 (itam-De
576 4480 756 4559 vicina
801 4483 996 4559 petam
1035 4480 1382 4559 exemplum.
1424 4479 1643 4559 Nempe
1688 4478 1809 4550 ipso

215 4549 501 4605 Thiofrido
531 4550 584 4603 in
617 4549 867 4605 humanis
896 4557 1113 4622 agente,
1146 4549 1395 4622 contigit.
1462 4549 1580 4606 Adii
1606 4549 1804 4617 Daren,

216 4636 365 4676 anno
397 4623 559 4675 1056.

1907 698 2006 738 ora
2036 683 2247 738 findans
2277 691 2328 737 et
2359 691 2579 753 pectora
2622 680 2831 754 pugnis
2859 697 2979 738 cum
3027 679 3236 752 ingenti
3291 682 3493 751 ejulatu

1909 771 1988 827 rei
2017 779 2188 842 gestae
2218 779 2467 826 eventum
2498 771 2618 841 ipse
2649 769 2866 840 quidem
2895 770 3042 839 (131)
3076 769 3347 825 voluntate
3381 786 3490 826 non

1909 866 2100 914 natura
2133 868 2290 914 extra
2319 859 2565 914 ordinem
2594 859 2697 914 hoc
2753 857 2942 913 ordine
2992 857 3230 928 aperuit.
3290 859 3444 914 Eheu
3477 859 3490 912 !

1911 947 2038 1019 quid
2073 963 2240 1017 super
2283 956 2467 1001 nostra
2497 962 2801 1018 conquerar
2829 953 2978 1001 sorte
3025 961 3088 1000 ac
3139 945 3352 1014 injuria,
3401 945 3492 1018 qui

1911 1037 2113 1108 ubique
2144 1036 2438 1090 amittimus
2472 1037 2632 1090 nobis
2686 1035 2891 1100 debita,
2949 1042 3002 1089 et
3055 1050 3154 1104 per
3204 1050 3493 1090 censuram

1911 1123 2266 1178 immutabilis
2321 1123 2528 1179 decreti
2568 1123 2685 1194 jam
2742 1121 2978 1177 tradita!
3013 1121 3204 1188 Nobis,
3262 1139 3494 1194 quorum

1911 1222 2108 1268 natura
2162 1212 2503 1267 mutabilitali
2551 1221 2632 1266 est
2679 1211 2932 1277 obnoxia,
2993 1219 3234 1267 nostrum
3278 1227 3496 1284 semper

1912 1300 2237 1372 urgentibus
2267 1300 2633 1370 propositum,
2666 1316 2787 1355 cum
2817 1308 3030 1354 summa
3059 1299 3228 1354 semel
3257 1299 3394 1365 ἥκω,
3430 1317 3493 1356 ac

1911 1405 2188 1460 nunquam
2210 1388 2528 1454 immutatae,
2551 1403 2648 1458 per
2659 1403 2828 1442 versae
2845 1386 3132 1442 voluntatis
3150 1387 3451 1458 pervicacia
3477 1405 3490 1443 :

1911 1477 2264 1534 immutabilis
2288 1477 2340 1532 in
2377 1478 2512 1544 suis,
2569 1485 2804 1531 mutatur
2832 1476 3034 1547 ubique
3089 1476 3142 1530 in
3173 1477 3369 1532 nostris
3396 1478 3497 1534 Dei

1913 1567 2180 1621 sententia
2203 1584 2217 1632 ;
2251 1574 2304 1621 et
2321 1566 2448 1620 dum
2481 1567 2654 1635 Deus,
2675 1565 3056 1636 quimundum
3073 1567 3297 1621 ratione
3309 1567 3496 1636 guber-

1912 1660 2016 1710 nat
2031 1659 2324 1727 perpetua,
2345 1654 2670 1726 stabilisque
2705 1669 2945 1710 manens
2957 1654 3054 1709 dat
3068 1655 3278 1709 moveri
3303 1657 3498 1711 omnia

1913 1744 2105 1813 (131'),
2139 1742 2628 1813 delectatur'qnasi
2657 1741 2960 1797 adulatoria
2979 1741 3222 1797 invocari
3254 1744 3496 1800 oratione

1912 1832 2172 1887 Davidica
2203 1845 2217 1885 :
2248 1833 2739 1903 Susceptormeus,
2755 1831 2906 1886 Deus
2926 1831 3498 1897 meus,misericordia

1911 1937 2038 1976 mea
2053 1922 2232 1991 (Psal.
2253 1934 2441 1988 cxun,
2460 1923 2537 1989 2),
2560 1921 2958 1991 superexaltat
2988 1919 3264 1986 iudicium
3279 1921 3499 1977 miseri-

1914 2010 2107 2066 cordia
2137 2010 2344 2077 (Jacob.
2368 2023 2426 2073 ιι,
2449 2012 2558 2077 13),
2590 2015 2645 2063 et
2671 2007 2858 2063 nescio
2886 2022 2994 2078 quo
3025 2007 3500 2078 incomprehensi-

1915 2098 2008 2152 bili
2030 2098 2228 2153 divinae
2245 2097 2471 2152 rationis
2483 2097 2750 2163 modo,sic
2763 2095 2870 2150 sibi
2883 2096 3114 2152 invicem
3124 2097 3316 2154 obvia-r2
3327 2101 3348 2152 t
3360 2100 3500 2154 veri-

1916 2198 2006 2248 tas
2029 2198 2083 2248 et
2102 2194 2517 2260 misericordia,
2551 2192 2629 2247 sic
2643 2207 2703 2247 se
2719 2193 3055 2248 osculantur
3070 2209 3190 2264 pax
3205 2194 3498 2264 etjustilia

1916 2283 2330 2349 (l’sal.Lxxxtv,
2367 2282 2476 2350 11),
2520 2289 2577 2335 ut
2607 2283 2726 2335 sine
2755 2280 3078 2346 mutatione,
3111 2281 3401 2348 mutabilis,
3447 2290 3500 2338 et

1911 2368 2252 2440 praestabilis
2282 2370 2348 2424 sit
2380 2369 2847 2441 supermalitiam
2874 2369 3034 2438 (loel.
3067 2383 3127 2437 ιι,
3152 2369 3239 2438 13)
3268 2377 3321 2424 et
3347 2385 3498 2425 sem-

1912 2473 2012 2528 per
2040 2456 2257 2512 laudari
2284 2457 2353 2513 de
2377 2457 2611 2528 justitia,
2644 2472 2923 2529 nunquam
2942 2455 3197 2528 redargui
3227 2458 3400 2528 possit
3427 2458 3496 2514 de

1911 2545 2174 2616 injustitia
2186 2585 2199 2600 .

1985 2636 2094 2692 Sed
2122 2636 2252 2708 quid
2281 2651 2370 2691 me

2141 2742 2493 2814 Infandum...
2505 2781 2542 2798 ..
2565 2740 2729 2812 jubes
2741 2756 3012 2799 renovare
3029 2741 3301 2799 dolorem.

1915 2851 2171 2926 quiquod

2056 2971 2305 3026 Animus
2337 2972 2662 3028 meminisse
2677 2971 2887 3038 horret,
2909 2972 3172 3044 luctuque
3192 2973 3424 3045 refugit,

1915 3090 2164 3138 retexere
2185 3083 2213 3134 ‘2
2233 3081 2361 3152 quid
2391 3097 2480 3136 me
2516 3097 2688 3154 super
2706 3082 2916 3137 vulnus
2945 3083 3191 3138 concidis
3218 3083 3450 3138 uulnere
3471 3083 3499 3136 ?

1914 3171 2033 3240 (Job
2052 3185 2164 3237 xvr,
2201 3170 2290 3237 15)
2324 3171 2579 3226 Tartarei
2594 3186 2694 3226 nos
2705 3169 3291 3240 fratres,horrend~um
3307 3173 3502 3228 conci-

1918 3260 2059 3314 lium
2090 3259 2379 3328 (thcu..),
2410 3265 2576 3314 tanta:
2604 3257 2904 3325 majestatis
2961 3257 3065 3314 viri
3096 3257 3361 3328 suspicati
3407 3258 3504 3314 ob-

1917 3347 2067 3413 itum,
2099 3345 2373 3417 imperiali
2403 3346 2583 3402 edicto
2626 3345 2911 3402 monarchi
2965 3345 3160 3413 nostri,
3189 3354 3394 3401 aeterna
3422 3346 3501 3402 si-

1917 3435 2078 3490 lentis
2121 3434 2275 3507 regni
2319 3433 2536 3490 silentia
2591 3433 2918 3505 rumpentis,
2978 3441 3031 3488 et
3085 3432 3318 3489 terrifica
3368 3449 3502 3492 voce

1918 3524 2210 3580 intonantis
2241 3541 2254 3577 :
2287 3523 2716 3595 Congregamiui
2737 3527 2795 3579 et
2805 3527 3102 3595 properate
3145 3522 3216 3577 ad
3235 3522 3502 3580 devoran-

1922 3613 2056 3669 dum
2086 3612 2236 3668 illum
2272 3613 2497 3682 (larem.
2517 3627 2618 3679 xu,
2647 3613 2701 3679 9)
2734 3630 2747 3676 ;
2781 3610 2938 3682 quasi
2984 3626 3195 3666 summe
3251 3627 3506 3668 necessa-

1921 3702 2059 3757 rium
2089 3701 2340 3756 inivimus
2359 3700 2662 3767 consilium,
2695 3714 2803 3770 quo
2856 3707 3018 3770 pacto
3049 3716 3173 3756 eum
3201 3704 3507 3757 conterere-

1920 3791 2124 3845 musde
2141 3794 2294 3846 terra
2310 3787 2628 3852 viventium,
2661 3788 2729 3842 Et
2759 3787 3076 3859 conglobati
3105 3787 3158 3842 in
3194 3805 3358 3843 unum
3392 3789 3506 3845 fere

1921 3895 2113 3935 omnes
2144 3877 2460 3932 umbrarum
2491 3875 2700 3932 domini
2728 3884 2776 3930 et
2807 3875 3107 3946 principes,
3144 3884 3195 3931 et
3223 3877 3369 3947 (132)
3398 3877 3507 3933 Co-

1921 3967 2051 4039 cytii
2082 3974 2254 4022 coetus
2276 3964 2599 4037 phalanges,
2631 3972 2763 4036 quot
2787 3971 3138 4034 peccatorum
3168 3965 3509 4037 suntgenera

1921 4065 1970 4112 et
2003 4054 2218 4126 species
2243 4073 2257 4121 ;
2282 4062 2540 4124 tanquam
2571 4053 2640 4107 ad
2666 4053 2868 4122 opima,
2901 4059 2951 4108 et
2981 4053 3182 4108 nostris
3209 4069 3318 4109 non
3346 4052 3508 4109 inde-

1919 4144 2032 4199 bita
2053 4142 2241 4215 regnis
2300 4140 2472 4213 spolia
2503 4140 2938 4213 properavimus,
2975 4147 3030 4197 et
3061 4139 3154 4196 ubi
3208 4141 3279 4196 ad
3333 4140 3505 4197 desti-

1919 4337 2037 4405 Dei,
2063 4351 2166 4393 nec
2195 4331 2557 4392 dubitandum
2592 4331 2721 4404 quin
2773 4333 2941 4400 Deus,
2976 4331 3067 4405 qui
3123 4333 3306 4390 omnia
3337 4334 3492 4391 fecit.

1918 4409 1981 4464 in
2003 4423 2258 4473 numero,
2279 4407 2618 4479 pondere,_el
2634 4420 2903 4479 mensura
2916 4405 3074 4479 (Sep.
3100 4422 3171 4479 xi,
3203 4407 3313 4474 21),
3339 4406 3503 4462 etiam

1921 4481 2116 4535 ordine
2149 4476 2365 4534 fecerit.
2404 4477 2560 4546 Quod
2603 4489 2738 4546 vero
2794 4476 2992 4540 subdit,
3019 4476 3348 4533 ‘voluntate
3384 4493 3503 4534 esse

1920 4556 2091 4607 extra
2118 4550 2394 4613 ordinem,
2427 4545 2555 4619 quid
2575 4545 2754 4619 magis
2774 4554 2965 4602 contra
2982 4562 3198 4619 omnem
3229 4548 3501 4616 ordinem,

1922 4638 2082 4692 quam
2105 4617 2478 4692 recalcitrasse
2513 4617 2722 4692 auctori
2751 4633 2870 4692 suo3
2912 4625 2965 4672 et
2996 4618 3268 4688 sacrilega
3297 4619 3498 4692 volun-

296 4692 734 4763 (429)Henricus
758 4691 1315 4763 imperatorprimus.
1343 4691 1810 4748 Baroniussccun-
1837 4680 1890 4740 D
1922 4680 2031 4747 tate
2063 4691 2136 4745 illi
2157 4706 2346 4763 parem
2375 4703 2498 4763 esse
2527 4687 2763 4763 voluisse
2791 4688 3050 4763 ?_Itaque_
3079 4704 3148 4744 eo
3176 4680 3369 4763 merito
3398 4691 3500 4744 de-

217 4763 357 4834 dunt
380 4763 530 4817 facit.
563 4762 670 4816 Sed
687 4762 916 4834 dumr’de
947 4777 1003 4816 re
1023 4763 1441 4834 constet,parvi
1478 4763 1664 4826 refert,
1700 4777 1806 4834 quo

219 4833 416 4889 ordine
445 4841 755 4888 censeatur.
795 4833 1064 4887 Caeterum
1115 4833 1314 4886 nobilis
1343 4835 1456 4888 haec
1500 4833 1729 4888 historia
1753 4833 1809 4887 in

217 4903 489 4959 Chronico
519 4903 835 4958 Cassinensi
868 4903 996 4958 item
1029 4903 1374 4958 describitur.
1395 4903 1709 4958 'I‘hiofridus
1730 4904 1810 4959 sic

217 4977 478 5030 denarrat
499 4983 556 5029 ut
584 4975 832 5032 videatur
863 4973 1141 5044 specimen
1164 4974 1411 5045 prznberc
1443 4974 1681 5031 voluisse
1698 4991 1810 5029 sua:

219 5045 513 5101 facundiae.

295 5117 444 5187 (130)
489 5115 690 5172 Vedius
735 5116 1030 5188 apparuit.
1096 5113 1330 5183 Scimus,
1401 5115 1655 5188 Vejovem
1700 5115 1810 5188 dici

219 5203 446 5251 numen,
505 5188 591 5242 vel
636 5188 814 5257 potius
857 5187 1316 5254 cacodtemonem,
1375 5187 1809 5242 ad'nocendum

219 5258 563 5384 giortbalilius,
621 5257 906 5312 intentum.
943 5257 1099 5313 llunc
1139 5257 1341 5330 antiqui
1388 5258 1550 5313 etiam
1583 5257 1810 5312 Vedium

265 5345 346 5383 rce
388 5344 452 5382 an
483 5370 496 5382 .

265 5330 496 5383 icebant.

298 5401 446 5468 (131)
467 5400 778 5464 Voluntate,
801 5414 916 5454 non
927 5403 1143 5455 natura
1159 5403 1326 5455 extra
1345 5401 1623 5457 ordinem.
1657 5398 1810 5453 Ami-

225 5485 353 5526 cum
372 5470 651 5552 Thiofrido
667 5470 1566 5552 ludereincommissione,et_quasi
1583 5471 1813 5552 collisio.

223 5557 296 5598 ne
333 5557 545 5597 vocum.
577 5541 748 5613 Ergo,
783 5539 870 5594 hic
899 5540 1161 5608 dicturus,
1186 5558 1294 5613 quo
1323 5539 1516 5598 ordine
1552 5542 1811 5613 cacodm-

221 5627 353 5668 mon
377 5627 492 5666 rem
529 5611 740 5684 gestam
773 5621 1078 5684 narrasset,
1093 5628 1161 5684 ea
1190 5611 1500 5684 occasione,
1533 5613 1629 5678 ait,
1660 5611 1810 5667 illum

227 5699 352 5739 esse
377 5681 804 5738 extra'ordinem
837 5699 850 5744 ;
882 5695 948 5736 ac
973 5683 1020 5736 si
1049 5683 1194 5738 dicat
1218 5702 1230 5738 :
1252 5683 1609 5752 Quantumvis
1639 5691 1808 5748 extra,

225 5763 318 5808 ant
347 5753 508 5808 etiam
537 5761 724 5808 contra
776 5766 993 5805 omnem
1023 5753 1271 5810 ordinem
1301 5763 1399 5820 est,
1437 5756 1488 5808 in
1539 5755 1812 5811 narrando

226 5835 409 5880 tamen
457 5824 659 5878 bonum
737 5821 986 5876 ordinem
1052 5826 1246 5880 tenuit.
1310 5825 1469 5894 Quod
1533 5827 1627 5891 ait,
1688 5841 1810 5880 eum

226 5901 443 5952 natura
454 5911 568 5949 non
585 5908 704 5949 esse
725 5894 1185 5965 extraordinem,
1204 5895 1362 5950 facile
1382 5895 1460 5950 illi
1490 5895 1808 5965 persuadet,

226 5967 321 6040 qui
353 5965 545 6032 credit,
569 5965 858 6020 damnatos
902 5962 1024 6018 illos
1079 5966 1323 6037 spiritus,
1357 5962 1631 6022 creaturas
1690 5983 1812 6023 esse

1915 4758 2171 4826 turbatis,
2195 4762 2291 4816 ubi
2319 4761 2517 4816 nullus
2559 4758 2712 4826 ordo,
2745 4759 2840 4814 sed
2876 4760 3258 4831 sempiternus
3303 4761 3500 4817 horror

1916 4835 2229 4890 inhabitat.
2270 4831 2412 4898 (Job.
2447 4849 2513 4885 χ.
2543 4833 2662 4899 9η).

1989 4907 2154 4971 (131⁸)
2187 4903 2403 4958 Boetius
2440 4902 2517 4956 De
2549 4898 2921 4956 consolatione
2969 4899 3351 4972 Phil030phize,
3384 4898 3492 4955 lib.

1916 4992 1992 5030 ιιι.
2025 4980 2202 5029 metro
2236 4989 2314 5040 ix,
2338 4973 2473 5028 edit.
2511 4972 2712 5043 Migne,
2745 4987 2800 5040 p.
2831 4972 2936 5025 758
2968 4987 2981 5024 :

1920 5047 1960 5102 0
1979 5049 2076 5118 qui
2095 5049 2367 5118 perpetua
2393 5043 2671 5100 mundum
2693 5043 2919 5118 ratione
2941 5043 3216 5118 gubernas

1922 5113 2220 5172 Terrarum
2251 5117 2482 5187 ccelique
2503 5118 2677 5182 sator,
2707 5115 2804 5184 qui
2825 5113 3046 5187 tempus
3057 5113 3124 5169 ab
3141 5130 3251 5169 (evo

1923 5188 2198 5260 Irejubes,
2245 5185 2572 5257 stabilisque
2610 5200 2849 5240 manens
2877 5185 2976 5242 das
3021 5185 3494 5308 cuncttmnoqeri.

3288 5270 3374 5308 ιιιτ
3401 5278 3422 5308 ·.

3288 5270 3422 5309 ωτι.

1953 5331 1999 5394 (1
2013 5329 2102 5413 3_2)
2129 5330 2224 5384 Tol
2243 5326 2461 5413 Cocqlii
2472 5324 2990 5413 emtus'phallangges,
3000 5257 3501 5413 quo't‘peyggglugn

1917 5403 2054 5456 sunt
2069 5415 2275 5469 genera
2320 5395 2378 5470 et
2399 5399 2622 5470 species
2635 5395 2750 5450 Etsi
2779 5395 3239 5470 dubinm'null'um
3271 5405 3350 5452 est
3371 5397 3502 5469 quin

1917 5466 2109 5525 omnes
2140 5466 2437 5524 infernales
2484 5467 2704 5538 spiritus
2731 5466 2802 5522 ad
2825 5523 2828 5526 Α
2851 5467 3033 5538 omnia
3053 5468 3258 5523 scelera
3313 5466 3503 5524 omnes

1919 5539 2195 5610 impellant
2217 5553 2354 5610 quos
2381 5537 2629 5610 possunt,
2660 5545 2844 5591 tamen
2871 5545 2924 5610 et
2943 5537 3159 5593 aliunde
3188 5553 3253 5592 ex
3283 5554 3500 5595 eorum-

1919 5607 2156 5667 demmet
2189 5607 2533 5666 confessione
2588 5622 2688 5677 per
2717 5607 3054 5662 exorcismos
3105 5616 3333 5674 extorta,
3365 5625 3503 5666 con-

1922 5690 2030 5736 stat
2060 5697 2202 5746 esse,
2235 5678 2326 5750 qui
2380 5694 2492 5750 prie
2525 5678 2760 5750 creteris,
2802 5678 2877 5750 ad
2901 5678 3122 5750 aliquod
3169 5679 3379 5746 vitium,
3430 5691 3504 5736 ex

1919 5753 2174 5824 professo
2206 5747 2281 5824 et‘~
2302 5749 2458 5824 quasi
2502 5747 2784 5824 peculiari
2818 5747 2922 5824 sibi
2952 5747 3081 5824 dato
3123 5751 3364 5822 negotio,
3386 5819 3397 5824 Α
3422 5768 3509 5824 ur-

1920 5817 2088 5897 geant
2116 5829 2216 5897 :Aet
2246 5817 2531 5897 Scriptura
2557 5833 2666 5897 non
2723 5817 2895 5897 siluit,
2919 5820 2988 5873 ab
3017 5817 3232 5897 impuro
3289 5819 3508 5897 potissi-

1917 5888 2068 5950 fnum
2127 5888 2398 5962 daemonio
2439 5888 2750 5962 Asmodzeo,
2783 5895 2992 5962 septem
3035 5888 3306 5962 rimpuros'
3333 5891 3503 5962 viros,

1924 5967 2070 6022 Sara:
2091 5963 2343 6030 maritos,
2375 5959 2691 6017 interfectos
2722 5958 2917 6026 fuisse,
2953 5961 3092 6016 'l'ob.
3123 5958 3207 6028 in,
3241 5967 3291 6015 8.
