3882 6438
461 334 564 397 353

1452 329 1812 397 Turonum
1849 330 2143 397 ABBATIS
2183 331 2759 418 EFTERNACENSIS

3661 344 3755 410 336

461 473 648 521 Datum
698 460 1078 520 examinandi»?
1123 460 1448 532 Ρεοοαῑΐίοίε
1501 461 1700 518 anima?
1745 461 1947 529 locum.
2007 462 2064 518 in
2089 468 2148 530 A
2172 468 2240 524 de
2269 470 2730 546 Mersiburgensis
2760 477 2949 533 extulit
2972 479 3249 537 ecclesia:
3286 488 3338 537 et
3366 497 3492 536 cum
3541 481 3756 554 ingenio

462 563 707 626 tempore
747 551 1122 617 convenimus,
1155 550 1369 605 tabulas
1395 551 1586 606 aeterni
1615 551 1825 608 decreti
1877 557 2070 624 protu-
2172 559 2413 615 omnium
2443 570 2688 618 nostrum
2714 565 3070 626 admiratione
3109 576 3164 625 et
3207 550 3637 627 contradictione
3666 586 3755 642 po-

461 643 715 710 limus,ac
747 641 887 696 duas
905 647 1120 711 aequato
1151 638 1400 694 examine
1431 639 1621 695 lancos
1642 639 2064 710 suspendimus;

462 739 514 788 et
569 740 678 786 tam
724 727 908 785 omnia
937 744 1060 800 quae
1115 727 1187 782 ab
1245 727 1379 798 ipsis
1438 727 1681 783 infantiae
1730 729 2065 800 crepundiis,

460 835 632 892 usque
661 819 718 874 in
743 817 914 890 ipsius
956 816 1165 872 ultimae
1204 815 1555 872 necessitatis
1583 817 1802 884 horam,
1831 818 2068 874 honesta

462 917 515 966 et
542 910 659 964 Deo
690 905 886 979 placita
917 920 932 969 ;
965 921 1123 977 quam
1153 905 1412 960 universa
1444 921 1564 976 quae
1593 905 1682 961 vel
1703 905 1924 976 publice
1946 905 2065 962 sine

463 995 798 1071 poenitentia,
850 994 1005 1067 quasi
1060 994 1202 1049 alter
1231 995 1380 1050 Deus
1438 1001 1620 1062 terrae,
1677 994 1838 1066 regio
1867 999 2065 1067 egerat

461 1087 621 1154 fastu,
654 1092 712 1141 et
737 1082 986 1150 licentia,
1019 1081 1106 1138 vel
1135 1098 1257 1154 quae

673 1243 688 1258 .
771 1243 785 1256 .
865 1242 880 1257 .
960 1241 974 1256 .
1057 1241 1073 1256 .
1152 1241 1166 1254 .
1205 1199 1617 1273 furtolaztatus
1645 1200 1816 1256 inani

601 1299 842 1356 Distulit
868 1298 932 1353 in
954 1311 1142 1353 seram
1163 1297 1460 1353 commissa
1478 1295 1708 1368 piacula
1725 1298 1988 1362 mortem,

459 1431 687 1474 summa
715 1429 781 1471 ac
812 1411 1184 1468 subtilissimae
1231 1411 1593 1468 discussionis
1648 1411 1940 1468 libramine
1988 1411 2065 1466 li-

463 1505 770 1562 bravimus.
804 1503 874 1558 Et
936 1501 1066 1573 quia
1093 1500 1312 1572 pondus
1355 1501 1623 1558 bonorum
1651 1508 1869 1556 actuum
1923 1501 2060 1570 ejus,

457 1610 770 1668 appensum
781 1593 847 1648 in
857 1595 1076 1647 statera
1087 1592 1386 1647 inuentum
1400 1593 1487 1646 est
1498 1591 1694 1646 minus
1715 1590 2060 1659 (Dau.v,26),

452 1681 693 1754 iudiciali
749 1679 1020 1736 sententia
1069 1678 1232 1734 nobis
1288 1678 1548 1734 traditum
1599 1678 1656 1733 in
1702 1676 2064 1734 damnationis

459 1780 668 1832 nostrae
697 1769 1042 1835 barathrum,
1094 1777 1153 1824 ut
1197 1775 1514 1825 consortem
1546 1774 1794 1824 nostrum
1839 1775 2062 1837 protra-

2172 647 2278 703 suit
2305 649 2360 704 in
2389 650 2664 715 trutinam.
2723 656 2883 727 cujus
2931 671 2963 713 ο
2995 674 3155 731 quam
3206 659 3502 727 horrendo,
3535 675 3569 715 o
3601 675 3752 732 quam

2171 739 2401 807 enormi,
2426 754 2460 794 o
2491 756 2654 812 quam
2705 741 2942 802 infausto
2970 748 3214 818 pondere
3242 756 3444 804 nostrae
3488 748 3751 820 portionis

2169 825 2298 880 lanx
2327 835 2412 883 est
2441 829 2687 899 subruta,
2748 839 2801 888 et
2831 841 3009 892 tantus
3030 834 3198 893 bolus
3239 837 3415 893 subito
3444 844 3663 910 ereptus
3678 847 3752 894 est

2169 926 2329 982 nobis
2358 928 2426 985 de
2482 929 2749 1000 faucibus,
2808 934 2987 1007 Opima
3040 936 3286 1009 profecto
3333 936 3461 995 Orci
3514 938 3746 1004 victima,

2167 1023 2302 1078 tanti
2330 1023 2593 1084 Romanae
2647 1027 2962 1101 reipublicae
2987 1033 3271 1091 monarchi
3326 1035 3529 1094 anima.
3569 1036 3636 1090 Et
3688 1051 3749 1090 ne

2168 1127 2256 1167 me
2283 1121 2446 1184 caput
2473 1115 2657 1172 omnis
2704 1119 2998 1187 mendacii,
3054 1130 3160 1177 tum
3212 1137 3427 1195 quoque
3481 1123 3750 1180 existimes

2169 1201 2442 1257 sanctitati
2484 1220 2583 1276 per
2616 1213 2817 1262 cetera
2844 1208 3083 1277 mentiri,
3116 1226 3217 1282 per
3271 1211 3590 1268 veredarios
3643 1221 3754 1269 tuos

2168 1297 2274 1354 hoc
2300 1298 2446 1355 idem
2471 1299 2635 1358 totius
2667 1303 2834 1377 stygii
2853 1305 3141 1373 exercitus,
3155 1307 3362 1377 judicio
3383 1307 3751 1374 maledictum,

2168 1386 2265 1441 sed
2297 1386 2486 1444 divino
2507 1391 2768 1462 mysterio
2788 1393 3135 1451 benedictum
3177 1396 3396 1470 pondus
3423 1395 3511 1454 fac
3538 1397 3752 1469 inquiri,

2168 1491 2224 1538 et
2252 1483 2344 1540 ubi
2365 1493 2517 1545 certa
2546 1488 2657 1545 mei
2679 1489 2960 1548 inveneris
2998 1492 3154 1565 signa
3183 1493 3388 1560 indicii,
3419 1495 3644 1552 noveris
3671 1511 3752 1552 me

2168 1572 2489 1630 obstrictum
2519 1591 2553 1632 a
2582 1585 2634 1634 te
2657 1577 2976 1649 juramento
3006 1581 3243 1648 Domini,
3291 1583 3435 1653 H33)
3463 1599 3572 1639 non
3601 1583 3749 1656 fungi

2167 1661 2287 1718 vice
2317 1665 2610 1738 aretalogi.
2664 1667 2807 1723 Nam
2837 1684 2962 1725 cum
3037 1686 3306 1742 suspensa
3332 1679 3531 1728 nostrae
3577 1674 3747 1743 partis

2167 1748 2324 1808 lance
2343 1753 2500 1824 quasi
2530 1754 2752 1812 omnino
2781 1772 2974 1825 vacua,
3005 1758 3189 1831 iniquo
3214 1759 3451 1831 pondere
3505 1775 3748 1833 praegra-

457 1829 720 1926 ξιθηάυω,
750 1857 862 1928 iuri
889 1829 1080 1913 ηοειιξο
1109 1855 1564 1927 mancipavimus,
1584 1855 1698 1912 sed
1728 1829 2071 1912 cum-exsul-
2096 1829 2150 1890 Β
2171 1855 2402 1916 veretur,
2437 1857 2492 1906 et
2519 1849 2877 1908 inclinaretur
2931 1869 3062 1925 pars
3089 1829 3277 1921 altera,
3307 1829 3750 1913 decidit-illave}:-

457 1949 872 2016 taremus,sicut
891 1947 1194 2003 exsultant
1208 1947 1448 2002 victores
1463 1949 1632 2016 capta
1651 1945 1864 2017 praeda,
1882 1961 2062 2016 quau-

459 2046 528 2103 do
543 2044 809 2101 diuidunt
823 2042 1005 2114 spolia
1025 2041 1161 2110 (lsa.
1184 2055 1238 2095 Ix
1249 2081 1264 2107 ,
1280 2041 1355 2109 3),
1375 2047 1430 2094 et
1438 2039 1551 2109 jam
1572 2039 1661 2094 via
1675 2053 1909 2110 scrupea
1922 2053 2059 2115 pro-3

457 2135 718 2206 scriptam
746 2131 1012 2198 animam,
1072 2145 1174 2200 per
1201 2128 1433 2185 tartarei
1460 2129 1762 2185 descensus
1809 2136 2060 2199 pegmata

454 2225 511 2281 iu
539 2221 734 2279 mortis
779 2219 1124 2275 traheremus
1177 2216 1488 2275 diversoria
1513 2234 1530 2282 ;
1557 2232 1688 2274 ecce
1735 2216 1828 2273 ille
1852 2224 2060 2289 martyr

454 2313 698 2378 adustus,
730 2309 824 2364 ille
871 2306 1229 2378 triumphator
1254 2305 1533 2378 egregius,
1561 2303 1663 2361 ille
1713 2305 1786 2362 de
1813 2304 2059 2377 gloriosa

452 2409 506 2459 et
531 2398 788 2457 continua
842 2396 900 2452 in
927 2411 1030 2452 nos
1083 2395 1296 2461 laurea,
1353 2395 1607 2451 ominoso
1663 2394 1823 2451 nobis
1871 2393 2053 2451 dictus

455 2488 677 2545 nomine
698 2483 1042 2550 Laurentius,
1076 2499 1331 2555 egressus
1376 2485 1440 2538 in
1457 2484 1705 2540 salutem
1738 2482 2058 2554 temporalis

366 2597 370 2606 ·
455 2576 658 2635 Christi
687 2573 878 2639 vestri,
911 2589 1043 2630 cum
1073 2573 1412 2643 sempiterno
1445 2572 1668 2628 Christo
1687 2587 1790 2629 suo
1819 2571 2058 2629 accurrit

453 2679 520 2733 ut
539 2672 787 2731 turboad
806 2670 1248 2743 dispergendum
1275 2683 1379 2726 nos
1409 2682 1423 2738 ;
1456 2673 1512 2725 et
1538 2674 1836 2742 percutere
1865 2669 2056 2726 volens

453 2762 625 2837 caput
648 2761 716 2818 de
738 2762 899 2818 domo
922 2759 1107 2831 impii,
1125 2758 1434 2815 maledixit
1458 2775 1574 2815 non
1619 2758 1780 2816 modo
1816 2761 2056 2832 sceptris

455 2850 700 2925 ejus,sed
722 2849 899 2906 etiam
929 2847 1110 2920 capiti
1125 2847 1464 2902 bellatorum
1483 2849 1768 2919 ejus,etne
1796 2849 2055 2904 exsulta-

454 2943 531 2999 tio
559 2945 756 2996 nostra
784 2943 936 2994 esset
963 2937 1114 2992 sicut
1125 2937 1248 3008 ejus
1269 2936 1366 3008 qui
1396 2935 1948 3009 devoratpauperem
1989 2939 2053 2992 in

457 3025 1028 3097 abscondito(Habac.
1049 3041 1133 3091 ιιι,
1158 3027 1246 3091 13,
1269 3025 1384 3096 η),
1406 3024 1640 3082 terriﬁco
1669 3025 1909 3082 clamore
1937 3025 2053 3082 cla-

449 3119 624 3177 mavit
653 3123 780 3190 post
808 3123 1032 3187 tergum
1091 3113 1561 3186 triumphantium,
1591 3117 1648 3170 et
1691 3113 1860 3170 instar
1909 3115 2054 3171 allo-

2168 1951 2332 1993 cussa
2357 1937 2626 1999 damnosa
2672 1941 2850 1998 moles
2874 1958 3064 2011 aurea,
3115 1951 3172 2000 et
3199 1945 3300 2000 sub
3318 1945 3525 2018 ingenti
3575 1945 3748 2012 ruina,

2168 2049 2431 2091 ansarum
2459 2037 2578 2106 eius
2606 2038 2996 2109 operosissima
3024 2039 3266 2097 resoluta
3292 2049 3419 2097 sunt
3436 2041 3751 2109 retinacula,

2167 2131 2221 2178 et
2250 2131 2309 2179 ut
2337 2124 2391 2180 in
2421 2133 2690 2184 aeternum
2719 2135 2910 2184 nostra
2965 2137 3231 2186 testentur
3257 2130 3445 2203 litigia,
3474 2131 3626 2188 nulla
3651 2148 3753 2187 un-

2169 2229 2333 2283 quam
2384 2222 2497 2271 arte
2526 2215 2764 2272 humana
2808 2217 2958 2273 nulla
3005 2227 3262 2291 poterunt
3315 2219 3598 2277 resolidari
3650 2235 3755 2276 ma.

2165 2312 2326 2367 teris.
2374 2313 2492 2370 Hac
2546 2314 2639 2369 ubi
2685 2315 2928 2373 veritatis
2978 2321 3194 2374 extorta
3243 2317 3596 2389 professione,
3652 2333 3755 2375 au-

2167 2408 2286 2457 ctor
2334 2403 2549 2458 menda:
2634 2404 2861 2460 zabulus
2910 2405 3126 2461 tandem
3181 2405 3478 2478 absolutus,
3537 2407 3756 2465 evanuit

2163 2494 2228 2545 ut
2281 2489 2514 2558 fumus;
2549 2495 2777 2548 eremita
2834 2493 3216 2552 archisterium
3273 2496 3443 2553 sancti
3497 2495 3752 2568 Spiritus,

2159 2598 2266 2655 pro
2294 2585 2576 2655 ereptione
2631 2594 2794 2643 tautae
2822 2601 2888 2644 ac
2908 2595 3016 2642 tam
3076 2603 3361 2659 generosae
3413 2588 3611 2646 animae
3661 2607 3755 2646 ex-

2161 2671 2452 2740 hilaratus,
2525 2673 2580 2729 in
2636 2675 3052 2733 admirationem
3138 2676 3589 2750 inexcogitabilis,
3661 2679 3753 2735 in-

2164 2757 2676 2828 comprehensibilis
2721 2760 2919 2816 divine
2939 2761 3308 2818 miserationis
3358 2762 3624 2818 iumentis
3667 2765 3755 2834 ju-

2164 2843 2280 2901 bilo
2308 2846 2580 2917 psallebat
2606 2848 2862 2916 Domino,
2891 2851 3159 2923 quoniam
3173 2852 3365 2918 bonus,
3405 2853 3670 2924 quoniam
3693 2855 3754 2909 in

2162 2936 2439 2992 saeculum
2485 2938 2880 2996 misericordia
2909 2941 3034 3011 ejus
3060 2939 3239 3010 (Psal.
3293 2957 3490 3010 cxxxv,
3521 2940 3549 2995 1
3573 2943 3755 3014 seqq.)

2161 3023 2282 3080 Nec
2303 3040 2479 3092 mora,
2519 3026 2693 3082 missa
2738 3028 3049 3102 Mersiburg
3075 3029 3366 3101 legatione,
3397 3029 3601 3085 donum
3654 3045 3759 3086 re-

2159 3107 2257 3182 gia
2309 3109 2692 3182 dignissimum
2751 3110 3118 3169 muniﬁcentia
3183 3113 3412 3170 calicem
3475 3113 3755 3179 videlicet,

447 3217 740 3290 phylorum
757 3214 810 3270 in
833 3211 1001 3285 typici
1032 3211 1316 3268 Samsonis
1333 3211 1648 3282 captivitate
1664 3210 2052 3268 exsultantium
2081 3203 2132 3268 C
2159 3211 2296 3254 811το
2324 3199 2844 3290 θε-ξθςιιιίείῑίεείωίε
2898 3201 3132 3274 gemmis
3178 3202 3331 3273 (134)
3373 3202 3758 3259 subtilissima-

450 3314 654 3387 (Judic.
677 3327 802 3379 xvr,
836 3309 906 3365 23
929 3307 1318 3382 seqq.),redite
1349 3309 1804 3380 praevaricatores
1827 3307 2052 3379 justitite

454 3403 526 3460 ad
548 3399 817 3472 judicium
846 3400 960 3469 (Isa
988 3411 1145 3465 var,
1173 3399 1251 3467 8).
1287 3395 1434 3466 Quid
1461 3397 1631 3470 igitur
1654 3397 1887 3469 impotes
1917 3412 2053 3470 pos-

452 3507 637 3548 semus
665 3504 855 3562 agere,
887 3501 998 3560 quo
1035 3493 1234 3542 conatu
1260 3499 1370 3558 quo
1411 3501 1547 3542 ausu
1575 3486 1648 3554 ei,
1678 3501 1713 3542 a
1739 3501 1847 3559 quo
1892 3487 2052 3543 toties

448 3588 578 3647 victi
607 3585 767 3643 toties
797 3585 868 3640 ab
897 3583 1143 3641 obsessis
1174 3583 1498 3656 corporibus
1527 3600 1713 3640 sumus
1735 3583 1914 3654 ejecti,
1946 3598 2051 3639 au-

451 3689 709 3745 deremus
751 3683 1060 3740 resistere?
1091 3681 1453 3739 Intolerabilis
1498 3681 1719 3754 quidem
1772 3682 1933 3739 nobis
1960 3699 2052 3740 res

452 3777 575 3833 visa
604 3782 705 3844 est,
730 3773 878 3848 quod
933 3789 1042 3829 non
1072 3770 1290 3829 licuerit
1310 3771 1662 3845 principibus
1690 3773 1842 3828 aeris
1881 3771 2051 3840 huius

449 3868 677 3941 (Ephes.
716 3879 776 3935 ιι,
809 3863 864 3935 2)
921 3860 1093 3918 semel
1143 3861 1295 3934 juste
1351 3859 1573 3916 deﬁnita
1624 3860 1703 3916 uti
1750 3861 2044 3928 sententia,

451 3955 598 4032 quod
623 3969 780 4010 novae
808 3951 948 4024 legis
995 3949 1374 4021 rogationem,
1411 3964 1574 4021 quam
1604 3965 1708 4006 nec
1764 3949 2052 4013 saecularia

447 4051 664 4128 quidem
694 4048 992 4106 admittunt
1016 4046 1241 4117 judicia,
1274 4045 1531 4102 Tartarea
1587 4053 1920 4132 cogerentur
1945 4063 2050 4104 su-

448 4142 661 4213 acipere
690 4136 1079 4197 conciliabula.
1139 4135 1274 4204 Quis
1301 4135 1446 4192 enim
1488 4136 1557 4191 de
1587 4151 1694 4191 una
1747 4135 2053 4208 eademque

443 4256 504 4298 re
533 4237 704 4295 semel
732 4234 916 4291 subtili
962 4233 1214 4291 examine
1257 4233 1523 4300 discussa,
1585 4241 1640 4289 et
1655 4233 1902 4304 judicum
1953 4248 2052 4290 ar-

446 4327 631 4394 bitrio,
686 4333 741 4382 et
789 4322 1063 4381 communi
1118 4320 1364 4379 omnium
1417 4337 1692 4380 consensu
1737 4322 2048 4391 terminata,

447 4427 557 4485 duo
584 4439 696 4481 non
721 4423 930 4495 absque
952 4419 1152 4492 injuria
1179 4419 1398 4493 cogitur
1443 4419 1627 4477 subire
1649 4419 1856 4490 judicia
1883 4422 1912 4475 ‘l
1941 4420 2051 4478 Sed

2160 3302 2270 3358 que
2297 3285 2531 3346 artiﬁcio
2558 3288 2877 3360 preeluem,
2913 3293 2968 3346 et
2997 3290 3476 3362 pretiosissimum,
3499 3291 3556 3346 in
3583 3291 3757 3348 dona-

2159 3375 2246 3432 ria
2297 3376 2733 3434 victoriosissimi
2810 3380 3066 3451 martyris
3129 3379 3429 3448 Laurentii,
3494 3379 3758 3453 religiosa

2153 3466 2271 3534 jam
2300 3464 2434 3522 dicti
2479 3466 2741 3540 principis
2767 3467 3062 3525 devotione
3111 3477 3502 3537 consecratum,
3547 3469 3758 3542 irrepa-

2159 3549 2322 3605 rabili
2349 3549 2618 3621 comperit
2673 3551 2850 3616 ruina,
2883 3552 3033 3608 ansis
3079 3553 3356 3621 resolutis,
3403 3553 3753 3621 minantum,

2161 3645 2215 3695 et
2248 3645 2360 3694 tum
2403 3638 2622 3695 demum
2652 3640 2954 3697 revelatum
3008 3641 3114 3696 sibi
3167 3642 3554 3715 compendiosa
3599 3659 3756 3715 sym-

2159 3727 2356 3799 mystis
2383 3729 2703 3786 narratione
2729 3729 2925 3801 pandit
2945 3743 3202 3788 arcanum
3234 3749 3250 3799 ;
3279 3733 3427 3802 (135)
3462 3731 3754 3789 utillimum

2159 3811 2407 3884 profecto
2435 3812 2490 3867 in
2521 3829 2684 3870 omne
2713 3830 2950 3886 sequens
2962 3831 3163 3884 aevum,
3189 3815 3441 3873 omnibus
3460 3817 3752 3886 cujuscun-

2159 3913 2266 3968 que
2295 3897 2575 3970 dignitatis
2627 3906 2682 3955 et
2711 3899 3042 3958 conditionis
3089 3900 3366 3963 divitibus.
3426 3900 3750 3969 salutiferae,

2157 4000 2228 4042 ac
2267 3987 2385 4044 Deo
2437 3987 2654 4059 placitae
2708 3988 3058 4046 liberalitatis
3111 3989 3451 4062 exemplum.
3502 3989 3560 4048 Si
3605 3990 3754 4048 enim

2160 4084 2310 4155 (136)
2330 4084 2434 4140 sub
2453 4085 2572 4142 auri
2602 4085 2807 4154 colore,
2865 4086 3036 4143 lutum
3059 4087 3236 4156 datur,
3267 4095 3322 4143 et
3360 4087 3753 4160 pretiosissima

2159 4173 2471 4245 margarita,
2505 4174 2575 4230 de
2632 4174 2946 4231 coelestibus
2999 4176 3233 4233 oriunda
3285 4177 3479 4245 anima,
3507 4179 3573 4234 de
3629 4178 3750 4250 ipso

2161 4273 2292 4329 lacu
2319 4272 2641 4343 novissimo,
2685 4275 2958 4342 miseriae,
2981 4276 3127 4332 etde
3153 4277 3272 4332 luto
3291 4277 3446 4347 faecis
3483 4275 3752 4332 liberatur

2160 4369 2334 4436 (Psal.
2359 4383 2547 4435 xxxix,
2570 4368 2626 4437 3)
2659 4388 2673 4436 ;
2704 4369 2827 4441 quis
2853 4369 3138 4427 fallacibus
3191 4378 3246 4426 ct
3275 4370 3556 4444 fugacibus
3599 4371 3748 4426 divi-

2157 4452 2249 4508 tiis
2276 4453 2358 4509 sic
2407 4453 2607 4510 misere
2637 4453 2911 4521 abutatur,
2939 4462 3133 4511 utnon
3177 4455 3406 4528 prodige
3434 4455 3486 4510 in
3541 4454 3750 4512 cultum

448 4541 572 4594 nos,
603 4522 896 4588 nollemus,
926 4520 1214 4587 vellemus,
1247 4525 1442 4576 contra
1469 4518 1553 4575 fas
1572 4527 1626 4576 et
1647 4519 2050 4590 jus,emensum
2075 4565 2134 4629 Ι)
2159 4545 2210 4594 ει
2239 4545 2490 4593 omam",
2519 4537 2622 4594 Dei
2643 4553 2708 4595 ac
2735 4518 3052 4596 δεηοιδηηη
3081 4518 3217 4610 είυέ,
3241 4518 3745 4612 θεέέχρθηειεηάο,

444 4625 793 4686 remetieutes
822 4623 944 4691 iter,
976 4621 1070 4679 ubi
1090 4621 1366 4678 sederunt
1381 4621 1535 4678 sedes
1550 4621 1615 4677 in
1624 4621 1850 4693 judicio
1863 4621 2040 4692 (Psal.

445 4739 598 4792 cxxt,
631 4724 687 4794 5)
735 4721 1111 4785 convenimus,
1155 4725 1210 4773 et
1264 4733 1389 4775 cum
1409 4717 1783 4790 aequissimam
1841 4727 2045 4774 nostrae

443 4821 618 4900 partis
647 4834 892 4885 causam,
925 4834 1024 4890 per
1055 4831 1249 4874 omnes
1271 4815 1655 4889 argutissimas
1709 4816 2044 4888 propositio-

443 4929 576 4970 num
607 4910 881 4982 str0phas,
913 4923 1016 4979 per
1041 4904 1228 4963 omnia
1249 4904 1530 4960 rhetorum
1587 4904 1996 4976 enthymemata
2025 4922 2041 4973 ;

442 5019 543 5075 per
571 5000 761 5058 omnia
779 5002 1110 5070 argumenta
1138 4993 1455 5066 scphistica,
1488 4993 1719 5050 summis
1744 4993 2045 5052 niteremur

442 5105 692 5148 asserere
712 5087 1039 5155 conatibus;
1070 5083 1164 5140 ille
1193 5082 1506 5155 imperiosae
1539 5082 1874 5140 auctoritatis
1902 5098 2044 5141 mar-

444 5185 546 5252 tyr,
579 5195 679 5237 vas
725 5177 1005 5252 quoddam
1033 5187 1264 5230 aureum
1303 5169 1642 5228 admirandis
1685 5170 1875 5245 ﬁguris
1903 5187 2041 5245 opus

443 5276 716 5346 incusum,
747 5284 800 5334 et
827 5273 952 5331 miri
978 5272 1142 5346 pretii
1176 5279 1230 5328 et
1256 5269 1472 5329 artiﬁcii
1496 5269 1647 5326 ansis
1700 5270 2038 5341 decusatum,

516 5455 665 5526 (133)
697 5453 820 5526 Non
830 5453 1014 5526 fungi
1039 5451 1156 5508 vice
1171 5450 1470 5526 aretalogi.
1503 5449 1593 5506 Sic
1621 5449 2039 5526 vocantur‘cir-

446 5522 778 5580 cumloranei
808 5522 886 5577 illi
944 5522 1259 5594 nugatores,
1291 5522 1384 5594 qui
1416 5537 1722 5594 personas
1763 5522 2033 5594 comicas,

447 5603 498 5650 et
520 5596 588 5651 ad
618 5594 831 5649 libitum
871 5590 1150 5664 conﬁctas,
1181 5590 1383 5666 populo
1413 5590 1470 5647 in
1520 5591 1756 5666 publicis
1811 5593 2036 5650 theatris

445 5667 697 5721 exhibent
710 5704 722 5717 .

518 5736 666 5803 (134)
688 5731 1170 5805 Subtilissimoque
1185 5733 1430 5807 artiﬁcio
1440 5736 1766 5807 praecluem.
1789 5735 2036 5794 Vocabuo

448 5800 802 5883 lum__parum
857 5800 1176 5883 usurpatum
1227 5800 1410 5878 posuit
1440 5800 1558 5878 'pro
1613 5821 1679 5864 eo
1737 5808 1883 5882 quod
1929 5814 2034 5883 est,

449 5873 710 5942 nobilem,
729 5873 1094 5947 praeclarum.

2152 4625 2273 4694 ipse
2301 4630 2706 4690 ornamentum,
2739 4631 2794 4680 et
2822 4625 3220 4697 coronagloria
3235 4626 3300 4680 in
3325 4642 3501 4682 manu
3518 4626 3748 4682 Domini

2154 4707 2286 4776 (Isa.
2342 4722 2474 4776 an,
2509 4707 2586 4777 3),
2618 4707 2737 4780 ipse
2758 4707 3188 4780 pretiosissimus
3216 4707 3353 4776 ﬁeri,
3383 4708 3746 4781 pervilissima

2152 4804 2408 4862 enitatur.

2688 4896 2892 4954 CAPIT
2895 4897 3084 4955 ULUM
3119 4896 3211 4954 VI.

2157 4985 2311 5054 Quod
2323 4986 2598 5059 praeclara
2632 4985 2708 5042 sit
2745 4991 3078 5044 sanctorum
3111 4991 3434 5060 paupertas,
3472 5001 3596 5059 quae
3625 4991 3747 5059 post

2221 5075 2693 5146 carnismortem,
2715 5075 2845 5132 ewli
2869 5081 2926 5132 et
2947 5080 3114 5133 terra
3139 5079 3394 5134 meretur
3411 5074 3662 5146 divitias,
3684 5078 3743 5131 et

2222 5179 2397 5237 quare
2423 5163 2668 5222 habeant
2688 5164 2899 5224 ciboria
2928 5171 2988 5222 et
2994 5166 3348 5240 pyramidas.

2223 5270 2331 5327 Sed
2353 5286 2386 5327 ο
2415 5287 2577 5344 quam
2609 5268 2820 5341 felices,
2870 5286 3101 5343 quorum
3125 5271 3333 5329 delicia:
3385 5269 3743 5329 secularibus

2221 5448 2372 5528 (_t_35_)
2407 5450 2758 5528 Utillimum.
2793 5448 2918 5506 Non
2935 5449 3193 5528 abhorret
3222 5449 3291 5505 ab
3333 5443 3744 5528 ingeniq'lfhio-

2149 5517 2436 5608 [ridi_,__hoc
2463 5523 2714 5594 posuisse
2751 5537 2851 5593 pro
2879 5522 3278 5592 utilissimum,
3326 5517 3465 5575 sicut
3518 5518 3738 5585 dicitur,

2146 5593 2527 5662 facillimum.
3546 5659 3560 5672 ο
3685 5660 3698 5670 _

2219 5663 2370 5735 (136)
2399 5664 2498 5720 sub
2527 5663 2659 5720 auri
2685 5664 2872 5722 colore
2900 5665 3085 5722 lutum
3113 5663 3306 5720 datur.
3326 5662 3520 5729 Nemo,
3544 5668 3738 5733 inquit.

2146 5750 2405 5808 magnum
2461 5735 2666 5808 aliquid
2742 5753 2804 5793 se
2841 5736 2977 5792 dare
3033 5735 3321 5808 existimet,
3370 5749 3493 5789 cum
3549 5748 3743 5788 aurum

2147 5805 2287 5875 dat';
2319 5822 2444 5861 nam
2475 5805 2672 5864 aurum
2691 5815 2799 5879 est,
2828 5815 3033 5865 mutato
3056 5807 3263 5878 colore,
3294 5805 3494 5862 lutum.
