3882 6476
185 392 290 451 357

1047 388 1315 455 FLORES
1354 393 1716 455 ΕΡΙΤΑΡΗΙΙ
1756 392 2206 459 SANCTORUM.
2246 430 2316 442 —
2352 396 2487 456 LIB.
2534 392 2609 456 ΙΙ.

3362 394 3467 458 388

186 520 401 577 deliciis
457 519 806 577 omnifariam
878 523 1187 593 contrariae,
1262 523 1446 581 inedia
1507 524 1776 595 profecto,
1806 527 1860 587 A
1891 526 2051 597 (Gen.
2076 540 2156 593 vr,
2194 524 2302 595 16),
2337 522 2554 596 quando
2585 522 2692 580 erit
2720 524 2867 580 Deus
2915 522 2973 577 in
3015 522 3267 579 omnibus
3305 524 3490 581 omnia

186 609 410 682 vigiliae,
441 610 660 667 nuditas
689 625 757 668 ac
785 609 1043 683 lacrymse
1070 620 1125 669 et
1168 627 1335 669 exesa
1357 612 1578 683 jejuniis
1607 628 1785 669 mem-

186 697 285 754 bra
311 699 368 753 in
415 698 564 754 nuda
612 700 780 756 humo
809 701 1090 767 collidere,
1121 710 1177 757 et
1221 700 1470 772 corporis
1496 700 1784 768 inimicari,

184 786 318 853 otio,
377 802 444 843 ac
488 786 772 853 lascivias;
832 796 983 845 tanta
1040 796 1527 861 recompensantur
1581 789 1784 847 talione

185 874 386 932 divinae
408 876 624 948 gratim,
684 886 742 932 ut
781 876 839 934 in
890 893 1079 933 eorum
1120 878 1301 950 exigui
1329 878 1570 949 pulveris
1599 878 1787 951 operi—

185 971 429 1025 mentum
479 980 544 1021 ac
600 972 850 1021 ornatum
906 966 1319 1038 pretiosissimae
1371 966 1541 1024 totius
1596 966 1789 1022 mundi

185 1061 563 1133 expendantur
590 1062 829 1130 divitiae;
861 1070 918 1118 ut
946 1080 1185 1134 quorum
1214 1064 1496 1135 spiritibus
1524 1063 1579 1119 in
1610 1063 1791 1120 carnis

186 1149 471 1223 ergastulo
512 1151 724 1206 mortali
769 1150 1083 1208 conditione
1120 1151 1515 1221 exsulantibus,
1547 1152 1791 1207 maxime

183 1239 479 1306 viluerant,
527 1255 721 1295 eorum
762 1239 1047 1295 cineribus
1077 1248 1201 1311 post
1229 1243 1455 1297 exitum
1496 1242 1672 1297 Israel
1724 1240 1791 1299 de

182 1329 413 1401 λεπρίο
446 1330 625 1398 (Psal.
659 1343 815 1396 cxm,
852 1328 921 1400 l),
956 1328 1026 1385 de
1073 1332 1308 1401 fornace
1352 1334 1544 1402 ferrea
1589 1330 1781 1400 (Deut.

180 1439 264 1494 Iv,
294 1426 404 1496 20),
440 1424 842 1483 ofﬁciosissime
873 1426 1136 1484 serviant.
1174 1426 1219 1483 Ο
1244 1436 1440 1499 quanta
1471 1426 1792 1484 voluntariae

180 1514 677 1573 abrenuntiationis
722 1515 913 1572 mundi
958 1516 1402 1588 recompensatio
1432 1519 1460 1572 ‘2
1510 1532 1543 1572 ο
1591 1523 1795 1589 quanta

177 1619 365 1660 rerum
394 1602 717 1661 vicissitudo
744 1606 757 1658 !
788 1619 821 1660 o
846 1603 993 1676 quali
1009 1612 1063 1660 et
1086 1612 1285 1678 quanto
1304 1605 1547 1661 humana
1567 1604 1789 1672 divinis,

177 1699 400 1751 terrena
426 1692 761 1763 caelestibus,
795 1692 1057 1748 vilissima
1098 1692 1511 1767 pretiosissimis
1541 1708 1791 1751 commu-

182 1798 374 1847 tantur
420 1790 782 1849 commerciol
832 1789 879 1847 Ο
939 1806 1104 1863 quam
1152 1791 1423 1863 prmelara
1477 1799 1789 1863 paupertas,

180 1894 309 1949 qua
335 1885 461 1949 post
513 1876 699 1935 carnis
728 1885 986 1945 mortem,
1039 1877 1165 1935 coeli
1220 1887 1275 1935 et
1330 1884 1498 1935 terrae
1542 1887 1787 1936 meretur
1814 1897 1869 1958 Β

181 1966 400 2022 divitias
424 1968 438 2025 Ι
462 1982 497 2023 o
527 1982 691 2039 quam
721 1966 951 2040 egregia
974 1968 1209 2034 nuditas,
1242 1984 1364 2040 quae
1391 1968 1535 2025 stola
1562 1968 1787 2024 immor-

180 2054 404 2112 talitatis
434 2055 649 2127 vestita,
681 2055 997 2127 imperiales
1032 2056 1247 2113 excellit
1276 2055 1500 2113 trabeas
1526 2055 1538 2111 Ι
1563 2072 1596 2113 o
1628 2073 1788 2130 quam

180 2143 635 2218 pretiosissimum
667 2153 980 2201 consertum
1022 2145 1265 2218 tegimen
1297 2145 1493 2218 spinis,
1524 2144 1786 2201 vetustis-

184 2233 340 2289 simae
370 2248 655 2289 servorum
686 2232 788 2288 Dei
835 2233 987 2306 (137)
1030 2233 1396 2305 xerampeliae,
1461 2234 1663 2306 quibus
1720 2250 1789 2288 ne

184 2330 489 2402 comparari
520 2330 739 2402 quidem
761 2346 955 2403 regum
984 2339 1214 2404 possunt
1243 2346 1492 2403 purpurae
1517 2349 1530 2395 ;
1563 2346 1792 2405 quarum

186 2418 513 2475 tenuissima
543 2417 760 2474 fimbria
797 2418 851 2473 in
908 2419 1171 2475 deaurata
1201 2430 1255 2475 et
1282 2427 1560 2492 gemmata
1587 2434 1789 2476 recon-

192 2508 346 2564 ditur
370 2507 605 2580 pyxide;
657 2516 709 2563 et
753 2508 1039 2575 honorata,
1085 2517 1343 2581 operatur
1397 2507 1629 2564 salutem
1681 2515 1790 2563 tam

190 2596 248 2652 in
281 2598 554 2654 exteriore
584 2612 750 2669 quam
778 2596 836 2651 in
864 2596 1128 2654 interiore
1154 2597 1396 2654 homine.
1441 2596 1549 2663 Qui
1582 2596 1638 2652 in
1665 2611 1791 2653 car-

190 2711 263 2751 ne
303 2702 396 2751 aut
442 2694 670 2751 omnino
700 2694 927 2763 nullum,
986 2702 1079 2750 aut
1133 2694 1457 2752 vilissimum
1484 2694 1790 2751 vestimen-

196 2792 311 2840 tum
339 2784 693 2851 babuerunt;
734 2784 880 2841 exuti
927 2799 1116 2852 carne,
1158 2785 1335 2841 serico
1363 2792 1418 2841 et
1454 2799 1587 2840 auro
1616 2785 1792 2841 obvo-

187 2873 307 2940 luti,
369 2873 428 2927 in
482 2872 719 2929 Domino
776 2872 1084 2945 quiescunt,
1143 2880 1201 2929 et
1246 2873 1558 2929 sublimium
1613 2872 1793 2945 impe-

190 2969 436 3019 ratorum
486 2969 541 3017 ct
582 2961 784 3018 ducum
840 2977 1118 3033 purpuras
1162 2970 1217 3020 et
1260 2962 1647 3035 paludamenta
1689 2977 1792 3033 pe-

192 3050 355 3106 dibus
385 3050 497 3106 suis
532 3051 913 3106 substernunt.
978 3052 1045 3105 Et
1089 3066 1123 3105 ο
1163 3066 1327 3123 quam
1384 3051 1569 3123 digne,
1628 3065 1793 3123 quam

188 3155 455 3214 congrue,
488 3154 686 3211 regum
726 3155 902 3212 reges,
948 3138 1197 3213 profecto
1250 3155 1521 3211 pauperes
1576 3138 1788 3212 spiritu,

1897 614 1945 685 (l
1973 615 2098 671 Cor.
2138 628 2237 682 xv,
2269 617 2381 680 28),
2423 627 2677 684 suprema
2725 627 3026 683 occupasse
3064 627 3126 668 ac
3172 612 3489 682 possedisse

1894 702 2213 759 ccenacula.
2269 702 2377 759 Sed
2407 710 2459 757 et
2489 702 2592 757 hoc
2622 716 2839 773 quoque
2869 699 3231 772 perfectorum
3261 701 3488 771 mystice

1895 790 2151 864 congruit
2190 789 2420 857 meritis,
2468 790 2615 862 quod
2652 791 2709 845 in
2738 789 3115 855 arithmeticis,
3150 788 3291 845 sicut
3318 788 3487 844 trian-

1895 880 2062 952 gulus
2091 880 2298 951 primus
2327 887 2410 935 est
2465 895 2723 935 numerus
2766 878 2828 932 in
2882 877 3076 948 planis,
3109 877 3189 933 sic
3213 877 3270 932 in
3302 876 3493 934 solidis

1895 962 2087 1036 figuris
2114 963 2439 1035 principium
2469 962 2855 1034 profunditatis
2884 970 2965 1017 est
2996 960 3259 1033 pyramis,
3283 970 3337 1017 et
3356 977 3492 1032 pro-

1898 1052 2198 1123 gressionis
2253 1051 2407 1107 initio
2459 1058 2676 1122 sumpto
2707 1067 2737 1105 a
2766 1049 2999 1123 trigonis
3029 1050 3097 1104 ab
3154 1048 3408 1104 omnibus
3436 1050 3495 1104 in

1897 1140 2063 1196 altum
2090 1140 2442 1214 progreditur
2470 1139 2738 1211 epipedis,
2763 1147 2816 1194 et
2836 1137 2966 1195 solis
2994 1153 3093 1208 per
3118 1136 3286 1192 latera
3312 1137 3495 1193 conti-

1898 1235 2097 1284 nentur
2124 1227 2435 1301 triangulis.
2473 1226 2535 1281 In
2564 1226 2911 1298 sempiternas
2958 1225 3159 1297 quippe
3208 1225 3493 1280 Trinitatis

1902 1316 2007 1372 fide
2036 1315 2331 1386 insolubili,
2383 1324 2435 1371 et
2483 1315 2656 1387 prima
2696 1314 2831 1381 basi,
2865 1314 3022 1369 electi
3052 1313 3152 1369 Dei
3181 1312 3417 1379 fundati,
3441 1322 3495 1369 et

1901 1403 2334 1478 supermdiﬁcati,
2367 1420 2434 1459 ex
2462 1403 2755 1460 virtutibus
2781 1401 3135 1467 multimodis,
3166 1401 3405 1473 politicis
3436 1410 3493 1458 et

1899 1493 2253 1568 purgatoriis,
2284 1509 2351 1550 ac
2376 1493 2595 1565 purgati
2618 1493 2731 1562 jam
2778 1499 2833 1547 et
2860 1490 3107 1547 defaecati
3135 1489 3320 1557 animi,
3356 1507 3490 1563 quas

1902 1598 1967 1638 ex
1993 1590 2070 1637 tot
2098 1581 2290 1638 formis
2320 1580 2709 1654 multiangulis,
2746 1580 3044 1636 secundum
3067 1579 3352 1635 theorema
3371 1594 3495 1650 per-

1902 1669 2056 1726 fectae
2074 1685 2139 1726 ac
2160 1670 2215 1725 in
2245 1669 2453 1725 altioris
2478 1685 2707 1725 summae
2737 1668 2914 1741 spatia
2958 1671 3233 1739 provectae
3264 1666 3493 1739 pyrami-

1902 1758 2006 1826 dis,
2040 1766 2360 1815 excrescunt
2388 1766 2442 1814 et
2469 1757 2884 1815 consolidantur
2902 1756 2975 1812 ad
2989 1756 3198 1828 apicem
3225 1754 3493 1824 indivisa,

1904 1854 1957 1903 et
1984 1846 2448 1904 incommutabilis
2474 1846 2746 1903 unitatis:
2798 1854 2852 1902 et
2907 1845 3172 1901 Ecclesiae
3226 1845 3347 1913 Dei,
3391 1844 3495 1916 ipsi

1896 1936 2099 2007 anguli,
2131 1936 2385 2009 angulari
2428 1936 2659 1992 connexi
2710 1943 2765 1991 et
2806 1934 3199 2007 compaginati,
3241 1933 3410 2004 lapidi
3439 1932 3495 1988 in

1896 2024 2160 2080 lateribus
2190 2024 2492 2096 aquilonari
2546 2023 2741 2096 frigori
2798 2023 3086 2095 oppositis,
3144 2021 3317 2078 unicis
3346 2021 3493 2090 ﬁdei,

1896 2115 2014 2183 spei
2046 2122 2097 2170 et
2128 2113 2408 2169 cbaritatis
2440 2120 2604 2184 atque
2636 2112 2806 2167 Patris
2835 2120 2885 2168 et
2916 2112 3040 2166 Filii
3071 2119 3124 2166 et
3137 2111 3371 2182 Spiritus
3394 2111 3495 2166 Pa-

1896 2202 2089 2259 racleti
2143 2201 2599 2274 compaginantur
2653 2200 2971 2272 isopleuris.
3028 2201 3091 2254 In
3140 2199 3333 2256 ciborii
3361 2214 3493 2255 vero

1896 2291 2076 2349 forma
2106 2290 2357 2357 concide,
2417 2306 2537 2362 quae
2570 2289 2958 2345 columnarum
2985 2295 3319 2343 sustentatur
3346 2287 3496 2345 colu-

1896 2380 2063 2447 mine,
2094 2379 2402 2436 insinuatur
2429 2377 2801 2450 tropologice,
2829 2377 2975 2450 quod
3014 2376 3190 2433 sancti
3229 2376 3331 2433 Dei
3369 2393 3494 2448 my—

1898 2470 2057 2539 stice,
2086 2469 2297 2540 ferculi
2324 2469 2391 2526 de
2423 2467 2598 2539 lignis
2628 2468 2826 2525 Libani
2843 2466 3051 2537 (Cant.
3080 2481 3162 2533 ιιι,
3196 2466 3273 2537 9),
3303 2481 3335 2520 a
3363 2480 3496 2522 vero

1900 2559 2191 2617 Salomone
2234 2558 2496 2615 exstructi
2524 2557 2660 2625 sint,
2691 2558 2972 2613 columnae
3000 2558 3290 2626 argentea:
3338 2554 3493 2623 (ibid.

1904 2646 2019 2712 10),
2041 2647 2100 2701 et
2128 2643 2195 2699 de
2228 2641 2600 2699 tribulatione
2617 2641 2881 2697 exauditi
2904 2641 2969 2695 in
2993 2638 3300 2696 latitudine
3319 2639 3493 2707 (Psal.

1900 2747 2074 2799 cxvn,
2090 2735 2162 2798 ὅ),
2176 2732 2329 2787 viam
2348 2729 2753 2787 mandatorum
2786 2729 2877 2785 Dei
2887 2743 3115 2786 currere
3136 2726 3308 2799 (Psal.
3322 2740 3498 2782 cxvm

1902 2823 2021 2890 32);
2058 2824 2114 2877 et
2136 2822 2242 2877 toti
2275 2822 2477 2877 teretes
2508 2818 2713 2892 totique
2740 2816 2998 2875 rotundi.

2068 2950 2316 3008 Externi
2343 2966 2415 3007 ne
2435 2948 2568 3022 quid
2590 2951 2783 3022 posset
2794 2963 2903 3020 per
2935 2948 3051 3004 leve
3072 2945 3285 3003 morari
3310 2963 3327 2999 ι

1901 3079 2113 3137 animas
2169 3080 2225 3135 in
2282 3088 2548 3136 aeternum
2590 3085 2913 3134 meruerunt
2961 3075 3263 3133 sanctitatis
3310 3076 3498 3131 orbem

1899 3169 2192 3240 colligere.
2229 3167 2301 3224 Et
2328 3182 2517 3225 revera
2549 3182 2742 3223 omnes
2770 3165 3121 3238 geometricis
3145 3164 3354 3230 formae,
3380 3163 3498 3220 sive

181 3245 316 3309 post
370 3236 761 3293 habitationem
806 3253 941 3294 cum
987 3238 1376 3294 habitantibus
1407 3236 1559 3307 (138)
1612 3236 1789 3294 Cedar

1904 3258 2145 3331 lrigonae,
2179 3258 2304 3313 sive
2323 3264 2644 3329 tetragonze,
2676 3236 3268 3325 seuvcirculares,quie
3288 3253 3361 3309 ob
3390 3253 3500 3309 cir-

186 3343 311 3413 (Ps.
351 3354 507 3411 cxxx,
541 3340 621 3410 5),
670 3338 1062 3411 operosissima
1108 3355 1173 3395 ex
1204 3354 1337 3395 auro
1372 3346 1426 3395 et
1463 3346 1697 3413 argento
1728 3353 1795 3395 ac

182 3428 465 3501 lapidibus
503 3428 919 3499 pretiosissimis
958 3429 1106 3500 (139)
1136 3427 1367 3496 ciboria,
1402 3436 1455 3485 et
1482 3428 1665 3501 regias
1694 3426 1793 3485 ha-

1896 3342 2336 3401 cumductionem
2359 3340 2520 3398 unius
2539 3339 2721 3406 lineae,
2745 3347 2868 3395 sunt
2888 3338 3153 3394 divinitati
3173 3336 3494 3409 aptissimm,

1895 3448 1962 3489 ac
2016 3430 2257 3488 omnium
2309 3428 2818 3496 excellentissima,
2878 3426 3073 3499 quibus
3129 3426 3498 3483 decussantur

184 3520 321 3574 bent
373 3517 709 3590 pyramides,
758 3534 881 3590 quas
955 3518 1198 3589 quadam
1246 3516 1604 3574 similitudine
1648 3531 1794 3573 arcte
1893 3523 2215 3573 sanctorum
2240 3513 2509 3586 reliquiae,
2543 3512 2911 3569 testimonium
2958 3509 3245 3582 perhibent
3301 3524 3489 3566 eorum

183 3608 313 3664 Noe
342 3622 376 3662 a
400 3606 685 3663 latitudine
712 3615 1095 3663 excrescentes
1137 3614 1503 3679 angustantur
1533 3608 1591 3662 in
1619 3606 1794 3662 altitu-

185 3704 319 3761 dine
347 3705 512 3777 (Gen.
544 3718 625 3776 vi,
660 3705 772 3772 15),
797 3702 925 3779 quia
957 3703 1123 3778 ignea
1170 3706 1344 3761 virtus
1375 3719 1473 3761 eos
1505 3710 1659 3761 extra
1687 3702 1794 3759 bo-

186 3794 394 3861 mines,
437 3793 569 3867 igne
598 3793 773 3850 sancti
803 3792 1036 3865 Spiritus
1064 3793 1344 3863 ardentes,
1377 3800 1431 3851 et
1458 3791 1711 3851 dilatatos
1737 3791 1795 3851 in

186 3883 492 3941 visceribus
548 3881 755 3938 Christi
802 3883 958 3949 Jesu,
992 3897 1097 3955 per
1133 3882 1514 3938 mandatorum
1538 3882 1639 3937 Dei
1667 3880 1793 3936 lati-

184 3981 454 4048 tudinem,
482 3996 588 4053 per
617 3981 769 4038 viam
798 3980 930 4037 vitae
972 3986 1275 4055 angustam
1314 3981 1536 4050 (Matth.
1569 3995 1671 4047 vn,
1706 3980 1794 4052 ll)

191 4078 248 4127 et
276 4086 509 4128 ascensu
540 4069 836 4137 difﬁcilem,
858 4069 1367 4127 adinterminabilis
1395 4069 1591 4142 gloriae
1616 4068 1795 4126 evexit

190 4159 551 4216 altitudinem.
621 4159 683 4213 In
738 4157 913 4215 forma
966 4160 1167 4231 quippe
1224 4159 1568 4230 pyramoide,
1623 4158 1795 4215 virtus

191 4246 393 4318 ignea;
428 4245 486 4300 in
515 4244 765 4309 ciboriis,
800 4244 999 4316 quibus
1029 4259 1062 4299 a
1100 4244 1258 4300 cubis
1289 4245 1513 4300 nomina
1546 4251 1677 4299 sunt
1702 4244 1794 4298 in-

195 4336 327 4404 dita,
360 4340 629 4406 pensatur
669 4333 863 4389 animae
904 4332 1171 4406 perfectio
1191 4332 1411 4390 cubica.
1453 4334 1587 4390 Nam
1630 4347 1796 4405 pyra-

193 4421 303 4479 mis
331 4436 363 4476 a
390 4418 513 4474 basi
543 4426 832 4492 tetragona
860 4418 1083 4491 erigens
1114 4434 1174 4474 se
1206 4417 1263 4473 in
1303 4417 1601 4473 altitudinis
1635 4417 1796 4474 fasti-

194 4510 307 4585 gia,
339 4507 595 4580 designat
624 4506 924 4563 electorum
952 4506 1055 4563 Dei
1094 4506 1324 4579 spiritus
1353 4514 1407 4563 et
1434 4513 1669 4573 somata,
1699 4522 1799 4578 per

193 4615 586 4682 quaternarum
622 4605 878 4662 virtutum
921 4619 1145 4678 genera,
1177 4604 1247 4660 ad
1289 4603 1587 4661 individuae
1618 4619 1684 4660 ac
1713 4604 1794 4659 in-

193 4700 627 4774 circumscriptae
669 4701 919 4759 monadis
966 4699 1391 4772 simplicitatem,
1426 4710 1477 4758 et
1507 4701 1639 4757 coeli
1679 4717 1798 4759 cu:-

189 4794 371 4848 lorum
399 4807 461 4846 se
482 4791 725 4847 erexisse
753 4790 1011 4857 culmina,
1054 4797 1109 4845 et
1136 4804 1283 4846 arcae
1311 4806 1431 4862 quae
1460 4790 1519 4846 in
1552 4790 1795 4847 carnali-

190 4879 300 4932 bus
325 4875 452 4943 lats,
483 4875 542 4931 in
568 4874 937 4947 epiritualibus
966 4873 1203 4946 quadam
1255 4872 1652 4946 constringitur
1698 4890 1795 4929 an-

190 4977 397 5055 gustia,
443 4984 497 5034 et
535 4977 748 5049 mystici
775 4977 955 5037 cubiti
994 4977 1481 5036 consummabitur
1535 4992 1797 5037 mensura

272 5190 419 5265 ([37)
449 5191 813 5265 Xerampeliw
851 5188 1463 5265 Qrationis_con_textus
1510 5189 1801 5248 manifeste

194 5261 385 5338 predit
399 5261 589 5345 genus
619 5261 747 5344 esse
758 5263 958 5345 vestis,
979 5261 1431 5345 quandoquidem.
1451 5276 1595 5345 cum.
1612 5278 1803 5345 regum

192 5332 461 5411 purpuris
499 5334 814 5411 componit._
844 5332 1105 5411 Graecum
1153 5332 1353 5411 nomen
1381 5333 1452 5411 ab
1482 5332 1663 5411 arida__
1679 5332 1796 5411 'v_i_te

195 5402 424 5462 ductum
454 5402 639 5469 sonat,
672 5420 737 5461 ac
770 5404 817 5459 si
846 5405 997 5459 dicas
1024 5404 1163 5461 sicci
1184 5406 1366 5461 vitem.
1389 5405 1504 5459 Lux
1534 5420 1599 5458 ex
1629 5402 1797 5458 Suida

195 5475 445 5559 effulget,
468 5477 565 5559 cui
591 5475 972 5559 ξηραμπέλινρς
987 5473 1174 5559 χιτιὶιν,
1194 5476 1511 5532 sicci-vitea
1532 5474 1699 5532 vestis
1721 5473 1796 5528 di-

193 5556 362 5623 citur,
393 5557 482 5613 cui
522 5556 674 5614 color
710 5565 793 5613 est
841 5556 966 5612 vitis
992 5556 1275 5626 arefactis,
1307 5570 1471 5626 quam
1502 5560 1798 5626 consenta-

197 5643 368 5684 neum
392 5636 475 5683 est
502 5643 627 5683 esse
657 5627 997 5685 vilissimam.
1038 5624 1342 5683 Confirmat
1359 5628 1463 5681 hoc
1492 5624 1798 5696 quodpro-

198 5699 346 5757 xime
376 5698 618 5770 sequitur
658 5700 728 5753 de
768 5697 1037 5770 ejusmodi
1066 5694 1527 5770 xerampeliarum
1550 5694 1789 5770 fimbria.

278 5771 429 5842 (138)
459 5766 655 5842 Cedar.
668 5766 1027 5842 Nigredinem
1047 5777 1103 5824 et
1123 5768 1427 5842 tristitiam
1446 5769 1552 5824 hoc
1569 5766 1798 5824 verbum

200 5838 393 5907 sonat;
410 5838 574 5912 quod
601 5840 659 5895 in
685 5838 831 5895 hunc
860 5839 1048 5912 locum;
1064 5846 1224 5912 recte
1247 5838 1504 5912 quadrat.

273 5913 425 5987 (139)
444 5907 677 5984 'Cyboria
704 5914 760 5970 et
786 5910 1135 5982 pyramides.
1173 5907 1339 5968 Multa
1366 5910 1435 5967 de
1465 5910 1552 5967 bis
1582 5924 1649 5965 ex
1680 5907 1799 5966 ari-

1897 3603 2272 3662 sanctimoniae
2300 3618 2366 3659 ac
2391 3600 2843 3674 magnificentia;
2901 3602 2957 3655 et
3002 3599 3073 3655 ad
3109 3598 3374 3655 virtutum
3406 3613 3496 3654 or-

1896 3702 2153 3752 namenta
2181 3701 2234 3751 et
2278 3691 2687 3761 delectationes,
2747 3688 2992 3746 alliciunt
3033 3687 3497 3760 pulchritudinem

1898 3786 2166 3857 cujusque
2194 3780 2373 3839 fidelis
2401 3780 2618 3837 animus.

2422 3956 2816 4013 CAPITULUM
2844 3956 2959 4013 VII.

1903 4072 2046 4139 Quid
2065 4069 2429 4130 sentiendum
2445 4070 2523 4126 sit
2551 4068 2618 4126 de
2647 4068 2769 4125 illis
2789 4070 3098 4127 electorum
3115 4065 3215 4125 Dei
3234 4068 3494 4141 pigneri-

1972 4162 2070 4217 bus
2124 4176 2247 4231 qua:
2288 4162 2705 4216 consumuntur
2735 4174 2775 4212 a
2813 4158 3023 4225 bestiis,
3062 4161 3123 4213 et
3159 4156 3373 4223 avibus,
3410 4156 3499 4211 vel

1973 4251 2294 4320 immergun
2303 4252 2396 4304 tur
2424 4247 2783 4317 ﬂuminibus.

1974 4373 2084 4429 Sed
2113 4372 2246 4445 quid
2266 4372 2612 4428 sentiendum
2627 4371 2698 4428 de
2709 4370 2817 4428 illis
2845 4372 3144 4428 electorum
3156 4370 3498 4443 pigneribus,

1903 4477 2135 4537 quorum
2166 4461 2418 4533 sepulcra
2449 4468 2573 4516 sunt
2601 4459 2689 4517 vel
2720 4460 2901 4517 avium
2932 4466 2985 4517 et
3013 4460 3306 4517 bestiarum
3332 4473 3503 4531 aqua-

1904 4550 2076 4619 liculi,
2109 4549 2196 4607 vel
2225 4548 2665 4623 profundissimas
2695 4549 2976 4605 fluminum
3008 4557 3061 4604 et
3090 4549 3263 4605 maris
3293 4546 3499 4620 abyssi,

1826 4622 1880 4684 D
1910 4637 2001 4696 vel
2028 4622 2334 4697 cloacarum
2363 4638 2619 4697 cumiculi
2646 4639 2674 4692 ?
2729 4640 2813 4694 An
2839 4654 2950 4695 non
2980 4638 3124 4709 apud
3153 4639 3325 4694 Deum
3356 4636 3504 4708 ejus-

1905 4729 2031 4784 dem
2064 4736 2190 4783 sunt
2218 4728 2418 4795 meriti,
2461 4728 2616 4796 cujus
2655 4734 2709 4782 et
2736 4726 2841 4792 illi,
2873 4741 3104 4798 quorum
3160 4725 3351 4781 tumuli
3380 4732 3505 4780 sunt

1905 4813 2057 4869 aurei
2086 4821 2177 4869 aut
2206 4813 2475 4886 argentei,
2517 4812 2573 4867 in
2604 4826 2836 4884 quorum
2864 4817 3183 4866 ornamenta
3211 4808 3501 4877 desudant,

1908 4910 1964 4958 et
1993 4901 2368 4975 defetigentur
2394 4899 2585 4958 latomi
2630 4908 2684 4955 et
2712 4898 3070 4969 cmmentarii,
3106 4896 3381 4970 sapientes
3409 4913 3505 4952 ar-

1906 4990 2144 5061 chitecti,
2176 4991 2437 5049 aurifices
2466 4999 2519 5047 et
2552 4989 2703 5063 (140)
2718 4987 2993 5062 plumarii,
3026 4995 3081 5044 et
3107 4985 3333 5059 Opifices
3351 5002 3504 5059 gem-

1909 5201 2183 5277 tbmeticis
2238 5201 2683 5277 etgeornetricis
2737 5200 3014 5277 hoc_loco
3070 5198 3378 5277 'I_‘biofridus
3431 5198 3504 5277 ad

1903 5274 2251 5400 spirituelem
2307 5270 2642 5331 iﬁtellectum
2699 5272 2987 5331 transfert.
3077 5273 3254 5343 Supra
3300 5270 3505 5343 aliquid

1941 5361 2166 5400 namus.

1941 5361 2141 5402 ιχιιιιιιε
2152 5386 2166 5400 .

1975 5416 2123 5489 (illi)
2148 5417 2450 5489 Plumagrii,
2480 5417 2857 5489 polymitarii.
2908 5413 3131 5489 Exodus
3180 5412 3507 5489 quandoque

1903 5486 2034 5558 haec
2050 5486 2159 5541 duo
2188 5485 2497 5556 promiscue
2515 5485 2760 5558 usurpat,
2782 5503 2884 5558 pro
2906 5503 2976 5558 eo
3002 5485 3275 5558 quivario
3304 5492 3358 5540 et
3378 5501 3509 5541 ver-

1906 5556 2141 5629 sicolore
2169 5571 2339 5629 opere
2368 5565 2549 5629 vestes
2566 5556 2835 5627 pretiosas
2856 5556 3162 5629 distinguit.
3186 5556 3338 5629 Alias
3351 5563 3506 5629 eate-

1906 5643 2011 5701 nus
2041 5626 2256 5701 videtur
2285 5626 2649 5701 distinguere,
2679 5636 2740 5701 ut
2768 5626 3093 5701 plantariis
3124 5629 3197 5681 sit
3223 5627 3269 5682 is
3292 5627 3384 5698 qui
3398 5643 3509 5701 acu

1905 5698 2109 5770 pingit,
2142 5705 2195 5770 et
2222 5712 2286 5751 ea
2317 5697 2550 5770 pictura,
2564 5698 2756 5770 subtili
2768 5697 3035 5770 artificio,
3050 5697 3511 5770 tanquam’variaf

1905 5767 2040 5841 rum
2064 5769 2255 5841 avium
2280 5767 2491 5823 colores
2522 5767 2724 5841 eﬁigiat
2754 5783 2769 5841 :_
2819 5767 3221 5841 polymitarius
3262 5768 3511 5841 νει-(ζειιὶ

1909 5839 2104 5895 eadem
2132 5837 2250 5910 fere
2270 5837 2641 5910 praestathsed
2670 5839 2726 5910 in
2746 5837 2874 5910 ipsa
2900 5837 3069 5896 vestis
3101 5844 3352 5898 textura.
3376 5837 3512 5897 Vide

1910 5916 2158 5967 nostrum
2186 5906 2500 5967 Cornelium
2524 5906 2563 5964 it
2590 5906 2798 5983 Lepide
2824 5910 2883 5967 in
2910 5911 3095 5968 Exod.
