3882 6462
130 465 232 519 361

1027 463 1296 521 FLORES
1326 463 1674 520 EPITAPHII
1704 462 2156 522 SANCTORUM.
2187 497 2256 508 —
2286 467 2416 523 LIB.
2455 468 2531 524 Il.

3341 479 3444 534 362

137 603 267 644 cum
309 586 405 642 illa
448 604 666 644 summa
701 587 796 644 illa
846 589 1182 662 sempiterna
1235 589 1517 659 majestas,
1576 588 1752 646 crucis
1781 589 1833 649 A
1865 595 1951 647 est
1979 599 2180 646 aeterna
2210 591 2484 664 Sapientia
2513 593 2581 648 ab
2608 591 2782 650 oculis
2837 596 3094 653 omnium
3137 601 3450 660 viventium

139 706 254 745 non
295 690 586 747 abhorruit
625 691 967 762 scandalum,
1010 701 1063 748 et
1119 699 1240 763 post
1296 690 1754 765 gloriosissimum

141 788 341 842 mortis
383 789 748 858 triumphum,
789 791 844 844 in
892 789 1013 846 loco
1069 789 1162 844 ubi
1218 790 1406 845 mundi
1454 805 1756 861 appensum

143 885 228 932 est
267 879 534 948 pretium,
579 883 634 934 et
676 879 930 935 humana:
983 877 1311 950 captivitatis
1372 879 1604 935 solutum
1671 884 1756 935 est

142 977 450 1045 vinculum,
500 997 596 1050 per
635 988 712 1035 tot
751 996 1016 1036 annorum
1058 996 1296 1048 cursum,
1339 981 1457 1052 ipsa
1485 980 1758 1052 passionis

142 1069 478 1138 ignominia,
513 1078 566 1123 et
594 1069 743 1124 omni
773 1069 1045 1124 dedecore
1077 1069 1347 1124 dolentius
1391 1069 1760 1124 inaestimabili

144 1157 414 1227 patientia
443 1158 728 1227 pertulerit
759 1157 1132 1229 opprobrium,
1164 1157 1573 1229 spurcissimum
1603 1158 1758 1213 vide-

144 1258 277 1313 licet
308 1258 636 1314 idololatria:
668 1259 888 1323 cultum,
923 1267 972 1314 et
1012 1275 1120 1314 non
1148 1261 1508 1316 commoverit
1551 1263 1761 1316 terram

146 1349 375 1418 pariter
397 1352 454 1402 et
475 1349 679 1403 caelum
696 1350 848 1419 (Agg.
867 1364 924 1412 ιι,
943 1351 1056 1417 22),
1080 1355 1133 1403 et
1161 1364 1260 1417 per
1282 1357 1442 1404 terrae
1464 1347 1689 1413 hiatum,
1705 1353 1764 1401 ut

145 1444 402 1499 Dalham
423 1446 695 1501 etAbiron
711 1445 898 1513 (Num.
913 1461 1026 1510 xvr,
1045 1446 1153 1516 3t),
1172 1444 1490 1502 idololatras
1510 1444 1763 1501 inimicos

149 1559 279 1596 suos
312 1558 424 1598 non
455 1543 780 1598 demerserit
799 1543 853 1597 in
882 1543 1145 1614 abyssum
1179 1563 1194 1609 ς
1234 1551 1454 1600 constat
1484 1543 1761 1610 nimirum,

149 1640 379 1686 sanctos
401 1631 526 1696 Dei,
549 1648 782 1703 quorum
803 1635 992 1704 factus
1007 1638 1091 1687 est
1114 1634 1175 1688 in
1187 1648 1322 1704 pace
1355 1633 1527 1698 locus,
1561 1637 1618 1687 et
1660 1633 1766 1688 ha-

152 1720 360 1776 bitatio
381 1723 445 1776 in
466 1721 602 1777 Sion
631 1723 808 1791 (Psal.
844 1736 1009 1788 Lxxv,
1043 1721 1096 1789 3)
1133 1739 1146 1787 ;
1198 1737 1303 1792 quo
1359 1736 1466 1776 non
1521 1720 1576 1774 in
1634 1735 1769 1776 auro

151 1822 337 1894 positi,
374 1838 482 1878 nec
511 1824 670 1878 thure
700 1822 895 1894 sepulti
928 1823 1271 1894 perveniunt,
1315 1823 1504 1879 videre
1551 1838 1771 1878 suorum

153 1911 396 1966 ludibria
427 1919 484 1966 et
515 1911 854 1982 al-jectiones
883 1911 1192 1984 pignerum,
1239 1920 1294 1967 et
1345 1911 1766 1982 floccipendere,

155 2000 306 2055 unde
342 1999 434 2055 vel
464 2000 558 2054 ubi
588 2001 904 2055 absumatur
936 2019 950 2066 ;
984 2000 1131 2071 quod
1161 2016 1262 2071 per
1288 2000 1481 2070 prima
1509 2001 1768 2072 praevari-

157 2101 399 2157 cationis
431 2101 794 2172 irreparabile
821 2101 1187 2173 dispendium,
1219 2116 1543 2158 concessum
1574 2107 1633 2157 et
1678 2102 1774 2156 de-

161 2196 425 2261 putatum
457 2195 552 2246 est
578 2189 900 2246 ventriculis
930 2190 1218 2246 vermium.
1256 2192 1324 2245 Et
1353 2207 1544 2247 verum
1589 2189 1778 2262 procul

162 2279 338 2335 dubio
367 2287 471 2344 est,
505 2279 652 2350 quod
684 2281 979 2334 humanam
1009 2287 1262 2335 naturam
1313 2279 1553 2352 dignitas
1610 2279 1777 2352 longe

165 2379 455 2450 praecellat
492 2380 768 2451 angelica,
811 2387 865 2435 et
903 2396 1006 2436 nec
1041 2380 1130 2436 vel
1167 2381 1468 2452 comparari
1515 2380 1778 2453 angelicae

168 2469 486 2539 subtilitati,
521 2476 577 2524 et
603 2469 887 2542 sapientiae
910 2470 1149 2524 humana
1175 2470 1350 2540 possit
1377 2486 1484 2536 ars,
1517 2478 1571 2525 et
1601 2485 1778 2542 quan-

173 2564 476 2628 tacumque
491 2558 545 2611 in
559 2557 722 2613 rebus
743 2557 1215 2614 excellentissimis
1233 2557 1508 2614 excellens
1529 2557 1778 2614 scientia.

181 2659 292 2714 Sed
339 2659 631 2732 angelicis,
673 2667 732 2714 ut
785 2660 1046 2731 religiose
1093 2659 1356 2727 creditur,
1407 2659 1677 2727 manibus,
1726 2659 1783 2714 in

179 2747 344 2802 terris
375 2747 566 2802 divina
595 2748 1001 2819 dispensatione
1031 2757 1350 2805 constructa
1375 2748 1623 2817 aedificia,
1655 2748 1782 2804 nul-

181 2835 252 2890 lis
292 2836 486 2890 mundi
553 2837 852 2902 ornatibus,
920 2837 1065 2892 nulla
1130 2837 1571 2904 architectorica,
1637 2837 1784 2893 nulla

179 2931 302 2980 arte
335 2925 614 2981 mecanica
636 2932 764 2980 sunt
792 2925 1085 2996 conspicua
1117 2941 1132 2995 ;
1166 2926 1264 2981 sed
1294 2934 1552 2997 quantum
1581 2926 1650 2981 ad
1696 2926 1783 2981 vi-

179 3041 302 3079 sum
333 3025 635 3092 hominum,
668 3026 922 3081 humanis
952 3026 1452 3082 constructionibus
1481 3026 1646 3097 longe
1689 3026 1784 3081 in-

181 3113 410 3180 feriora,
456 3129 522 3169 ac
561 3114 759 3170 divinae
797 3114 1010 3170 virtutis
1068 3115 1388 3186 operatione
1436 3114 1787 3171 exaediﬁcatis

179 3219 317 3258 auro
349 3212 404 3259 et
432 3211 666 3274 argento
697 3203 964 3271 basilicis,
998 3203 1314 3260 omnimodo
1346 3211 1475 3259 sunt
1504 3203 1784 3260 excellen-

1865 681 1982 751 (Job
2011 696 2205 748 xxvm,
2264 682 2356 752 21)
2395 683 2589 756 posuit
2625 683 2885 741 tenebras
2936 686 3239 744 latibulum
3280 706 3449 747 suum

1865 779 2038 850 (Psat.
2072 795 2212 846 xvn,
2249 782 2353 847 12),
2382 789 2435 836 et
2463 781 2764 838 secundum
2793 783 3079 854 mysticum
3130 801 3349 857 sponsae
3397 789 3452 843 in

1866 867 2207 939 epithalamio
2236 869 2510 937 exodium,
2543 870 2794 942 Sponsus
2839 875 3196 931 assimilatas
3233 893 3453 950 caprea

1867 967 2205 1038 hinnuloque
2221 983 2506 1024 cervorum
2540 967 2728 1034 (Cant.
2761 987 2820 1036 ιι,
2855 970 2951 1042 9);
2981 969 3120 1044 fugit
3148 989 3316 1044 super
3329 975 3455 1030 alti-

1868 1054 2108 1109 tudinem
2139 1055 2384 1124 nubium,
2417 1057 2914 1130 respicentiumque
2944 1060 3220 1116 hominum
3234 1063 3457 1120 frustra-

1867 1157 1954 1204 tur
1988 1150 2258 1206 intuitum.
2293 1152 2444 1208 Sicut
2473 1152 3013 1225 incomprehensibili
3037 1158 3230 1212 aeterni
3251 1159 3455 1216 decreti

1868 1246 2249 1303 constitutione
2281 1250 2433 1305 hunc
2465 1251 2753 1318 humiliat,
2778 1255 2834 1307 et
2867 1253 3017 1309 hunc
3037 1255 3262 1311 «ναβαιιαί
3282 1258 3452 1321 (Psal.

1871 1359 2063 1411 Lxxw,
2098 1346 2152 1414 8)
2181 1361 2194 1410 ;
2228 1353 2280 1401 et
2309 1346 2394 1401 his
2415 1350 2812 1420 promptuaria
2826 1349 2916 1405 dat
2945 1352 3135 1423 plena,
3153 1369 3227 1409 ea:
3255 1353 3353 1410 hoc
3393 1357 3457 1411 in

1872 1431 2021 1488 illud
2069 1438 2395 1491 eructantia
2439 1436 2594 1506 (Psal
2646 1452 2837 1504 exuri,
2879 1439 2989 1510 13),
3020 1456 3143 1496 cum
3183 1440 3290 1496 illis
3336 1442 3459 1516 ipsa

1874 1530 2034 1587 etiam
2064 1532 2187 1588 vitae
2216 1534 2453 1606 deneget
2483 1535 2796 1592 necessaria
2829 1555 2840 1592 :
2874 1538 2952 1594 sic
2978 1556 3135 1610 aeque
3181 1540 3459 1598 inscruta-

1873 1619 1967 1674 bili
1995 1621 2351 1691 providentia:
2381 1639 2492 1679 sum
2521 1625 2769 1693 consilio,
2805 1634 3112 1684 sanctorum
3147 1645 3360 1704 quoque
3382 1632 3461 1687 di-

1877 1727 2102 1787 spensat
2130 1720 2363 1791 pignera
2394 1741 2406 1788 ;
2439 1730 2498 1777 ut
2526 1723 2644 1780 haec
2673 1723 2894 1796 quidem
2922 1723 2975 1780 in
3005 1727 3260 1783 omnibus
3290 1738 3464 1786 mate-

1877 1806 2091 1862 rialium
2121 1810 2558 1882 rerumeptimis
2590 1827 2713 1868 cum
2739 1829 2949 1869 summa
2965 1817 3332 1873 recondantur
3349 1818 3468 1891 glo-

1877 1894 1958 1949 ria
1989 1911 2002 1966 ;
2036 1896 2129 1952 illa
2157 1899 2432 1953 communi
2463 1899 2622 1955 etiam
2653 1901 2954 1974 sepultura,
2989 1912 3040 1960 et
3059 1906 3207 1960 omni
3227 1907 3468 1964 humano

1880 2006 2107 2053 careant
2135 1999 2401 2072 obsequio
2433 2008 2488 2057 et
2517 2018 2650 2058 cura
2683 2023 2696 2068 ;
2728 2017 2852 2059 cum
2884 2012 3066 2061 tamen
3121 2006 3175 2062 in
3224 2007 3465 2065 cmlestis

1877 2086 2034 2159 regni
2063 2087 2230 2153 curia,
2266 2089 2487 2160 spiritus
2518 2106 2709 2147 eorum
2737 2093 2824 2149 vel
2854 2094 2975 2164 pari
3002 2094 3090 2151 vel
3121 2095 3468 2155 eminentiori

1883 2183 2163 2256 dignitatis
2188 2194 2239 2241 et
2270 2186 2497 2243 internae
2520 2187 2896 2245 familiaritatis
2909 2191 3265 2262 praemineant
3281 2195 3473 2253 excel-

1882 2271 2223 2329 lentia.lnter
2248 2273 2713 2348 insepultos,quos
2735 2277 3052 2348 ﬂuvius,aut
3074 2280 3154 2336 sol
3172 2281 3472 2355 nimbique,

1888 2369 2116 2442 diesque
2145 2370 2386 2444 longior,
2419 2373 2690 2430 resolutos
2719 2382 2880 2431 terrm
2928 2377 3145 2434 miscuit
3180 2398 3193 2444 ;
3246 2397 3477 2452 quorum

1885 2473 2010 2516 caro
2024 2459 2078 2514 in
2099 2459 2299 2530 pisces,
2320 2461 2375 2516 in
2395 2460 2543 2518 feras
2564 2471 2616 2518 et
2639 2479 2770 2520 aves
2791 2465 2925 2520 abiit
2950 2485 2964 2532 ;
2982 2466 3149 2523 habet
3169 2467 3478 2526 familiaris-

1881 2547 2050 2605 simos
2068 2556 2217 2606 tanto
2245 2549 2301 2604 in
2331 2557 2445 2607 toto
2474 2552 2616 2608 ccelo
2639 2554 3057 2624 conspectiores
3078 2564 3127 2612 et
3161 2557 3478 2616 honoratio-

1887 2662 1997 2713 res,
2030 2655 2229 2719 quanto
2257 2646 2313 2702 in
2342 2652 2492 2704 terra
2521 2649 2698 2705 habiti
2721 2659 2845 2707 sunt
2864 2651 3255 2724 despectiores.
3275 2655 3486 2712 Damna

1887 2735 2178 2807 sepulturae
2207 2737 2570 2810 inexcogitabi
2598 2747 2652 2794 et
2678 2738 2937 2796 ineffabili
2969 2743 3221 2814 rependit
3266 2761 3483 2802 recom-

1890 2834 2209 2903 pensatione
2236 2834 2426 2907 gloriae
2458 2854 2473 2902 ;
2509 2843 2560 2892 et
2591 2837 2857 2910 quidquid
2877 2839 3098 2896 honoris
3117 2843 3491 2914 temporaliter

1889 2921 2070 2977 deficit
2127 2924 2278 2978 carni
2322 2933 2573 2991 mortem,
2647 2925 3059 2999 incomparabili
3134 2947 3363 2988 numero
3432 2941 3489 2989 et

1890 3019 2073 3085 modo,
2104 3020 2437 3076 aeternaliter
2464 3020 2682 3092 prolicit
2712 3031 2933 3093 sanctae,
2966 3039 3089 3080 cum
3122 3026 3322 3084 Sancto
3353 3045 3488 3083 san-

1885 3115 2096 3163 ctorum
2125 3107 2346 3172 viventi,
2380 3116 2431 3163 et
2461 3109 2754 3180 gloriosius
2790 3112 3046 3183 regnanti
3070 3113 3286 3170 animae.
3311 3119 3490 3190 Atque

1887 3195 2089 3252 idcirco
2117 3205 2478 3254 sacrosanctae
2522 3206 2836 3254 sanctorum
2871 3201 3057 3256 carnis
3107 3204 3337 3272 exuviae,
3380 3213 3486 3261 tam

184 3304 344 3361 tiora.
389 3307 528 3361 Nam
560 3305 727 3377 longe
780 3305 988 3362 vilioris
1043 3310 1127 3361 est
1185 3305 1479 3361 schematis
1535 3307 1682 3376 (150)
1727 3305 1783 3360 in
1815 3306 1864 3368 C
1892 3292 1977 3347 hac
2009 3309 2130 3364 (luag
2160 3300 2284 3348 sum
2312 3293 2430 3348 δίηθ
2460 3292 2685 3349 nomine
2748 3309 2816 3350 ⁸ο
2862 3294 3073 3352 honore
3121 3299 3493 3357 νθηετεῐῖοηίε

175 3402 364 3450 monte
393 3395 660 3466 Gargano
689 3393 974 3450 Michaelis
992 3393 1308 3466 archangeli
1335 3394 1572 3450 ecclesia
1596 3409 1610 3463 ;
1635 3402 1686 3448 et
1705 3393 1786 3448 in-

190 3491 274 3538 ter
311 3482 634 3555 ﬂuctivagas
671 3483 839 3536 maris
867 3482 1064 3550 undas,
1099 3482 1315 3555 egregii
1345 3483 1491 3553 (151)
1531 3481 1786 3538 Clemen-

179 3587 247 3642 tis
281 3605 440 3660 papae
490 3597 548 3644 et
588 3588 846 3659 martyris
893 3589 1170 3660 templum,
1204 3589 1448 3644 inaudito
1493 3605 1523 3643 a
1570 3588 1786 3646 saeculis

184 3677 481 3743 miraculo,
519 3676 774 3750 angelico
805 3676 1008 3733 factum
1034 3677 1316 3749 mysterio,
1376 3679 1523 3748 (152)
1570 3694 1642 3734 ex
1689 3695 1788 3733 su-

179 3795 380 3850 spensa
402 3779 550 3837 collo
572 3780 688 3849 ejus
700 3779 844 3835 mole
866 3795 1215 3852 saxea,quam
1241 3779 1548 3836 Salomonis
1568 3781 1784 3852 sapien-

183 3869 376 3924 tissimi
407 3869 694 3924 hominum
724 3876 1015 3925 exstructa
1044 3869 1165 3924 auri
1194 3875 1248 3926 et
1277 3869 1489 3941 argenti
1529 3872 1780 3938 materia,

179 3977 232 4026 et
287 3971 562 4042 lapidibus
604 3969 1042 4041 pretiosissimis,
1102 3978 1154 4026 et
1210 3971 1378 4043 lignis
1435 3971 1671 4028 cedrinis
1726 3977 1784 4028 et

179 4058 445 4131 thyminis
471 4059 665 4114 domus
695 4057 896 4130 typica.
914 4059 1020 4115 Sed
1049 4058 1177 4114 licet
1203 4057 1353 4114 illam
1382 4059 1781 4136 impleretum-

182 4146 402 4204 braticae
447 4147 590 4220 legis
637 4156 822 4218 typus,
882 4147 1084 4203 nebula
1131 4149 1203 4219 (II
1228 4150 1420 4204 Paral.
1463 4166 1516 4216 v,
1564 4152 1693 4221 t3);
1726 4150 1779 4205 in

181 4244 266 4300 his
293 4251 478 4302 tamen
518 4253 718 4317 quanto
747 4245 914 4318 legali
939 4246 1134 4302 umbra
1161 4245 1478 4317 praeclarior
1504 4254 1589 4302 est
1616 4262 1781 4303 evan-

185 4334 378 4405 gelicae
407 4335 549 4391 lucis
578 4334 785 4390 veritas
811 4341 864 4388 et
881 4334 1094 4406 gratia;
1127 4340 1279 4391 tanto
1301 4335 1781 4392 excellentioribus

183 4431 462 4490 miraculis
491 4431 754 4498 crebrior,
790 4438 844 4487 et
874 4431 1176 4488 evidentior
1205 4431 1548 4504 sempiternae
1577 4431 1778 4488 divini-

149 4580 159 4588 ,
186 4521 332 4588 tatis,
364 4531 418 4578 et
447 4519 712 4592 angelicae
733 4519 1058 4576 visitationis
1107 4519 1375 4577 exuberat
1414 4522 1780 4593 magnificen-

184 4622 279 4678 tia.
318 4623 500 4696 Igitur
539 4639 658 4695 qua:
705 4638 861 4678 mens
891 4629 1094 4679 tantam
1127 4623 1324 4680 divinae
1352 4623 1775 4695 dispensationis

184 4711 444 4784 abyssum
475 4719 739 4783 penetret,
765 4711 888 4784 quis
918 4720 1112 4783 penset
1157 4727 1318 4785 quam
1367 4712 1773 4768 ordinatissima

181 4802 494 4869 provisione
523 4799 704 4858 omnia
732 4801 1017 4872 dispenset
1045 4816 1113 4858 ac
1140 4801 1356 4858 ordinet
1382 4804 1410 4857 ‘I
1441 4803 1775 4860 Abscondita

219 4979 366 5052 (150)
386 4981 452 5037 In
470 4983 664 5038 monte
679 4981 933 5052 Gargano
949 4981 1232 5038 Michaelis
1248 4981 1667 5038 arch.ecclesia.
1697 4981 1775 5037 ln-

186 5051 353 5125 venta
370 5067 514 5107 anno
543 5051 741 5125 Christi
768 5055 892 5125 493.
923 5052 1193 5125 Sigebert.
1228 5059 1285 5108 et
1312 5053 1594 5125 Baronius.
1615 5053 1774 5125 Unde

187 5121 360 5245 mihine
389 5125 443 5178 in
474 5125 573 5178 Dei
600 5123 864 5190 Ecclesia,
899 5121 1115 5180 celeber
1169 5125 1287 5179 dies
1315 5124 1690 5195 Apparitionis
1742 5127 1773 5178 8

246 5209 340 5245 an.

246 5209 310 5246 an
327 5235 340 5247 .

259 5265 408 5335 (151)
442 5266 744 5340 Clementis
763 5282 924 5340 papae
937 5271 995 5322 et
1015 5269 1289 5340 martyris
1313 5265 1613 5339 templum.
1637 5264 1774 5321 Vide

193 5333 396 5390 Baron.
431 5353 572 5392 anno
603 5333 802 5392 Christi
834 5333 957 5394 ἰοὶ.

259 5406 408 5478 (152)
438 5407 522 5463 Ex
541 5424 814 5481 suspensa
848 5411 990 5465 collo
1021 5410 1143 5481 ejus
1183 5409 1329 5466 male
1372 5424 1586 5481 saxea.
1617 5407 1773 5481 Un_de

190 5473 511 5552 hoc_ndste_r_
532 5473 842 5552 Thiot‘ridus
871 5473 1130 5547 hauserit,
1162 5481 1410 5552 equidem
1441 5479 1654 5536 nescio.
1694 5479 1774 5535 De

195 5547 434 5604 anchora
461 5549 512 5602 id
546 5565 610 5604 ex
642 5551 792 5605 Actis
821 5557 1054 5606 constat.

257 5621 275 5686 (
289 5620 403 5693 t23)
437 5620 668 5693 Capilli:
697 5623 970 5693 historico
988 5627 1044 5678 et
1074 5623 1371 5693 allegorica
1397 5637 1570 5678 sensu
1600 5625 1776 5693 terga-

190 5702 332 5765 rnus.
359 5691 596 5746 Ultro’vis
613 5691 796 5756 modo,
819 5691 1018 5766 inquit,
1036 5691 1382 5766 accipiantur
1397 5691 1770 5766 rcapilli,sive,

190 5764 425 5837 inquam,
459 5779 623 5837 sensu
656 5765 898 5837 proprio,
940 5764 1312 5837 et_historico,
1365 5764 1488 5819 sive
1520 5764 1772 5837 mystico,

193 5834 255 5904 i_i_s
281 5839 488 5904 utamur
516 5834 587 5888 ad
615 5834 939 5902 tergendnm
963 5834 1066 5889 SS.
1110 5834 1340 5904 pignora
1387 5844 1440 5890 et
1489 5834 1771 5904 reliquias.

194 5898 499 5978 thuidem
531 5898 739 5974 capillis
768 5905 920 5974 ipsis,
954 5898 1198 5978 prepr'ief
1220 5905 1299 5961 sic
1331 5906 1509 5972 dictis,
1551 5898 1774 5978 tergere

192 5971 451 6046 videmur,
485 5971 611 6030 cuni
639 5971 830 6030 eorum
857 5971 1074 6047 gradus
1092 5975 1354 6033 ostiorum
1396 5976 1608 6043 exterit,
1642 5971 1774 6032 'non

426 6074 518 6136 PA
529 6089 708 6148 TROL,
740 6071 982 6137 CLVII.

1891 3380 2106 3447 debitae,
2141 3397 2306 3454 quam
2335 3381 2442 3437 illae
2465 3397 2696 3454 quarum
2727 3383 3010 3439 ornatibus
3041 3401 3233 3442 omnes
3281 3389 3490 3458 pretio-

1889 3475 2121 3532 sissimae
2150 3477 2343 3532 mundi
2374 3477 2619 3533 serviunt
2647 3477 2868 3546 divitiae,
2924 3495 3138 3536 summa
3186 3484 3494 3541 reverentia

1888 3574 2012 3621 sunt
2042 3566 2375 3621 honorandae
2404 3581 2469 3622 ac
2496 3566 2876 3639 glorificantia:
2906 3587 2924 3636 ;
2967 3578 3020 3624 et
3047 3578 3105 3625 ut
3142 3587 3273 3627 vasa
3300 3573 3493 3629 Domi-

1889 3663 2032 3732 nica,
2065 3664 2120 3718 in
2159 3663 2361 3736 quibus
2404 3665 2692 3721 recondita
2741 3675 2865 3722 sunt
2911 3669 3242 3740 septiformis
3297 3673 3494 3745 gratiae

1889 3753 2054 3820 dona,
2086 3753 2480 3824 amplectendae
2509 3769 2575 3810 ac
2602 3754 2952 3824 admirandae,
2995 3766 3049 3814 et
3077 3760 3250 3816 oculis
3288 3770 3342 3817 et
3370 3778 3487 3831 ore,

1889 3849 1938 3905 si
1964 3849 2146 3916 liceat,
2175 3849 2520 3923 contigenda:
2544 3866 2608 3906 ac
2644 3851 2978 3910 osculandae.
3029 3855 3204 3927 Igitur
3241 3865 3301 3912 ut
3341 3875 3495 3917 oscu-

1893 3949 2086 4004 lentur
2111 3963 2213 4004 nos
2238 3949 2424 4005 osculo
2451 3949 2564 4005 oris
2584 3949 2674 4005 sui
2693 3949 2888 4021 (Cant.
2916 3967 2955 4014 ι.
2981 3954 3054 4022 1),
3079 3953 3268 4010 osculo
3292 3955 3490 4014 interni

1889 4045 2091 4100 amoris
2122 4043 2225 4111 sui,
2249 4060 2441 4100 omnes
2469 4061 2534 4101 ex
2562 4045 2787 4116 pulvere
2806 4047 3031 4113 conditi,
3063 4049 3159 4105 sed
3174 4049 3312 4106 ultra
3332 4067 3490 4110 com-

1887 4149 2109 4190 munem
2146 4133 2390 4204 pulveris
2436 4134 2799 4191 conditionem
2858 4137 3161 4194 sanctitatis
3217 4139 3386 4211 gloria
3435 4149 3490 4199 et

1887 4233 2095 4288 honore
2125 4228 2397 4286 sublimati
2427 4229 2585 4288 electi
2613 4231 2714 4288 Dei
2741 4251 2755 4295 ;
2788 4249 2978 4290 eorum
3009 4247 3363 4294 sacrosancta
3393 4240 3484 4311 pi-

1885 4336 2060 4394 gnora
2078 4327 2132 4375 et
2159 4320 2393 4375 nomina
2403 4321 2619 4392 scripta
2639 4321 2703 4376 in
2727 4322 2867 4378 libro
2895 4324 3030 4380 vita
3051 4330 3106 4381 et
3123 4327 3268 4398 Agni
3289 4329 3480 4401 (Apoc.

1887 4432 2004 4482 xm,
2039 4415 2111 4485 8),
2146 4429 2252 4470 non
2282 4423 2720 4486 praesumptuosa
2747 4419 3070 4488 temeritate,
3106 4421 3203 4477 sed
3232 4431 3292 4478 ut
3310 4425 3484 4483 Maria

1884 4505 2015 4562 olim
2044 4503 2211 4576 impia
2239 4506 2534 4576 peccatrix
2553 4520 2700 4562 nunc
2726 4515 3073 4578 peccatorum
3102 4509 3187 4580 pia
3217 4509 3484 4572 interven-

1882 4603 1987 4660 trix
2014 4608 2173 4660 stans
2199 4608 2350 4660 retro
2366 4605 2572 4660 osculis
2586 4604 2739 4672 fovit,
2761 4607 3026 4679 lacrymis
3050 4608 3208 4679 lavit,
3226 4614 3483 4670 crinibus

1886 4705 2046 4760 tersit
2076 4700 2241 4774 pedes
2270 4703 2500 4758 Domini
2515 4703 2676 4773 (Luc.
2714 4718 2812 4771 vn,
2846 4706 2935 4771 3'7,
2967 4707 3058 4777 38)
3093 4707 3219 4764 :Sic
3247 4709 3482 4768 deoscu-

1881 4809 2072 4870 lemur,
2106 4807 2160 4857 et
2180 4800 2390 4872 profluo
2420 4800 2640 4857 ﬂetuum
2671 4799 2851 4859 fontes
2883 4802 3127 4876 rigemus
3160 4823 3174 4870 ;
3221 4813 3275 4864 et
3325 4809 3477 4882 (153)

1883 4998 1981 5055 pes
1999 4990 2210 5056 noster,
2235 4983 2380 5056 quod
2398 4991 2584 5040 monet
2603 4983 2857 5056 Sapiens,
2876 4986 3125 5042 sensatis
3146 5002 3269 5044 esse
3303 4989 3476 5048 hono-

1883 4999 1981 5055 pes
1999 4999 2210 5047 nosrer,
2229 4999 2380 5108 guoa
2398 4999 2584 5040 monet
2603 4999 2857 5056 sapiens,
2876 4999 3125 5042 senseris
3146 5002 3269 5044 esse
3303 4999 3468 5048 hono‘

1882 5056 1959 5109 ris
1989 5055 2224 5132 exhibeo
2269 5069 2363 5132 uin
2381 5056 2804 5132 (Ecct._vr,_36),
2838 5057 2936 5112 sed
2975 5063 3147 5132 caput
3194 5068 3468 5132 nostrum,

1883 5125 2151 5199 profunda
2178 5125 2480 5199 humilitate
2510 5127 2578 5180 ad
2609 5125 2783 5199 solum
2805 5144 2978 5199 usque
3003 5125 3336 5186 inclinatum.
3363 5125 3474 5189 Ne;-

1885 5195 1990 5268 que
2020 5195 2245 5273 nimium
2277 5211 2308 5249 a
2339 5196 2500 5273 nobis
2515 5198 2821 5273 postulatur
2848 5195 2968 5273 cum
2996 5199 3047 5254 id
3073 5201 3467 5273 praescribitur,

1883 5267 2007 5323 eum
2029 5267 2187 5321 etiam
2208 5281 2364 5338 reges
2387 5271 2445 5322 et
2473 5269 2688 5338 regina:
2717 5270 2877 5324 vultu
2908 5272 2968 5325 in
2990 5267 3201 5328 terram
3231 5267 3473 5330 demisso

1882 5339 2120 5414 adorent
2151 5338 2455 5414 Ecclesiam
2487 5347 2539 5392 et
2548 5340 2836 5410 pulverem
2850 5343 3206 5414 pedumejus
3239 5345 3467 5414 lingunt

1882 5410 1990 5481 (Isa
2005 5449 2018 5462 .
2034 5479 2042 5481 _
2060 5422 2208 5473 xux,
2243 5408 2335 5469 23)
2351 5449 2364 5462 .
2386 5407 2526 5481 _Jam
2548 5407 2735 5464 autem
2766 5407 2887 5481 qua:
2908 5407 3180 5469 nobiliora
3207 5407 3476 5472 Ecclesia:

1881 5479 2145 5543 membra,
2165 5493 2340 5554 quam
2369 5479 2696 5554 dequorum
2728 5479 2985 5554 pretiosis
3013 5483 3326 5554 pulveribus
3386 5488 3480 5545 hic

1882 5558 2068 5625 noster
2090 5549 2256 5625 agit_‘_?_
2271 5548 2464 5625 Capilli
2477 5548 2644 5625 porro
2665 5548 2828 5625 sensu
2857 5548 3180 5625 allegorico,
3201 5557 3248 5610 si
3280 5566 3471 5616 sancto

1885 5618 2343 5701 Gregorid'ﬂibro
2367 5619 2564 5701 quinto
2594 5620 2896 5701 Moralium,
2927 5618 3176 5701 capitulo
3204 5627 3474 5685 vicesimo

1889 5689 2077 5761 tertio)
2107 5689 2337 5760 aliisque
2367 5690 2612 5744 Patribus
2641 5691 2936 5757 credimus,
2971 5689 3094 5748 sunt
3138 5697 3282 5752 bona
3329 5707 3476 5755 tem-

1884 5762 2110 5837 poralia,
2143 5768 2201 5814 ut
2229 5775 2446 5826 aurum,
2480 5769 2789 5837 argentum,
2823 5779 3076 5833 gemmae,
3095 5783 3218 5837 qua:
3247 5769 3482 5824 Thiofri-

1885 5831 1988 5890 dus
2019 5834 2074 5886 in
2104 5837 2418 5902 sanctarum
2448 5831 2807 5902 reliquiarum
2831 5831 3220 5893 ornamentum
3243 5847 3296 5896 et
3309 5840 3481 5897 hono—

1886 5921 2003 5962 rem
2035 5901 2362 5960 conferenda
2393 5901 2579 5958 docet.

3172 6077 3252 6140 12
