3882 6392
157 386 270 445 365

1054 382 1323 445 FLORES
1359 380 1701 443 ΕΡΙΤΑΡΗΙΙ
1741 379 2134 441 SANCTORM.
2172 414 2246 431 -—
2278 386 2408 443 LIB.
2448 388 2549 449 ΙΙΙ.

3359 394 3462 451 366

155 509 292 565 dum
347 508 483 565 sicut
535 523 729 578 corpus
783 524 937 562 suum
983 507 1317 565 confractum
1372 508 1429 562 in
1492 504 1753 578 passionis
1786 503 1841 563 A
1871 521 1986 562 non
2008 508 2272 564 habentes
2305 516 2481 567 tamen
2511 509 2763 580 perfectae
2790 511 3015 569 actionis
3042 528 3153 568 suae
3181 516 3459 583 velamen,

155 597 367 663 dolore,
397 595 718 668 gloriﬁcavit
762 612 861 665 per
913 596 1317 651 resurrectionis
1392 596 1643 667 gloriam,
1701 593 1756 646 in

156 686 323 741 totius
370 686 587 740 humani
641 686 855 756 generis
912 693 1107 740 terrore
1142 700 1156 754 ;
1189 685 1265 739 sic
1320 684 1611 739 electorum
1656 681 1756 737 Dei

155 781 390 841 somata,
423 775 696 829 confracta
736 774 792 827 in
847 773 1022 828 carnis
1076 781 1130 828 et
1175 773 1372 829 animae
1418 770 1645 843 dijugio,
1705 777 1757 823 et

156 862 507 929 resolutione,
540 861 743 927 terrori,
778 868 830 916 et
865 860 1205 915 admirationi
1237 860 1383 915 dedit
1410 875 1526 914 esse
1573 858 1755 913 omni-

159 950 263 1004 bus
294 950 349 1004 in
390 951 770 1005 miraculorum
819 949 1080 1015 efﬁcacia,
1139 956 1191 1003 et
1222 947 1628 1019 gloriﬁcatione.
1692 947 1757 999 Et

160 1040 313 1095 doxa
336 1040 397 1094 in
424 1039 721 1094 altissimis
757 1040 882 1105 Deo,
902 1039 1193 1092 secundum
1224 1037 1325 1091 Job
1383 1036 1602 1105 dictum,
1665 1033 1755 1104 qui

160 1128 217 1183 in
240 1127 459 1183 Domini
488 1127 606 1193 Dei,
664 1126 857 1181 nostris
885 1125 1159 1181 doloribus
1197 1124 1549 1192 condolentis,
1606 1138 1754 1192 prat-

162 1216 320 1271 cessit
334 1224 732 1287 typum,omnes
746 1217 847 1286 qui
861 1214 1127 1285 imbribus
1139 1214 1422 1270 montium
1434 1213 1755 1284 irrigantur

162 1306 257 1376 qui
285 1313 592 1360 sanctorum
640 1305 853 1360 Palmm
892 1302 1151 1358 doctrinae
1206 1302 1417 1357 ﬂuentis
1474 1300 1750 1368 satiantur,

1867 595 2081 667 lapides
2113 598 2544 668 amplexantur,
2564 614 2685 654 cum
2699 598 2766 653 de
2793 601 2841 652 N
2848 599 2952 653 ulla
2972 599 3055 655 sui
3073 600 3252 671 Operis
3264 602 3453 659 virtute

1864 681 2211 751 conﬁdentes,
2243 685 2311 739 ad
2365 693 2670 742 sanctorum
2716 687 3162 743 interventionem
3218 698 3462 761 currunt,

1865 779 2024 842 atque
2056 773 2124 828 ad
2154 789 2303 828 sacra
2331 789 2516 828 eorum
2562 790 2807 845 corpora,
2865 774 3078 831 ﬂetibus
3131 774 3463 846 insistentes,

1864 861 2190 931 pavimenta,
2224 862 2487 932 capsulas,
2543 869 2594 916 et
2622 863 2914 930 mausolea,
2960 880 3172 919 summa
3201 882 3322 919 cum
3351 867 3451 921 de-

1865 950 2079 1008 votione
2110 957 2161 1004 et
2188 949 2363 1004 cordis
2417 949 2735 1005 contritione
2787 950 3164 1005 deosculantur
3193 966 3206 1020 ;
3239 960 3292 1006 et
3317 969 3452 1022 pro-

1864 1038 2058 1093 mereri
2115 1055 2173 1092 se
2228 1038 2462 1104 veniam,
2523 1037 2627 1109 piis
2682 1036 2893 1092 illorum
2951 1039 3448 1113 intercessionibus,

1864 1126 2114 1181 obnixius
2141 1134 2192 1180 et
2211 1125 2479 1197 profusius
2521 1126 2893 1196 deprecantur,
2926 1145 3025 1182 nec
3063 1128 3454 1198 deprecationis

1863 1223 1916 1271 et
1942 1214 2251 1270 intentionis
2279 1229 2405 1283 suae,
2437 1230 2533 1285 spe
2562 1230 2623 1269 ac
2653 1213 2843 1270 effectu
2866 1214 3200 1272 frustrantur.

1417 1425 1673 1497 Eaplicit
1710 1424 1852 1482 liber
1886 1420 2186 1483 secundus.

159 1578 3443 1607 —-————-—————-——-—————-——-————-——-——-—-—-———-——————~.-

1188 1702 1545 1759 INCIPIUNT
1584 1699 1916 1756 CAPITULA
1954 1698 2181 1755 TERTII
2219 1698 2420 1754 LIBRI.

231 1834 275 1889 Ι.
317 1833 392 1889 De
420 1835 748 1889 sanctorum
769 1830 1065 1887 nominum
1096 1830 1284 1901 gratia
1310 1831 1366 1884 et
1390 1827 1668 1899 potentia.

231 1924 301 1976 Ιῐ.
343 1923 418 1977 De
449 1921 679 1977 umbris.

173 2019 179 2023 '
232 2012 328 2065 III.
370 2013 446 2066 De
476 2009 646 2081 virgis
673 2011 729 2064 et
757 2007 992 2064 baculis.

233 2100 327 2153 IV.
369 2099 445 2153 De
468 2099 853 2169 cujuscunque
894 2097 1144 2151 texturae
1159 2107 1226 2149 ac
1267 2092 1490 2164 generis
1516 2090 1782 2148 vestibus.

238 2187 301 2241 V.
346 2188 424 2242 De
457 2185 763 2259 liquoribus
793 2199 972 2256 aquae,
999 2187 1056 2238 et
1083 2183 1222 2248 vini,
1254 2186 1310 2238 et
1337 2181 1466 2247 olei,
1490 2185 1546 2236 et
1565 2181 1757 2236 tumba
1785 2177 2031 2236 Nicolal.

238 2277 331 2329 Vl.
371 2277 449 2330 De
483 2276 817 2346 Symmystae
837 2273 1073 2328 Joannis
1094 2270 1422 2344 polyandro.

237 2364 355 2419 VII.
396 2364 476 2419 De
496 2362 740 2418 vasculis
766 2364 825 2418 et
840 2360 1082 2417 lectulis.

1301 2429 1642 2502 Ezpliciunt
1670 2427 1931 2505 capitula
1963 2426 2092 2483 libri
2124 2425 2303 2483 tertii.

172 2597 3441 2627 —————————————————————-—I—ﬂ-——_—*—.-

907 2725 1430 2841 INCIPIT
1548 2724 1973 2837 LIBER
2086 2725 2715 2837 TERTIUS.

586 3046 977 3104 CAPITULUM
1032 3044 1300 3100 PRIMUM
1313 3084 1326 3099 .

266 3158 344 3213 De
372 3158 710 3212 sanctorum
739 3153 1037 3210 nominum
1063 3151 1251 3224 gratia
1281 3152 1339 3207 et
1368 3149 1643 3223 potentia.

237 3277 341 3335 Sed
371 3277 488 3332 haec
518 3291 594 3331 ex
625 3278 788 3347 parte
817 3274 970 3329 dicta
982 3274 1206 3328 viarum
1231 3270 1453 3327 Domini
1472 3270 1755 3339 (lobxxvr,

155 3366 275 3437 14),
325 3366 393 3420 de
447 3362 851 3436 gloriosissimis
897 3368 1205 3416 sanctorum
1258 3358 1574 3426 somatibus,
1628 3358 1756 3429 glo-

147 3455 353 3511 riosius
406 3461 462 3509 et
516 3450 788 3507 miraculis
831 3451 995 3521 longe
1048 3446 1506 3518 prmstautioribus
1552 3461 1756 3516 appro-

146 3543 274 3601 bari
305 3548 527 3614 possunt
553 3540 609 3595 in
647 3538 898 3595 omnibus
925 3554 1110 3593 eorum
1158 3535 1487 3607 appendicus
1528 3534 1756 3588 exterio-

144 3628 304 3683 ribus
337 3646 348 3681 :
380 3626 619 3696 primum
666 3622 920 3677 videlicet
977 3622 1034 3675 in
1061 3618 1413 3675 sacrosanctis
1465 3620 1615 3687 (162)
1664 3618 1754 3671 in-

146 3711 428 3768 transitive
459 3707 747 3764 transitivis
786 3705 1095 3760 nominibus
1123 3719 1137 3773 ;
1169 3704 1223 3759 in
1251 3700 1501 3758 salviﬁcis
1553 3717 1753 3772 corpo-

141 3817 271 3856 rum
301 3798 526 3865 umbris,
583 3797 638 3850 in
685 3795 870 3866 virgis,
922 3794 977 3848 in
1016 3792 1240 3859 baculis,
1279 3791 1334 3845 in
1389 3791 1632 3857 cilicinis,
1664 3790 1752 3846 vel

143 3886 521 3957 cujuscunque
554 3887 779 3935 textura:
832 3877 1088 3947 vestibus,
1120 3877 1175 3930 in
1220 3877 1362 3931 vasis
1414 3875 1746 3944 utensilibus,

144 3974 206 4029 in
265 3970 492 4029 diversis
544 3985 718 4038 aquae,
780 3966 912 4033 vini,
972 3974 1026 4022 et
1075 3965 1179 4020 olei
1209 3963 1526 4034 liquoribus,
1559 3979 1747 4019 eorum

143 4060 413 4118 contactis
440 4066 494 4112 et
531 4054 853 4112 consecratis
880 4054 1131 4109 manibus
1159 4060 1469 4123 ;postremo
1511 4051 1568 4106 in
1622 4067 1746 4107 om-

142 4159 311 4213 nibus
340 4155 409 4211 ad
438 4152 701 4223 supplicia
730 4151 963 4220 illorum,
995 4166 1103 4206 non
1129 4157 1237 4205 tam
1268 4150 1522 4217 humana,
1582 4165 1744 4219 quam

142 4253 490 4311 dmmoniaca
536 4248 860 4305 crudelitate
917 4247 1254 4319 excogitatis,
1285 4254 1339 4301 et
1360 4246 1591 4301 inventis
1642 4254 1745 4302 tor-

142 4357 458 4407 mentorum
511 4345 820 4418 generibus,
871 4344 1092 4412 catenis,
1123 4343 1313 4413 cippis,
1368 4341 1616 4409 fustibus,
1646 4358 1743 4397 ca-

140 4439 318 4507 tastis,
352 4444 406 4491 et
463 4434 729 4501 crucibus,
788 4440 842 4488 et
893 4431 1133 4502 lapidum
1165 4431 1377 4498 ictibus,
1436 4430 1629 4500 quibus
1679 4432 1744 4486 in

133 4531 378 4601 fornace
410 4524 600 4591 ferrea,
634 4526 911 4595 tanquam
930 4519 1366 4591 aurumprobati
1396 4518 1546 4590 (Sap.
1570 4521 1743 4590 111,6),

135 4624 431 4689 postquam
461 4613 527 4670 de
552 4626 779 4675 corpore
804 4610 1015 4665 mortis
1041 4609 1208 4679 hujus
1255 4607 1412 4663 soluti
1442 4609 1618 4676 (Rom.
1642 4623 1739 4674 vn,

134 4717 253 4786 24),
288 4712 521 4769 nexibus
564 4709 720 4765 liberi
777 4708 1125 4764 evolaverunt
1156 4721 1169 4774 ;
1202 4705 1353 4776 quasi
1381 4705 1450 4761 de
1501 4706 1741 4761 Tartarei

132 4809 373 4867 carceris
403 4806 746 4874 cruciatibus,
803 4794 1037 4861 uranicaé
1075 4803 1235 4859 curia:
1280 4800 1742 4859 inaestimabilibus

133 4899 329 4955 inserti
356 4904 412 4952 et
437 4896 623 4951 intexti
682 4901 807 4949 sunt
832 4893 1124 4949 ornatibus.
1149 4891 1384 4947 Nomina
1410 4891 1609 4962 quippe
1638 4907 1740 4947 eo-

128 5004 253 5042 rum
284 4986 476 5045 vivunt
503 4986 560 5039 in
588 4983 807 5052 saecula,
840 4989 894 5036 et
929 4997 1027 5053 per
1064 4980 1295 5036 Verbum
1322 4980 1383 5035 in
1430 4980 1735 5052 principio,

131 5084 312 5140 Deum
333 5080 483 5156 apud
498 5082 677 5138 Deum
692 5080 930 5150 (Joan.i,
964 5079 1038 5148 1),
1072 5078 1161 5149 qui
1195 5077 1322 5132 tuba
1347 5077 1555 5132 intonat
1582 5093 1740 5133 evan-

127 5184 311 5257 gelica
326 5202 338 5237 :
358 5183 568 5239 Caelum
581 5183 636 5235 et
651 5182 803 5235 terra
818 5177 1170 5242 transibunt,
1216 5176 1380 5232 verba
1390 5179 1590 5232 autem
1608 5192 1738 5234 mea

128 5296 248 5337 non
281 5277 570 5335 transient
600 5276 756 5347 (Luc.
778 5288 896 5341 xxx,
931 5275 1019 5345 33)
1055 5291 1067 5329 ε
1100 5288 1200 5343 per
1226 5272 1483 5342 Verbum,
1516 5273 1733 5343 inquam

130 5376 323 5433 aeterni
379 5374 550 5430 Patris
604 5372 946 5443 sapientiam,
1001 5371 1154 5442 cujus
1224 5386 1423 5440 sermo,
1481 5370 1573 5441 qui
1628 5387 1736 5426 non

135 5462 462 5521 transeundo
510 5461 715 5529 transit,
768 5460 886 5516 sine
927 5458 1287 5515 mutabilitate
1359 5467 1738 5530 permanentes

134 5562 394 5635 exprimit
418 5557 727 5626 sententias,
767 5556 891 5612 licet
941 5562 1127 5626 suapte
1155 5564 1345 5611 natura
1389 5556 1496 5611 sint
1548 5555 1736 5611 ιηῃεὶ-

1773 4395 1822 4459 C

1786 3042 1840 3102 B
1870 3039 2426 3112 tiva,participationc
2474 3047 2653 3098 tamen
2702 3051 2754 3098 et
2783 3046 3164 3104 communione
3210 3048 3461 3105 immuta-

1867 3137 1990 3192 bilis
2019 3145 2071 3192 et
2097 3137 2448 3192 intransitivae
2494 3146 2715 3209 naturae,
2740 3139 2795 3193 in
2824 3140 2940 3212 ipsa
2977 3141 3203 3197 naturali
3265 3143 3459 3198 transi-

1871 3233 2011 3290 tione
2042 3250 2156 3303 sua,
2189 3240 2310 3288 sunt
2349 3233 2704 3301 intransitiva,
2762 3244 2949 3292 etnon
3004 3237 3273 3293 manendo
3326 3254 3458 3307 per-

1866 3331 2156 3386 manentia.
2184 3331 2305 3385 Non
2351 3330 2495 3385 enim
2542 3340 2763 3386 manent
2814 3347 2913 3405 per
2968 3334 3257 3390 articulate;
3308 3335 3458 3391 vocis

1864 3426 2271 3483 irrevocabilem
2304 3424 2488 3498 fugam
2522 3440 2535 3495 ;
2568 3426 2662 3481 sed
2690 3444 2788 3497 per
2807 3428 3160 3496 immutabile,
3192 3446 3256 3485 ac
3293 3436 3455 3486 aeter-

1862 3523 2054 3578 naliter
2078 3537 2399 3591 permanens
2426 3538 2632 3578 nomen
2644 3524 3036 3594 Dominiquod
3057 3525 3124 3581 de
3152 3527 3453 3600 longinquo

1863 3614 2018 3668 venit
2049 3611 2175 3681 (Isa.
2210 3627 2340 3675 xxx,
2356 3612 2532 3680 27),et
2559 3627 2742 3667 servos
2772 3629 2899 3669 suos
2914 3613 3145 3669 nomine
3160 3616 3272 3671 alio
3286 3631 3452 3672 voca-

1860 3700 1942 3754 vit
1964 3699 2094 3767 (Isa.
2131 3715 2261 3761 va,
2298 3698 2385 3768 15)
2414 3698 2482 3752 ad
2509 3707 2678 3754 ratam
2710 3700 2949 3756 omnium
2998 3702 3327 3757 credentium
3356 3721 3449 3760 sa-

1859 3787 2023 3842 lutem
2057 3829 2071 3854 ,
2105 3803 2167 3842 ac
2190 3787 2499 3855 sospitatem
2532 3802 2546 3856 ;
2578 3796 2911 3858 permanent,
2954 3805 3016 3845 ac
3041 3790 3227 3862 vigent
3253 3792 3307 3846 in
3336 3793 3447 3847 im-

1857 3882 2227 3940 mutabilitatis
2255 3900 2496 3939 censura.
2528 3884 2852 3939 Immutabili
2899 3886 3239 3957 sempiternae
3265 3891 3447 3957 provi-

1855 3981 2052 4038 dentiae
2074 3982 2308 4050 decreto,
2342 3981 2470 4036 dum
2521 3998 2619 4053 per
2667 3998 2763 4037 ora
2816 3982 2871 4037 in
2916 3981 3022 4037 ﬁde
3078 3984 3442 4043 invocantium

1855 4077 2144 4138 transeunt,
2221 4070 2276 4123 in
2328 4068 2575 4124 effectum
2656 4071 2913 4140 sanitatis,
2973 4078 3028 4127 et
3088 4072 3438 4143 liberationis,

1852 4157 2057 4229 absque
2110 4157 2194 4212 sui
2249 4158 2606 4213 mutabilitate
2668 4167 2721 4214 et
2768 4160 3076 4215 transitione
3132 4160 3436 4233 proﬁciunt,

1851 4254 1904 4301 et
1935 4245 2254 4302 transeundo
2294 4261 2401 4301 non
2453 4253 2742 4302 transeunt.
2801 4247 2903 4303 Per
2957 4247 3319 4305 immutabilcs
3375 4268 3439 4307 ac

1849 4341 2224 4407 permanentes
2277 4334 2621 4390 multiformis
2672 4335 2862 4407 gratia:
2898 4335 2999 4391 Dei
3052 4336 3285 4409 divitias,
3343 4358 3442 4411 per

1855 4430 2017 4478 cortu-3
2064 4422 2369 4490 curationis,
2424 4430 2477 4477 et
2547 4423 2859 4479 salvationis
2935 4422 3253 4495 efﬁcaciam,
3328 4445 3441 4486 non

1855 4518 2143 4579 transeunt,
2203 4512 2314 4566 imo
2368 4519 2728 4583 permanent;
2759 4520 2814 4567 et
2861 4512 3024 4586 longe
3070 4513 3337 4572 diversam
3384 4519 3441 4574 in

1851 4625 1985 4666 voce
2038 4609 2426 4676 mutabilitatis,
2482 4609 2539 4665 in
2594 4610 2907 4681 Operatione
2969 4611 3435 4687 immutabilitatis,

1852 4714 2096 4762 naturam
2124 4707 2398 4762 exhibent.
2444 4706 2552 4763 Ore
2606 4708 2824 4763 Domini
2865 4709 3142 4765 nominata
3196 4712 3438 4783 noxniua,

1850 4821 2017 4877 nova,
2048 4804 2177 4876 ﬁxa,
2206 4813 2259 4861 et
2285 4806 2399 4860 sine
2432 4805 2672 4860 transittu
2701 4805 2843 4875 apud
2890 4802 3083 4877 Deum,
3114 4808 3205 4878 qui
3224 4825 3440 4881 sponsa:

1849 4903 2223 4959 suaeEcc-lesiaz
2253 4902 2500 4973 promisit
2530 4903 2639 4959 :Et
2664 4903 2952 4959 vocabitur
2988 4904 3091 4960 tibi
3103 4921 3310 4964 nomen
3337 4925 3440 4967 no-

1848 5014 1998 5067 vum,
2022 4999 2165 5072 quod
2193 5013 2252 5054 os
2268 5000 2495 5055 Domini
2522 5000 2841 5056 nominavit
2885 5000 2997 5065 (lsa
3018 5016 3150 5069 an,
3180 5006 3273 5074 2);
3304 5002 3435 5077 ﬁxa,

1843 5104 2087 5161 inquam,
2119 5095 2173 5142 et
2198 5088 2312 5142 sine
2368 5088 2664 5143 mutatione
2714 5087 2997 5157 durabilia,
3049 5090 3117 5144 ad
3172 5095 3440 5151 aeternita.

1846 5193 1973 5252 tem,
2006 5191 2147 5253 sunt,
2178 5192 2232 5241 et
2262 5192 2507 5240 tenentur
2537 5200 2551 5253 ;
2584 5186 2711 5255 quia
2762 5186 2875 5241 sine
2904 5182 3259 5246 mutabilitate
3312 5209 3438 5249 ma-

1842 5281 2048 5343 nentes,
2080 5274 2322 5329 omnium
2378 5274 2687 5339 sanitatum,
2719 5282 2775 5330 et
2809 5276 3103 5347 gratiarum
3139 5282 3436 5353 sententiae,

1842 5378 1941 5433 per
1967 5363 2084 5435 ipsa
2113 5361 2470 5419 decernuntur
2511 5379 2575 5419 ac
2594 5363 2918 5420 obtinentur.
2958 5363 3100 5435 Quid
3152 5368 3296 5423 enim
3325 5386 3445 5441 per-

1843 5475 2005 5533 agere
2032 5475 2141 5515 non
2193 5459 2545 5530 pmvaleant,
2603 5476 2727 5516 cum
2764 5460 2916 5533 Rege
2970 5478 3161 5536 regum
3206 5481 3441 5540 reg-nan-

1844 5555 1975 5611 tium
2006 5554 2244 5626 nomina,
2274 5572 2398 5612 cum
2427 5556 2603 5612 adhuc
2639 5557 3099 5629 peregrinantium
3122 5576 3156 5616 a
3174 5562 3290 5620 Deo
3320 5583 3440 5625 vere

210 5740 360 5818 (192)
373 5735 746 5816 Intransitive
760 5735 1077 5815 transitivis
1088 5732 1733 5818 nominibus.Transeunt
1758 5757 1812 5817 D
1845 5731 1908 5818 in
1929 5731 2316 5818 benedictione
2335 5735 2497 5818 est,et
2509 5739 2710 5818 manet.
2722 5732 2861 5789 Nam
2877 5751 3287 5818 nomen-eorum
3301 5745 3442 5802 υίυξι

140 5806 395 5865 videlicet
414 5807 638 5863 nomina
690 5822 813 5859 cum
842 5806 958 5876 ipso
999 5820 1304 5876 sono,icum
1361 5821 1525 5861 sonus
1549 5807 1731 5874 utique

143 5879 269 5935 sint.
300 5882 417 5938 Nec
447 5884 629 5934 tamen
656 5875 928 5932 transeunt
972 5890 1078 5946 quo
1107 5875 1177 5931 ad
1203 5878 1555 5945 memoriam,
1610 5892 1732 5949 quae

1842 5805 1905 5889 in
1927 5805 2351 5889 generationem
2377 5806 2877 5889 et'generalionem
2920 5808 3112 5889 (liccli.
3144 5827 3290 5889 xciv,
3327 5818 3436 5889 14).

1842 5875 2065 5934 Manens
2086 5882 2139 5931 et
2163 5875 2219 5931 in
2246 5875 2355 5930 suis
2383 5875 2605 5950 eﬂ'ectis,
2631 5875 2774 5947 quod
2800 5875 2938 5934 mox
2959 5879 3075 5951 ipse
3105 5875 3363 5952 explicat.
