3882 6444
509 427 611 483 367

1436 437 1444 446 '
1499 414 1860 478 THIOFRIDI
1895 417 2180 478 ABBATIS
2216 417 2809 478 EFTERNACENSIS.
3703 429 3795 482 36h

507 551 594 607 bis
620 547 974 620 simplicibus,
1031 545 1264 604 caelestis
1289 544 1442 619 regni
1497 543 1775 602 claudatur
1827 551 1882 602 et
1932 544 2105 602 reclu-
2129 545 2186 606 Α
2217 560 2366 613 num,
2391 544 2585 602 adsunt
2619 545 3125 616 pretiosissimorum
3179 545 3372 603 merita
3424 555 3477 603 et
3521 549 3796 620 presenti.

509 641 666 698 datur
687 639 858 710 janua
913 639 1093 712 (Joan.
1152 653 1246 704 xx,
1277 636 1392 705 22),
1449 633 1647 707 ligetur
1699 634 1996 705 peccatrix,
2053 641 2109 690 et

511 729 820 786 absolvatur
846 728 1020 785 venia:
1049 725 1281 798 optatrix
1337 722 1519 780 anima
1547 723 1696 794 (163)
1725 723 1755 777 ‘2
1786 723 1888 780 Per
1939 721 2109 779 verba

511 820 725 876 illorum
752 817 1074 884 absentium,
1096 829 1206 870 non
1234 828 1366 870 voce
1414 811 1641 884 prolata,
1669 811 1765 867 sed
1787 812 1844 866 in
1871 811 2107 868 soedulis

509 918 736 990 digesta,
795 924 855 971 ut
905 913 1142 970 veridica
1187 918 1446 968 testantur
1495 910 1714 981 scripta,
1771 910 2104 966 diversarum

509 1005 888 1079 aegritudinum
917 1009 1170 1058 curantur
1223 998 1569 1055 incommoda
1597 1013 1612 1069 ;
1645 1007 1698 1056 et
1723 999 1876 1070 quasi
1905 1000 2106 1055 litteras

509 1095 812 1168 intelligant
865 1093 1152 1160 elementa,
1208 1089 1386 1161 prima
1414 1104 1591 1143 rerum
1645 1088 1852 1143 semina
1884 1102 1898 1158 ;
1930 1087 2008 1144 sic
2035 1087 2103 1142 ad

507 1209 688 1250 sacros
711 1207 898 1248 eorum
929 1191 1112 1262 apices
1139 1189 1194 1243 in
1222 1205 1279 1243 se
1308 1187 1502 1243 missos
1531 1187 1704 1255 (164),
1735 1184 2103 1241 cataelismum

506 1290 789 1360 minantia,
820 1289 947 1345 licet
975 1295 1230 1358 tanquam
1258 1284 1326 1342 ad
1357 1283 1849 1339 intransmeabilem
1891 1282 2102 1338 obicem

508 1378 869 1453 indignantia,
900 1375 1084 1432 verbis
1113 1383 1292 1430 tamen
1341 1372 1650 1445 potentibus
1691 1371 2105 1440 obedientia,'in

506 1469 690 1526 alveos
717 1482 844 1522 suos
897 1464 1141 1520 resiliunt
1191 1470 1244 1518 et
1269 1461 1510 1516 residunt
1542 1459 1784 1515 ﬂumina.
1842 1459 1979 1516 Cum
2023 1458 2106 1514 in-

508 1557 839 1615 transitivum
880 1553 1284 1625 quodammodo
1329 1551 1414 1619 sit,
1446 1549 1589 1621 quod
1620 1566 1717 1621 per
1769 1565 1956 1604 eorum
2009 1564 2106 1604 ora

507 1656 712 1724 transit,
744 1655 914 1709 multo
957 1652 1134 1724 magis
1187 1665 1405 1716 nomen,
1440 1647 1584 1718 quod
1627 1647 1948 1702 substantias
2001 1661 2101 1701 eo-

504 1763 622 1803 rum
653 1744 871 1800 notione
910 1740 1134 1796 includit
1186 1747 1240 1794 et
1267 1735 1672 1794 circumscribit.
1733 1736 1852 1792 Vox
1885 1750 2006 1806 quae
2033 1734 2100 1790 de

504 1844 722 1900 illorum
749 1838 958 1896 arteriis
986 1837 1116 1906 exit,
1161 1835 1364 1906 antiqui
1393 1833 1656 1906 serpentis
1710 1833 1856 1889 virus
1907 1831 2098 1888 exelu-

2216 634 2497 706 spirituum
2547 647 2562 702 ;
2614 643 2669 690 et
2719 635 2856 692 sicut
2907 653 3149 692 summus
3209 643 3263 692 et
3318 635 3794 710 incircumscriptus

2216 731 2446 802 Spiritus
2471 731 2736 802 promittit
2762 749 2860 805 per
2884 735 3224 805 prophetam,
3255 749 3316 790 os
3367 751 3522 790 suum
3555 743 3610 790 et
3637 751 3778 808 orga-

2213 836 2341 874 num
2368 836 2380 872 :
2405 819 2692 877 Invocabis
2709 825 2766 877 et
2784 823 3055 879 Dominus
3066 823 3635 887 exaudietmlamabi:
3655 825 3794 880 stiti--

2213 908 2701 966 eet:Ecceadsum
2719 910 3014 980 (Isa.i.vm,
3039 911 3212 982 9);sic
3237 911 3402 967 sancti
3451 913 3550 968 Dei
3581 913 3780 968 nomina

2211 1022 2308 1061 sua
2365 1006 2758 1078 invocantibus,
2816 1017 2871 1064 et
2924 1010 3162 1082 perfecta
3205 1008 3310 1065 ﬁde
3366 1010 3780 1076 inclamantibus

2211 1094 2495 1168 largitione
2525 1095 2715 1152 subitae
2743 1113 2806 1152 ac
2861 1097 3130 1170 inspirata:
3158 1099 3358 1168 salutis,
3414 1100 3752 1155 conclamant
3778 1121 3779 1126 π

2212 1184 2350 1238 Ecce
2376 1183 2666 1255 adjutores
2703 1185 2766 1241 in
2797 1187 3331 1259 opportunitatibus,
3345 1189 3409 1242 in
3431 1189 3793 1245 tribulatione

2211 1271 2466 1327 adsumus
2485 1274 2662 1344 (Psal.
2695 1291 2771 1343 ιχ,
2797 1277 2906 1345 10).
2933 1275 2999 1330 Et
3024 1275 3158 1330 sicut
3184 1275 3451 1331 Dominici
3476 1277 3716 1346 corporis
3743 1284 3782 1332 et

2210 1360 2490 1434 sanguinis
2511 1361 2842 1432 mysterium,
2903 1364 3046 1434 quod
3075 1364 3130 1419 in
3180 1364 3358 1434 specie
3384 1363 3540 1435 panis
3574 1373 3630 1420 et
3680 1364 3782 1422 vini

2209 1448 2449 1520 quotidie
2495 1465 2595 1520 per
2663 1450 3003 1507 sacerdotum
3065 1451 3344 1508 conﬁcitur
3416 1453 3782 1520 ministerium,

2209 1563 2336 1604 vere
2366 1563 2427 1602 ac
2458 1546 2660 1618 absque
2690 1548 2800 1603 ulla
2843 1547 3174 1604 dubitatione
3228 1549 3463 1604 ﬁdelium
3519 1552 3690 1620 (167),
3718 1568 3794 1606 ne

2210 1643 2496 1706 praesentat
2531 1636 2663 1690 illud
2691 1653 2885 1706 corpus
2915 1638 3106 1692 Christi
3153 1639 3386 1707 Domini,
3445 1639 3588 1709 quod
3633 1641 3793 1695 cruci

2207 1723 2396 1792 ﬁxum,
2430 1723 2574 1794 quod
2601 1725 2786 1781 lancea
2816 1726 3309 1796 militisperfossum
3327 1735 3469 1782 estet
3487 1735 3784 1798 mortuum;

2207 1829 2260 1875 et
2289 1822 2440 1876 illum
2459 1838 2726 1890 cruorem,
2767 1824 2857 1894 qui
2887 1823 2956 1880 de
3008 1824 3249 1896 perfosso
3274 1825 3522 1880 Crueiiixi
3563 1835 3784 1894 somate,

501 1940 582 1996 dit
611 1959 624 1995 :
655 1936 1087 1995 benedictionem
1113 1941 1168 1989 et
1193 1931 1627 1988 maledictionem
1683 1929 1916 1986 adducit.
1949 1929 2016 1985 Et
2041 1935 2100 1983 ut
2125 1909 2180 1970 Β
2208 1927 2331 1967 cum
2361 1927 2501 1982 δίιιια
2529 1912 2780 1981 Ρτοίυευε
2815 1921 2913 1980 est.
2953 1912 3334 1985 redemptionis
3361 1915 3609 1970 humana
3664 1933 3786 1987 Pre'

503 2054 690 2095 eorum
720 2035 890 2092 semel
921 2033 1118 2091 emissa
1169 2031 1355 2088 volant
1381 2028 1755 2085 irrevocabilia
1809 2026 1996 2096 verba,
2047 2032 2102 2080 et

505 2141 782 2198 nunquam
831 2128 1148 2189 mutantur;
1180 2119 1259 2175 sic
1306 2126 1360 2173 et
1402 2117 1624 2174 nomina
1676 2117 1823 2172 nullo
1842 2114 1948 2170 ﬁne
2005 2122 2100 2169 ter-

500 2217 793 2272 minantur.
821 2213 1047 2284 Scripta
1066 2209 1309 2281 profecto
1338 2211 1477 2263 sunt
1520 2205 1692 2278 digito
1716 2205 1814 2260 Dei
1838 2207 1903 2262 in
1957 2203 2100 2261 libro

501 2309 1064 2382 uitaetdgniMpoc.
1101 2323 1216 2373 xm,
1241 2307 1296 2376 8)
1329 2319 1345 2374 ;
1376 2311 1428 2360 et
1449 2303 1586 2358 sicut
1609 2301 1802 2359 salvus
1840 2303 1951 2358 erit
1979 2302 2100 2375 qui-

501 2417 726 2476 cunque
753 2398 1101 2456 invocaverit
1155 2409 1363 2450 nomen
1397 2393 1624 2448 Domini
1677 2394 1826 2462 (Act.
1872 2407 1929 2460 ιι,
1983 2391 2095 2461 21),

499 2501 579 2556 sic
607 2498 758 2568 (165)
787 2495 843 2550 in
899 2500 1309 2564 quantacunque
1371 2487 1609 2560 corporis
1662 2496 1716 2543 et
1751 2487 1946 2544 animae
1993 2503 2096 2544 an-

501 2586 701 2660 gustia,
734 2593 787 2640 et
814 2581 1154 2638 tribulatione
1173 2578 1368 2649 aliquis
1413 2577 1777 2649 deprehensus
1805 2584 1860 2632 et
1884 2576 2095 2644 anxius,

502 2677 546 2731 si
567 2689 778 2730 memor
795 2669 1030 2726 nominis
1073 2668 1172 2724 Dei
1204 2665 1491 2722 revolverit
1544 2681 1726 2719 secum
1756 2663 1905 2731 illud,
1965 2665 2098 2718 emi-

508 2763 740 2819 stichion
788 2757 1043 2816 carminis
1091 2755 1374 2811 Davidici:
1407 2755 1478 2811 Et
1521 2753 1844 2810 honorabile
1887 2768 2095 2808 nomen

500 2867 697 2910 eorum
715 2864 905 2906 coram
933 2847 1036 2902 illo
1057 2845 1234 2915 (Psal.
1257 2843 1510 2912 LXXI,1-i»)
1543 2856 1557 2912 ;
1587 2849 1639 2896 et
1665 2858 1697 2896 a
1713 2839 1980 2913 condigne
2000 2842 2096 2897 ho-

501 2939 792 3006 noraverit,
841 2943 896 2991 et
919 2931 1281 2990 nominaverit
1331 2930 1519 2985 intima
1565 2929 1852 2986 devotione
1905 2929 2092 2996 animi,

497 3030 678 3085 salvus
731 3034 783 3082 et
819 3021 1105 3078 incolumis
1155 3020 1337 3076 evadit
1385 3035 1644 3087 mrumna,
1696 3026 1749 3074 et
1800 3019 2096 3074 anxietates

497 3118 657 3174 totius
711 3111 1044 3169 imminentis
1097 3108 1301 3174 damni,
1353 3107 1689 3163 adversitaus
1741 3113 1794 3161 et
1845 3105 2091 3176 periculi.

495 3215 559 3271 In
587 3209 904 3277 aeternitate,
935 3205 1154 3276 su'ipta,
1213 3210 1265 3258 et
1290 3204 1439 3273 (166)
1497 3219 1530 3257 a
1573 3201 1846 3256 notamine
1875 3201 1962 3257 vel
1999 3217 2094 3256 no-

496 3310 642 3366 tione
669 3307 893 3363 nomina
919 3319 1017 3375 per
1037 3299 1424 3372 etymologiam
1478 3298 1637 3366 dicta,
1671 3299 1961 3354 electorum
1993 3296 2092 3352 Dei

495 3395 551 3454 in
569 3401 858 3468 conspectu
887 3391 1086 3448 divinae
1124 3387 1422 3457 majestatis
1449 3386 1703 3460 gloriam,
1758 3394 1811 3441 et
1840 3387 2093 3442 virtutum

495 3495 816 3562 eiiicaciam,
864 3489 1024 3546 nobis
1070 3488 1126 3543 in
1190 3489 1291 3542 hac
1337 3485 1674 3540 mortalitatis
1753 3485 2094 3555 corruptione

493 3584 760 3657 ignotam,
792 3588 846 3636 et
872 3577 952 3633 sui
984 3575 1342 3638 invocatione,
1376 3580 1429 3628 et
1456 3572 1702 3627 salutaris
1757 3571 1963 3642 auxilii,
1998 3586 2096 3644 per

501 3681 741 3738 divinam
770 3676 1226 3752 propitiationem,
1250 3672 1591 3730 exsecutione
1621 3669 1859 3726 etliciunt
1885 3679 2089 3727 notam.

492 3771 576 3828 Ad
604 3767 880 3826 saviﬁcam
902 3765 1046 3821 enim
1094 3761 1488 3819 invocationem
1544 3768 1848 3816 sanctorum
1907 3760 2092 3817 nomi-

563 3949 712 4018 (163)
742 3947 852 4003 Per
878 3940 1042 4018 verba
1063 3940 1294 4018 illorum
1307 3937 1717 4018 absentiuin;..._
1733 3937 1793 4018 in.
1807 3937 2090 4018 schedulis

493 4008 729 4084 didestri,
771 4025 872 4073 etc.
921 4011 1260 4084 Fragmeutis
1305 4010 1565 4084 duntaxat
1619 4008 2025 4084 Epistolarum,‘
2055 4025 2089 4064 a

495 4036 551 4076 αι
588 4036 729 4085 θεία,
771 4036 872 4073 etc.
923 4036 1260 4084 rrugmcuus
1305 4036 1565 4064 uuuuuuu.
1619 4036 1998 4078 nytssumrum,
2055 4036 2084 4064 υ

495 4036 593 4148 5g.
651 4089 781 4143 viris
831 4085 1172 4156 scriptarum,
1235 4080 1478 4156 grandia
1545 4087 1754 4151 patrata
1805 4079 2084 4147 miracula,

493 4169 688 4234 praeter
714 4149 1040 4234 anti‘qnitira,
1067 4149 1188 4234 quae
1239 4149 1852 4234 ’[liiofri‘duslmemorey
1865 4166 2087 4234 "recen:

495 4221 632 4287 iiora
657 4230 820 4285 ﬁdem
846 4221 1072 4293 iaciunt,
1085 4221 1391 4302 inscriptis
1419 4221 1520 4302 DB.
1561 4221 1756 4302 Ignatii
1785 4229 1840 4276 et
1864 4221 2083 4278 Xaverii

495 4309 818 4372 nostrorum,
855 4292 1082 4372 quorum
1115 4296 1248 4372 Vitae
1277 4300 1404 4372 sunt
1425 4292 1827 4372 inmanibus".
2041 4311 2053 4323 -

565 4375 612 4441 (1
626 4373 716 4440 64)
735 4362 1140 4441 Catablisntum
1150 4365 1439 4420 minantia
1451 4362 1860 4441 [luminaAliis
1868 4377 2083 4441 quoque

492 4433 669 4499 modis
693 4433 835 4511 aqua
870 4437 1404 4511 sanctiseorumqne
1452 4433 1805 4511 orationibus
1818 4442 1910 4488 aut
1944 4435 2083 4511 .reli-

492 4514 632 4584 quiis
660 4504 919 4568 honorem
937 4507 1140 4586 habuit.
1172 4505 1434 4576 Exemplo
1453 4505 1522 4559 sit
1548 4505 1717 4586 pluria
1745 4504 2077 4586 Egyptian,

491 4575 614 4656 quin
638 4599 833 4656 aquam
864 4587 922 4636 ut
963 4578 1194 4656 solidum
1232 4575 1426 4645 corpus
1453 4575 1727 4656 ‘calcavit,
1786 4575 1930 4656 quod
1983 4575 2082 4656 ali-

491 4645 722 4727 quando,
739 4655 939 4709 fecerat
967 4649 1236 4727 _Christus,
1268 4662 1423 4727 aquae
1452 4646 1732 4727 Dominus,
1765 4653 1836 4727 et,
1893 4661 1959 4727 eo
1981 4645 2079 4715 ju—

488 4716 669 4788 bente.
704 4726 889 4782 Petrus
921 4741 934 4777 :
966 4721 1266 4786 Bessarion,
1321 4716 1500 4788 quiret
1527 4716 1669 4773 idem
1701 4717 1847 4788 fecit,
1891 4724 1952 4788 et
1975 4733 2083 4788 quo

487 4770 675 4855 EFJn'ié
705 4770 888 4852 iniit?
900 4770 1620 4868 ainaror—i'riﬂilul'c‘edineml
1643 4770 1798 4868 vertit
1877 4770 2084 4868 Grego-

483 4869 616 4925 riius
645 4868 736 4924 ille
763 4867 1215 4939 Thaumaturgus,
1243 4859 1333 4930 qui
1362 4859 1578 4939 defosso
1607 4858 1663 4939 in
1692 4858 1866 4939 littore
1879 4858 2077 4939 stipite,

485 4943 684 5002 chum
736 4937 981 5002 ﬂuvium,
1035 4929 1272 4988 furenter
1325 4929 1522 5002 accolis
1575 4930 1892 5002 minantem,
1943 4931 2080 5002 ultra

486 4999 977 5083 procederevetuit
1006 5021 1026 5083 ;_
1053 5003 1198 5083 quod
1228 5001 1394 5083 nostri
1432 5001 1662 5083 auctoris
1681 5001 1952 5083 exen‘iplo,
1980 5001 2080 5083 _de

482 5070 812 5148 cataclismol,
872 5070 1230 5148 estpsiniilius.
1290 5070 1644 5148 Priora_vide
1702 5070 1940 5148 in_\_'itis
1980 5070 2080 5148 Pa-

480 5160 620 5208 trum
650 5171 682 5208 a
710 5140 1009 5208 Rostvevdo
1051 5151 1234 5201 nostro
1277 5142 1565 5198 restitutis:
1595 5143 1698 5196 hoc
1746 5140 1991 5196 ultimum
2019 5141 2076 5197 in

479 5207 620 5298 Vita,
651 5207 794 5298 apud
824 5207 1040 5298 Sui'ium
1071 5217 1286 5272 decimo
1313 5213 1544 5298 septimo
1569 5211 1867 5298 Novembr.

513 5285 665 5364 (162's)
683 5285 747 5350 in
759 5294 1199 5366 quantacunque
1209 5285 1766 5366 corporis,et_animw
1779 5285 2069 5364 angustia.

480 5365 545 5421 Et
562 5355 896 5436 compaiatio
904 5355 1186 5436 invidiosa
1203 5355 1374 5412 videri
1385 5361 1692 5436 po.test,qua
1709 5355 1932 5436 nomina
1950 5369 2072 5436 san-

478 5424 917 5491 ctorum‘nomini
939 5429 1156 5506 Domi-ni
1177 5443 1392 5506 aequare
1413 5425 1660 5506 videtur;
1694 5431 1748 5479 et
1775 5424 2069 5506 propositio

476 5505 592 5575 ipsa
617 5504 814 5572 audax,
857 5510 918 5557 ut
944 5501 1156 5576 quidvis
1169 5495 1362 5576 quivis
1411 5495 1679 5576 impetret,
1711 5495 1822 5576 qui,
1853 5495 2068 5576 .eorum

476 5567 705 5645 metuar,
737 5567 1126 5645 ea'honoi-avit.
1169 5567 1353 5638 Itaque
1410 5567 1720 5632 Calvinista,
1751 5567 1796 5620 si
1849 5567 1906 5645 in
1951 5567 2068 5645 hac

475 5636 702 5714 incidat,
755 5645 932 5699 statim
963 5643 1230 5717 hmreseos
1258 5636 1368 5717 sua:
1397 5653 1664 5717 venenum
1694 5643 1931 5717 sparget:
1957 5636 2064 5692 Sed

473 5727 551 5774 est
581 5721 632 5773 in
665 5707 916 5789 promptu
949 5713 1266 5789 Aantidoton.
1299 5711 1415 5789 lioc
1470 5709 1588 5789 ipso
1642 5707 1868 5789 capites
1897 5707 2062 5789 Inoo:

469 5791 617 5847 cutio
637 5778 1123 5852 sanctiﬁcatorum
1151 5782 1472 5843 nominum,
1491 5778 1692 5851 absque
1715 5778 1869 5834 amni
1893 5778 2062 5852 ambi-

471 5851 1170 5930 guitate,promcrcnlib_us
1183 5852 1444 5930 insinuat
1461 5865 1687 5930 onmem
1696 5852 1945 5930 interna:
1957 5851 2059 5904 vir-

475 5917 925 5987 iutisver'itatem
948 5921 1353 5995 etpotentiam.
1393 5917 1624 5975 Audisne
1656 5919 1784 5974 illud
1829 5934 2056 5992 prome—

2124 3263 2174 3326 C

2211 1998 2342 2053 tium
2404 2017 2418 2054 :
2474 2000 2552 2054 sic
2623 1999 2892 2058 invocatio
2974 2001 3416 2058 sanctiﬁcatorum
3490 2003 3786 2074 nominum,

2207 2087 2410 2158 absque
2467 2089 2615 2144 omni
2659 2089 3029 2163 ambiguitate.
3083 2091 3507 2160 promercalibus
3559 2093 3786 2148 insinuat

2206 2199 2425 2240 omnem
2454 2185 2678 2242 internas
2707 2185 2913 2241 virtutis
2939 2186 3239 2253 veritatem,
3278 2195 3331 2243 et
3355 2189 3672 2258 potentiam,
3693 2206 3786 2245 c-

2207 2281 2547 2352 prmsentiam
2581 2283 2920 2354 regnantium
2949 2300 3070 2339 cum
3108 2283 3559 2355 incircumscripto
3589 2285 3788 2358 Spiritu

2205 2378 2510 2450 spirituum.
2542 2380 2681 2434 Dum
2712 2380 2856 2435 enim
2899 2397 3084 2436 eorum
3113 2381 3167 2436 in
3204 2381 3328 2436 ﬁdei
3375 2381 3660 2438 devotione
3683 2399 3788 2439 no-

2205 2475 2480 2531 minantur
2499 2477 2736 2544 nomina,
2792 2477 2895 2547 ipsi
2926 2477 2981 2534 in
3025 2477 3124 2532 Dei
3154 2486 3458 2549 conspectu,
3515 2486 3566 2533 ct
3595 2479 3654 2538 in
3695 2481 3788 2536 illo

2204 2565 2408 2620 uranici
2435 2573 2651 2620 senatus
2678 2573 2962 2632 conventu,
3018 2565 3377 2622 invocantium
3423 2584 3607 2622 causas
3633 2583 3788 2637 pero-

2204 2660 2340 2718 rant,
2371 2661 2428 2708 ut
2458 2670 2554 2725 per
2590 2669 2775 2708 eorum
2835 2654 3044 2719 merita,
3067 2654 3350 2726 judicium
3394 2656 3788 2728 superexaltet

2201 2742 2591 2798 misericordia
2616 2742 2822 2812 (Iacob.
2847 2759 2906 2809 ιι,
2941 2745 3066 2812 13);
3099 2751 3300 2798 etcum
3347 2759 3557 2814 semper
3603 2744 3788 2799 divino

2201 2828 2370 2882 vultui
2407 2828 2672 2896 assistant,
2705 2837 2755 2883 et
2805 2845 3077 2898 nunquam
3125 2830 3390 2898 recedant,
3448 2831 3786 2903 inexcogita-

2201 2923 2318 2992 bili,
2349 2924 2679 2981 etineﬁ‘abili
2717 2925 2916 2982 divinae
2970 2925 3381 2995 dispensationis
3433 2927 3616 2994 modo,
3670 2945 3787 2999 spe-

2201 3013 2442 3067 rantibus
2497 3013 2552 3066 in
2607 3031 2683 3082 se,
2744 3013 3188 3081 etelamantibus,
3234 3031 3383 3069 suam
3431 3015 3483 3069 in
3535 3016 3792 3071 omnibus

2202 3101 2463 3174 angustiis
2535 3110 2587 3157 et
2642 3102 2902 3174 pressuris
2949 3103 3203 3158 exhibent
3278 3105 3632 3175 praesentiam,
3689 3122 3792 3175 per

2202 3205 2530 3268 exoptatam,
2561 3208 2612 3255 et
2657 3216 2866 3256 summe
2911 3200 3262 3256 necessariam
3298 3201 3601 3258 boematum
3634 3195 3790 3275 βοη-

2201 3311 2384 3368 ματων
2409 3299 2769 3369 clamorum),
2801 3298 2854 3352 in
2887 3314 3100 3354 summa
3125 3314 3302 3354 rerum
3345 3298 3672 3371 difﬁcultate,
3714 3303 3793 3358 ef-

2202 3394 2466 3451 ﬁcaciam.
2499 3395 2565 3449 Et
2591 3396 2728 3450 sicut
2772 3411 2871 3464 per
2895 3395 3229 3467 signaculum
3259 3395 3544 3454 salutiferae
3595 3400 3790 3470 crucis,

2203 3492 2364 3548 fronti
2395 3491 2653 3564 cujusque
2683 3492 2856 3548 ﬁdelis
2903 3492 3150 3560 inditum,
3185 3493 3398 3565 fugatur
3415 3497 3588 3551 omnis
3642 3497 3789 3554 infe-

2202 3588 2357 3642 statio
2414 3587 2763 3644 invisibilium
2845 3591 3096 3658 hostium,
3155 3600 3209 3648 et
3260 3600 3596 3650 consecratur
3635 3596 3788 3664 (168)

2200 3678 2433 3732 chrisma
2459 3678 2791 3734 sacerdotale
2844 3695 2908 3734 ac
2934 3680 3163 3752 regium,
3215 3689 3268 3738 et
3319 3683 3467 3751 (169)
3515 3698 3790 3740 consecra-

2201 3765 2360 3821 tionis
2413 3765 2592 3821 oleum
2644 3773 2698 3822 et
2737 3767 3074 3839 baptismatis
3130 3771 3454 3841 mysterium,
3513 3779 3783 3842 postremo

2197 3939 2455 3995 rentibus
2484 3937 2514 3992 ?
2541 3939 2662 3993 Non
2683 3953 2872 4010 omnes
2889 3947 3275 4010 promerentur,
3291 3957 3351 3995 ac
3369 3941 3442 3996 sic
3471 3957 3568 3997 nec
3597 3959 3784 3999 omnes

2197 4010 2502 4086 impetrant.
2559 4009 2766 4086 Clarius
2813 4009 3002 4065 iterum
3038 4011 3246 4086 eodem
3303 4014 3516 4084 capite:
3550 4014 3782 4086 Affatim

2191 4085 2454 4155 prosunt,
2485 4081 2949 4154 quandocumque,
2992 4085 3052 4136 et
3100 4081 3414 4155 ubicunque
3466 4081 3783 4142 secundum

2191 4151 2363 4222 ﬁdem
2381 4151 3074 4223 proinerentium‘necesse
3091 4157 3202 4209 est.
3240 4151 3356 4208 Jam
3388 4171 3483 4210 nec
3511 4157 3781 4212 calumnia

2193 4223 2308 4293 ipsa
2337 4222 2479 4291 quod
2509 4222 2864 4277 calumnietur
2891 4222 3072 4277 habet.

2263 4294 2412 4369 (166)
2432 4295 2470 4369 Α
2490 4295 2784 4369 notamine
2800 4294 2887 4348 vel
2905 4294 3137 4369 notione
3156 4296 3386 4369 nomine
3399 4312 3500 4369 per
3512 4299 3779 4369 etymolo-

2187 4363 2341 4436 giam
2355 4364 2526 4436 dicta.
2547 4364 2738 4418 Solens
2757 4364 2810 4418 in
2822 4364 2987 4436 verbo
3007 4365 3158 4419 ludit.
3183 4366 3345 4430 Nihil,
3361 4363 3545 4436 inquit,
3567 4363 3776 4424 'mirum

2189 4434 2233 4487 Si
2263 4435 2484 4506 nomina
2504 4442 2806 4489 sanctorum
2830 4434 3100 4496 virtutem,
3131 4436 3366 4506 alioquin
3397 4434 3636 4506 ignotam
3669 4458 3774 4496 no-

2190 4512 2296 4560 tam
2319 4504 2572 4568 efﬁciant,
2595 4521 2714 4560 cum
2752 4506 2868 4577 ipsa
2900 4521 3004 4562 vox
3059 4504 3320 4563 nomeiia
3349 4504 3640 4568 notamine
3691 4513 3778 4568 vel

2188 4577 2486 4632 notatione
2503 4577 2727 4630 dicatur.

2107 4622 2162 4683 D
2191 4622 2829 4720 ”Ϊὶἷὸ²ὁ”ιῖεέᾗῖὶέἑὲιξιαι
2865 4646 3010 4702 illud
3037 4663 3241 4720 corpus
3257 4648 3484 4720 Christi.
3502 4651 3649 4708 Cave
3677 4652 3780 4709 im-

2231 4717 2444 4790 i_etatem
2467 4717 2885 4790 Calvinisticam,
2919 4735 3068 4790 aqua
3100 4717 3407 4790 longissime
3431 4721 3583 4776 abest
3606 4725 3776 4780 Thio-

2214 4787 2378 4855 i'idus,
2411 4797 2468 4842 ut
2497 4789 2680 4852 verba,
2707 4797 2758 4842 et
2792 4787 3042 4857 loquendi
3073 4787 3262 4844 modus
3288 4790 3415 4844 satis
3465 4795 3774 4850 ostendunt.

2187 4871 2252 4914 το
2282 4865 2656 4938 νθρνςεεςηιειρ
2691 4876 2793 4912 non
2824 4859 3292 4938 nonatimaginem
3341 4869 3543 4938 tantum
3567 4873 3618 4920 et
3641 4865 3778 4938 ﬁgu-

2187 4929 2440 4990 ramfsed
2471 4929 2773 5001 signiﬁcatu
2822 4929 3021 4984 Latinis
3049 4938 3103 4984 et
3120 4929 3276 4985 bonis
3327 4934 3632 4990 auctoribus
3659 4929 3776 4992 ire-

2187 5008 2410 5070 quenter
2438 5009 2712 5076 usurpato,
2744 5004 3155 5076 repraesentare
3181 5010 3399 5076 estrem
3425 5019 3616 5076 reapse
3635 5023 3778 5076 ιιι-εει-

2183 5080 2388 5126 sentem
2419 5073 2675 5127 exhibere
2705 5079 2797 5126 aut
2840 5072 3044 5136 sistere,
3103 5079 3161 5125 ut
3188 5073 3242 5126 in
3273 5073 3364 5129 illo
3413 5072 3725 5136 Columella:
3755 5100 3767 5134 :

2191 5141 2421 5198 l'illicus
2452 5144 2566 5220 ista
2595 5157 2712 5220 non
2757 5158 2904 5213 (egre
2948 5148 3333 5216 consequetur,
3379 5145 3428 5202 si
3453 5162 3677 5220 semper
3713 5166 3772 5206 se

2182 5227 2462 5284 repraesen
2472 5213 2696 5269 laverit.

2254 5285 2422 5364 (168).
2432 5285 2690 5364 ΟΙινὶερηα
2705 5283 3059 5364 sacerdotale
3069 5300 3135 5364 ac
3146 5285 3382 5364 regium.
3404 5286 3604 5344 Notum
3617 5299 3696 5364 est
3714 5292 3770 5346 in

2179 5351 2278 5408 Dei
2294 5351 2540 5430 _Ece_l_esia
2579 5353 2697 5424 jam
2727 5354 2851 5430 inde
2879 5353 2949 5408 ab
3006 5351 3386 5430 antiquissimis
3442 5362 3771 5430 temporibus

2175 5423 2306 5502 ungi
2333 5425 2522 5502 solitos
2550 5423 2659 5502 non
2687 5423 3202 5502 modo__saeerdote.s,
3232 5427 3400 5502 sedet
3433 5423 3620 5502 rcges.
3653 5432 3770 5488 Eli-

2175 5495 2422 5570 zabetha,
2472 5512 2592 5566 quin
2618 5497 2691 5570 in,
2727 5495 2925 5567 Anglia
2960 5503 3269 5570 utramque,
3295 5495 3611 5570 dignitaiem
3667 5505 3770 5559 sibi

2175 5566 2881 5642 attribuebat,_unctionen_i,
2941 5573 3180 5638 tempore
3229 5569 3306 5623 sic
3352 5566 3622 5642 exigente,
3675 5576 3766 5628 ad-

2172 5636 2476 5713 misit._Sed
2497 5637 2566 5693 ab
2591 5637 2746 5713 altari
2787 5636 2854 5692 ad
2891 5636 3189 5713 m'neceum
3219 5655 3372 5694 suum
3418 5636 3653 5713 réversa,
3687 5645 3764 5700 ir-

2168 5707 2301 5763 risit.
2335 5707 2509 5778 Quam
2548 5710 2656 5778 pie,
2685 5710 2803 5779 jam
2831 5707 2996 5779 novit.

2239 5777 2389 5853 (169')
2422 5777 2871 5853 Conseoration“
2899 5777 3107 5834 oleum.
3139 5777 3756 5853 Quovelcateehumeni,

2168 5850 2252 5903 vel
2285 5851 2606 5928 moribundi
2655 5854 2723 5908 ad
2779 5851 2974 5906 luctam
3034 5858 3216 5906 contra
3263 5853 3553 5923 desinoues,
3599 5850 3759 5928 perii;

2167 5927 2380 5977 nuntur.
