3882 6418
215 414 328 468 369

1067 411 1336 472 FLORES
1371 411 1791 474 EPITHAPHII
1831 419 2279 481 SANCTORUM.
2309 452 2378 468 -
2407 423 2550 482 LIB.
2589 423 2666 480 III

3407 429 3513 486 370

211 533 483 607 quidquid
503 535 556 590 in
577 534 827 592 Ecclesia
847 537 1274 594 consecrandum
1288 547 1372 596 est
1408 539 1464 596 in
1501 541 1809 612 profectum
1841 543 1897 605 A
1929 554 2056 602 eunt
2077 547 2224 614 ;hasc
2251 547 2305 604 in
2335 549 2500 606 corda
2531 557 2585 604 et
2614 563 2710 606 ora
2738 547 2978 606 omnium
2995 562 3105 606 non
3123 547 3510 622 particulatim,

215 633 272 679 et
310 624 540 679 salutem
572 626 956 682 credentium:
1020 627 1099 684 sic
1153 635 1206 682 et
1261 645 1358 700 per
1405 629 1812 686 invocationem

214 722 533 768 sanctorum
564 714 868 768 nominum.
908 719 1047 771 Ante
1087 717 1438 773 nominantur
1479 719 1716 785 nomina,
1759 727 1816 776 et

214 809 416 866 dehinc
438 811 644 867 sanctis
675 812 982 883 spiritibus,
1007 830 1236 885 quorum
1269 823 1397 870 sunt
1425 815 1808 887 signiticativa,

212 901 664 970 coeperautibus,
709 901 892 955 divina
923 910 977 956 et
1015 903 1386 958 ecclesiastica
1435 921 1530 974 per
1572 903 1810 960 salviﬁce

211 988 398 1042 crucis
428 989 763 1059 mysterium.
799 1000 1142 1062 peraguntur
1173 992 1496 1049 ministeria.
1531 994 1594 1047 Et
1624 994 1810 1049 nescio

213 1099 328 1154 quo
358 1083 708 1140 inenarrabili
740 1086 937 1142 divina:
967 1087 1323 1156 providentiae
1355 1089 1542 1156 modo,
1577 1091 1658 1147 sic
1705 1092 1810 1148 sibi

211 1171 657 1228 confoederantur
685 1189 815 1230 crux
846 1175 1264 1246 pretiosissima,
1289 1185 1342 1232 et
1371 1187 1684 1234 sanctorum
1703 1196 1808 1236 no-

212 1260 378 1328 mina,
412 1261 511 1315 nisi
536 1261 656 1334 quia
680 1264 943 1319 tulerunt
962 1281 1184 1320 crucem
1200 1282 1380 1331 suam,
1402 1271 1457 1321 et
1479 1269 1661 1324 secuti
1671 1273 1809 1325 sunt

213 1349 567 1416 Cruci/imum
581 1351 800 1410 (Matth.
816 1353 1031 1422 xv1,24)
1051 1353 1350 1424 gloriantes
1365 1353 1417 1408 in
1432 1355 1666 1412 Domino
1683 1371 1806 1412 cum

209 1436 651 1493 eminentissimo
680 1439 960 1494 electionis
987 1456 1120 1495 vase
1154 1441 1338 1510 Paulo,
1394 1442 1525 1499 Mihi
1561 1445 1808 1501 mundus

207 1537 526 1604 cruciﬁxus
554 1541 659 1600 est,
692 1541 746 1591 et
777 1552 870 1607 ego
903 1538 1110 1592 mundo
1140 1539 1351 1602 (Galat.
1383 1553 1458 1603 Vl,
1495 1541 1608 1607 14).
1664 1541 1806 1595 Crux

206 1623 493 1679 Dominica
524 1625 653 1678 dum
683 1624 1010 1693 nominatur,
1038 1626 1308 1681 Dominus
1337 1627 1399 1682 in
1431 1628 1614 1682 medio
1638 1632 1806 1684 terrae

204 1728 330 1768 sum
358 1714 602 1769 salutem
632 1717 900 1786 operatur
923 1715 1096 1783 (Psal.
1114 1729 1301 1779 Lxxut,
1324 1716 1412 1783 12)
1439 1715 1805 1778 gintransitiva

203 1799 396 1855 itidem
425 1809 735 1856 sanctorum
782 1802 1002 1856 nomina
1045 1802 1176 1856 dum
1217 1802 1588 1870 nominantur,
1623 1804 1804 1859 omnis

205 1888 533 1943 Christiana:
562 1889 848 1961 religionis
893 1890 1232 1946 consecratio
1280 1890 1648 1956 confirmatur,
1695 1892 1801 1946 im-
1829 1901 1882 1960 Β

205 1983 425 2038 mineus
455 1984 834 2056 undecumque
863 2001 878 2049 ;
914 1985 1212 2056 periculum
1241 1986 1532 2052 devitatur,
1584 1986 1804 2044 inimica

201 2073 445 2142 phalanx
491 2083 860 2144 expugnatur,
913 2082 1217 2146 temporum
1261 2074 1614 2146 intemperies
1662 2083 1802 2131 tem-

203 2169 454 2232 peratur,
488 2162 855 2233 procellosum
903 2179 1051 2219 mare
1105 2163 1509 2235 tranquillatur,
1564 2163 1702 2220 vivis
1749 2172 1804 2220 et

197 2258 480 2315 defunctis
507 2261 810 2314 somatibus
841 2261 988 2315 salus
1034 2261 1458 2333 redintegratur.
1514 2263 1581 2317 Et
1614 2277 1801 2318 revera

195 2347 249 2402 si
280 2363 346 2403 ea
377 2364 497 2420 qua:
525 2364 716 2405 assero
745 2349 1008 2420 exemplis
1039 2349 1234 2406 vellem
1283 2351 1522 2422 probare
1565 2358 1619 2406 et
1658 2367 1801 2406 enu-

197 2452 440 2504 merare,
470 2453 701 2510 quorum
731 2447 1036 2494 sanctorum
1064 2439 1120 2494 in
1154 2441 1426 2512 periculis
1466 2441 1795 2509 ﬂuminum,

190 2535 474 2607 periculis
499 2535 788 2592 latronum
811 2537 900 2604 (ll
921 2537 1042 2593 Cor.
1074 2553 1134 2606 ιι,
1166 2539 1281 2607 26),
1313 2535 1572 2608 periculis
1603 2537 1657 2591 in
1679 2551 1799 2594 car-

195 2639 349 2688 cere,
382 2623 438 2678 in
465 2624 796 2694 captivitate,
838 2625 892 2678 in
948 2625 1176 2690 catenis,
1237 2625 1292 2680 in
1351 2625 1801 2696 desesperatione

203 2712 395 2766 salutis
415 2729 478 2768 ac
507 2712 653 2778 vitae,
684 2713 936 2769 invocata
982 2713 1224 2782 nomina,
1275 2715 1619 2786 prmsentiam
1655 2729 1796 2771 san-

195 2816 412 2866 ctorum
460 2809 744 2881 Spirituum
773 2810 1114 2866 exauditione
1147 2811 1652 2882 repraesentaverint
1698 2827 1796 2866 su-

193 2897 311 2952 bita
343 2916 357 2964 ;
387 2915 500 2954 non
524 2899 669 2954 mihi
688 2903 920 2955 centum
945 2901 1172 2971 linguae,
1189 2917 1305 2957 non
1326 2905 1556 2956 centum
1580 2898 1796 2956 sufﬁce-

193 3002 316 3051 rent
345 3011 462 3061 ora,
488 3011 595 3050 non
613 3012 720 3051 vox
735 2999 946 3067 ferrea.
978 2999 1064 3062 At,
1123 2997 1266 3069 quod
1317 2997 1551 3052 fidenter
1593 2996 1796 3053 dictum

197 3085 288 3148 sit,
324 3084 482 3139 salva
508 3084 749 3139 omnium
779 3093 1095 3141 sanctorum
1125 3085 1320 3157 gratia,
1375 3085 1541 3142 mullo
1583 3085 1794 3158 glorio-

189 3173 343 3229 siora
371 3181 495 3228 sunt
523 3189 713 3228 eorum
743 3174 966 3229 nomina
996 3190 1160 3246 quam
1192 3183 1430 3230 somata.
1490 3176 1612 3230 Nan
1667 3191 1792 3231 cum

189 3271 313 3326 haec
342 3269 576 3325 naturali
609 3269 940 3326 resolutione
970 3269 1248 3337 deﬁciunt,
1280 3271 1373 3326 illa
1391 3269 1626 3326 ﬁdelium
1656 3286 1795 3326 con-

195 3368 345 3424 tinua
380 3368 726 3424 invocatione
749 3369 901 3440 quasi
917 3367 1208 3440 proﬁciunt
1231 3385 1244 3439 ;
1270 3387 1394 3426 cum
1413 3371 1533 3426 haec
1555 3369 1610 3425 in
1633 3369 1792 3425 unius

194 3465 410 3536 exiguas
441 3464 703 3520 libithinm
724 3466 978 3538 angustia
996 3466 1304 3522 arctissime
1324 3466 1682 3533 occultantur,
1701 3465 1792 3522 illa

195 3578 296 3635 per
323 3563 640 3618 universum
673 3563 955 3631 mundum,
995 3571 1138 3619 terra
1188 3562 1456 3635 marique,
1503 3562 1673 3618 corde
1727 3577 1792 3618 ac

194 3666 292 3708 ore
320 3651 560 3706 omnium
589 3649 1000 3708 ofﬁciosissime
1047 3650 1419 3708 celebrantur.
1461 3651 1596 3706 Cum
1645 3651 1791 3706 enim

195 3740 485 3796 innumera
512 3740 800 3796 hominum
831 3739 1022 3810 millia,
1056 3748 1370 3798 sanctorum
1406 3755 1618 3796 summa
1665 3756 1788 3795 cum

195 3837 486 3894 devotione
514 3838 768 3894 invocent
797 3843 851 3894 et
899 3835 1206 3908 gloriﬁcent
1250 3836 1490 3903 nomina,
1541 3834 1790 3892 nesciunt

195 3926 290 3982 ubi
317 3925 561 3998 gentium
589 3925 864 3982 recondita
893 3925 1002 3980 sint
1038 3924 1414 3982 sacratissima
1459 3939 1652 3981 eorum
1699 3924 1788 3995 pi-

195 4029 373 4088 gnora
405 4030 418 4070 :
452 4021 506 4070 et
533 4029 658 4070 cum
689 4013 759 4068 ab
787 4013 881 4069 illa
909 4013 1178 4086 refugium
1206 4013 1375 4085 longa
1403 4021 1675 4069 terrarum
1705 4013 1790 4067 in-

195 4111 508 4168 tercludant
536 4110 845 4178 inter-stitia,
879 4127 979 4182 per
1032 4110 1227 4167 horum
1286 4110 1685 4168 invocationem
1731 4109 1788 4164 in

194 4199 343 4256 omni
371 4215 651 4271 pressura,
711 4199 1126 4272 quibuscunqne
1174 4198 1391 4255 auxiliis
1447 4199 1678 4271 indiget,
1737 4207 1790 4255 et

193 4296 538 4360 promeretur
556 4287 737 4343 omnis
753 4291 814 4344 in
833 4289 944 4357 ﬁde
963 4288 1114 4343 nihil
1135 4287 1408 4344 hcesitans
1422 4289 1626 4356 (Iacob.
1644 4304 1679 4357 ι,
1706 4288 1785 4358 6),

193 4377 556 4449 consequitur
585 4377 793 4432 anima.
834 4378 1010 4432 Unum
1035 4385 1160 4431 sunt
1209 4392 1331 4432 cum
1384 4377 1562 4432 Verbo
1598 4377 1786 4433 incar-

192 4483 337 4541 nato,
369 4483 422 4530 et
451 4473 667 4529 nomine
697 4474 916 4529 Domini
944 4473 1170 4540 inﬁnito,
1206 4475 1439 4546 ideoque
1468 4475 1608 4530 sicut
1651 4475 1784 4530 illud

192 4563 392 4634 ubique
420 4571 592 4618 totum
623 4571 724 4628 est,
749 4567 802 4618 et
825 4578 1040 4618 summe
1088 4564 1326 4634 prodest,
1388 4563 1468 4618 sic
1520 4563 1614 4617 illa
1670 4572 1782 4619 tota

1919 635 2017 689 sed
2045 643 2155 690 tota
2182 637 2378 693 abeunt
2404 657 2419 704 ;
2452 645 2619 694 totum
2647 639 2906 707 auditum,
2929 646 3099 694 totum
3118 639 3345 710 implent
3389 639 3512 694 ani-

1921 739 2085 792 mum,
2118 741 2219 781 nec
2247 726 2317 781 ad
2349 726 2648 782 videndum
2679 743 2744 784 se
2779 727 3122 795 exteriorem,
3147 728 3245 784 sed
3280 727 3512 784 interio-

1919 824 2035 864 rem
2055 810 2263 864 admitti
2292 810 2583 882 dignantur
2610 812 2827 868 oculum
2861 832 2874 879 ;
2936 812 3138 885 ubique
3195 819 3322 868 sunt
3380 811 3508 868 ﬁdei

1918 898 2226 968 praesentia,
2259 915 2380 954 cum
2412 915 2643 970 corpora
2671 900 2836 972 longe
2885 901 2994 955 sint
3041 901 3307 957 absentia.
3360 900 3511 956 Nihil

1917 985 2138 1042 omnino
2167 995 2250 1042 est
2280 987 2427 1060 quod
2459 1005 2556 1059 per
2583 1005 2645 1044 ea
2677 986 2812 1044 ﬁdes
2870 1005 2978 1045 non
3028 990 3280 1060 impetret
3311 1008 3326 1056 ;
3376 989 3512 1046 nihil

1917 1073 2060 1146 quod
2089 1074 2271 1130 divina
2301 1075 2470 1131 virtus
2493 1076 2833 1148 perﬁciendo
2887 1093 2997 1134 non
3053 1077 3307 1149 explicet.
3371 1077 3506 1134 Cum

1915 1161 2156 1232 pretiosa
2177 1162 2231 1216 in
2252 1178 2390 1235 pace
2411 1164 2763 1236 requiescunt
2779 1173 3007 1231 somata,
3033 1165 3086 1220 in
3106 1173 3326 1221 aeternae
3355 1165 3508 1239 quie-

1915 1249 1986 1305 tis
2015 1266 2128 1304 sure
2155 1251 2275 1306 sinu
2301 1267 2436 1324 quas
2467 1251 2831 1325 inquietantur
2862 1261 2918 1310 et
2966 1253 3320 1321 devocantur,
3372 1270 3506 1310 san-

1916 1347 2126 1394 ctorum
2155 1339 2366 1404 animae,
2393 1356 2491 1412 per
2509 1341 2776 1409 invocata,
2793 1356 2916 1398 cum
2935 1341 3125 1398 cordis
3160 1341 3501 1410 contritione,

1916 1427 2156 1482 nomina.
2190 1428 2344 1484 Unde
2375 1431 2525 1497 (170)
2558 1428 2774 1485 cuidam
2825 1430 3038 1485 eximia:
3087 1431 3393 1486 sanctitatis
3431 1431 3508 1487 ie-

1914 1516 2142 1580 rarchse,
2176 1515 2230 1569 in
2251 1516 2501 1572 oratione
2531 1518 2872 1588 pernoctanti
2902 1533 3037 1574 cura
3067 1518 3344 1590 pervigili,
3398 1535 3504 1590 pro

1913 1603 2227 1659 liberatione
2252 1604 2354 1658 sibi
2383 1605 2575 1660 crediti
2603 1605 2794 1677 gregis
2818 1606 3108 1671 Dominici,
3131 1607 3337 1662 dictum
3377 1614 3502 1661 tan-

1913 1691 2037 1746 dem
2067 1700 2116 1746 et
2145 1692 2444 1762 apostolica
2474 1709 2604 1748 voce
2635 1694 2910 1750 amicabili
2943 1713 2954 1750 :
2993 1719 3014 1742 ιι
3069 1693 3210 1764 Quid
3267 1711 3368 1750 nos
3424 1695 3506 1750 in-

1912 1781 2145 1851 quietas,
2177 1781 2523 1836 sanctissime
2534 1782 2613 1836 vir
2631 1785 2658 1836 ?
2683 1781 3058 1854 Requiescunt
3076 1783 3320 1855 profecto
3341 1783 3503 1839 electi

1913 1868 2032 1934 Dei,
2064 1869 2192 1923 dum
2222 1885 2414 1924 eorum
2444 1870 2784 1925 resolvuntur
2811 1886 3078 1942 corpora:
3115 1872 3270 1944 quasi
3291 1872 3503 1944 inquie-

1911 1957 2008 2012 tari
2040 1957 2308 2024 videntur,
2342 1958 2470 2013 dum
2491 1957 2544 2013 in
2559 1959 2818 2014 auxilium
2839 1965 3146 2032 opportune
3188 1961 3500 2032 importune

1910 2047 2238 2102 invocantur
2253 2062 2353 2118 per
2371 2048 2612 2102 nomina.
2641 2049 3031 2119 lnquietantur,
3051 2049 3195 2116 dico,
3219 2064 3328 2105 non
3350 2050 3498 2121 quod

1911 2135 2106 2206 quietis
2136 2151 2247 2189 ante
2277 2135 2382 2189 ulla
2421 2135 2616 2190 damna
2663 2136 2952 2207 patiantur,
3002 2138 3101 2193 sed
3143 2137 3307 2210 quod,
3360 2137 3498 2194 sicut

1909 2232 2079 2288 sancti
2120 2233 2266 2301 (tit)
2299 2232 2504 2305 angeli,
2537 2248 2660 2290 cum
2690 2249 2909 2304 semper
2937 2234 3215 2299 assistant,
3242 2234 3378 2289 mitti
3408 2242 3496 2289 ta-

1907 2336 2032 2375 men
2063 2327 2386 2376 asseruntur
2417 2340 2432 2387 ;
2481 2320 2562 2378 sic
2590 2321 2688 2388 illi,
2719 2337 2844 2378 cum
2874 2331 3076 2378 aeterna
3105 2322 3291 2395 requie
3319 2330 3373 2378 et
3402 2321 3495 2376 di-

1907 2408 2018 2482 vini
2046 2407 2226 2465 vultus
2272 2409 2732 2481 contemplatione
2765 2409 3140 2481 pertruantur,
3191 2411 3262 2467 ad
3298 2410 3492 2468 confe-

1905 2497 2073 2553 renda
2095 2497 2332 2553 exterius
2385 2497 2600 2568 auxilia,
2662 2499 2945 2554 nominum
3001 2514 3221 2554 suorum
3277 2501 3495 2556 invoca-

1905 2585 2054 2642 tione
2109 2586 2419 2642 eliciuntur.
2483 2587 2551 2642 E‘t
2616 2602 2726 2642 non
2791 2587 2968 2642 solum
3006 2602 3134 2644 cum
3173 2588 3227 2644 in
3285 2587 3496 2644 caelesti

1905 2683 2139 2746 regnant
2153 2683 2204 2730 et
2220 2673 2455 2744 jubilant
2469 2675 2689 2746 palatio,
2715 2675 2813 2732 sed
2829 2675 2991 2732 etiam
3009 2691 3130 2733 cum
3152 2676 3208 2732 in
3227 2677 3338 2734 hac
3353 2691 3494 2732 mor-

1904 2763 2111 2819 talitate
2128 2762 2580 2836 peregrinantur
2598 2782 2633 2820 a
2651 2767 2884 2822 Domino
2909 2766 2958 2833 (Ι
2971 2767 2998 2821 I
3015 2767 3144 2822 Cor.
3173 2781 3229 2834 v,
3254 2767 3328 2836 6),
3352 2781 3494 2836 prte-

1904 2852 2144 2934 sentiora
2171 2869 2333 2924 quam
2362 2868 2615 2924 corpora,
2649 2862 2841 2910 sancta
2869 2855 3232 2910 suntnomina
3258 2854 3313 2909 in
3342 2854 3493 2910 omni

1903 2940 2197 2996 tentatione
2256 2956 2324 2998 ac
2377 2941 2640 3012 periculo.
2687 2942 2922 2998 Sanctus
2975 2951 3288 3000 sanctorum
3341 2944 3495 3000 Deus

1903 3037 2107 3084 aeterna
2128 3045 2225 3084 sua
2253 3029 2613 3101 providentia,
2647 3036 2775 3086 ante
2804 3031 2990 3086 mundi
3022 3032 3490 3101 constitutionem,

1899 3133 1965 3174 ac
1991 3126 2261 3184 ornatum,
2315 3118 2639 3174 immutabili
2693 3119 3076 3191 praeordinavit
3129 3128 3183 3176 et
3227 3121 3498 3193 disposuit

1901 3206 2187 3272 sententia,
2221 3214 2296 3274 ut,
2329 3215 2531 3280 quanto
2560 3209 2764 3278 majora
2793 3207 3210 3279 prmelectorum
3258 3215 3315 3265 et.
3349 3225 3494 3280 prai-

1823 3265 1870 3326 C
1898 3265 2294 3352 destinatorum
2337 3265 2586 3368 reliquiae
2639 3265 2740 3367 per
2793 3265 3014 3368 spiritus
3072 3313 3204 3354 suos
3258 3265 3488 3368 possent

1900 3383 2115 3441 eﬂicere
2147 3384 2429 3450 miracula,
2462 3391 2616 3441 tanto
2646 3385 2993 3456 pmclariora
3017 3393 3392 3457 perpetrarent
3438 3394 3494 3444 et

1900 3473 2138 3538 nomina,
2163 3481 2612 3544 etpermanerent
2630 3489 2738 3528 non
2759 3474 3157 3546 permanentia,
3171 3482 3225 3533 et
3242 3474 3492 3532 absentia

1900 3562 2104 3635 ubique
2133 3571 2320 3619 essent
2356 3563 2671 3636 praesentia.
2716 3587 2738 3610 η

2449 3716 2847 3775 CAPITULUM
2877 3715 2948 3774 II.

2517 3834 2595 3889 De
2634 3833 2866 3890 umbris.

1968 3944 2104 4000 Cum
2133 3952 2315 4003 autem
2341 3945 2541 4003 divinae
2571 3945 2780 4003 virtutis
2799 3945 3121 4004 excellentia
3151 3946 3270 4004 sine
3298 3954 3490 4004 trans-

1896 4033 2063 4090 itione
2092 4035 2433 4090 transeuntia
2461 4035 2703 4102 nomina,
2734 4043 2881 4092 tanta
2923 4035 3127 4109 ubique
3182 4036 3492 4094 accumulat

1897 4127 1955 4178 et
1984 4122 2270 4178 comitetur
2322 4123 2518 4196 gloria,
2572 4124 2830 4180 nimirum
2885 4124 2940 4180 in
2998 4125 3222 4181 umbras
3272 4141 3492 4199 quoque

1895 4226 2204 4282 corporum,
2236 4213 2335 4268 sed
2363 4212 2420 4268 in
2450 4212 2606 4268 uberi
2630 4213 2958 4270 transfundit
2995 4213 3389 4282 misericordia,
3436 4221 3492 4271 et

1895 4300 2106 4372 ingenti
2134 4309 2357 4370 stupore
2387 4301 2614 4357 attonita
2639 4302 2888 4374 percellit
2903 4303 3214 4359 mortalium
3234 4313 3484 4377 pectora.

1895 4389 1955 4441 In
1986 4387 2180 4459 plateis
2210 4387 2410 4459 quippe
2441 4388 2567 4444 olim
2603 4391 2963 4461 ponebantur
3001 4393 3241 4462 inﬁrmi,
3277 4398 3342 4450 ut
3398 4410 3488 4450 ve-

1894 4477 2089 4532 niente
2119 4479 2506 4549 apostolorum
2532 4477 2816 4552 principe,
2847 4497 2910 4537 ac
2922 4481 3164 4554 quolibet
3183 4481 3488 4538 sanctitatis

1894 4567 2010 4634 ejus
2031 4581 2155 4621 com
2164 4568 2402 4635 pare,sal
2409 4571 2518 4622 tem
2531 4567 2734 4623 umbra
2753 4568 2917 4624 illius
2931 4571 3286 4627 obumbraret
3299 4587 3489 4643 quem-

192 4622 389 4707 adsuut
415 4659 468 4706 et
496 4649 697 4704 affatim
715 4622 975 4722 prosunt,
1003 4622 1454 4724 quandocumque
1485 4659 1536 4706 et
1555 4651 1781 4707 ubicun-
1809 4622 1859 4682 D
1889 4622 2057 4726 quam
2077 4622 2332 4718 illorum,
2351 4659 2407 4710 et
2426 4656 2809 4711 liberarentur
2827 4659 2895 4713 ab
2909 4622 3348 4715 ἐπῆν·γηὶωιὶὺῶ
3367 4661 3486 4717 suis

195 4756 318 4812 que,
352 4741 655 4795 secundum
685 4740 847 4794 fidem
880 4741 1332 4809 promerentium,
1385 4755 1618 4796 necesse
1665 4749 1771 4795 est.

194 4834 316 4889 Non
345 4835 543 4906 ubique
573 4834 877 4890 circumferi
908 4834 1174 4905 praeclare
1205 4843 1434 4904 possunt
1464 4843 1517 4890 et
1544 4836 1780 4907 dignan-

194 4932 278 4978 tur
304 4923 584 4994 reliquiaz;
619 4924 717 4978 sed
747 4923 967 4978 nomina
996 4923 1051 4976 in
1075 4923 1224 4978 omni
1252 4923 1453 4994 ubique
1483 4925 1783 4980 necessitu-

193 5012 335 5078 dine,
367 5014 508 5068 nltro
539 5012 860 5084 ingeruntur
897 5015 1144 5067 contritas
1191 5028 1253 5067 ac
1301 5011 1509 5068 atllictm
1553 5013 1771 5068 animm.

193 5100 301 5156 Illae
331 5101 398 5156 de
426 5101 547 5157 loco
576 5101 643 5155 ad
675 5101 875 5166 locum,
909 5101 1015 5155 nisi
1065 5101 1390 5168 minutatim,
1443 5118 1552 5157 non
1602 5110 1780 5158 trans-

230 5279 373 5347 (1⁵70)
395 5277 623 5351 Cuidam
639 5276 913 5351 ierarcha:
930 5278 990 5351 in
1005 5293 1100 5332 ora
1111 5279 1261 5333 tione
1273 5280 1654 5351 pernoctanti.
1665 5279 1784 5334 Fuit

191 5351 279 5405 hic
307 5359 526 5403 sanctus
585 5349 882 5422 Servatius,
937 5349 1285 5419 Tuugrensis
1317 5354 1626 5420 episcopus.
1683 5351 1781 5422 qui

193 5423 374 5475 Romae
393 5423 463 5473 ad
508 5419 823 5492 sepulcrum
874 5425 1246 5492 apostolorum
1306 5419 1659 5492 pernoctans,
1703 5419 1781 5475 ab

194 5494 310 5562 ipso
339 5491 720 5562 apostolorum
728 5489 986 5562 priricipe
1015 5491 1132 5562 hoc
1158 5489 1500 5562 responsum
1549 5493 1778 5562 accepit,

195 5558 334 5633 quod
364 5558 456 5634 hic,
485 5562 652 5614 refert
680 5558 1014 5634 Thigfridns.
1077 5559 1208 5634 Yide
1257 5558 1780 5634 Harigerum,abba-

195 5629 297 5687 tem
329 5633 674 5697 Lobiensem,
708 5629 848 5704 in_S.
879 5630 1109 5704 Ser_vatii
1143 5631 1282 5699 Vita,
1337 5629 1483 5704 apud
1533 5635 1781 5704 Chapea-

194 5704 394 5771 villum,
426 5711 557 5757 tom.
590 5704 632 5767 Ι,
665 5705 721 5755 et
750 5700 926 5771 Greg.
964 5701 1354 5773 Turonensem,
1375 5700 1478 5760 lib.
1511 5721 1547 5759 ιι
1579 5700 1776 5762 Ηιὲιοιο.

197 5775 420 5840 Franc.,
447 5791 501 5829 c.
541 5777 598 5827 5.

230 5848 313 5917 (17
327 5851 340 5900 t
355 5851 373 5914 )
388 5845 586 5917 Angeti
610 5859 741 5917 cum
759 5847 1278 5917 semperassistant,
1306 5849 1468 5904 mitti
1487 5853 1678 5917 tamen
1693 5865 1780 5904 as-

197 5913 632 5976 serunturIVere
648 5913 964 5981 mittuntur;
981 5930 1160 5986 neque
1179 5915 1235 5971 id
1255 5926 1423 5991 negat
1449 5916 1778 5989 Thiofridus,

1891 4744 2039 4810 (Act.
2072 4759 2125 4810 ν,
2163 4743 2272 4812 15),
2299 4748 2365 4799 ut
2391 4743 2686 4816 gloriosior
2715 4753 2768 4800 et
2805 4747 3127 4803 mirabilior
3158 4748 3486 4819 praedicetur

1889 4832 2036 4887 Deus
2056 4833 2118 4886 in
2146 4833 2360 4887 sanctis
2379 4833 2497 4888 suis
2528 4835 2706 4902 (Psal.
2738 4849 2909 4900 vau,
2941 4838 3053 4902 36).
3086 4837 3155 4890 Et
3183 4837 3312 4907 quid
3363 4844 3473 4893 tam

1888 4919 2213 4990 gloriosum,
2274 4920 2404 4991 quid
2461 4928 2572 4975 tam
2629 4921 2900 4990 mirabile,
2930 4939 3093 4995 quam
3149 4923 3297 4995 quod
3353 4941 3480 4980 um-

1890 5008 2007 5073 bra,
2041 5025 2161 5080 quae
2190 5023 2299 5063 non
2322 5015 2406 5064 est
2452 5010 2865 5065 substantialier
2915 5011 2984 5067 de
3049 5027 3298 5084 corpore,
3329 5012 3484 5085 fugat

1889 5112 2105 5152 omnem
2137 5097 2426 5153 adversam
2473 5098 2842 5155 valetudinem
2881 5099 2952 5156 de
2991 5116 3229 5173 corpore
3272 5104 3420 5174 (172)
3449 5108 3478 5161 ?

1888 5274 1984 5329 sed
2003 5274 2084 5330 sic
2105 5274 2433 5345 mittinegat,
2459 5278 2514 5330 ut
2535 5290 2642 5330 non
2664 5275 2946 5332 assistant.
2963 5277 3079 5334 Hoc
3097 5279 3362 5336 assistere
3391 5287 3477 5336 est

1889 5347 2031 5424 quod
2055 5346 2182 5424 dicit
2205 5347 2531 5424 angelorum
2554 5348 2834 5424 Dominus,
2884 5364 3105 5422 semper
3159 5351 3345 5407 videre
3385 5355 3476 5424 fa-

1888 5419 2034 5472 ciem
2057 5419 2243 5472 Patris
2266 5418 2487 5481 (Matth.
2522 5433 2680 5484 xviii,
2714 5421 2824 5488 10).

1961 5488 2112 5556 (Hi)
2135 5490 2206 5543 De
2228 5493 2420 5544 monte
2447 5490 2725 5544 umbroso.
2777 5491 2838 5543 lu
2889 5490 3058 5546 nobili
3113 5490 3208 5548 illo
3261 5492 3477 5552 cantico

1890 5559 2114 5624 (Habac.
2145 5575 2222 5622 Ill,
2255 5565 2308 5626 3)
2340 5559 2602 5628 scriptum
2631 5567 2717 5614 est
2740 5561 2919 5623 ;Deus
2937 5563 3005 5618 ab
3023 5564 3228 5620 Austro
3265 5566 3478 5630 veniet,

1889 5633 1945 5684 et
1967 5633 2202 5684 sanctus
2222 5630 2288 5685 de
2307 5634 2498 5686 monte
2511 5630 2741 5686 I’ltaran
2758 5647 2883 5686 Lxx.
2902 5631 3109 5690 Gracir
3129 5633 3473 5692 eddiderunt:

1986 5700 2130 5780 ἅγιος
2158 5699 2208 5770 ἐξ
2235 5701 2388 5783 ὄρους
2414 5702 2727 5770 κατασκίους
2759 5701 2960 5778 δασέος,
2987 5713 3043 5768 id
3090 5721 3192 5779 est,
3236 5717 3481 5772 Sanctus

1889 5781 1955 5837 de
1981 5787 2174 5858 monte
2203 5781 2495 5858 umbrosq,_
2513 5785 2812 5858 condenso.
2841 5785 2932 5858 §ic
2961 5785 3122 5840 etiam
3141 5785 3208 5858 S.
3241 5785 3477 5858 Gregor.

1888 5870 2065 5927 xxxiii
2076 5894 2089 5908 .
2128 5854 2266 5927 Mor.
2286 5869 2335 5909 c.
2357 5855 2422 5927 1.Δ
2441 5855 2502 5909 Id
2529 5854 2808 5927 significat
2838 5857 3074 5922 Pharan,
3107 5855 3223 5912 sive
3242 5854 3482 5912 deducas

1891 5938 1926 5979 a
1953 5924 2136 5981 radice
2164 5925 2353 5982 Phara
2381 5924 2498 5984 sive
2539 5941 2570 5983 a
2587 5924 2609 5927 ⁷
2625 5927 2873 5997 Pharah,
2933 5942 3158 6000 quorum
3185 5933 3480 5998 utrumque
