3882 6448
450 417 551 488 m‘
1310 417 1315 418 ί
1434 421 1803 483 ratorum!
1839 421 2130 483 seems
2167 421 2746 481 EFTERNACENSIS
3657 423 3771 478 πε

445 558 522 613 De
550 535 748 613 monte
783 556 1044 612 umbroso
1089 552 1240 610 venit
1294 551 1443 622 (173)
1499 566 1658 607 mons
1715 549 2042 607 fortitudinis
2071 549 2125 612 Α
2153 552 2272 620 ejus
2302 551 2482 607 fervor
2512 557 2566 606 et
2615 551 2875 622 splendor
2929 551 3248 606 sudantibus
3294 557 3346 604 et
3401 547 3768 620 lippientibus

448 655 638 724 (Deut.
657 667 833 718 xxx",
855 656 887 707 9.
915 653 1150 722 ;Ilabac.
1175 663 1254 712 tu,
1275 648 1352 714 3),
1377 649 1540 712 cuius
1569 651 1754 704 matri
1793 649 2041 722 Spiritus
2149 639 2458 696 declinatur
2485 648 2537 696 et
2567 649 2896 712 temperetur
2926 662 2941 708 ς
2975 649 3028 698 et
3075 638 3326 695 dissimili
3377 637 3765 702 similitudine,

451 746 688 798 sanctus
719 741 1064 798 obumbravit
1096 741 1156 795 in
1189 739 1402 794 virtute
1432 738 1586 806 (Luc.
1639 753 1680 803 ι,
1741 737 1832 807 35)
1865 753 1880 808 ;
1939 736 2043 792 sub

452 831 607 901 cujus
637 829 998 902 protectionis
1027 827 1220 883 umbra
1276 825 1454 881 omnis
1510 833 1695 880 sancta
1749 825 2045 898 requiescit

453 927 726 1000 anima,'et
756 926 841 983 cui
873 925 924 980 in
959 923 1191 980 Canticis
1212 922 1546 980 canticorum
1577 923 1718 978 canit
1768 931 1947 979 mater
1994 931 2047 979 et

456 1023 659 1090 sponsa
688 1014 936 1071 Ecclesia
959 1014 1108 1083 (171)
1135 1031 1147 1067 :
1175 1013 1235 1069 In
1259 1013 1455 1068 umbra
1482 1013 1622 1084 ejus,
1647 1029 1814 1085 quem
1839 1011 2048 1068 deside-

455 1108 713 1161 ‘ravcra'm
727 1103 848 1158 sedi
865 1103 1056 1172 (Cant.
1081 1103 1224 1172 11,3).
1248 1101 1379 1154 Post
1400 1101 1588 1172 prima:
1610 1101 1810 1173 quippe
1831 1117 2049 1172 praeva-

457 1192 734 1250 ricationis
763 1190 978 1264 culpam
1003 1191 1166 1259 (175),
1201 1189 1304 1244 sub
1336 1185 1421 1244 ﬁci
1453 1190 1724 1256 umbram,
1775 1189 2049 1262 praevari-

458 1301 626 1359 cator,
661 1290 766 1344 heu
794 1289 807 1342 l
842 1285 979 1363 fugit
1007 1287 1198 1351 Adam,
1234 1287 1331 1342 sed
1363 1286 1438 1340 ibi
1470 1303 1576 1342 non
1610 1290 1720 1341 tam
1752 1285 2048 1358 protectus,

459 1394 623 1454 quam
651 1377 919 1444 detectus,
951 1393 1172 1432 omnem
1202 1375 1566 1448 posteritatem
1601 1391 1760 1430 suam
1805 1376 1951 1446 (176)
1997 1375 2054 1430 in

458 1475 653 1536 mortis
717 1473 1051 1546 transposuit
1112 1472 1366 1530 umbram
1406 1514 1420 1529 .
1493 1475 1565 1528 At
1620 1475 1944 1546 propitiator
2002 1481 2056 1530 et

459 1563 874 1638 propitiatorum
918 1562 1134 1634 mystici
1165 1562 1498 1618 tabernaculi
1547 1563 1818 1620 secundus
1855 1563 2054 1630 Adam,

463 1653 554 1728 qui
579 1661 1020 1724 trangressorem
1051 1651 1326 1721 reparavit
1343 1650 1537 1718 Adam,
1571 1651 1778 1706 idcirco
1798 1651 2058 1708 habitan-

465 1751 612 1808 tibus
642 1751 706 1806 in
734 1751 961 1820 regione
980 1749 1192 1806 umbra:
1210 1749 1408 1804 mortis
1427 1749 1557 1810 (lsa.
1582 1765 1655 1815 ix,
1680 1751 1713 1804 2
1737 1767 1750 1812 ;
1775 1747 2056 1814 Μαιηων,

468 1839 581 1910 16),
620 1837 827 1894 infulsit
865 1835 1125 1908 splendor
1177 1835 1318 1892 lucis
1371 1844 1636 1902 eterna);
1693 1844 1752 1892 ut
1807 1837 2060 1892 umbram

467 1926 792 1985 excluderet
817 1925 1163 1996 sempiterna:
1191 1925 1441 1980 veritatis
1461 1925 1700 1995 claritas,
1730 1932 1784 1980 et
1812 1941 1920 1980 non
1953 1933 2006 1982 ta

467 2039 722 2096 corpora,
755 2039 913 2096 quam
941 2024 1167 2080 umbras
1194 2038 1506 2092 corporum,
1528 2024 1750 2095 corpori
1775 2024 2069 2080 claritatis

475 2131 591 2174 suae
603 2112 1143 2184 conﬂgurandomm
1162 2113 1312 2181 (Phil
1320 2112 1516 2180 .ιιι,21)
1537 2127 1634 2182 per
1651 2111 2068 2170 clarificatoruni

478 2201 766 2275 spirituum
795 2201 1007 2270 merita,
1030 2200 1206 2256 omnis
1227 2200 1574 2258 comitaretur
1593 2201 1832 2267 sanitas;
1865 2210 1915 2257 et
1945 2217 2067 2258 cum

475 2299 776 2358 secundum
794 2297 1084 2370 quemdam
1114 2296 1366 2368 practice:
1386 2296 1749 2367 professorem
1770 2296 2072 2367 disciplina:

479 2386 838 2445 occidentalis
865 2384 1118 2442 difﬁnitio
1148 2385 1215 2440 sit
1244 2385 1451 2442 umbrae
1483 2404 1499 2451 ;
1531 2386 1720 2440 umbra
1772 2393 1852 2442 est
1905 2402 2071 2457 supra

479 2476 747 2548 spoliatus
771 2473 978 2530 lumine
1010 2489 1108 2529 aer
1141 2492 1156 2536 ;
1187 2490 1287 2545 per
1319 2473 1648 2534 contrarium
1669 2475 1876 2532 umbrae
1894 2489 2075 2532 soma-

483 2582 598 2631 tum
627 2571 746 2628 veri
771 2571 906 2631 solis
934 2571 1332 2628 illustratorum
1357 2571 1555 2639 jubere
1581 2572 1752 2642 (177),
1803 2587 1903 2642 per
1947 2587 2074 2628 suas

481 2661 708 2720 cutibus
751 2667 807 2718 et
859 2659 1228 2716 lucidissimas
1281 2659 1508 2725 animas,
1568 2659 1872 2730 spoliarent
1925 2661 2074 2716 omni

481 2750 688 2808 ditione
717 2765 818 2806 sua
845 2756 1142 2820 potestates
1172 2747 1372 2815 aerias,
1403 2757 1455 2804 et
1485 2748 1822 2806 illustrarent
1845 2757 1900 2806 et
1917 2764 2076 2806 amo-

481 2855 678 2904 verant
703 2847 953 2902 humana:
978 2845 1306 2902 calamitatis
1341 2847 1622 2902 tenebras.
1672 2847 1734 2902 In
1782 2847 1975 2903 umbra
2023 2854 2076 2902 et

479 2937 720 3008 caligine
751 2948 984 3006 sponsus
1014 2933 1324 2999 babitat,ibi
1342 2934 1470 2990 dum
1487 2936 2076 2994 inclinantur-umbra

477 3025 674 3097 (Cant,
705 3039 784 3093 iv,
816 3024 893 3096 6),
925 3038 1182 3094 sponsam
1213 3023 1284 3078 ad
1310 3039 1372 3080 se
1417 3034 1640 3080 evocat.
1697 3025 1886 3082 Merito
1941 3042 2076 3099 ergo

479 3122 728 3178 umbram
755 3120 984 3176 ﬁliorum
1017 3133 1236 3189 sponsae
1265 3135 1377 3175 sum
1406 3119 1690 3192 glorificat,
1723 3130 1775 3177 et
1818 3133 2076 3194 quantam

469 3218 686 3268 sancta:
707 3223 903 3264 manus
921 3224 1036 3264 sum
1056 3208 1348 3273 contactui,
1369 3216 1570 3263 tantam
1583 3209 1694 3266 imo
1713 3211 2077 3284 gloriosorem

470 3299 814 3357 curationum
842 3297 1078 3370 gratiam
1099 3296 1434 3368 imaginaria;
1471 3299 1682 3354 umbrae
1717 3302 2062 3358 commodat.

469 3396 540 3452 Et
569 3396 705 3452 sicut
723 3395 934 3450 laetatus
951 3401 1004 3450 et
1026 3395 1341 3450 delectatus
1356 3399 1442 3450 est
1461 3403 1624 3466 typus
1646 3397 1862 3452 Domini
1877 3400 2068 3467 Jonas,

467 3499 640 3558 super
659 3484 1140 3541 obumbrationem
1164 3485 1314 3550 (178)
1331 3484 1569 3540 hedera.-
1585 3487 1847 3556 (Jonaztv,
1872 3488 1929 3558 6)
1951 3501 2071 3562 quae

463 3574 710 3647 judaeam
736 3571 1008 3645 signiﬁcat
1027 3571 1210 3644 typice
1233 3589 1248 3635 ;
1271 3571 1360 3627 Sic
1379 3574 1598 3640 anima,
1622 3591 1751 3647 qua'
1770 3578 2069 3632 secundum

467 3662 770 3718 Jeremiam
803 3663 988 3717 tristis
1018 3665 1103 3718 est
1133 3677 1308 3734 super
1336 3665 1754 3734 magnitudine,
1778 3670 1834 3721 et
1855 3667 2070 3722 incedit

463 3768 606 3808 cura
635 3755 691 3806 et
723 3751 923 3820 inﬁma
953 3749 1218 3818 (Baruch.
1251 3764 1310 3814 ii,
1359 3751 1464 3820 t8),
1512 3751 1815 3809 laetiticatur
1860 3757 2070 3811 umbrze

465 3839 788 3896 sanctiticati
821 3839 1048 3893 somatis
1069 3845 1314 3908 protecta
1357 3838 1752 3911 defensamine,
1804 3851 1856 3898 et
1911 3851 2072 3899 curat

464 3925 856 3996 medicamine.
890 3926 952 3982 In
990 3923 1446 3983 'obumbrationis
1487 3927 1789 3999 obtentum,
1848 3930 2070 4003 aliquod

464 4021 1192 4104 materinle.instrum¢ntum
1233 4019 1365 4078 solis
1413 4021 1584 4080 radiis
1627 4024 1918 4096 opponitur
1950 4040 1964 4096 ς
2010 4035 2073 4086 ιη

465 4200 614 4265 yalet
640 4199 1314 4272 fructi/iceracrescerc:
1329 4198 1472 4272 unde
1492 4207 1548 4256 et
1578 4203 1876 4262 condensis
1901 4206 2070 4264 arbo-

473 4296 586 4355 res,
641 4269 732 4336 aut
769 4269 1015 4355 arbusta.
1063 4287 1118 4336 et
1169 4270 1232 4330 τὸ
1281 4269 1504 4355 σκιερόν.
1543 4283 1696 4338 Hunc
1751 4285 2071 4344 umbrosum

473 4347 746 4428 montem,
861 4347 1146 4428 ‘Yirginem
1179 4347 1413 4428 matrem
1434 4353 1818 4428 interpretatur
1840 4357 2074 4414 Tbiol‘ri-

475 4423 759 4494 dustcum
785 4420 1073 4494 Euthymio
1103 4429 1157 4494 et
1183 4420 1610 4494 Tlieophylacto.

545 4493 698 4562 (173)
715 4493 866 4547 Mons
881 4493 1265 4562 fortitudinis.
1289 4493 1379 4549 Sic
1400 4493 1557 4549 vocat
1585 4495 1850 4552 Christum
1883 4499 2076 4554 Domi-

477 4579 630 4628 num,
653 4561 817 4635 quem
856 4561 1014 4616 multi
1045 4564 1229 4635 Patres
1257 4569 1508 4620 montem
1536 4575 1759 4621 vocant.
1810 4570 1878 4622 Et
1932 4581 2076 4626 certe

474 4634 806 4720 nega‘ri’non
835 4643 1012 4704 potest
1038 4634 1168 4704 quin
1199 4635 1446 4719 Christus
1485 4637 1556 4691 sit
1611 4639 1757 4710 lapis
1812 4641 1924 4706 ille,
1983 4643 2077 4714 qui

479 4705 733 4762 abscisus
754 4709 838 4761 est
857 4703 925 4761 de
965 4710 1154 4784 monte
1185 4723 1308 4784 sine
1344 4708 1624 4784 manibus,
1657 4713 1714 4764 et
1748 4713 1944 4784 factus
1991 4719 2076 4768 est

477 4791 636 4854 mons
659 4783 978 4854 magnusmt
999 4775 1251 4854 impleuit
1267 4749 2078 4854 universani'terrdmv(l.):inriel

479 4863 540 4917 lt,
577 4850 664 4916 34,
697 4851 808 4919 35).
859 4849 1024 4919 Hune
1071 4848 1179 4902 non
1233 4848 1506 4904 immerito
1559 4848 1876 4906 Thiofridus
1923 4863 2080 4909 vocat

477 4924 729 4977 montem
747 4918 1160 4990 fortitudinis:
1193 4934 1324 4974 nam
1352 4921 1628 4990 quomodo
1654 4920 1730 4976 illi
1777 4923 1919 4978 desit
1958 4927 2076 4980 far-

479 4993 654 5050 titudo
683 4989 773 5062 qui
805 4997 888 5046 est
913 5003 1077 5062 mons
1109 4989 1384 5062 lapideus,
1419 4991 1529 5045 imo
1557 5008 1721 5062 mons
1751 4995 1894 5062 lapis
1927 4999 1951 5050 .9

549 5059 787 5135 (17i)'ln
804 5059 1004 5135 umbra
1027 5059 1379 5135 ejus,_qu_am_
1413 5059 1885 5135 desideraverant,
1935 5068 2075 5122 sedi.

481 5131 584 5190 Per
602 5131 1154 5188 accommodationem
1170 5131 1237 5186 de
1258 5131 1541 5204 B.Virgine
1567 5135 1666 5189 lioc
1687 5131 1922 5204 exponit.
1940 5139 2079 5192 Nam

482 5209 566 5283 et“
568 5205 752 5260 Latine
782 5211 1088 5283 est,_quem,
1119 5211 1172 5283 et
1203 5205 1300 5283 gr.
1349 5211 1406 5283 et
1464 5205 1600 5259 l-leb.
1659 5209 2082 5283 pronomina_et

481 5274 661 5340 affixa,
693 5274 999 5332 masculina
1029 5282 1176 5328 sunt.
1208 5274 1290 5330 De
1348 5274 1452 5330 hoc
1499 5274 1671 5331 sensu
1694 5281 2083 5335 accommoda-

479 5346 598 5406 titio
625 5347 737 5404 dixi
764 5344 969 5417 aliquid
995 5345 1176 5401 obiter
1201 5345 1259 5400 in
1289 5347 1432 5400 notis
1459 5347 1529 5401 ad
1562 5352 1910 5416 prommium.

555 5419 702 5487 (175)
733 5417 841 5492 sub
868 5417 963 5484 ﬁci
994 5417 1293 5492 umbram.
1345 5417 1703 5492 Consueiunt
1754 5421 1898 5476 enim
1940 5424 2084 5492 folia

478 5487 641 5556 licus,
671 5491 728 5544 ct
749 5490 1024 5560 fecerunt
1051 5488 1156 5542 sibi
1170 5489 1518 5558 perizomata
1547 5489 1716 5558 (Gen.
1749 5507 1828 5558 Ill,
1861 5496 1938 5560 7).

555 5561 717 5635 (178)
735 5559 802 5613 In
829 5558 1400 5635 mortistransposuit
1419 5561 1700 5635 umbram.
1738 5558 1984 5635 Respicit
2011 5564 2084 5619 il-

487 5625 614 5686 lud:
647 5625 985 5700 “luminare
1023 5629 1112 5684 his
1137 5625 1238 5700 qui
1263 5632 1326 5686 in
1357 5631 1623 5698 tenebris,
1673 5638 1734 5688 et
1771 5625 2084 5693 ist-umbra

490 5703 690 5758 mortis
719 5699 914 5754 sedent
936 5700 1087 5764 (Luc.
1118 5699 1157 5764 ι,
1187 5703 1308 5766 79).

561 5772 710 5848 (177)
734 5773 840 5823 Per
857 5785 990 5824 suus
1006 5770 1222 5848 caelibes
1235 5774 1481 5828 animas.
1515 5773 1592 5828 Ita
1607 5775 1891 5848 elegant-er
1905 5786 2081 5848 vocat,

491 5855 612 5920 quae
634 5843 748 5920 jam
774 5846 1037 5920 nqgsunt
1064 5853 1193 5920 cum_
1203 5857 1452 5920 corpore
1481 5843 1772 5920 copulatm,
1813 5856 1868 5902 et
1923 5843 2082 5920 quasi

481 5908 826 5982 coniugatis.
843 5908 940 5976 Sic
965 5923 1134 5978 supra
1162 5908 1298 5966 dixit
1320 5908 1572 5982 corporis
1594 5923 1648 5974 et
1685 5908 1884 5978 mm
1921 5908 2086 5990 dy“-

2104 3265 2154 3331 C

2152 728 2198 783 sl
2257 736 2403 784 certe
2459 737 2512 784 et
2567 728 2943 786 indubitabilis
2997 729 3124 785 ﬁdei
3171 726 3470 799 spiritualis
3525 725 3767 781 materia

2151 826 2534 898 interponitur,
2566 843 2664 898 per
2695 827 3090 898 gratiam(t79)
3109 827 3178 882 de
3205 835 3414 880 summa
3455 839 3565 896 noy
3601 818 3766 890 (Νσῖὶ,

2153 916 2384 986 mentis)
2414 916 2465 970 in
2499 925 2744 973 sanctam
2773 917 3030 984 animam,
3065 915 3132 972 de
3161 915 3378 986 psychae
3419 913 3474 968 in
3521 922 3761 980 somata,

2155 1011 2223 1066 de
2251 1012 2571 1084 corporibus
2601 1022 2910 1072 manantem
2940 1013 2997 1069 in
3036 1012 3280 1068 umbram
3313 1029 3328 1078 ;
3378 1011 3540 1067 totius
3598 1010 3767 1066 iutir-

2157 1101 2364 1156 mitatis
2421 1100 2802 1172 intemperies,
2855 1118 2964 1159 non
3022 1110 3133 1158 tam
3192 1109 3538 1172 temperatur,
3590 1115 3764 1173 quam

2157 1190 2381 1245 omnino
2400 1188 2635 1263 effugata
2653 1191 3184 1249 excluditur.Umbra
3203 1190 3378 1245 lucem
3400 1196 3769 1259 repraesentat

2159 1285 2214 1334 et
2241 1278 2542 1346 veritatem,
2575 1279 2703 1334 dum
2733 1279 3082 1336 obumbratio
3113 1279 3428 1349 sospitatem
3483 1293 3580 1349 per
3626 1292 3768 1332 san-

2160 1365 2376 1424 ctiﬁcati
2405 1367 2632 1423 somatis
2663 1368 2840 1424 reddit
2867 1369 3229 1426 sanctitatem.

2695 1525 3090 1582 CAPITULUM
3122 1526 3215 1580 Ill.

2590 1615 2668 1670 De
2728 1617 2899 1686 virgis
2965 1619 3021 1670 et
3079 1614 3320 1670 baculis.

2238 1713 2306 1766 Et
2360 1727 2480 1767 cum
2547 1728 2644 1783 per
2707 1713 2931 1768 umbras
2987 1728 3302 1784 corporum,
3371 1713 3568 1778 omnia,
3641 1727 3771 1784 quae

2167 1800 2464 1855 secundum
2497 1801 2826 1857 voluntatem
2855 1801 3200 1872 praesidentis
3231 1802 3448 1867 summi,
3489 1808 3542 1855 et
3587 1801 3770 1856 incir-

2009 1889 2061 1980 ὦ
2093 1908 2144 1968 Β
2174 1889 2490 1960 cumscripti
2557 1889 2787 1961 Spiritus
2842 1891 3050 1958 volunt,
3109 1899 3418 1946 sanctorum
3471 1897 3772 1960 operentur

2169 1977 2388 2044 merita,
2457 1977 2787 2048 spirituum;
2845 1983 3063 2035 constat
3114 1979 3386 2044 nimirum,
3441 1978 3586 2050 quod
3655 1993 3772 2033 non

2175 2065 2451 2132 interiora,
2477 2066 2588 2122 imo
2615 2067 3000 2124 excellentiora
3053 2067 3234 2122 divina
3288 2066 3458 2122 virtus
3512 2075 3775 2138 operetur

2169 2171 2277 2227 per
2305 2171 2390 2221 ea,
2423 2172 2546 2226 quas
2573 2155 2788 2212 illorum
2807 2165 3128 2213 consecrata
3155 2162 3282 2212 sunt
3307 2172 3406 2210 usu
3435 2163 3489 2211 et
3517 2163 3775 2212 contactu

2175 2259 2457 2302 manuum.
2513 2246 2696 2316 .Virgw
2749 2247 3118 2316 amigdalinae
3175 2244 3352 2316 typicc
3401 2252 3522 2300 ante
3587 2243 3774 2317 legem

2177 2333 2558 2401 decorticatre,
2573 2342 2622 2390 et
2643 2336 2838 2407 posita:
2853 2337 2914 2390 in
2925 2335 3220 2391 canalibus
3239 2335 3396 2403 (Gen.
3418 2334 3773 2402 113,337.38),

2178 2423 2359 2480 varios
2398 2423 2556 2480 fmtus
2582 2423 2780 2494 typicis
2807 2423 3077 2480 dederunt
3102 2421 3411 2494 gregibus;
3447 2421 3596 2494 quod
3647 2421 3777 2477 licet

2179 2511 2490 2585 physiologi
2509 2512 2674 2567 rebus
2699 2511 3034 2567 naturalibus
3053 2531 3066 2578 ;
3091 2511 3428 2568 Ecclesiastes
3440 2510 3773 2582 philosophi,

2169 2601 2425 2672 mysticis
2463 2616 2634 2656 sacrm
2701 2600 2996 2672 Scriptum
3054 2601 3326 2656 ascribunt
3367 2600 3726 2656 intellectibus
3761 2613 3777 2667 ;

2181 2705 2285 2747 nos
2315 2698 2500 2744 tainun
2521 2689 2728 2746 idcirco
2749 2689 2804 2744 id
2833 2689 3176 2760 potissimum
3203 2697 3418 2762 gestum
3447 2704 3569 2744 esse
3597 2687 3781 2744 credi-

2181 2796 2324 2846 mus,
2351 2781 2493 2852 quod
2525 2787 2602 2834 tot
2630 2789 2683 2834 et
2709 2779 2878 2850 .tantis
2930 2779 3263 2850 patriarcha
3315 2777 3400 2834 sui
3452 2792 3780 2850 compassus

2183 2867 2480 2933 laboribus,
2549 2867 2628 2923 sic
2692 2867 2812 2938 geri
2876 2867 3258 2938 prmordinavit
3326 2865 3488 2922 totius
3565 2875 3779 2922 natura;

2187 2956 2464 3024 Conditor,
2485 2964 2536 3012 et
2559 2957 2839 3013 Dominus.
2863 2957 3006 3010 Deus
3027 2956 3173 3022 enin,
3197 2956 3287 3028 qui
3315 2955 3473 3025 juxta
3501 2953 3780 3011 Zacharia-

2187 3045 2494 3101 vaticinium
2516 3044 2665 3115 (180)
2687 3045 2995 3116 assumpsit
3017 3045 3122 3100 sibi
3143 3045 3282 3100 duas
3300 3046 3502 3116 virgas,
3528 3047 3582 3102 et
3599 3059 3781 3098 unam

2185 3135 2398 3192 vocavit
2430 3135 2684 3190 decorem
2714 3135 2978 3203 (lac/uir.
3015 3148 3094 3199 χι,
3127 3132 3182 3201 7)
3214 3132 3314 3188 sub
3357 3133 3472 3190 Noe
3531 3131 3780 3204 profecto

2186 3231 2490 3278 restaurato
2521 3223 2726 3278 mundo
2753 3223 3011 3278 decoram
3059 3221 3223 3278 totius
3271 3219 3518 3277 humanae
3573 3236 3782 3293 prepa-

2182 3312 2326 3384 ginis
2383 3312 2834 3377 universitatem;
2895 3316 2954 3367 et
2999 3311 3241 3366 alteram
3296 3310 3598 3384 appellavit
3627 3310 3781 3378 (181)

2177 3401 2507 3474 funiculum
2536 3400 2738 3472 (ibid),
2773 3399 3131 3456 Israeliticum
3190 3399 3438 3455 videlicet
3492 3398 3772 3471 populum,

2177 3489 2510 3562 peculiarem
2543 3505 2693 3544 suam
2723 3488 3112 3556 haereditatem,
3145 3496 3199 3544 et
3229 3499 3442 3545 creator
3468 3495 3520 3543 et
3563 3495 3772 3559 pastor,

2179 3583 2343 3652 cujus
2361 3593 2483 3634 oves
2493 3580 2737 3652 propria:
2751 3580 3063 3651 agnoscunt
3090 3579 3466 3646 voeem(.loun.
3499 3579 3677 3646 κη),
3713 3580 3775 3632 in

2177 3671 2337 3740 virga
2363 3669 2721 3739 ferra(Psal.
2769 3679 2828 3734 it,
2889 3667 2946 3737 9)
2997 3665 3294 3722 invincibili
3345 3665 3571 3736 imperio
3627 3665 3776 3736 pavit

2178 3772 2402 3828 gregem
2423 3773 2436 3818 ;
2457 3757 2626 3828 virgae
2645 3757 2825 3828 regni,
2845 3759 2903 3810 et
2916 3755 3376 3812 directionissua:
3403 3755 3574 3821 (Psal.
3612 3768 3770 3821 XLIV,

2177 3849 2230 3914 7)
2258 3845 2534 3911 virtutem,
2568 3844 2622 3898 in
2669 3842 3042 3900 sanctiﬁcatas
3096 3842 3384 3898 transfodit
3437 3842 3640 3914 virgas,
3702 3841 3773 3897 ob

2178 3941 2500 3990 sanctorum
2529 3947 2753 3990 suorum
2783 3934 3065 4002 honorem,
3109 3944 3174 3988 ac
3217 3931 3454 3988 ﬁdelium
3509 3930 3764 3986 salutem.

2178 4024 2378 4080 Notum
2407 4029 2490 4078 est
2517 4021 2634 4078 fere
2664 4022 2915 4078 omnibus
2953 4021 3235 4094 utriusque
3281 4018 3610 4076 Testamenti
3653 4027 3771 4076 stu-

2242 4221 2357 4260 um.

2175 4221 2401 4343 r2238)
2433 4274 2678 4340 Hedera,
2708 4289 2832 4346 qua
2856 4271 3114 4346 Iudaeam
3141 4269 3424 4343 signiﬁcat
3452 4270 3648 4342 typice.
3691 4268 3769 4326 Ita

2187 4347 2248 4404 S.
2289 4347 2536 4416 Augusti.
2569 4343 2728 4416 epist.
2757 4347 2845 4412 49,
2879 4361 2939 4415 q.
2977 4343 3036 4416 67.

2257 4412 2408 4486 (1⁸79)
2438 4417 2512 4472 De
2557 4412 2781 4471 summa
2823 4412 2949 4486 ηοξ).
3009 4413 3266 4486 Imperitu
3318 4427 3514 4486 manus
3569 4412 3765 4485 aliquid

2183 4483 2498 4558 corrupisse
2529 4488 2762 4550 videtur,
2795 4483 2936 4558 quod
2971 4483 3361 4558 sine’melioris
3390 4483 3515 4536 libri
3539 4497 3642 4558 ope
3662 4483 3764 4558 non

2197 4553 2659 4624 tento'corrigere.
2687 4553 2964 4613 Sententia
3017 4565 3120 4620 est,
3169 4556 3417 4624 gratiam.
3471 4553 3587 4624 qua
3620 4553 3767 4610 inﬁr-

2105 4627 2158 4690 Ι)
2188 4631 2402 4686 mitates
2431 4629 2814 4695 excluduntur,
2847 4643 2879 4681 a
2902 4642 3120 4682 summa
3147 4634 3327 4680 mente
3346 4628 3468 4696 (qua
3501 4626 3647 4680 Deus
3667 4632 3765 4692 est)

2187 4717 2408 4756 manare
2433 4700 2482 4754 in
2515 4699 2767 4761 animam,
2801 4697 2870 4752 ab
2899 4698 3080 4752 anima
3110 4698 3162 4751 in
3195 4712 3411 4766 corpus,
3459 4710 3492 4750 a
3543 4712 3764 4766 corpore

2187 4773 2422 4843 denique
2451 4771 2506 4825 in
2523 4773 2800 4826 umbram.
2820 4768 2875 4824 Si
2892 4769 3067 4834 liceat,
3100 4767 3430 4838 scripserim.
3458 4767 3531 4823 De
3549 4783 3755 4822 summa

2188 4845 2301 4917 Νῶ,
2328 4851 2526 4907 locutio
2554 4851 2694 4905 dura
2723 4857 2832 4904 est.

2259 4927 2408 4993 (180)
2447 4924 2766 4994 ᾼεειιτηρεὶι
2793 4921 2909 4994 sibi
2937 4919 3082 4994 duas
3111 4920 3316 4994 virgas.
3349 4919 3458 4994 Has
3487 4917 3664 4990 virgas
3691 4918 3765 4972 sic

2189 4990 2422 5066 explicat
2453 4993 2517 5048 S.
2550 4990 2862 5066 Hieronym.
2897 4992 3026 5066 Issi.
3056 5005 3148 5044 ιιν
3176 5002 3234 5045 et
3263 4990 3484 5066 Zacliar.
3519 5005 3604 5066 at.

2260 5062 2410 5135 (181)
2434 5062 2773 5122 Funiculum
2794 5063 3142 5135 peculiarem
3170 5078 3332 5135 suam
3355 5062 3751 5135 hrereditatem.

2191 5133 2305 5192 Hec
2335 5133 2397 5191 ex
2429 5151 2528 5188 usu
2561 5133 2860 5205 Scriptura:
2907 5133 3052 5196 dicit,
3099 5149 3220 5204 quae
3262 5133 3650 5205 hereditatem,
3677 5139 3761 5205 aut

2189 5208 2595 5279 possessionem
2615 5201 2944 5276 funiculum
2965 5213 3056 5258 aut
3073 5201 3273 5279 funem
3293 5201 3764 5279 vocat.Yocation_is

2183 5272 2330 5335 ratio
2359 5295 2422 5332 ex
2455 5277 2561 5333 ritu
2589 5272 2898 5332 Iudaeorum
2929 5284 3030 5340 est,
3073 5272 3167 5344 'qui
3220 5290 3404 5346 agros,
3461 5273 3506 5346 si
3561 5272 3763 5346 quando

2191 5351 2580 5412 dividerentur,
2629 5347 2884 5403 funiculis
2941 5343 3329 5402 metiebantur.
3396 5345 3545 5400 Unde
3581 5343 3759 5398 illud:

2194 5425 2378 5478 Funes
2387 5420 2714 5477 ceciderunt
2737 5419 2879 5474 mihi
2898 5419 2962 5473 in
2979 5418 3299 5489 praeclaris,
3329 5416 3541 5489 psalmo
3560 5413 3760 5489 decimo

2195 5495 2407 5564 quinto,
2451 5507 2630 5564 versu
2685 5485 3048 5564 sexto.”be
3105 5485 3379 5564 explicans
3420 5487 3544 5558 quid
3576 5559 3586 5564 _
3615 5485 3754 5564 ve_l_it_,

2191 5556 2344 5619 a'ddit
2375 5556 2401 5618 :7
2440 5563 2666 5618 Etenim
2706 5561 3006 5617 hiereditas
3029 5575 3157 5614 mea
3180 5556 3469 5630 praeclara
3501 5559 3588 5612 est
3610 5556 3760 5630 mihi.

2193 5637 2350 5692 Unde
2375 5635 2502 5689 alibi
2521 5635 2636 5704 ipse
2655 5633 2954 5701 funiculus
2973 5631 3171 5704 dicitur
3187 5627 3616 5704 distributionis.
3649 5627 3761 5688 Sed,

2193 5707 2442 5778 quodad
2469 5699 2612 5778 hunc
2641 5699 2828 5778 locum
2845 5703 3026 5778 magis
3053 5701 3200 5778 facit,
3230 5701 3390 5778 etiam
3424 5699 3765 5778 perticis,__aut

2196 5770 2398 5832 baculis
2427 5785 2513 5829 aut
2545 5775 2716 5843 virgis
2746 5770 3078 5828 ﬁebant—illae
3117 5772 3501 5832 dimensiones,
3544 5780 3594 5843 ct
3643 5770 3765 5843 divi-

2191 5849 2406 5906 siones.
2441 5841 2745 5904 deensisti
2777 5847 2989 5916 uirgam
3021 5843 3365 5916 Imeditatis
3391 5846 3520 5916 tum,
3541 5842 3616 5896 ait
3643 5841 3768 5898 idem

2186 5928 2372 5988 vates,
2404 5917 2618 5990 psalmo
2641 5911 3055 5988 septuagesimo
3083 5914 3268 5980 tertio,
3300 5929 3454 5972 vers.
3479 5911 3538 5970 3.
