3882 6412
239 430 345 486 37⁸7

1124 419 1386 477 FLORES
1426 417 1767 475 EPITAPHII
1808 414 2246 475 SANCTORUM.
2285 444 2354 457 -—
2393 418 2519 473 LIB.
2560 420 2655 474 IIl.

3433 423 3535 478 378

233 562 404 612 tantae
432 552 752 612 salvationis
785 550 1063 623 accepisse
1095 548 1292 623 gratia,
1326 555 1384 603 ut
1412 548 1602 615 relata,
1661 553 1713 603 ct
1744 562 1832 602 su-
1860 546 1916 606 A
1946 543 2170 600 inolevit
2197 550 2251 599 et
2278 544 2335 598 in
2352 543 2791 600 indissolubilem
2820 542 3267 599 consuetudinem
3298 544 3533 612 devenit,

232 661 338 717 per
366 644 705 700 exanimatos
743 652 893 697 artus
942 639 1116 709 posita
1146 636 1449 703 exstinctis,
1507 651 1572 692 ac
1601 636 1647 690 si
1703 635 1838 706 ipsis

237 743 429 789 essent
457 731 697 803 pr0pria,
731 729 987 785 amissam
1034 724 1534 799 redintegraverint
1562 723 1749 791 vitam,
1784 731 1838 779 et

234 821 562 892 sospitatem
591 820 886 891 integram.
944 817 1225 871 Praetereo
1282 814 1432 884 (190)
1466 812 1620 867 Pauli
1674 810 1837 883 primi

234 909 482 966 eremite
539 908 799 976 tunicam,
849 920 1012 978 quam
1042 905 1097 958 in
1153 911 1460 975 sportarum
1492 901 1711 956 modum
1767 899 1837 955 de

232 998 536 1070 palmarum
565 996 708 1052 foliis
738 996 855 1066 ipse
885 992 1163 1050 contexuit
1193 1010 1207 1056 ;
1244 1006 1351 1062 qua
1407 989 1600 1045 diebus
1630 989 1836 1044 solem-

234 1086 400 1142 nibus
430 1085 654 1140 Paschae
710 1098 776 1139 ac
837 1083 1211 1146 Pentecostes,
1260 1078 1528 1134 Antonius
1583 1077 1836 1132 virtutum

237 1176 357 1244 ejus
385 1175 583 1240 haeres,
608 1187 706 1244 pro
728 1168 1124 1242 pretiosissimo
1155 1174 1209 1223 et
1238 1167 1596 1224 celeberrimo
1644 1174 1837 1221 ornatu

239 1279 304 1320 se
332 1261 525 1327 induit,
556 1261 712 1330 cujus
742 1259 942 1314 divinae
970 1257 1270 1328 Scriptum
1289 1256 1641 1326 interpretum
1672 1270 1840 1310 coro—

245 1367 321 1407 na
348 1351 720 1422 Hieronymus
750 1348 829 1403 sic
859 1346 1101 1402 meminit
1138 1347 1231 1401 :Si
1250 1347 1520 1400 Dominus
1542 1344 1684 1399 mihi
1705 1342 1839 1398 ado-

256 1468 291 1523 p
301 1450 511 1504 tionem
529 1448 711 1513 daret,
725 1446 846 1502 mal
852 1449 908 1500 to
922 1446 1099 1516 magis
1112 1444 1377 1515 eligerem
1398 1440 1660 1497 tunicam
1672 1440 1841 1496 Pauli

238 1554 377 1595 cum
408 1539 530 1605 eius
547 1535 791 1600 meritis,
810 1550 977 1606 quam
996 1548 1190 1604 regum
1199 1547 1485 1604 purpuras
1501 1547 1631 1586 cum
1649 1529 1839 1601 regnis

236 1626 380 1682 suis.
400 1626 524 1680 Non
555 1623 704 1689 dico,
735 1622 845 1678 imo
888 1629 1044 1676 taceo
1076 1639 1090 1685 ;
1124 1636 1286 1691 quam
1316 1617 1614 1690 praeclaris,
1675 1632 1839 1688 quam

235 1717 496 1790 pretiosis
523 1716 740 1789 egregii
769 1712 1056 1786 pontiﬁces
1085 1713 1234 1783 (191)
1268 1711 1532 1781 Serapion
1564 1718 1616 1766 et
1660 1710 1839 1766 Atha-

239 1807 431 1862 nasius
459 1804 677 1878 gloriati
706 1803 814 1858 sint
843 1819 905 1858 se
936 1802 1132 1858 ditatos
1161 1800 1498 1864 muneribus,
1532 1814 1657 1854 cum
1686 1797 1839 1854 alteri

238 1894 499 1951 melotem
529 1897 584 1948 et
632 1892 858 1964 pallium
910 1891 1093 1946 tritum
1139 1889 1227 1946 cui
1283 1888 1628 1960 superjacuit,
1686 1886 1841 1942 alteri

242 1990 473 2046 alterum
495 1989 752 2046 melotem
781 1989 851 2044 de
880 1988 1100 2044 fornace
1130 1987 1309 2043 ferrea
1339 1986 1605 2058 migrans,
1636 1984 1688 2039 in
1718 2000 1842 2040 me-

240 2078 470 2135 moriam
503 2077 587 2134 sui
627 2077 772 2133 idem
829 2076 1103 2131 distribuit
1154 2074 1444 2140 Antonius,
1478 2059 1733 2144 specialis
1790 2080 1842 2128 et

240 2166 559 2240 principalis
582 2165 738 2222 curia
767 2165 971 2221 sanctis
988 2164 1238 2236 Spiritus.
1260 2162 1640 2218 Praetermisso
1660 2169 1844 2216 autem

242 2255 485 2329 egregiae
515 2253 750 2326 virginis
779 2262 832 2309 et
862 2254 1111 2325 martyris
1155 2252 1307 2324 (192)
1340 2251 1571 2323 Agathe;
1625 2250 1843 2323 gelum-

239 2352 384 2400 mate
411 2342 687 2424 (κάλυμμα
714 2342 945 2410 velum),
979 2341 1122 2414 quod
1155 2339 1387 2413 quoties,

317 2486 330 2500 .
413 2484 427 2498 .
505 2482 519 2497 .
596 2443 1256 2513 Horriﬁcisjuxtatonat
1278 2445 1451 2498 Ᾱίίηα
1469 2441 1657 2496 ruinis

312 2532 647 2603 Attollitque
666 2532 846 2602 globos
859 2531 1245 2599 flammarum,
1270 2535 1325 2586 et
1337 2532 1524 2587 sidera
1544 2527 1760 2599 lambitI

320 2619 619 2677 Interdum
640 2619 896 2691 scapulas
916 2619 1219 2691 avulsaque
1236 2619 1448 2675 viscera
1461 2618 1693 2684 montis,

248 2733 554 2789 expansum
585 2724 641 2772 et
668 2716 977 2787 oppositum

317 2807 500 2878 Erigit
529 2808 797 2862 eructans
815 2805 1100 2876 fundoque
1117 2808 1404 2860 θεειεείυαί
1429 2806 1561 2869 imo,

245 2894 301 2949 in
322 2901 469 2949 tanto
496 2894 715 2948 turbine
763 2893 833 2947 ab
862 2892 1095 2948 incendii
1125 2900 1178 2947 et
1225 2893 1474 2947 tremoris
1531 2891 1848 2947 discrimine

244 2981 442 3037 liberat
472 2981 623 3051 (19‘2)
666 2981 926 3053 populum
982 2980 1294 3036 Trinacrize.
1328 2980 1408 3034 Ad
1438 2979 1740 3051 profectum
1795 2986 1847 3034 et

251 3070 489 3142 gloriam
529 3086 720 3142 regum
779 3077 833 3125 et
886 3069 1289 3140 imperatbrum,
1337 3068 1467 3123 libet
1522 3067 1847 3137 compendio

245 3157 634 3231 perstringere.
681 3157 806 3230 quid
840 3166 893 3213 et
946 3165 1204 3230 quantum
1227 3158 1400 3228 (194).
1467 3156 1848 3211 Gunderamni

244 3245 610 3318 potentissimi
656 3246 801 3317 regis
857 3246 1107 3300 meritum
1164 3245 1284 3317 ipso
1339 3245 1643 3316 ignorante,
1703 3243 1849 3314 apud

246 3334 488 3389 divinam
520 3336 863 3404 majestatem
922 3334 1223 3389 obtinuerit
1280 3334 1468 3405 gratias
1515 3341 1568 3388 et
1622 3331 1841 3405 gloriae.

247 3432 385 3487 Cum
416 3432 706 3503 cujusdam
728 3431 1064 3487 mulierculae
1121 3430 1263 3486 ﬁlius
1294 3439 1554 3503 quartano
1607 3437 1738 3502 typo
1793 3429 1850 3484 in

248 3538 466 3585 tantum
513 3537 818 3595 vexaretur,
868 3537 925 3583 ut
972 3529 1039 3584 de
1088 3528 1207 3598 ejus
1252 3528 1366 3583 vita
1421 3529 1845 3600 desperaretur;

250 3626 433 3674 mater
453 3617 703 3673 orbitatis
724 3626 870 3673 metu
892 3618 1075 3684 anxia,
1108 3617 1202 3672 sed
1234 3616 1481 3689 praefatae
1512 3616 1848 3688 evangelicae

249 3729 659 3770 aammorrousae
708 3714 815 3769 fide
850 3714 1095 3785 praedita,
1146 3713 1531 3787 gloriosissimi
1588 3714 1735 3783 regis
1780 3714 1850 3769 ad

252 3803 541 3859 ecclesiam
573 3802 919 3875 procedentis
950 3811 1244 3874 prosecuta
1273 3810 1355 3858 est
1384 3802 1696 3874 vestigia,et
1712 3802 1852 3859 inter

253 3891 686 3948 confertissimas
713 3891 1041 3963 stipatorum
1065 3899 1334 3957 catervas,
1355 3890 1660 3947 clanculum
1688 3899 1849 3964 tergo

256 3981 374 4050 ejus
404 3980 651 4049 acclinis,
681 3980 773 4051 pio
804 3987 859 4035 et
890 3979 1039 4035 fideli
1096 3978 1240 4036 furto
1286 3978 1493 4051 regalis
1548 3980 1849 4035 indumenti

254 4067 473 4139 abrupit
504 4066 779 4121 fimbriam
817 4085 830 4131 ;
863 4074 916 4122 et
947 4067 1054 4122 voti
1098 4082 1324 4138 compos
1352 4083 1574 4123 reversa
1603 4067 1847 4137 domum,

252 4165 586 4221 medicinale
638 4162 791 4219 filum
825 4164 878 4219 in
902 4179 1100 4237 aquam
1131 4165 1329 4235 posuit,
1350 4164 1571 4237 ﬁlioque
1595 4180 1853 4236 praemor-

257 4261 350 4308 tuo
381 4252 676 4323 potandum
708 4253 920 4320 obtulit,
952 4262 1004 4308 et
1031 4253 1376 4309 anhelantem
1407 4253 1613 4309 febrem
1643 4253 1849 4308 saluta-

247 4342 328 4397 ris
354 4341 539 4414 liquor
567 4341 842 4408 exstinxit,
876 4357 941 4397 ac
968 4340 1196 4412 expulit.
1238 4341 1375 4404 Quis
1397 4358 1530 4398 vero
1557 4342 1851 4412 excogitet,

253 4430 380 4493 quis
409 4429 576 4499 digne
612 4430 863 4501 explicet,
902 4445 1062 4501 quam
1093 4430 1162 4485 sit
1200 4430 1470 4497 mirabile,
1504 4439 1555 4486 et
1583 4447 1851 4486 memora-

247 4526 377 4593 bile,
429 4526 572 4599 quod
625 4535 871 4597 tempore
924 4526 1535 4599 lucidissimiTheologi
1594 4528 1852 4600 Gregorii

1943 640 1998 687 ut
2026 648 2128 703 pro
2158 632 2404 702 reliquiis
2435 641 2749 689 sanctorum
2783 632 2930 702 (196)
2961 635 3268 689 consecrati
3310 633 3537 690 brandei

1945 720 2259 792 rogantibus
2299 721 2554 777 ﬁdelibus
2610 721 3119 786 transmitterentur,
3153 728 3206 776 et
3263 723 3537 794 condigno

1945 820 2152 874 honore
2173 819 2435 875 reconditi
2490 820 2921 875 honorarentur.
2959 818 3201 889 Cumque
3231 819 3335 875 hoc
3385 836 3538 876 more

1946 906 2269 978 quibusdam
2325 906 2755 964 Occidentalium
2817 907 3037 978 legatis,
3090 915 3171 961 ter
3244 916 3538 979 quaterque

1945 995 2139 1052 beatus
2169 996 2488 1068 Gregorius,
2520 995 2577 1050 in
2606 996 2840 1067 singulis
2860 995 3131 1065 pixidibus
3162 996 3264 1050 sub
3295 996 3535 1051 nomini-

1946 1084 2046 1138 bus
2075 1084 2368 1154 petitorum
2410 1084 3061 1156 martyrumbrandeum
3120 1084 3426 1150 includens,
3484 1093 3538 1140 et

1945 1173 2246 1243 apostolico
2275 1173 2455 1244 sigillo
2484 1174 2847 1244 prsemuniens
2866 1173 3196 1242 tradidisset,
3228 1181 3276 1229 et
3298 1173 3535 1229 abeundi

1946 1271 2220 1326 licentiam
2249 1272 2490 1327 dedisset
2523 1290 2537 1339 ;
2570 1272 2645 1325 illi
2677 1280 2799 1342 post
2829 1285 3051 1326 emensa
3070 1269 3276 1341 aliquot
3332 1271 3538 1326 itineris

1947 1360 2138 1431 spatia,
2172 1361 2407 1417 obscura
2463 1360 2547 1415 usi
2577 1360 2881 1433 diligentia,
2912 1375 3012 1430 pro
3066 1369 3215 1415 certo
3247 1360 3389 1415 scire
3435 1375 3536 1416 cu-

1947 1448 2176 1519 pientes,
2210 1466 2331 1520 quas
2359 1464 2426 1505 ac
2455 1448 2640 1521 qualia
2689 1456 3014 1504 sanctorum
3045 1448 3404 1503 transferrent
3449 1449 3539 1520 pi-

1948 1551 2120 1608 gnora
2146 1554 2159 1600 ;
2192 1535 2498 1607 pontiﬁcale
2518 1537 2755 1608 sigillum
2784 1553 2917 1591 ausu
2947 1538 3260 1592 temerartio
3292 1552 3539 1591 remove-

1947 1633 2109 1691 runt;
2142 1633 2195 1681 et
2220 1641 2326 1696 pro
2364 1625 2626 1696 reliquiis,
2688 1625 2914 1680 traditas
2968 1625 3199 1681 brandei
3242 1625 3539 1696 particulas

1947 1720 2289 1778 invenientes
2320 1722 2475 1794 quasi
2501 1722 2722 1778 delusos
2764 1739 2824 1778 se
2846 1738 2968 1777 esse
2991 1722 3362 1778 indoluerunt.
3423 1723 3541 1777 Nec

1947 1825 2121 1879 mora,
2154 1810 2322 1866 nimia
2350 1827 2472 1867 cum
2494 1810 2866 1881 indignatione
2895 1811 3082 1876 animi,
3107 1810 3158 1865 in
3218 1811 3412 1866 urbem
3443 1826 3539 1866 rc-

1870 1904 1923 1963 B
1954 1898 2117 1965 versi,
2151 1914 2272 1955 cum
2302 1899 2357 1953 in
2387 1898 2677 1971 lacrymas,
2706 1907 2818 1953 tum
2850 1899 2903 1953 in
2934 1899 3179 1955 convicia
3235 1899 3364 1954 tanti
3395 1915 3537 1970 pon-

1948 1985 2109 2044 tificis
2138 1996 2524 2060 proruperunt,
2557 1996 2608 2043 et
2637 2005 2757 2044 cum
2779 1987 2933 2061 gravi
2991 1988 3411 2059 exprobratione
3439 2004 3537 2059 per

1947 2076 2258 2148 apostolicis
2299 2076 2447 2132 sedis
2476 2076 2937 2143 archidiaconum,
2984 2076 3186 2131 domno
3215 2076 3535 2147 apostolico,

1948 2164 2234 2220 missarum
2265 2165 2532 2221 solemnia
2560 2164 2881 2230 celebranti,
2913 2165 3325 2232 mandaverunt,
3358 2165 3546 2219 Domi-
3604 2186 3605 2189 η

1949 2268 2051 2309 nos
2080 2268 2209 2307 suos
2263 2252 2674 2324 pretiosissimis
2725 2260 2780 2307 et
2830 2250 3211 2323 pulcherrimis
3266 2252 3543 2307 abundare

1950 2340 2150 2413 palliis,
2175 2356 2240 2396 ac
2275 2341 2640 2396 Romanorum
2696 2340 2974 2396 vilissimis
3003 2356 3111 2395 non
3159 2357 3326 2413 egere
3381 2340 3544 2394 bran-

1950 2429 2091 2485 deis.
2124 2428 2515 2485 Lucidissimus
2545 2443 2673 2485 vero
2711 2428 3023 2500 Theologus
3053 2429 3345 2484 brandeum
3395 2429 3543 2485 reci-

1952 2518 2126 2590 piens,
2166 2533 2331 2588 super
2359 2518 2532 2573 altare
2578 2517 2802 2588 posuit;
2837 2533 2897 2572 se
2952 2516 3009 2571 in
3063 2517 3364 2573 orationem
3413 2532 3541 2572 cum

1953 2606 2207 2663 omnibus
2236 2606 2541 2662 astantibus
2590 2606 2737 2662 dedit
2769 2624 2784 2674 ;
2817 2606 3097 2662 exauditus
3145 2607 3376 2661 surrexit
3409 2625 3423 2673 ;
3456 2606 3545 2660 in-

1953 2695 2209 2752 credulos
2239 2694 2457 2769 legatos
2486 2695 2709 2766 propius
2737 2702 2885 2750 stare
2912 2694 3109 2764 jussit;
3141 2694 3358 2750 cultello
3403 2710 3547 2766 pan-

1953 2809 2084 2849 num
2115 2793 2345 2865 pupugit
2375 2812 2389 2860 ;
2415 2800 2469 2848 et
2498 2794 2695 2849 mirum
2726 2793 2899 2860 dictu,
2919 2809 3018 2863 per
3039 2792 3287 2865 singulas
3306 2793 3549 2864 punctio-

1953 2899 2052 2937 nes
2081 2882 2318 2937 ubertim
2346 2881 2571 2952 sanguis
2600 2882 2825 2950 effluxit,
2860 2890 2911 2936 et
2949 2882 3156 2953 ingenti
3184 2889 3408 2952 stupore
3422 2882 3547 2936 uni-

1955 2986 2233 3027 versorum
2263 2971 2553 3025 astantinm
2585 2978 2799 3026 mentes
2819 2971 3110 3027 concussit.
3131 2970 3348 3025 Attoniti
3369 2978 3550 3025 autem

1954 3075 2166 3127 omnes,
2198 3074 2319 3115 cum
2350 3058 2648 3130 apostolico
2694 3059 2941 3129 prostrati
2969 3059 3025 3113 in
3071 3067 3293 3127 terram,
3358 3059 3546 3113 tandiu

1954 3148 2333 3203 intentissimas
2360 3146 3047 3203 orationisimmolaverunt
3077 3146 3315 3202 hostiam
3339 3163 3351 3209 ;
3373 3147 3551 3202 donec

1955 3244 2167 3293 cunctas
2194 3236 2423 3291 brandei
2469 3243 2789 3302 pertusum,
2847 3251 2948 3307 per
2991 3236 3195 3291 divinae
3241 3235 3539 3303 majestatis

1955 3326 2475 3398 redintegrarentur
2523 3325 2836 3395 potentiam.
2897 3324 2967 3380 In
3016 3324 3255 3394 ﬁmbriis
3299 3323 3544 3394 profecto

1957 3425 2145 3478 aureis
2177 3423 2359 3493 (Psal.
2389 3437 2533 3489 xmv,
2570 3422 2678 3489 14),
2731 3420 2905 3477 sancti
2926 3421 3099 3477 ileiin
3129 3422 3379 3476 Ecclesia
3429 3436 3548 3475 non

1958 3519 2193 3575 habente
2223 3520 2510 3575 maculam
2538 3535 2715 3591 neque
2735 3535 2933 3591 rugam
2963 3519 3185 3590 (Ephes.
3217 3532 3274 3582 v,
3297 3518 3397 3577 27;
3420 3532 3548 3587 pro-

1956 3617 2239 3664 cesserunt
2268 3608 2321 3662 in
2352 3614 2540 3663 sancta
2595 3617 2911 3663 sanctorum
2965 3624 3088 3662 eum
3139 3605 3550 3663 tintinnabulis

1956 3708 2150 3777 (Eccli.
2184 3721 2310 3774 va,
2347 3707 2454 3775 10),
2474 3710 2688 3763 circum
2718 3709 2917 3763 amicti
2946 3707 3316 3762 varietatibus
3373 3705 3547 3776 (Psal.

1955 3811 2109 3865 xmv,
2144 3797 2257 3865 1L),
2281 3795 2622 3852 diversarum
2644 3796 2902 3852 videlicet
2957 3796 3224 3851 virtutum
3271 3794 3553 3851 vocalibus

1956 3893 2320 3950 redimiculis.
2359 3894 2616 3967 Ideoque,
2651 3893 2913 3966 quidquid
2934 3910 3125 3950 eorum
3178 3892 3409 3950 vestium
3464 3898 3550 3947 est

1955 3991 2329 4063 cujuscunque
2358 3991 2602 4046 staminis
2632 4000 2682 4047 et
2716 3990 3057 4060 subteminis,
3111 3990 3235 4059 jure
3264 4006 3330 4045 ex
3361 3988 3544 4044 insitas

1957 4078 2061 4132 sibi
2090 4078 2287 4135 divina:
2314 4079 2533 4135 virtutis
2561 4080 2763 4148 calore,
2804 4094 2904 4150 pro
2953 4077 3344 4135 excellentibus
3375 4075 3546 4132 meri-

1957 4166 2026 4221 tis
2059 4185 2073 4233 ;
2106 4167 2334 4223 exsudat
2362 4168 2611 4234 salutem,
2633 4168 3019 4240 etsospitatem
3047 4166 3241 4222 animae
3271 4173 3324 4221 et
3353 4179 3550 4236 corpo-

1957 4263 2080 4328 ris;
2120 4271 2174 4320 et
2227 4264 2284 4319 in
2341 4265 2614 4327 siccitatis.
2676 4274 2730 4321 et
2778 4264 3149 4320 inundationis
3204 4262 3546 4334 intemperie,

1958 4351 2227 4408 elevatum
2285 4369 2349 4408 ex
2407 4355 2521 4408 suis
2578 4352 2852 4420 sacrariis,
2936 4363 2988 4408 et
3031 4360 3367 4425 exportatum
3426 4367 3551 4407 cum

1958 4457 2183 4497 summa:
2212 4439 2336 4497 ﬁdei
2389 4458 2455 4498 ac
2511 4442 2814 4497 devotionis
2870 4441 3091 4507 litaniis,
3143 4441 3280 4514 ipsis
3314 4441 3552 4513 imperat

1957 4529 2198 4586 motibus
2219 4530 2385 4598 aeris,
2436 4538 2489 4585 et
2539 4546 2684 4586 nunc
2739 4531 2928 4585 sudem
2978 4530 3347 4596 serenitatem,
3405 4543 3550 4585 nunc

246 4614 473 4687 contigit
503 4615 574 4669 ad
604 4614 819 4669 laudem
841 4615 1143 4686 etgloriam
1164 4616 1360 4671 divinae
1378 4614 1797 4688 magnificentiae
1816 4618 1844 4671 ἵ
1872 4634 1931 4695 Π
1957 4626 2217 4700 pluviam,
2245 4636 2646 4699 congruentem
2677 4628 3013 4699 supplicibus
3044 4627 3283 4698 ίωρρι-ιίι
3314 4625 3549 4682 Clu-isti-

246 4712 487 4784 (195)1n
524 4719 715 4768 sancta
766 4712 1012 4769 Romana
1069 4712 1318 4769 Ecclesia
1373 4713 1666 4785 antiquitus
1723 4728 1844 4769 mos

248 4929 481 4989 constat,
516 4922 607 4994 qui
637 4937 827 4994 sacros
856 4931 1106 4979 auctores
1136 4922 1225 4978 vel
1253 4939 1283 4978 a
1312 4923 1498 4980 limine
1516 4925 1841 4984 salutarunt.

248 4995 331 5048 De
361 4992 704 5065 indumentis
721 5008 786 5048 eo
810 4994 1034 5065 delatis.
1066 5002 1121 5050 et
1169 4996 1237 5049 ad
1268 4997 1608 5051 exanimatos
1639 4998 1842 5065 relatis,

246 5065 581 5139 eosdemque
611 5063 1099 5139 redaminantihus,
1132 5067 1253 5121 vide
1284 5067 1428 5137 apud
1449 5067 1514 5123 S.
1552 5063 1839 5139 Augustin.

245 5135 349 5190 lib.
389 5134 506 5189 XXll
532 5137 610 5190 De
639 5134 809 5201 civit.,
844 5150 972 5204 cap.
1011 5134 1069 5189 8.

317 5207 466 5275 (190)
483 5208 651 5262 Pauli
661 5206 1072 5277 primiermitae
1084 5209 1362 5263 tunicam.
1410 5208 1538 5264 Hzec
1583 5208 1838 5267 distincte

245 5276 309 5332 S.
349 5278 735 5346 Hieronymus,
765 5276 821 5330 in
853 5276 967 5330 Vita
998 5277 1156 5345 hujus
1181 5278 1351 5332 Pauli.

314 5350 465 5419 (191)
490 5349 762 5419 Serapion
781 5350 839 5402 et
855 5349 1223 5419 Athanasius.
1257 5350 1460 5403 llorum
1494 5350 1708 5405 Antonii
1729 5367 1842 5406 mu-

243 5416 435 5473 nerum
471 5416 773 5490 honorifice
802 5418 1045 5490 meminit
1066 5419 1183 5488 ipse
1223 5421 1550 5475 Athanasius
1586 5423 1641 5474 in
1673 5421 1838 5490 illius,

243 5505 405 5560 quam
436 5489 673 5558 scripsit,
706 5487 932 5560 historia
946 5530 959 5542 .

311 5563 462 5630 (192)
491 5560 725 5629 Agathe:
749 5559 1127 5630 galummate.
1170 5562 1322 5630 Tego,
1356 5563 1498 5627 velo,
1531 5561 1735 5617 Graecis
1761 5571 1844 5619 est

240 5629 493 5691 καλύπτω
520 5627 663 5693 unde
690 5627 963 5707 κάλυμμα,
993 5639 1201 5693 velum.
1239 5627 1328 5694 iAt
1386 5641 1476 5696 vel
1532 5640 1843 5697 Thiofridus

239 5720 531 5783 cognatam
543 5709 774 5783 litteram
794 5726 892 5777 pro
906 5724 1161 5779 germana
1174 5711 1431 5783 sumpsit,
1454 5712 1540 5768 vel
1557 5712 1843 5780 scriptoris

236 5780 401 5853 lapsu
426 5780 672 5853 irrepsit:
712 5780 832 5853 Non
851 5788 934 5853 est
956 5786 1161 5832 tantum
1184 5781 1477 5850 piaculum,
1515 5790 1574 5837 ut
1615 5795 1836 5838 mutan-

238 5849 371 5910 dum
402 5849 587 5908 tuerit.
620 5849 785 5905 Malui
816 5850 1089 5904 indicare.

310 5925 460 5996 (193)
481 5921 765 5994 Populum
792 5919 1126 5975 Trinacriis.
1154 5920 1207 5975 Α
1235 5921 1407 5978 tribus
1450 5924 1836 5996 promontoriis

1953 4715 2088 4772 colis
2119 4735 2133 4785 ;
2163 4724 2214 4772 et
2242 4716 2664 4772 evidentissimis
2695 4716 3005 4772 declaratur
3032 4716 3268 4783 indiciis,
3301 4729 3460 4786 quam
3494 4714 3547 4769 in

1953 4931 2036 4988 sic
2058 4930 2257 5005 dicitur
2284 4932 2484 5000 Sicilia,
2519 4933 2788 5005 Pachyno,
2810 4930 3315 5005 Lilybaeo,_Peloro.

2023 4999 2835 5073 (194)6underamni.8anotus
2871 4999 2957 5058 hic
2988 4999 3180 5057 Gallia:
3219 5018 3313 5056 rex
3351 4999 3547 5057 dicitur

1952 5081 2007 5129 et
2028 5074 2509 5141 Gunther-amans,
2532 5083 2586 5130 et
2610 5076 3026 5131 Guntramnus.
3054 5073 3345 5128 Historiam
3371 5073 3537 5138 hanc,

1952 5152 2005 5217 et
2032 5145 2287 5217 plurade
2316 5147 2508 5201 eodem
2543 5146 2667 5201 vide
2695 5146 2838 5217 apud
2871 5146 3110 5217 Gregor.
3146 5145 3351 5199 Turon.
3394 5144 3537 5198 Hist.

1949 5215 2150 5271 Frauc.
2188 5215 2284 5269 lib.
2317 5232 2394 5282 1x,
2427 5231 2551 5285 cap.
2583 5220 2671 5272 31.

2021 5286 2252 5355 (195)1n
2280 5291 2484 5342 sancta
2501 5290 2751 5344 Romana
2770 5287 3022 5343 Ecclesia
3049 5286 3369 5355 antiquitus
3424 5301 3547 5340 mos

1948 5358 2208 5413 inolevit.
2243 5358 2326 5412 De
2348 5359 2450 5413 hoc
2469 5372 2643 5421 more,
2666 5365 2727 5413 ut
2755 5367 2959 5421 vestes.
2984 5373 3105 5428 qua:
3134 5355 3244 5414 SS.
3284 5355 3545 5426 reliquias

1950 5428 2288 5500 attigissent.
2322 5445 2421 5499 pro
2452 5428 2698 5500 reliquiis
2729 5428 3408 5500 haberentur,praeterhoc
3438 5441 3546 5482 no-

1950 5496 2408 5580 bile—exemplum
2430 5506 2537 5553 tam
2566 5496 3153 5580 i‘llustrinmiraculo'a
3184 5500 3306 5555 Deo
3335 5513 3543 5569 appro-

1951 5570 2134 5623 batum
2170 5586 2183 5631 ;
2216 5570 2340 5625 vide
2370 5570 2575 5624 Baron.
2604 5586 2747 5625 anno
2778 5573 2882 5624 519
2913 5578 2966 5624 et
2994 5570 3125 5625 560.

2021 5639 2169 5710 (196)
2202 5639 2528 5697 Consecrati
2557 5642 2825 5697 Brandei.
2875 5639 3019 5708 Quid
3048 5646 3196 5696 esset
3232 5639 3542 5710 Brandeus.

1949 5709 2060 5764 dixi
2088 5726 2275 5783 supra,
2302 5710 2404 5783 lib“.
2444 5726 2484 5777 ι,
2515 5727 2638 5781 cap.
2670 5715 2723 5766 7.
2759 5713 2943 5777 Porro,
2977 5727 3099 5783 quze
3128 5711 3213 5783 hic
3229 5709 3543 5783 Thiofridus

1948 5788 2137 5863 narrat
2155 5780 2236 5863 de
2248 5782 2316 5863 .S.
2357 5780 2631 5863 Gregorio
2652 5783 2868 5863 Magno,
2898 5780 3222 5863 inveniesin
3248 5782 3365 5850 ejus
3399 5780 3537 5846 Vita,

1948 5866 1981 5905 a
2006 5851 2165 5909 Joan.
2196 5852 2440 5910 Diacono
2469 5851 2694 5924 scripta,
2726 5851 2829 5908 lib.
2857 5870 2915 5922 ιι,
2947 5869 3067 5925 cap.
3099 5856 3196 5911 42.
