3882 6412
451 417 554 472 3'79

1432 410 1791 470 THIOFRIDI
1832 396 2125 473 ABBATIS
2160 415 2760 474 EFTERNACENSIS.

3642 423 3751 477 380

451 538 652 594 sanctis
680 538 794 593 suis
821 539 969 593 Deus
999 537 1068 591 sit
1087 534 1330 606 dapsilis,
1383 535 1719 603 misericors,
1771 538 2054 609 praestabi—
2079 540 2135 600 A
2164 538 2232 594 tis
2260 547 2450 611 typum
2480 557 2495 606 ;
2527 540 2672 612 quod
2705 539 2880 596 Patris
2900 541 3141 598 Verbum
3169 557 3299 598 caro
3308 544 3531 615 factum
3552 543 3753 613 (Joan.

451 626 535 696 lis,
571 636 626 681 et
645 627 935 682 mirabilis.
971 626 1086 680 Nec
1114 625 1312 679 mirum
1361 631 1445 678 est
1472 632 1782 680 sanctorum
1837 626 2049 695 intima,

452 722 505 770 et
534 716 732 771 extima
768 722 912 769 tanta
956 713 1261 785 glorificari
1308 712 1569 767 virtutum
1616 712 2046 785 magniﬁcentia,

458 818 580 860 cum
614 804 684 860 de
715 804 794 859 eis
822 803 1102 858 incarnata
1149 801 1333 856 Patris
1360 808 1695 872 protestetur
1724 803 2001 874 Sapientia
2034 822 2047 859 :

460 893 622 949 Omni
651 909 776 948 mea
810 896 912 947 tua
940 896 1096 956 sunt,
1131 895 1187 946 et
1210 894 1311 946 tua
1342 907 1467 947 mea
1496 891 1687 961 (Joan.
1735 907 1873 959 xvn,
1908 895 1994 955 10)
2032 907 2045 962 ;

450 996 561 1036 nec
578 981 873 1036 secundum
901 978 1101 1051 aquilae
1129 978 1289 1034 altius
1312 979 1542 1034 volantis
1597 980 1888 1052 Augustini
1917 997 2050 1035 sen-

452 1068 690 1132 tentiam,
725 1068 809 1123 fas
840 1068 927 1135 sit,
950 1075 1009 1122 ut
1056 1067 1231 1122 sancti
1259 1068 1579 1139 cujusquam
1611 1068 1741 1135 sint,
1793 1068 1904 1124 nisi
1932 1069 2051 1138 ejus

453 1173 485 1211 a
508 1172 616 1228 quo
654 1156 841 1225 creati,
875 1164 930 1211 et
986 1154 1307 1211 sanctificati
1337 1164 1506 1221 sunt;
1540 1171 1608 1212 ac
1660 1173 1761 1227 per
1810 1158 1936 1223 hoc,
1995 1164 2049 1211 et

453 1245 655 1314 omnia,
690 1262 812 1315 quae
838 1245 1085 1315 ipsorum
1143 1252 1270 1300 sunt
1297 1259 1528 1301 necesse
1573 1245 1719 1300 situt
1773 1245 1892 1315 ejus
1940 1245 2052 1302 sint

451 1336 606 1406 cujus
627 1342 681 1390 et
710 1334 815 1406 ipsi
841 1332 974 1389 sint.

998 1511 1395 1568 CAPITULUM
1435 1512 1500 1567 V.

449 1624 524 1679 De
539 1623 845 1697 liquoribus
866 1639 1043 1694 aqua,
1065 1626 1122 1677 et
1137 1623 1272 1687 vini,
1289 1626 1345 1677 et
1360 1623 1487 1689 olei,
1506 1625 1563 1678 et
1591 1623 1786 1678 tumba
1808 1623 2045 1679 Nicolai.

517 1753 600 1808 Ne
631 1767 764 1807 vero
786 1751 1061 1806 fastidium
1112 1757 1337 1822 generet
1374 1748 1625 1805 incultior
1680 1758 1733 1805 et
1780 1748 2051 1821 prolixior

448 1841 645 1909 oratio,
675 1840 875 1895 silentii
905 1838 1147 1895 clausula
1180 1839 1481 1910 supprimo,
1516 1854 1678 1908 quam
1704 1839 1966 1910 stupenda
1997 1846 2051 1893 et

446 1937 688 2009 jucunda
717 1935 1001 2003 miracula,
1032 1952 1131 2007 per
1180 1935 1451 2000 diversos,
1511 1951 1668 2008 aqua:
1689 1936 1803 1991 vini
1861 1944 1913 1991 et
1944 1936 2048 1992 olei

448 2026 690 2098 liquores
721 2025 939 2080 illorum
1005 2032 1355 2081 consecratos
1400 2024 1808 2091 benedictione,
1865 2024 2049 2079 divina

447 2123 670 2187 operata
700 2114 768 2168 sit
794 2113 1059 2187 dignatio.
1085 2113 1189 2168 Sed
1221 2129 1288 2169 ne
1314 2114 1493 2169 locum
1525 2112 1894 2168 calumniandi
1923 2114 2048 2168 dem

447 2204 643 2259 zemulo
698 2202 1110 2274 imprOperanti,
1168 2217 1235 2256 ea
1291 2217 1412 2275 quae
1459 2201 1701 2274 profero,
1760 2218 1846 2257 me
1900 2201 2048 2257 nullo

448 2300 760 2357 authentico
793 2316 958 2373 posse
987 2299 1222 2371 probare
1255 2298 1567 2355 testimonio
1594 2317 1609 2366 ;
1641 2299 1711 2354 de
1740 2314 1898 2370 aquae
1929 2298 2049 2355 cle-

447 2407 630 2454 mento
656 2397 884 2469 liquido,
932 2413 1100 2452 unum
1158 2403 1268 2451 tam
1299 2396 1524 2452 evidens
1570 2396 1938 2454 testimonium
1993 2397 2051 2452 in

448 2486 696 2542 medium
728 2484 918 2553 affero,
953 2494 1010 2540 ut
1038 2485 1107 2540 de
1137 2485 1391 2540 omnibus
1414 2485 1533 2539 aliis
1561 2486 1740 2540 omnis
1769 2499 2050 2543 removea-

450 2583 538 2630 tur
566 2574 834 2630 dubitatio
866 2592 881 2641 ;
939 2589 1064 2629 cum
1096 2581 1309 2629 constet
1363 2573 1587 2645 liquido,
1625 2573 1751 2641 quid
1779 2573 1834 2628 in
1889 2574 2051 2629 seriis

450 2673 610 2728 rebus
632 2672 973 2744 singulorum
1000 2671 1183 2726 valeat
1212 2670 1392 2726 meriti
1421 2671 1686 2740 ostensio,
1737 2688 1859 2727 cum
1888 2673 2047 2727 etiam

446 2760 507 2815 in
535 2762 695 2834 nugis
716 2760 881 2829 hujus
907 2759 1138 2832 liquoris
1195 2766 1401 2814 tantum
1427 2758 1695 2831 profuerit
1734 2759 2048 2818 sanctiﬁca-

452 2858 553 2915 tio.
585 2859 646 2913 In
674 2857 941 2913 Gazensis
972 2856 1204 2928 emporii
1223 2857 1443 2928 Oppido,
1477 2872 1602 2913 cum
1633 2858 1853 2929 quidam
1900 2859 2052 2929 (197)

453 2948 520 3002 ad
550 2947 844 3003 Circenses
862 2946 1023 3001 ludos
1044 2961 1220 3018 equos
1249 2948 1494 3013 nutriret,
1524 2961 1587 3002 ac
1616 2955 1931 3018 suspectum
1949 2946 2052 3002 sibi

451 3036 764 3092 maleﬁcum
795 3035 1081 3106 quemdam
1139 3034 1370 3102 timeret,
1399 3051 1468 3090 ne
1526 3035 1880 3091 deemoniacis
1937 3035 2055 3108 qui-

451 3125 684 3181 busdam
727 3123 1214 3195 imprecationibus
1269 3139 1367 3179 eos
1396 3123 1730 3196 impediret;
1762 3140 1828 3181 ac
1877 3124 2054 3181 sancti

450 3213 683 3285 Spiritus
730 3213 1050 3269 archisterio
1106 3212 1388 3269 Hilarione
1444 3213 1671 3269 nimium
1726 3213 2043 3280 reluctante,

449 3319 634 3382 utpote
664 3310 751 3367 cui
769 3311 1014 3382 ineptum
1037 3310 1216 3367 visum
1244 3318 1329 3366 est
1357 3309 1414 3365 in
1445 3310 1825 3380 hujuscemodi
1881 3310 2047 3382 nugis

450 3400 751 3457 orationem
781 3399 1014 3471 perdere
1050 3417 1064 3463 ;
1099 3400 1246 3470 (198)
1279 3400 1546 3470 scyphum
1575 3398 1813 3469 ﬁctilem,
1856 3399 1910 3455 in
1943 3414 2052 3471 quo

450 3489 640 3545 bibere
669 3489 956 3544 consuevit
1003 3488 1291 3559 impletum
1320 3503 1465 3560 aqua
1508 3489 1728 3561 accepit
1779 3497 1831 3544 et
1859 3489 2052 3545 stabu—

449 3584 583 3649 lum,
617 3599 810 3655 equos,
830 3591 883 3638 et
911 3582 1136 3653 aurigas
1184 3599 1335 3652 suos,
1367 3598 1756 3655 carcerumque
1792 3582 2053 3657 repagula

450 3673 516 3728 in
544 3673 654 3742 ﬁde
670 3673 819 3728 nihil
846 3671 1119 3728 haesitans
1149 3672 1294 3742 (Jac.
1334 3689 1376 3738 ι,
1410 3674 1464 3744 6)
1481 3672 2048 3743 aspersit.Necmora,

455 3777 654 3825 statuta
674 3770 762 3825 die
793 3771 916 3824 dato
963 3769 1144 3840 signo,
1178 3769 1235 3825 hi
1279 3769 1516 3837 avolant,
1570 3770 1876 3825 adversarii
1932 3770 2051 3839 ejus

450 3858 863 3930 prmpediuntur
896 3873 909 3912 :
944 3858 1048 3913 sub
1084 3859 1275 3913 horum
1322 3873 1492 3912 curru
1525 3866 1657 3913 rotae
1686 3857 1920 3925 fervent,
1972 3857 2054 3913 illi

418 3936 949 4019 'praztervolantium
1005 3955 1156 4020 terga
1230 3946 1319 4001 vix
1366 3946 1599 4016 vident;
1640 3947 1728 4001 isti
1780 3963 1904 4003 cum
1962 3946 2051 4000 in-

451 4034 603 4109 genti
627 4036 869 4091 omnium
898 4034 1104 4101 favore,
1138 4035 1381 4108 gloriosa
1410 4035 1638 4092 victoria
1669 4034 2052 4107 potiuntur,illi

454 4140 657 4198 segnes
690 4132 745 4179 et
771 4123 989 4197 inglorii
1019 4123 1373 4192 abjiciuntur.
1413 4126 1569 4197 Aqua
1619 4125 1839 4198 quippe,
1889 4122 2051 4180 melle

447 4215 766 4267 meritorum
796 4212 970 4267 sancti
1000 4211 1099 4265 viri
1129 4211 1373 4275 condita,
1405 4213 1570 4266 totius
1600 4211 1813 4281 fascini,
1846 4221 1901 4268 et
1936 4229 2053 4267 ma-

451 4301 591 4372 gica:
630 4300 756 4355 artis
787 4299 936 4355 virus
965 4300 1279 4369 exinanivit,
1314 4309 1363 4356 et
1421 4302 1488 4357 ab
1519 4300 1811 4358 urbertate
1859 4302 2055 4357 domu:

455 4400 574 4465 Dei,
598 4398 662 4453 de
694 4402 947 4455 torrente
979 4398 1286 4470 voluptati:
1315 4398 1492 4469 (Psal.
1526 4415 1684 4465 xxxv,
1718 4399 1773 4469 9)
1828 4398 2055 4453 iuternm

456 4502 740 4553 emanans,
774 4494 825 4540 et
859 4485 1067 4559 lapides
1101 4502 1383 4542 excavatis
1414 4486 1552 4556 (Job.
1584 4502 1698 4553 xw,
1731 4487 1821 4561 19)
1853 4486 1904 4541 in
1936 4486 2055 4559 glo-

2158 643 2196 697 ι,
2233 631 2342 699 tt),
2376 629 2661 700 signorum
2692 644 2914 684 suorum
2944 630 3116 685 voluit
3143 646 3268 686 esse
3286 631 3516 698 initium,
3551 647 3686 687 cum
3708 641 3763 690 tn

2162 718 2320 774 Gana
2339 718 2587 774 Galilaea:
2599 717 2733 774 illud
2750 722 3094 775 converterit
3106 722 3171 775 in
3188 722 3384 776 vinum
3400 722 3758 792 (Joan.n,9);

2160 807 2308 880 quod
2337 807 2392 862 in
2413 806 2866 879 redemptionem,
2896 815 2951 862 et
2981 807 3309 865 ablutionem
3340 808 3592 866 humanm
3620 824 3762 881 pro-

2157 906 2395 978 paginis,
2414 907 2480 961 de
2513 907 2692 962 latere
2721 923 2819 962 suo
2841 923 2973 963 cum
2993 909 3269 979 sanguine
3294 908 3552 981 profudit
3564 909 3757 977 (toan.

2158 1010 2282 1060 xxx,
2314 995 2405 1065 31)
2435 995 2490 1050 in
2518 995 2784 1053 Ecclesiae
2812 1013 2927 1051 sua:
2957 997 3248 1066 sponsalia,
3283 1006 3336 1052 et
3361 998 3561 1070 pignus
3582 998 3761 1053 haere-

2158 1084 2413 1139 ditarium
2442 1101 2455 1138 :
2488 1084 2637 1156 quid,
2670 1084 2908 1157 inquam,
2939 1086 3270 1152 mirandum,
3304 1086 3350 1140 si
3378 1102 3477 1157 per
3499 1086 3604 1142 hoc
3625 1086 3759 1157 glo-

2159 1182 2392 1238 rificavit
2421 1190 2665 1239 sanctum
2696 1200 2849 1238 suum
2880 1199 3111 1238 summie
3143 1183 3489 1254 perfectionis
3518 1184 3704 1239 virum
3734 1204 3748 1250 ;

2158 1287 2281 1328 cum
2308 1272 2457 1342 (200)
2476 1272 2577 1326 sub
2608 1272 2777 1327 nostri
2800 1287 3017 1344 qquue
3047 1271 3308 1344 temporis
3327 1272 3753 1336 faece,lutulenta

2158 1360 2322 1414 etiam
2353 1375 2514 1432 aqua,
2548 1377 2669 1432 qua:
2698 1358 2821 1416 lotis
2868 1376 3148 1417 servorum
3203 1360 3303 1417 Dei
3330 1361 3580 1416 manibus
3627 1376 3759 1417 cum

2157 1447 2292 1519 ipsis
2316 1448 2660 1520 projicienda
2680 1457 2761 1504 est
2787 1450 3061 1517 sordibus,
3092 1449 3393 1505 clanculum
3414 1450 3685 1521 expetita,
3703 1459 3758 1506 et

2158 1552 2422 1593 concessa
2450 1553 2482 1592 a
2510 1537 2875 1607 cubiculariis,
2906 1538 3127 1594 diversa
3154 1538 3393 1594 eliminet
3410 1553 3636 1610 genera,
3671 1538 3763 1593 in-

2157 1633 2490 1702 ﬁrmitatum,
2515 1642 2565 1689 et
2597 1635 2875 1706 impertiat
2913 1635 3152 1705 gratiam
3199 1635 3480 1689 sanitatum
3499 1637 3528 1689 ‘?
3559 1635 3757 1690 Sancti

2158 1737 2292 1778 sane
2320 1722 2514 1789 Dei,de
2551 1739 2787 1796 quorum
2825 1726 3020 1780 ventre
3064 1725 3471 1797 proﬂuxerunt
3508 1725 3757 1793 ﬂumina

2158 1822 2658 1890 aqumvivaoan.
2680 1836 2778 1886 νιι,
2798 1821 3226 1892 38),spirituales
3260 1821 3504 1893 profecto
3533 1822 3751 1894 gratiae,

2078 1903 2131 1962 B
2162 1918 2213 1964 et
2229 1909 2427 1964 ﬂuenta
2450 1910 2695 1965 caelestis
2710 1911 3103 1975 doctrinmmon
3122 1910 3378 1966 biberunt
3396 1911 3453 1965 in
3473 1912 3560 1966 via
3583 1912 3754 1983 Egy-

2154 2007 2835 2078 pti,(20l)aquamGeon
2886 2007 3326 2076 turbidam(.ler.
3391 2024 3452 2073 ιι,
3488 2008 3596 2075 18),
3653 2010 3754 2063 sed

2156 2110 2352 2167 aquam
2383 2094 2581 2151 divinze
2602 2096 2893 2166 Scripturae
2914 2094 3371 2167 limpidissimam,
3404 2103 3455 2151 et
3484 2113 3590 2151 non
3624 2101 3755 2151 tur-

2157 2193 2430 2249 baverunt
2442 2192 2671 2265 pedibus
2700 2194 2817 2249 suis
2843 2194 3120 2266 reliquam
3153 2193 3372 2263 (Ezech.
3422 2209 3627 2256 xxxrv,
3664 2194 3754 2263 l8)

2158 2299 2263 2353 qua
2282 2289 2537 2352 potarent
2566 2298 2698 2337 oves
2729 2282 3072 2338 Dominicas.
3110 2282 3239 2337 Ideo
3270 2297 3414 2353 aqua
3444 2282 3631 2338 usibus
3651 2297 3753 2336 eo—

2157 2386 2274 2425 rum
2306 2371 2794 2443 quomodocunque
2833 2369 3094 2437 adhibita,
3126 2377 3328 2425 tantam
3361 2371 3552 2426 divinae
3606 2386 3749 2441 ope-

2158 2468 2378 2524 rationis
2409 2476 2705 2526 consecuta
2738 2477 2819 2525 est
2871 2467 3188 2525 efﬁcaciam.
3236 2469 3299 2523 Et
3346 2470 3465 2542 quis
3517 2468 3752 2524 modica:

2158 2556 2283 2613 ﬁdei
2313 2557 2578 2629 requirat,
2604 2558 2736 2631 quid
2782 2556 2956 2613 valeat
3014 2555 3323 2614 sanctificali
3357 2557 3461 2613 olei
3513 2558 3700 2613 unctio
3732 2574 3749 2626 ;

2159 2646 2290 2715 quid
2318 2645 2523 2712 vinum,
2559 2646 2703 2718 quod
2734 2647 2788 2700 in
2819 2646 3142 2719 sanguinem
3165 2645 3501 2702 Dominicum
3558 2661 3753 2701 sacer-

2159 2734 2356 2790 dotalis
2388 2734 2442 2788 in
2474 2735 2642 2790 verbo
2673 2735 2889 2790 Domini
2918 2735 3078 2790 vertit
3109 2735 3412 2790 benedictio
3432 2737 3461 2789 ?
3489 2736 3588 2790 Per
3614 2750 3757 2790 con-

2160 2827 2430 2880 secratum
2464 2824 2666 2895 quippe
2695 2823 3081 2880 misericordia:
3119 2824 3322 2891 oleum,
3357 2830 3633 2895 reparatur
3657 2838 3754 2877 sa-

2161 2920 2247 2976 lus
2268 2921 2568 2975 animarum
2600 2929 2653 2977 et
2682 2936 2971 2992 corporum
3005 2940 3019 2988 ;
3048 2938 3146 2993 per
3198 2924 3416 2988 vinum,
3441 2920 3584 2992 quod
3641 2928 3757 2975 tam

2154 3008 2312 3083 juxta
2341 3010 2591 3066 humanae
2639 3009 3050 3068 consuetudinis
3098 3026 3277 3075 usum,
3327 3025 3486 3082 quam
3542 3007 3756 3064 intelle-

2161 3106 2307 3154 ctum
2338 3098 2647 3170 mysticum,
2685 3098 2947 3164 laetiﬁcat
2963 3115 3057 3155 cor
3093 3099 3386 3155 hominum
3408 3098 3585 3168 (Psal.
3634 3113 3752 3162 cm,

2164 3197 2271 3267 15),
2304 3195 2636 3268 sospitantur
2664 3196 2921 3252 membra
2951 3195 3325 3270 languentium
3355 3203 3407 3251 et
3436 3195 3750 3251 exhilaran-

2159 3293 2244 3340 tur
2271 3293 2483 3340 mentes
2514 3284 2878 3341 mmrentium.
2930 3286 3069 3340 Etut
3102 3284 3169 3340 de
3191 3284 3296 3341 olei
3349 3284 3561 3357 liquore
3591 3298 3750 3340 com-

2158 3374 2424 3447 pendiosa
2467 3381 2590 3428 utar
2646 3373 2955 3438 traditione,
2990 3373 3120 3445 quid
3176 3373 3229 3428 in
3277 3381 3393 3429 tota
3422 3373 3581 3444 Lycia
3638 3381 3749 3428 tam

2159 3462 2429 3528 mirabile,
2465 3477 2629 3534 quam
2652 3462 2797 3533 quod
2825 3462 3004 3518 oleum
3054 3470 3268 3517 emanat
3296 3462 3364 3517 de
3395 3469 3579 3533 terque
3610 3475 3752 3534 qua—

2160 3559 2349 3623 terque
2379 3549 2504 3605 beat
2531 3551 2764 3617 Nicolai,
2806 3551 3133 3622 Myrensium
3192 3550 3455 3616 Jerarbas,
3508 3550 3747 3621 pretioso

2161 3649 2360 3705 tumba)
2390 3663 2683 3715 marmore,
2715 3663 2779 3703 ac
2812 3647 3067 3703 unctione
3097 3663 3197 3703 sua
3244 3646 3532 3712 delibutos,
3564 3646 3754 3701 liberat

2162 3736 2230 3793 de
2259 3738 2407 3793 omni
2444 3736 2677 3792 adversa
2726 3736 3026 3792 valitudine
3057 3737 3085 3791 ?
3114 3736 3312 3791 Mirum
3370 3734 3613 3806 profecto
3668 3744 3751 3791 est

2159 3827 2523 3882 mstimatione
2552 3824 2852 3891 hominum,
2912 3825 3057 3881 unde
3087 3824 3177 3880 ille
3233 3825 3301 3879 sit
3339 3824 3527 3897 liquor,
3589 3840 3750 3896 quem

2160 3938 2269 3977 non
2298 3938 2393 3977 sua
2424 3921 2654 3977 exsudat
2683 3930 2736 3977 et
2777 3920 3003 3977 distillat
3043 3921 3227 3976 arbor.
3259 3919 3412 3975 Nulla
3470 3921 3545 3975 ibi
3573 3928 3750 3976 mate-

2161 4011 2310 4067 rialis
2338 4011 2483 4067 oliva
2511 4026 2575 4066 ex
2606 4011 2787 4065 radice
2814 4011 3065 4081 pullulat,
3100 4025 3208 4065 non
3262 4024 3442 4063 ramos
3470 4007 3746 4080 expandit,

2162 4099 2582 4171 nongerminat,
2616 4115 2726 4153 non
2748 4096 3051 4167 fructificat,
3102 4106 3155 4154 et
3185 4107 3364 4153 tamen
3393 4105 3580 4153 contra
3627 4096 3747 4166 jura

2161 4205 2370 4253 naturae
2399 4197 2581 4253 oleum
2614 4195 2770 4270 quasi
2799 4196 2854 4250 in
2892 4196 3059 4267 praelo
3087 4212 3403 4267 expressum
3451 4194 3739 4250 exuberat.

2164 4286 2324 4343 Unde
2356 4302 2489 4359 ergo
2514 4286 2585 4339 ibi
2607 4286 2787 4340 oleum
2819 4283 3104 4339 inundatin
3126 4284 3351 4340 salutem
3374 4283 3703 4339 credentium
3720 4284 3747 4336 ?

2164 4387 2246 4439 An
2277 4392 2359 4438 est
2388 4384 2568 4455 aliqua
2600 4366 2745 4437 illius
2779 4391 2939 4438 terra:
2971 4397 3128 4450 vena,
3162 4397 3228 4436 eo
3249 4380 3456 4453 liquore
3484 4379 3745 4435 naturali-

2162 4480 2250 4528 ter
2278 4472 2435 4528 dives
2460 4480 2511 4527 et
2540 4471 2754 4542 proﬂua
2782 4471 2809 4525 ‘t
2831 4486 2904 4526 an
2938 4471 3121 4542 potius
3148 4469 3366 4541 proﬂuit
3394 4486 3455 4525 ex
3503 4469 3746 4540 prmelari

454 4584 596 4638 riam
620 4583 717 4639 Dei
749 4584 896 4655 (199)
915 4557 1142 4655 lapidea
1170 4583 1508 4639 ethnicorum
1539 4585 1708 4640 corda
1753 4557 2047 4641 emollivit.
2082 4621 2137 4682 D
2166 4561 2423 4616 δηίίδιίίίδ
2451 4575 2634 4668 came.
2661 4561 2926 4682 ωοξίυξῗ
2958 4563 3025 4614 At
3060 4559 3320 4682 ξχίίηθίδθ
3350 4557 3529 4614 cumis
3587 4557 3745 4612 habet

456 4673 525 4728 Et
546 4673 673 4745 quid
700 4673 919 4743 mirum,
945 4672 990 4726 si
1020 4671 1204 4727 divina
1233 4672 1519 4729 clementia
1550 4689 1649 4743 per
1695 4672 2045 4741 elementum,

456 4778 626 4833 super
654 4761 797 4836 quod
820 4762 1070 4832 Spiritus
1102 4760 1275 4832 (Gen.
1316 4776 1355 4828 ι,
1386 4762 1442 4833 2)
1464 4769 1687 4816 sanctus
1707 4770 1833 4816 ante
1866 4762 2053 4816 mundi

457 4862 731 4918 ornatum,
753 4866 955 4905 numen
976 4866 1132 4904 suum
1163 4849 1430 4921 expandit
1460 4850 1515 4904 in
1547 4849 1708 4905 futuri
1739 4850 2047 4921 baptisma-

528 5074 677 5144 (197)
706 5074 1079 5132 Adcireenrer
1110 5072 1290 5129 ludos.
1323 5072 1578 5143 Lepidam
1619 5073 1762 5129 hanc
1793 5074 2050 5129 historio-

428 5144 567 5200 .lam
599 5153 872 5200 mutuatus
894 5152 975 5199 est
1004 5153 1189 5216 noster
1234 5145 1406 5216 abbas
1463 5161 1529 5199 ex
1583 5144 1646 5200 S.
1694 5145 2049 5216 Hieronymo,

460 5219 550 5287 qui
581 5216 650 5270 Β.
684 5217 975 5270 Hilarionis
998 5215 1173 5269 Vitam
1196 5215 1547 5287 conscripsit.

532 5290 684 5358 (198)
714 5286 993 5360 Scyphum
1030 5287 1291 5354 ﬁctilem.
1348 5286 1439 5342 Sic
1462 5285 1682 5357 reposui
1734 5302 1801 5342 ex
1825 5286 1945 5357 ipso
1981 5287 2045 5342 S.

462 5355 826 5479 Eieronivrlno,
854 5358 955 5413 etsi
985 5368 1279 5430 utrumque
1292 5355 1764 5429 exemplarinepte
1780 5355 2055 5431 suggera-

500 5437 554 5479 at
582 5437 664 5479 ter
698 5432 715 5479 ἱ
742 5445 856 5479 em.

500 5437 554 5480 at
578 5431 856 5498 fertilem.

533 5500 683 5570 (191))
714 5500 957 5570 Lapidea
973 5499 1331 5556 ethnicorum
1368 5500 1534 5555 corda
1553 5500 1852 5556 emollierit.
1905 5499 2053 5554 Multi

465 5568 606 5621 enim
639 5585 703 5623 eo
724 5568 1022 5639 conspecto
1043 5571 1322 5637 miraculo,
1356 5574 1424 5624 ad
1447 5570 1821 5626 Christianum
1854 5587 2055 5627 nomen

466 5649 839 5704 accesserunt,
871 5644 1128 5695 damnata
1157 5641 1384 5696 deorum
1417 5657 1637 5697 suorum
1657 5643 2050 5697 imbecillitate.

536 5712 686 5779 (200)
716 5713 822 5766 Sub
838 5711 1036 5783 (nostri
1051 5728 1261 5783 quoque
1282 5715 1551 5783 temporis
1571 5717 1728 5783 faece.
1749 5714 1958 5783 Saepius
1975 5715 2057 5767 in-

465 5776 607 5835 dicat
630 5776 813 5835 uester
834 5776 1179 5853 Thiolridus;
1206 5776 1427 5836 sanctos
1483 5776 1582 5837 suo
1608 5794 1710 5837 tem
1721 5776 1854 5853 pore
1911 5786 2056 5839 viros

468 5852 697 5922 Vixisse,
730 5860 889 5922 atque
912 5851 1089 5922 etiam
1103 5854 1393 5922 quosdam,
1415 5869 1553 5922 quos
1587 5851 1927 5909 familiariter
1958 5870 2058 5910 uo-

470 5921 625 5973 verit.
661 5919 1027 5974 Vide’Vitam.
1062 5919 1143 5974 De
1180 5920 1377 5990 quibus
1397 5919 1580 5976 autem
1611 5923 1698 5979 hic
1724 5925 1946 5995 proprie
1984 5927 2061 5978 lo-

2168 4666 2382 4727 natura,
2440 4667 2495 4713 ut
2525 4657 2705 4729 potius
2761 4656 2979 4711 fetidam
3002 4656 3179 4711 tabem
3202 4672 3268 4712 ex
3295 4672 3354 4710 se
3401 4663 3646 4728 generet,
3692 4663 3744 4710 et

2158 4754 2463 4827 putredinis
2495 4763 2763 4826 putorem,
2790 4770 2948 4826 quam
2979 4753 3134 4808 illum
3163 4752 3438 4808 suavitatis
3454 4752 3732 4824 liquorem.

2160 4855 2369 4908 Humus
2399 4861 2582 4909 autem
2611 4851 2852 4907 civitatis
2879 4850 3123 4929 ejusdem
3153 4849 3301 4905 nulla
3331 4849 3410 4905 ita
3437 4848 3597 4903 divite
3612 4865 3735 4903 vena

2159 5077 2411 5140 quantur,
2438 5067 2594 5122 latet.

2232 5134 2663 5219 (εἰρυλᾼίμιίιτη
2716 5137 2874 5219 Germ
2902 5136 3218 5219 turbidam,
3265 5134 3420 5219 Quod
3475 5134 3734 5188 Jeremias

2158 5211 2238 5279 (ιι,
2274 5212 2385 5280 18),
2409 5208 2543 5264 dixit
2569 5222 2761 5280 aquam
2784 5209 3069 5280 Schichor,
3098 5215 3282 5280 noster
3325 5208 3590 5280 interpres
3609 5221 3733 5259 ver-

2159 5276 2239 5348 tit,
2272 5276 2557 5337 turbidam
2589 5276 2918 5344 {Vateblus
2946 5285 3000 5332 et
3033 5278 3324 5350 Pagninus,
3354 5277 3469 5350 Nili
3498 5294 3512 5342 ;
3547 5276 3732 5350 S_eptu-

2159 5347 2350 5424 aginta
2377 5367 2558 5415 senes,
2588 5353 2748 5426 γηῶν,
2768 5350 2967 5403 Notum
2991 5356 3099 5415 est,
3114 5347 3328 5402 veteres
3352 5349 3550 5413 Patres,
3566 5347 3728 5426 Saepe,

2159 5432 2364 5487 omisso
2400 5435 2545 5486 textu
2578 5425 2824 5494 Hebraeo,
2851 5428 3124 5484 adbaarere
3157 5426 3394 5481 Graecis.
3440 5425 3731 5480 'l‘hiolridus

2160 5512 2348 5557 noster
2377 5503 2523 5557 idem
2553 5502 2843 5573 aliquoties
2875 5499 3017 5555 fecit.
3050 5500 3159 5552 Hoc
3189 5506 3369 5573 tamen
3403 5496 3609 5573 loco,_et
3636 5498 3731 5550 La-

2161 5576 2330 5628 tinam
2362 5568 2669 5628 versionem
2700 5573 2917 5642 integre
2938 5570 3361 5642 reprzrsentavit,
3377 5575 3431 5621 et
3450 5585 3512 5621 ex
3529 5568 3727 5642 Grmca,

2162 5644 2537 5715 explicationis
2592 5658 2778 5707 causa,
2817 5639 3021 5715 addidit
3078 5642 3244 5695 Geon.
3287 5639 3734 5715 (laetarum-nihil

2163 5709 2389 5786 pugnat,
2423 5723 2476 5769 et
2506 5716 2792 5769 Hebraeum
2840 5712 3100 5767 schichor
3130 5727 3251 5786 esse
3280 5709 3506 5764 ﬂuvium
3545 5709 3732 5773 Nilum,

2164 5784 2328 5856 quem
2385 5786 2562 5841 Grmci
2614 5786 2768 5842 Geon
2821 5791 3037 5856 vocent,
3097 5792 3151 5856 et
3203 5784 3321 5850 ejus
3377 5795 3575 5856 aquam
3628 5797 3736 5856 esse

2169 5851 2471 5982 inrogatam,
2522 5858 2670 5929 quod
2726 5855 2960 5911 maxime
3012 5854 3234 5908 Latinus
3305 5851 3514 5907 censuit
3568 5852 3742 5925 expri—

2169 5940 2293 5982 men
2334 5942 2448 5981 um.

2166 5940 2425 5983 manuum
2433 5965 2448 5980 .
