3882 6396
155 442 272 497 381

1029 446 1288 503 FLORES
1327 445 1665 502 ΕΡῙΡΛΡΗΠ
1706 440 2126 500 SANCTORUM
2162 475 2235 485 —
2270 444 2398 498 LIB.
2440 445 2535 498 IlI.

3375 447 3477 500 382

155 566 494 623 naturaliter
534 575 618 624 est
676 560 921 641 praedita,
978 579 1035 625 ut
1094 572 1290 641 conjici
1344 572 1506 627 datur
1555 571 1765 626 ratione
1794 571 1849 628 A
1878 566 2904 637 depurissimicordissuifirmamento,
2929 584 3144 622 manna
3170 567 3477 634 minutum,
3519 636 3525 641 ν

156 656 396 712 veritati
426 672 665 730 congrua
678 699 690 712 .

243 745 387 799 Nam
412 760 535 800 cum
568 745 790 817 quidam
820 748 1080 820 egregius
1114 763 1492 804 successorum
1526 747 1779 803 antistitis

156 832 407 904 egregii,
446 833 590 889 civili
621 835 887 905 expulsus
916 846 1061 891 esset
1090 837 1380 906 discordia,
1411 836 1598 892 tandiu
1630 838 1777 906 (202)

154 921 413 976 cessavit
445 922 716 992 profluere
766 924 875 979 olei
930 925 1306 991 exuberantia,
1358 926 1531 981 donec
1582 928 1779 997 przesul

160 1010 383 1077 ejectus
407 1027 529 1066 cum
558 1011 773 1081 injuria,
806 1013 1069 1068 Ecclesiae
1101 1030 1238 1077 suae,
1274 1030 1399 1069 cum
1438 1015 1645 1085 ingenti
1693 1029 1781 1069 re-

156 1098 489 1154 stitueretur
518 1100 727 1156 honore
748 1116 811 1156 ac
842 1102 1033 1173 gloria.
1076 1102 1131 1157 Si
1179 1103 1322 1157 enim
1367 1119 1467 1174 per
1524 1112 1777 1157 naturam

158 1186 490 1256 proﬂueret,
524 1189 699 1243 fluxus
729 1189 814 1243 sui
874 1206 1089 1246 cursum
1147 1207 1255 1246 non
1316 1191 1607 1246 amitteret.
1671 1192 1779 1247 Sed

160 1274 304 1345 quia
329 1276 540 1331 eximiae
571 1277 870 1333 sanctitatis
898 1278 1161 1334 Nicolaus
1210 1284 1275 1335 ut
1331 1282 1523 1352 palma
1581 1280 1780 1348 ﬂoruit

158 1365 351 1433 (Psal.
383 1379 498 1433 xei,
534 1366 648 1436 13),
682 1375 734 1421 et
772 1368 919 1423 sicut
938 1370 1083 1424 oliva
1103 1370 1409 1439 fructifera
1432 1367 1781 1424 fructificavit

165 1451 233 1505 in
268 1451 428 1508 domo
461 1455 683 1511 Domini
714 1456 888 1523 (Psal.
925 1471 999 1521 Li,
1039 1459 1127 1525 10)
1160 1472 1172 1510 :
1206 1456 1447 1511 inaudito
1490 1472 1519 1510 a
1567 1457 1780 1512 smculis

160 1540 473 1606 miraculo,
531 1542 774 1597 inaudita
822 1542 1216 1609 munificentia,
1272 1552 1324 1599 et
1381 1545 1776 1611 benevolentia,

160 1628 400 1683 Domini
432 1630 551 1697 Dei,
585 1632 674 1702 qui
706 1633 906 1687 creavit
934 1634 1115 1688 omnia
1146 1650 1208 1687 ex
1254 1634 1442 1702 nihilo,
1503 1650 1568 1689 ex
1617 1634 1779 1705 gleba

156 1723 446 1771 tantarum
479 1717 732 1773 virtutum
754 1719 878 1783 viri,
909 1720 966 1773 in
994 1721 1147 1790 cujus
1175 1721 1374 1792 legitur
1402 1722 1734 1792 praeconium
1760 1727 1776 1781 ἱ

158 1806 310 1860 Erat
325 1807 477 1861 enim
492 1807 651 1862 valde
673 1810 1103 1880 compatiens,et
1120 1813 1213 1882 pia
1229 1826 1401 1881 super
1420 1810 1662 1881 afﬂictos
1679 1826 1764 1882 ge-

1887 660 1943 711 et
1974 658 2132 729 quasi
2153 658 2267 728 pilo
2301 663 2534 712 tunsum
2557 658 2896 725 (Exod.xvr,
2930 657 3007 725 4),
3042 655 3340 711 doctrinam
3361 670 3488 725 pro-

1886 743 2027 800 fecto
2058 745 2456 818 evangelicam,
2496 745 2564 799 ab
2597 745 2741 799 omni
2775 744 2980 799 erroris
3011 751 3352 815 segregatam
3380 744 3488 798 im-

1886 832 2165 897 munditia,
2200 849 2297 902 per
2327 832 2596 887 internum
2649 832 2743 887 Dei
2793 832 3127 902 sapientiam.
3183 832 3239 886 In
3278 835 3488 902 Apoca-

1890 918 2030 990 lypsi
2078 937 2172 975 sua
2225 923 2472 977 vincenti
2520 922 2757 993 spondet
2812 938 3029 976 manna
3090 921 3487 976 absconditum

1890 1009 2079 1080 (Apoc.
2119 1024 2179 1075 ιι,
2212 1012 2320 1077 1³7).
2355 1010 2484 1065 Ideo
2514 1009 2565 1063 in
2599 1009 3070 1065 evidentissimum
3101 1009 3340 1064 victoriae
3370 1010 3488 1078 ejus

1887 1104 1942 1151 et
1966 1097 2214 1153 candida:
2244 1113 2307 1153 ac
2337 1106 2614 1169 perpetua;
2644 1098 2911 1153 castitatis
2967 1097 3331 1152 testimonium
3365 1112 3488 1152 cor-

1887 1202 1989 1256 pus
2020 1187 2137 1254 ejus
2167 1186 2471 1259 virgineum
2504 1202 2700 1241 manna
2731 1193 2813 1241 est
2841 1195 3161 1257 c00pertum
3192 1194 3243 1240 et
3281 1201 3485 1241 recon-

1888 1273 2079 1332 ditum.
2110 1272 2269 1342 Quod
2297 1283 2475 1330 autem
2506 1291 2605 1331 cor
2634 1276 2701 1330 ad
2730 1275 3153 1349 excogitandum
3183 1290 3306 1329 esse
3337 1281 3488 1344 pote-

1888 1362 1960 1416 rit
1990 1363 2265 1430 idoneum,
2298 1373 2557 1436 quantum
2591 1380 2726 1438 erga
2753 1365 3049 1421 electorum
3065 1363 3224 1418 etiam
3240 1362 3481 1429 minima,

1887 1467 1940 1513 et
1967 1459 2357 1530 abjectissima,
2392 1460 2589 1515 divinae
2619 1461 2947 1531 dignationis
2976 1470 3024 1515 et
3056 1460 3245 1532 gratia:
3267 1461 3334 1514 sit
3379 1459 3485 1513 im-

1887 1548 2143 1617 pendium
2169 1550 2191 1601 ?
2219 1549 2419 1603 Natura
2447 1549 2532 1604 cui
2555 1548 2683 1602 illud
2709 1550 3081 1620 praescriptum
3112 1557 3193 1602 est
3213 1548 3481 1619 elogium,

1886 1638 2080 1691 Pulvis
2101 1653 2158 1691 es
2184 1637 2246 1691 in
2260 1638 2546 1709 pulverem
2566 1640 2867 1693 reverteris
2892 1639 3051 1705 (Gen.
3085 1653 3167 1701 ιιι,
3216 1637 3323 1705 19),
3373 1652 3483 1690 nou

1884 1724 2048 1779 modo
2079 1724 2129 1778 in
2162 1726 2358 1779 emlum
2389 1725 2651 1793 ascendit,
2687 1726 2780 1780 sed
2812 1726 2865 1780 in
2921 1728 3039 1797 ipsa
3095 1741 3310 1796 quoque
3364 1741 3483 1780 suae

1882 1814 2254 1883 corruptionis
2280 1815 2634 1882 resolutione,
2668 1830 2774 1868 non
2832 1822 2938 1867 tam
2996 1813 3298 1883 putredinis
3352 1813 3480 1868 tabo

158 1897 335 1948 stans
358 1897 573 1950 viscera
592 1896 825 1967 pietatis
847 1898 1356 1962 etmisericordiae;
1393 1899 1767 1966 stillatoleum,
1799 1917 1852 1976 Β
1884 1902 2166 1968 sordescit,
2208 1918 2371 1975 quam
2424 1902 2607 1956 divina
2665 1899 3056 1974 glorificatioue
3112 1902 3471 1971 splendescit.

160 1996 281 2035 non
311 1982 366 2036 in
397 1991 608 2038 naturae
640 1985 718 2039 rei
765 1986 1059 2040 materialis
1116 1988 1506 2057 prazjudicium,
1564 1989 1659 2043 sed
1716 1989 1770 2042 in

158 2068 641 2126 evidentissimum
674 2073 941 2145 largiﬂuze
972 2089 1034 2128 ac
1065 2075 1524 2145 supereminentis
1555 2076 1607 2131 in
1640 2092 1771 2132 san-

162 2166 290 2215 ctos
321 2176 450 2214 suos
480 2160 676 2216 divina:
701 2162 1000 2218 clementiae
1029 2163 1308 2220 indicium.

706 2339 1098 2398 CAPITULUM
1132 2342 1220 2398 VI.

378 2464 526 2532 (203)
558 2464 633 2518 De
664 2462 1001 2537 Symmystw
1030 2467 1223 2522 Joanis
1252 2467 1584 2538 polyandro.

246 2602 354 2657 Sed
392 2602 517 2658 licet
556 2620 656 2673 per
691 2612 904 2676 tropum
967 2608 1114 2677 (204)
1179 2608 1565 2679 ysterologiam
1622 2626 1771 2680 pra:—

166 2699 395 2759 postero
425 2692 492 2744 sit
517 2691 647 2745 miri
676 2693 938 2747 utendum
969 2695 1180 2759 ordine,
1213 2697 1547 2752 mausoleum
1587 2706 1768 2753 tamen

167 2777 400 2830 Joannis
431 2778 661 2846 apostoli
703 2788 750 2833 et
785 2781 1150 2850 evangelista),
1171 2784 1223 2835 in
1246 2784 1598 2839 reverberate
1619 2801 1771 2839 men-

169 2859 241 2913 tis
270 2859 411 2928 acic,
445 2860 498 2915 in
523 2861 674 2931 ipsos
701 2864 890 2918 aeterni
921 2864 1063 2919 Solis
1097 2866 1278 2921 radios
1308 2866 1574 2922 evolantis
1612 2868 1770 2940 aqui-

168 2948 256 3016 lae,
293 2965 402 3004 non
435 2966 708 3020 prmsumo
739 2954 1171 3021 praetermittere.
1203 2957 1582 3028 Prmrogativae
1600 2957 1769 3030 virgi-

168 3038 313 3092 nalis
342 3038 465 3109 ejus
496 3040 828 3096 castimonite
860 3043 1132 3113 congruit,
1167 3045 1309 3115 quod
1342 3061 1406 3099 ex
1438 3046 1557 3117 ejus
1586 3049 1767 3100 tumba

169 3142 273 3196 pro
313 3127 604 3192 vermibus,
647 3145 841 3184 manna
883 3132 1185 3186 scalurieus
1242 3133 1478 3203 profluit.
1566 3134 1765 3189 Panem

165 3215 532 3287 angelorum,
595 3218 823 3273 Verbum
870 3220 934 3273 in
1006 3221 1311 3291 principio,
1374 3224 1545 3278 Deum
1610 3223 1761 3295 apud

1877 1990 2143 2044 Nimirum
2192 2006 2299 2045 non
2367 1990 2669 2045 mirabilius
2721 1999 2803 2045 est
2859 1990 3282 2057 aestimandum;
3335 1990 3480 2061 quod

1877 2093 2112 2144 manna,
2145 2080 2308 2149 cujus
2336 2083 2533 2150 gustus
2565 2079 2740 2149 sapuit
2762 2080 2919 2152 quasi
2941 2079 3147 2134 simin
3167 2095 3294 2133 cum
3311 2079 3479 2133 melle

1880 2166 2083 2233 (Exod.
2116 2184 2234 2230 xw,
2266 2171 2378 2235 31),
2430 2183 2531 2237 per
2587 2167 3060 2239 quadragenorum
3110 2166 3478 2220 revolutiones

1878 2267 2165 2316 annorum,
2200 2251 2564 2306 Israeliticum
2595 2251 2742 2322 pavit
2771 2251 3029 2321 populum
3051 2251 3235 2313 (Deut.
3259 2266 3371 2316 vui,
3390 2253 3472 2319 3);

1879 2356 2041 2410 quam
2074 2340 2216 2411 quod
2248 2355 2346 2410 pro
2404 2339 2670 2394 effusione
2724 2340 2985 2401 sordium,
3040 2354 3105 2393 ac
3163 2339 3477 2393 ehullitione

1878 2428 2160 2492 vermium,
2222 2444 2286 2482 ex
2344 2436 2694 2497 putrescente
2750 2443 2913 2482 carne
2969 2426 3288 2480 naturaliter
3341 2442 3473 2497 pro-

1877 2512 2176 2582 ﬂuentium,
2207 2532 2307 2587 per
2352 2516 2760 2587 mysteriarchm
2788 2516 3029 2581 Joannis,
3063 2532 3235 2587 usque
3278 2514 3329 2568 in
3376 2514 3474 2568 ho-

1877 2604 2125 2660 diernum
2150 2605 2315 2673 diem,
2351 2604 2539 2660 ebullit
2561 2604 2849 2659 tumulum.
3428 2612 3435 2617 ‘

2386 2756 2777 2812 CAPITULUM
2822 2756 2942 2810 VII.

2263 2871 2336 2926 De
2404 2870 2645 2926 vasculis
2710 2874 2768 2925 ct
2820 2870 3065 2925 lectulis.

2157 2995 2211 3050 Si
2242 2993 2564 3065 prolusiore,
2597 3011 2758 3066 quam

2164 3143 2178 3156 .
2203 3142 2243 3155 ..
2270 3102 2509 3157 Romani
2534 3103 2827 3158 maximus
2854 3105 3057 3158 auctor

1952 3209 2166 3264 Tullius
2186 3208 2461 3281 eloquii...
2478 3248 2490 3261 .

243 3270 275 3287 ο
521 3270 531 3282 ,
598 3270 649 3272 γ-
897 3270 927 3273 τ-
1374 3270 1545 3278 "ww
1611 3270 1643 3278 --
1688 3270 1759 3278 -π

167 3305 346 3360 Dcum
404 3306 592 3373 (Joan.
650 3321 669 3359 ι
703 3348 715 3371 ,
776 3308 874 3376 1),
935 3309 1270 3363 enucleatius
1336 3311 1592 3365 omnibus
1646 3270 1758 3366 (Dei

1881 3298 2019 3366 :ujus
2049 3297 2372 3368 plerumque

166 3393 514 3464 Symmystis,
543 3394 658 3448 orbi
700 3402 967 3449 terrarum
1015 3397 1409 3452 comedendum
1462 3399 1753 3470 apposuit:

165 3482 381 3537 Idcirco
436 3491 628 3538 contra
679 3484 1003 3539 conditionis
1068 3486 1316 3542 humanae
1391 3495 1635 3543 naturam
1704 3489 1758 3544 in

162 3570 377 3641 dijugio
399 3572 636 3643 psycbes
664 3579 717 3626 et
746 3573 967 3626 somatis
1012 3574 1269 3629 honorari
1327 3576 1539 3631 meruit.
1602 3577 1761 3632 Solus

160 3657 493 3721 mortalium,
526 3668 715 3730 egesta
745 3668 797 3715 et
826 3661 999 3729 ejecta
1030 3670 1191 3718 extra
1248 3663 1490 3720 basilicae
1544 3665 1756 3731 valvas,

158 3749 331 3802 humo
387 3748 558 3819 (205),
609 3748 768 3802 vivus
807 3750 1151 3818 poliandrum
1208 3752 1467 3819 introivit,
1527 3764 1578 3808 et
1634 3754 1759 3810 inde

159 3836 522 3892 concionatus
541 3836 609 3890 ad
633 3852 758 3890 suos
780 3837 961 3892 oblata
982 3840 1243 3894 orationis
1264 3841 1482 3895 victima
1505 3849 1760 3913 tanquam

156 3924 486 3989 suavissime
517 3941 817 3994 repausans
834 3934 886 3981 et
904 3927 1135 3984 Domino
1159 3930 1508 3989 obdormivit.
1560 3932 1761 3991 Manna

156 4013 392 4067 Mariam
424 4012 696 4084 virginem
719 4017 1757 4086 perpetuam,subtilem,suavissimam,

154 4101 229 4156 de
260 4117 368 4172 qua
392 4101 571 4171 prodit
600 4102 819 4167 vermis,
865 4103 956 4174 qui
1013 4104 1197 4173 psallit
1246 4104 1300 4159 in
1358 4106 1591 4176 psalmo,
1651 4111 1762 4179 Ego

155 4206 287 4245 sum
304 4190 505 4244 vermis
521 4194 577 4244 et
593 4205 706 4245 non
730 4190 889 4246 homo
913 4193 1086 4253 (Psal.
1111 4196 1231 4257 xxi,
1254 4194 1330 4258 7),
1356 4195 1504 4265 (206)
1537 4196 1758 4250 Mariam

155 4277 413 4347 inquam,
462 4293 814 4348 conspersam
869 4279 990 4334 oleo
1042 4280 1293 4344 similam,
1351 4282 1402 4337 in
1464 4285 1761 4339 Dominicee

155 4365 437 4440 passionis
464 4367 621 4435 hora,
656 4367 758 4421 sibi
788 4367 857 4421 ab
890 4367 1006 4437 ipso
1038 4369 1195 4423 Paue
1247 4370 1472 4436 caelesti,
1524 4374 1762 4430 habente

158 4471 325 4510 omne
342 4454 836 4517 delcctamentum,
864 4460 917 4511 et
936 4473 1155 4512 omnem
1174 4474 1429 4529 saporem
1450 4459 1761 4517 suavitatis

156 4544 314 4616 (Sap.
348 4557 470 4609 xw,
509 4542 612 4614 10),
644 4544 1098 4611 commendatam,
1123 4546 1185 4600 in
1216 4564 1378 4603 suam
1409 4549 1556 4621 virgo
1578 4567 1761 4606 susce-

2037 3385 2268 3440 Addidit
2294 3384 2560 3441 invalida;-
2590 3384 2760 3439 robur
2788 3384 3061 3454 facundia
3084 3400 3291 3448 causas,

1865 3473 2240 3529 redundarem
2296 3472 2628 3544 eloquentia,
2690 3487 2793 3527 non
2850 3474 3017 3545 digne
3078 3473 3463 3543 exprimerem,

1866 3578 2028 3634 quam
2068 3561 2336 3632 stupenda
2365 3561 2540 3632 signa,
2572 3570 2625 3615 et
2646 3560 2914 3631 prodigia,
2940 3577 3039 3631 per
3070 3560 3292 3616 vascula
3340 3576 3471 3629 0pc-

1864 3652 1966 3705 rati
1995 3651 2102 3705 sint
2131 3650 2324 3714 sancti,
2357 3664 2490 3705 vasa
2515 3649 2817 3705 Dominica.
2841 3650 2975 3717 Qum
3003 3649 3132 3703 mibi
3155 3656 3469 3719 suppeteret

1864 3739 2013 3793 fandi
2062 3739 2240 3809 copia,
2296 3737 2342 3793 si
2409 3753 2639 3793 conarer
2686 3738 2825 3807 stylo
2884 3737 3139 3808 prosequi
3187 3738 3468 3808 lecythum

1864 3829 1993 3891 olei,
2028 3831 2083 3882 et
2120 3829 2328 3898 farina:
2363 3827 2641 3898 hydriam,
2677 3827 2875 3897 quibus
2915 3827 3057 3895 apud
3094 3828 3468 3898 Sureptanam

1864 3916 2114 3980 viduam,
2152 3916 2295 3969 Elias
2328 3930 2509 3985 praeco
2539 3916 2750 3968 venturi
2779 3914 2987 3969 .ludicis
3022 3922 3355 3968 sustentatus
3387 3922 3470 3968 est

1865 4020 2039 4077 usque
2082 4006 2143 4059 in
2181 4004 2350 4067 diem,
2380 4021 2487 4075 qua
2516 4004 2785 4058 Dominus
2834 4004 2983 4057 Deus
3032 4019 3203 4074 super
3245 3992 3469 4057 aridam

1868 4084 2141 4156 triennio,
2176 4100 2231 4147 et
2257 4092 2537 4147 mensibus
2562 4108 2664 4146 sex
2701 4099 2857 4146 terra;
2893 4090 3086 4146 faciem
3137 4091 3288 4146 dedit
3335 4092 3469 4163 plu-

1866 4181 2061 4236 viam?
2098 4180 2198 4250 (III
2225 4182 2347 4251 Reg.
2381 4194 2523 4243 xvu,
2555 4183 2664 4247 16.)

1938 4268 2101 4323 Nulla
2130 4267 2261 4321 mihi
2306 4275 2450 4322 tanta
2499 4266 2704 4340 ingenii
2732 4267 2857 4322 salit
2912 4283 3067 4331 vena,
3100 4282 3208 4339 qua
3266 4281 3468 4337 expro-

1865 4373 2036 4420 mere,
2072 4371 2287 4427 queam,
2322 4372 2483 4428 quam
2516 4352 2809 4429 magnifica
2840 4356 3178 4411 successoris
3222 4356 3357 4423 ejus,
3417 4362 3472 4411 et

1865 4445 2095 4515 duplicis
2125 4444 2343 4514 spiritus
2373 4444 2603 4500 hiel'etlis
2653 4444 2839 4507 Elisei,
2898 4444 3037 4515 apud
3094 4445 3265 4498 Deum
3322 4443 3469 4498 obti-

1866 4534 2082 4588 nuerint
2111 4534 2304 4587 merita
2339 4547 2352 4601 ;
2395 4540 2453 4586 ut
2482 4533 2749 4604 pauperis
2780 4532 2980 4597 viduae,
3012 4549 3135 4604 qua:
3177 4532 3231 4585 iu
3284 4541 3467 4603 typum

154 4632 450 4707 pit(,]oan,
485 4646 604 4698 χιχ,
636 4635 749 4704 27),
785 4633 1032 4688 custodia
1064 4651 1076 4687 ε
1109 4634 1265 4706 pluit,
1299 4636 1452 4708 quasi
1484 4638 1550 4693 de
1595 4639 1755 4704 εωιο,
1788 4629 1839 4689 1)
1869 4621 2148 4693 praecessit
2178 4621 2544 4685 Ecclesim,ex
2564 4621 2947 4677 minutissima
2968 4622 3087 4676 oleo
3108 4621 3304 4676 omnia
3340 4636 3465 4690 sua,

232 4812 381 4878 (202)
445 4811 691 4866 Cessavit
735 4812 1039 4879 pro/luere.
1106 4808 1290 4864 Tradit
1346 4811 1447 4867 hoc
1519 4814 1762 4870 Joannes

158 4881 439 4953 Diacouus
469 4880 672 4953 in_Vita
703 4880 764 4933 S.
810 4881 1053 4953 Nicolai,
1105 4897 1268 4953 quam
1325 4899 1387 4935 ex
1449 4885 1760 4953 patriarcha

159 4951 438 5007 Methodio
467 4951 768 5016 collectam,
798 4952 902 5006 luci
934 4952 1099 5005 dedit.
1136 4952 1300 5006 Recte
1349 4951 1474 5008 hinc
1533 4955 1763 5009 conclu-

156 5026 321 5084 ditur,
358 5022 620 5077 diviuitus
663 5025 765 5077 hoc
820 5022 1003 5077 oleum
1054 5022 1293 5085 fluxisse,
1353 5024 1502 5079 nullo
1557 5033 1762 5081 natum

158 5094 518 5150 adminiculo.
560 5094 743 5164 Itaque
765 5110 827 5146 ex
861 5093 1138 5148 Breviario
1172 5094 1429 5151 Ecclesia:
1460 5095 1758 5164 ’l'oletanw,

161 5167 228 5221 de
262 5167 323 5219 Β.
362 5165 587 5219 Nicolao
617 5163 806 5218 merito
838 5180 1093 5219 canamus
1125 5182 1137 5217 :

553 5260 716 5328 Cujus
748 5258 932 5312 tumba
963 5259 1062 5313 fert
1092 5259 1292 5326 oleum,

550 5331 752 5384 Matres
780 5330 939 5384 olivae
964 5331 1213 5385 nesciunt
1244 5348 1257 5386 :

553 5401 712 5469 Quod
735 5413 930 5454 natura
963 5416 1066 5455 con
1099 5402 1339 5471 protulit,

553 5474 791 5527 Marmor
814 5472 1058 5526 sudando
1089 5473 1341 5542 parturit.

228 5573 378 5643 (203)
409 5570 719 5643 Epigrapbe
748 5569 905 5643 hujus
934 5568 1125 5637 capitis
1155 5572 1237 5625 est
1272 5588 1285 5624 :
1322 5571 1398 5626 De
1429 5570 1762 5643 Symmysta:

155 5640 392 5704 Joannis
421 5640 753 5714 polyandro.
808 5641 1172 5714 Symmystam
1224 5650 1380 5714 vocat
1427 5640 1755 5714 aiiosloltitn,

158 5718 302 5787 quod
339 5710 529 5787 plures
553 5718 740 5787 essent
770 5710 1009 5787 ejusdem
1037 5711 1258 5787 collegii
1306 5716 1521 5783 ing/stre.
1587 5711 1758 5767 Porro

156 5780 535 5861 poli/auctrrun
558 5786 685 5861 Esca
730 5780 906 5858 potius
962 5780 1382 5861 polgandriumj
1444 5789 1606 5861 vocat
1657 5798 1758 5849 per

155 5849 523 5915 catachresin,
556 5853 630 5924 S.
656 5849 879 5905 Joannis
926 5851 1269 5924 sepulcrum.
1324 5852 1755 5924 Namrpoilyqn-

154 5929 365 5991 drium,
396 5931 450 5980 et
477 5921 812 5977 eruditorum
838 5934 968 5972 usus
997 5919 1157 5974 habet
1191 5938 1204 5977 :
1264 5929 1319 5975 et
1374 5919 1525 5979 vocii
1580 5919 1755 5992 ipsius

1869 4795 2028 4867 origo
2058 4795 2281 4858 indicat,
2312 4794 2492 4850 locum
2524 4810 2666 4860 esse,
2690 4796 2872 4850 multis
2897 4796 3167 4867 sepulcris
3189 4796 3467 4864 refertum,

1869 4867 2170 4932 cuiusmodi
2201 4874 2283 4921 est
2310 4870 2721 4922 carmeterium.

1943 4940 2088 5005 (204)
2111 4940 2217 4993 Per
2239 4942 2461 5008 tropum
2480 4939 2899 5009 ystcrologiam.
2932 4938 3045 4992 Hoc
3069 4937 3269 5001 vult,se
3290 4946 3472 5008 poste-

1870 5008 1979 5060 rius
2009 5008 2214 5069 dieere,
2248 5009 2391 5079 quod
2424 5008 2575 5076 prius
2604 5008 2804 5063 dictum
2836 5010 3073 5076 oportuit
3153 5010 3267 5064 Hoc
3323 5010 3469 5062 enim

1871 5080 2252 5149 Hysterclogia
2281 5087 2389 5132 est.
2429 5079 2537 5132 Sed
2567 5095 2664 5131 cur
2720 5080 2770 5132 id
2828 5079 2954 5134 dicit
2985 5080 3014 5133 Ῡ
3068 5080 3193 5133 ideo
3248 5081 3467 5149 Opinor,

1869 5152 2018 5219 quia,
2049 5166 2171 5203 cum
2194 5151 2260 5203 de
2292 5150 2534 5218 pluribus
2556 5151 2687 5221 aliis
2714 5154 2909 5221 egerit,
2930 5167 3052 5220 quae
3072 5166 3181 5203 non
3208 5160 3280 5204 ita
3302 5166 3470 5220 prope

1871 5229 2183 5293 sanctorum
2214 5235 2441 5293 corpora
2471 5220 2762 5290 attingunt,
2794 5222 2914 5286 jam
2946 5222 3015 5275 de
3046 5222 3304 5290 sepulcro
3333 5223 3467 5293 agit,

1872 5288 2017 5363 quod
2048 5290 2155 5344 illis
2184 5298 2264 5343 est
2293 5289 2563 5351 intimum.
2598 5288 2687 5345 aut
2720 5293 2895 5362 potius
2927 5293 3012 5346 cui
3044 5288 3273 5362 corpora
3302 5288 3464 5363 phiae

1871 5360 2057 5413 intima
2090 5368 2239 5414 sunt.

1942 5431 2281 5503 (205)“l’i-vus
2300 5430 2708 5503 polyaudrumg
2733 5433 3013 5488 introivit.
3051 5433 3131 5486 De
3190 5432 3467 5503 paradoxa

1868 5501 2251 5625 morte1gilecti
2276 5502 2433 5566 hujus
2464 5501 2712 5569 discipuli
2745 5502 2866 5557 vide
2914 5504 3110 5558 Burou.
3165 5501 3309 5559 anno
3359 5506 3470 5559 Do—

1870 5588 1999 5625 mini
2145 5611 2158 5623 .

1870 5573 1999 5627 mini
2036 5573 2158 5625 101.

1942 5642 2089 5709 (206)
2115 5640 2344 5713 Mariam
2370 5643 2876 5713 conspersamimeo
2898 5645 3165 5699 similam.
3195 5644 3470 5713 Ejusmodi

1868 5714 2188 5781 conspersio
2240 5710 2507 5781 signiticet
2544 5712 2967 5781 habundantiam
3054 5710 3464 5777 misericordize,

1866 5778 2087 5837 auctore
2119 5782 2196 5834 B.
2238 5778 2764 5852 Gregorio‘Mugno
2799 5784 2980 5847 (llum.
3018 5786 3102 5847 l2,
3139 5788 3197 5837 in
3233 5786 3468 5852 Ezech.)

1864 5869 2031 5925 quem
2116 5859 2310 5907 noster
2357 5846 2685 5906 'Thiofridus
2754 5851 2948 5908 lubens
3020 5863 3296 5910 auctorem
3374 5846 3467 5909 se;

1850 5924 2072 5995 quitur.
