  <div class='ocr_page' id='page_1' title='image "/cluster/home/n/w/nwhite01/storage/ocr_20150623/156-157/uc1.31175010662024/833.png"; bbox 0 0 3882 6408; ppageno 0'>
   <div class='ocr_carea' id='block_1_1' title="bbox 509 406 610 460">
    <p class='ocr_par' dir='ltr' id='par_1_1' title="bbox 509 406 610 460">
     <span class='ocr_line' id='line_1_1' title="bbox 509 406 610 460; baseline 0 0"><span class='ocrx_word' id='word_1_1' title='bbox 509 406 610 460; x_wconf 87' lang='lat'>383</span> 
     </span>
    </p>
   </div>
   <div class='ocr_carea' id='block_1_2' title="bbox 1479 402 2821 464">
    <p class='ocr_par' dir='ltr' id='par_1_2' title="bbox 1479 402 2821 464">
     <span class='ocr_line' id='line_1_2' title="bbox 1479 402 2821 464; baseline 0.003 -4"><span class='ocrx_word' id='word_1_2' title='bbox 1479 402 1903 461; x_wconf 79' lang='lat' dir='ltr'>THIOFRIDUS</span> <span class='ocrx_word' id='word_1_3' title='bbox 1941 402 2171 464; x_wconf 80' lang='lat' dir='ltr'><strong>ABBAS</strong></span> <span class='ocrx_word' id='word_1_4' title='bbox 2205 403 2821 464; x_wconf 77' lang='lat' dir='ltr'>EFTERNACENSIS.</span> 
     </span>
    </p>
   </div>
   <div class='ocr_carea' id='block_1_3' title="bbox 3719 409 3814 464">
    <p class='ocr_par' dir='ltr' id='par_1_3' title="bbox 3719 409 3814 464">
     <span class='ocr_line' id='line_1_3' title="bbox 3719 409 3814 464; baseline 0 0"><span class='ocrx_word' id='word_1_5' title='bbox 3719 409 3814 464; x_wconf 73' lang='grc'><strong>384</strong></span> 
     </span>
    </p>
   </div>
   <div class='ocr_carea' id='block_1_4' title="bbox 511 527 3816 604">
    <p class='ocr_par' dir='ltr' id='par_1_4' title="bbox 511 527 3816 604">
     <span class='ocr_line' id='line_1_4' title="bbox 511 527 3816 604; baseline 0.001 -18"><span class='ocrx_word' id='word_1_6' title='bbox 511 537 564 586; x_wconf 91' lang='lat' dir='ltr'>et</span> <span class='ocrx_word' id='word_1_7' title='bbox 593 546 668 586; x_wconf 76' lang='lat' dir='ltr'>ex</span> <span class='ocrx_word' id='word_1_8' title='bbox 696 529 900 586; x_wconf 82' lang='lat' dir='ltr'>vicinis</span> <span class='ocrx_word' id='word_1_9' title='bbox 916 531 1198 603; x_wconf 67' lang='lat' dir='ltr'>praestita,</span> <span class='ocrx_word' id='word_1_10' title='bbox 1222 543 1398 601; x_wconf 83' lang='lat' dir='ltr'>usque</span> <span class='ocrx_word' id='word_1_11' title='bbox 1425 527 1496 584; x_wconf 91' lang='lat' dir='ltr'>ad</span> <span class='ocrx_word' id='word_1_12' title='bbox 1533 544 1804 585; x_wconf 88' lang='lat' dir='ltr'>summum</span> <span class='ocrx_word' id='word_1_13' title='bbox 1833 529 2101 601; x_wconf 87' lang='lat' dir='ltr'>in/unde-</span> <span class='ocrx_word' id='word_1_14' title='bbox 2127 530 2184 592; x_wconf 83' lang='lat' dir='ltr'><strong>A</strong></span> <span class='ocrx_word' id='word_1_15' title='bbox 2210 531 2453 604; x_wconf 76' lang='lat' dir='ltr'>gnando,</span> <span class='ocrx_word' id='word_1_16' title='bbox 2487 531 2586 588; x_wconf 89' lang='lat' dir='ltr'>sed</span> <span class='ocrx_word' id='word_1_17' title='bbox 2615 530 2901 588; x_wconf 89' lang='lat' dir='ltr'>moriendo</span> <span class='ocrx_word' id='word_1_18' title='bbox 2929 531 3194 590; x_wconf 87' lang='lat' dir='ltr'>vicerunt.</span> <span class='ocrx_word' id='word_1_19' title='bbox 3217 533 3284 589; x_wconf 87' lang='lat' dir='ltr'>In</span> <span class='ocrx_word' id='word_1_20' title='bbox 3303 531 3532 590; x_wconf 82' lang='lat' dir='ltr'>camino</span> <span class='ocrx_word' id='word_1_21' title='bbox 3565 532 3816 588; x_wconf 81' lang='lat' dir='ltr'>tribula-</span> 
     </span>
    </p>
   </div>
   <div class='ocr_carea' id='block_1_5' title="bbox 511 617 2108 690">
    <p class='ocr_par' dir='ltr' id='par_1_5' title="bbox 511 617 2108 690">
     <span class='ocr_line' id='line_1_5' title="bbox 511 617 2108 690; baseline -0.001 -14"><span class='ocrx_word' id='word_1_22' title='bbox 511 623 716 676; x_wconf 80' lang='lat' dir='ltr'>rentur</span> <span class='ocrx_word' id='word_1_23' title='bbox 727 619 960 685; x_wconf 80' lang='lat' dir='ltr'>doliola,</span> <span class='ocrx_word' id='word_1_24' title='bbox 985 628 1034 673; x_wconf 89' lang='lat' dir='ltr'>et</span> <span class='ocrx_word' id='word_1_25' title='bbox 1053 617 1666 674; x_wconf 84' lang='lat' dir='ltr'>avidissimicreditoris</span> <span class='ocrx_word' id='word_1_26' title='bbox 1687 619 2108 690; x_wconf 82' lang='lat' dir='ltr'>demergeretur</span> 
     </span>
    </p>
   </div>
   <div class='ocr_carea' id='block_1_6' title="bbox 512 705 2106 778">
    <p class='ocr_par' dir='ltr' id='par_1_6' title="bbox 512 705 2106 778">
     <span class='ocr_line' id='line_1_6' title="bbox 512 705 2106 778; baseline -0.003 -14"><span class='ocrx_word' id='word_1_27' title='bbox 512 710 760 764; x_wconf 80' lang='lat' dir='ltr'>avaritia</span> <span class='ocrx_word' id='word_1_28' title='bbox 795 707 890 776; x_wconf 83' lang='lat' dir='ltr'>(IV</span> <span class='ocrx_word' id='word_1_29' title='bbox 909 711 1036 778; x_wconf 78' lang='lat' dir='ltr'>Reg.</span> <span class='ocrx_word' id='word_1_30' title='bbox 1095 722 1173 772; x_wconf 82' lang='lat' dir='ltr'>1v,</span> <span class='ocrx_word' id='word_1_31' title='bbox 1207 708 1284 776; x_wconf 84' lang='lat'>5).</span> <span class='ocrx_word' id='word_1_32' title='bbox 1319 705 1496 762; x_wconf 81' lang='lat' dir='ltr'>Silere</span> <span class='ocrx_word' id='word_1_33' title='bbox 1525 706 1720 762; x_wconf 90' lang='lat' dir='ltr'>melius</span> <span class='ocrx_word' id='word_1_34' title='bbox 1749 715 1901 776; x_wconf 91' lang='lat' dir='ltr'>puto,</span> <span class='ocrx_word' id='word_1_35' title='bbox 1940 722 2106 778; x_wconf 88' lang='lat' dir='ltr'>quam</span> 
     </span>
    </p>
   </div>
   <div class='ocr_carea' id='block_1_7' title="bbox 512 793 2106 868">
    <p class='ocr_par' dir='ltr' id='par_1_7' title="bbox 512 793 2106 868">
     <span class='ocr_line' id='line_1_7' title="bbox 512 793 2106 868; baseline 0 -18"><span class='ocrx_word' id='word_1_36' title='bbox 512 812 705 868; x_wconf 87' lang='lat' dir='ltr'>parum</span> <span class='ocrx_word' id='word_1_37' title='bbox 733 795 936 862; x_wconf 82' lang='lat' dir='ltr'>dicere,</span> <span class='ocrx_word' id='word_1_38' title='bbox 971 794 1061 867; x_wconf 87' lang='lat' dir='ltr'>qui</span> <span class='ocrx_word' id='word_1_39' title='bbox 1092 795 1248 850; x_wconf 91' lang='lat' dir='ltr'>electi</span> <span class='ocrx_word' id='word_1_40' title='bbox 1277 795 1397 862; x_wconf 91' lang='lat' dir='ltr'>Dei,</span> <span class='ocrx_word' id='word_1_41' title='bbox 1435 793 1699 852; x_wconf 87' lang='lat' dir='ltr'>Dominici</span> <span class='ocrx_word' id='word_1_42' title='bbox 1731 793 1923 850; x_wconf 89' lang='lat' dir='ltr'>altaris</span> <span class='ocrx_word' id='word_1_43' title='bbox 1967 810 2106 850; x_wconf 88' lang='lat' dir='ltr'>aro-</span> 
     </span>
    </p>
   </div>
   <div class='ocr_carea' id='block_1_8' title="bbox 513 883 2106 950">
    <p class='ocr_par' dir='ltr' id='par_1_8' title="bbox 513 883 2106 950">
     <span class='ocr_line' id='line_1_8' title="bbox 513 883 2106 950; baseline 0 -12"><span class='ocrx_word' id='word_1_44' title='bbox 513 892 712 939; x_wconf 88' lang='lat' dir='ltr'>matum</span> <span class='ocrx_word' id='word_1_45' title='bbox 744 883 904 950; x_wconf 75' lang='lat' dir='ltr'>tiniae,</span> <span class='ocrx_word' id='word_1_46' title='bbox 939 899 1001 940; x_wconf 79' lang='lat' dir='ltr'>ex</span> <span class='ocrx_word' id='word_1_47' title='bbox 1036 883 1248 938; x_wconf 90' lang='lat' dir='ltr'>itineris</span> <span class='ocrx_word' id='word_1_48' title='bbox 1277 884 1362 938; x_wconf 90' lang='lat' dir='ltr'>sui</span> <span class='ocrx_word' id='word_1_49' title='bbox 1405 883 1641 940; x_wconf 84' lang='lat' dir='ltr'>vasculis</span> <span class='ocrx_word' id='word_1_50' title='bbox 1696 883 1970 940; x_wconf 84' lang='lat' dir='ltr'>contextis</span> <span class='ocrx_word' id='word_1_51' title='bbox 2019 883 2106 938; x_wconf 86' lang='lat' dir='ltr'>vi-</span> 
     </span>
    </p>
   </div>
   <div class='ocr_carea' id='block_1_9' title="bbox 513 980 2106 1054">
    <p class='ocr_par' dir='ltr' id='par_1_9' title="bbox 513 980 2106 1054">
     <span class='ocr_line' id='line_1_9' title="bbox 513 980 2106 1054; baseline -0.001 -17"><span class='ocrx_word' id='word_1_52' title='bbox 513 982 677 1048; x_wconf 85' lang='lat' dir='ltr'>mine,</span> <span class='ocrx_word' id='word_1_53' title='bbox 705 990 755 1037; x_wconf 92' lang='lat' dir='ltr'>et</span> <span class='ocrx_word' id='word_1_54' title='bbox 774 981 1094 1052; x_wconf 84' lang='lat' dir='ltr'>capacitatis</span> <span class='ocrx_word' id='word_1_55' title='bbox 1122 981 1352 1038; x_wconf 76' lang='lat' dir='ltr'>modicae</span> <span class='ocrx_word' id='word_1_56' title='bbox 1375 983 1524 1054; x_wconf 71' lang='lat'>(207&#39;)</span> <span class='ocrx_word' id='word_1_57' title='bbox 1553 981 1844 1036; x_wconf 84' lang='lat' dir='ltr'>maximam</span> <span class='ocrx_word' id='word_1_58' title='bbox 1873 980 2106 1036; x_wconf 82' lang='lat' dir='ltr'>satiave&#39;</span> 
     </span>
    </p>
   </div>
   <div class='ocr_carea' id='block_1_10' title="bbox 513 1067 2107 1142">
    <p class='ocr_par' dir='ltr' id='par_1_10' title="bbox 513 1067 2107 1142">
     <span class='ocr_line' id='line_1_10' title="bbox 513 1067 2107 1142; baseline -0.002 -16"><span class='ocrx_word' id='word_1_59' title='bbox 513 1071 621 1126; x_wconf 90' lang='lat' dir='ltr'>rint</span> <span class='ocrx_word' id='word_1_60' title='bbox 649 1070 1068 1137; x_wconf 75' lang='lat' dir='ltr'>multitudinem,</span> <span class='ocrx_word' id='word_1_61' title='bbox 1099 1077 1154 1125; x_wconf 87' lang='lat' dir='ltr'>et</span> <span class='ocrx_word' id='word_1_62' title='bbox 1187 1069 1460 1142; x_wconf 85' lang='lat' dir='ltr'>principes</span> <span class='ocrx_word' id='word_1_63' title='bbox 1488 1070 1750 1125; x_wconf 85' lang='lat' dir='ltr'>adversus</span> <span class='ocrx_word' id='word_1_64' title='bbox 1792 1067 2107 1140; x_wconf 73' lang='lat' dir='ltr'>reipublicae</span> 
     </span>
    </p>
   </div>
   <div class='ocr_carea' id='block_1_11' title="bbox 512 1156 2106 1230">
    <p class='ocr_par' dir='ltr' id='par_1_11' title="bbox 512 1156 2106 1230">
     <span class='ocr_line' id='line_1_11' title="bbox 512 1156 2106 1230; baseline -0.001 -16"><span class='ocrx_word' id='word_1_65' title='bbox 512 1159 698 1215; x_wconf 78' lang='lat' dir='ltr'>hostes</span> <span class='ocrx_word' id='word_1_66' title='bbox 726 1158 1018 1230; x_wconf 82' lang='lat' dir='ltr'>profectos,</span> <span class='ocrx_word' id='word_1_67' title='bbox 1065 1157 1250 1214; x_wconf 88' lang='lat' dir='ltr'>tandiu</span> <span class='ocrx_word' id='word_1_68' title='bbox 1298 1158 1719 1214; x_wconf 84' lang='lat' dir='ltr'>exhilaraverint</span> <span class='ocrx_word' id='word_1_69' title='bbox 1772 1173 1948 1229; x_wconf 86' lang='lat' dir='ltr'>parvo</span> <span class='ocrx_word' id='word_1_70' title='bbox 2007 1156 2106 1213; x_wconf 91' lang='lat' dir='ltr'>sed</span> 
     </span>
    </p>
   </div>
   <div class='ocr_carea' id='block_1_12' title="bbox 503 1243 2106 1324">
    <p class='ocr_par' dir='ltr' id='par_1_12' title="bbox 503 1243 2106 1324">
     <span class='ocr_line' id='line_1_12' title="bbox 503 1243 2106 1324; baseline 0 -25"><span class='ocrx_word' id='word_1_71' title='bbox 503 1247 830 1303; x_wconf 87' lang='lat' dir='ltr'>inexhausto</span> <span class='ocrx_word' id='word_1_72' title='bbox 859 1262 926 1303; x_wconf 88' lang='lat' dir='ltr'>ac</span> <span class='ocrx_word' id='word_1_73' title='bbox 949 1246 1082 1318; x_wconf 75' lang='lat' dir='ltr'>jugi&#39;</span> <span class='ocrx_word' id='word_1_74' title='bbox 1125 1246 1481 1312; x_wconf 82' lang='lat' dir='ltr'>abundantia,</span> <span class='ocrx_word' id='word_1_75' title='bbox 1531 1246 1911 1324; x_wconf 77' lang='lat' dir='ltr'>exhuberante</span> <span class='ocrx_word' id='word_1_76' title='bbox 1960 1243 2106 1316; x_wconf 61' lang='lat' dir='ltr'>Lyaei</span> 
     </span>
    </p>
   </div>
   <div class='ocr_carea' id='block_1_13' title="bbox 508 1333 2107 1408">
    <p class='ocr_par' dir='ltr' id='par_1_13' title="bbox 508 1333 2107 1408">
     <span class='ocr_line' id='line_1_13' title="bbox 508 1333 2107 1408; baseline -0.001 -18"><span class='ocrx_word' id='word_1_77' title='bbox 508 1335 690 1403; x_wconf 88' lang='lat' dir='ltr'>latice,</span> <span class='ocrx_word' id='word_1_78' title='bbox 721 1335 900 1391; x_wconf 89' lang='lat' dir='ltr'>donec</span> <span class='ocrx_word' id='word_1_79' title='bbox 927 1334 1086 1406; x_wconf 89' lang='lat' dir='ltr'>potiti</span> <span class='ocrx_word' id='word_1_80' title='bbox 1117 1343 1302 1390; x_wconf 86' lang='lat' dir='ltr'>essent</span> <span class='ocrx_word' id='word_1_81' title='bbox 1333 1335 1508 1408; x_wconf 77' lang='lat' dir='ltr'>palma</span> <span class='ocrx_word' id='word_1_82' title='bbox 1541 1334 1800 1390; x_wconf 70' lang='lat' dir='ltr'>victoriae.</span> <span class='ocrx_word' id='word_1_83' title='bbox 1835 1333 1973 1404; x_wconf 85' lang='lat' dir='ltr'>Quid</span> <span class='ocrx_word' id='word_1_84' title='bbox 2000 1333 2107 1389; x_wconf 86' lang='lat' dir='ltr'>elo-</span> 
     </span>
    </p>
   </div>
   <div class='ocr_carea' id='block_1_14' title="bbox 511 1421 2102 1496">
    <p class='ocr_par' dir='ltr' id='par_1_14' title="bbox 511 1421 2102 1496">
     <span class='ocr_line' id='line_1_14' title="bbox 511 1421 2102 1496; baseline -0.001 -18"><span class='ocrx_word' id='word_1_85' title='bbox 511 1439 652 1496; x_wconf 89' lang='lat' dir='ltr'>quar</span> <span class='ocrx_word' id='word_1_86' title='bbox 681 1424 748 1479; x_wconf 90' lang='lat' dir='ltr'>de</span> <span class='ocrx_word' id='word_1_87' title='bbox 777 1423 1018 1484; x_wconf 85' lang='lat' dir='ltr'>lectulis.</span> <span class='ocrx_word' id='word_1_88' title='bbox 1053 1439 1278 1479; x_wconf 76' lang='lat' dir='ltr'>summae</span> <span class='ocrx_word' id='word_1_89' title='bbox 1309 1423 1611 1479; x_wconf 87' lang='lat' dir='ltr'>sanctitatis</span> <span class='ocrx_word' id='word_1_90' title='bbox 1635 1422 1810 1495; x_wconf 85' lang='lat' dir='ltr'>gloria</span> <span class='ocrx_word' id='word_1_91' title='bbox 1840 1421 2102 1492; x_wconf 84' lang='lat' dir='ltr'>praeditis,</span> 
     </span>
    </p>
   </div>
   <div class='ocr_carea' id='block_1_15' title="bbox 511 1511 2107 1584">
    <p class='ocr_par' dir='ltr' id='par_1_15' title="bbox 511 1511 2107 1584">
     <span class='ocr_line' id='line_1_15' title="bbox 511 1511 2107 1584; baseline -0.002 -17"><span class='ocrx_word' id='word_1_92' title='bbox 511 1512 624 1584; x_wconf 89' lang='lat' dir='ltr'>qui,</span> <span class='ocrx_word' id='word_1_93' title='bbox 651 1529 751 1584; x_wconf 88' lang='lat' dir='ltr'>per</span> <span class='ocrx_word' id='word_1_94' title='bbox 777 1520 905 1584; x_wconf 90' lang='lat' dir='ltr'>quot</span> <span class='ocrx_word' id='word_1_95' title='bbox 952 1512 1173 1584; x_wconf 72' lang='lat' dir='ltr'>phoenix</span> <span class='ocrx_word' id='word_1_96' title='bbox 1207 1512 1338 1568; x_wconf 85' lang='lat' dir='ltr'>vivit</span> <span class='ocrx_word' id='word_1_97' title='bbox 1369 1512 1571 1568; x_wconf 64' lang='lat' dir='ltr'>saecula</span> <span class='ocrx_word' id='word_1_98' title='bbox 1599 1511 1746 1566; x_wconf 90' lang='lat' dir='ltr'>omni</span> <span class='ocrx_word' id='word_1_99' title='bbox 1776 1519 1960 1567; x_wconf 84' lang='lat' dir='ltr'>carent</span> <span class='ocrx_word' id='word_1_100' title='bbox 2005 1525 2107 1566; x_wconf 89' lang='lat' dir='ltr'>ca-</span> 
     </span>
    </p>
   </div>
   <div class='ocr_carea' id='block_1_16' title="bbox 512 1599 2105 1672">
    <p class='ocr_par' dir='ltr' id='par_1_16' title="bbox 512 1599 2105 1672">
     <span class='ocr_line' id='line_1_16' title="bbox 512 1599 2105 1672; baseline -0.003 -16"><span class='ocrx_word' id='word_1_101' title='bbox 512 1601 594 1657; x_wconf 87' lang='lat' dir='ltr'>rie</span> <span class='ocrx_word' id='word_1_102' title='bbox 627 1619 642 1667; x_wconf 86' lang='lat'><strong>;</strong></span> <span class='ocrx_word' id='word_1_103' title='bbox 674 1616 907 1672; x_wconf 85' lang='lat' dir='ltr'>quorum</span> <span class='ocrx_word' id='word_1_104' title='bbox 939 1601 1190 1672; x_wconf 70' lang='lat' dir='ltr'>quaelibet</span> <span class='ocrx_word' id='word_1_105' title='bbox 1221 1601 1502 1667; x_wconf 87' lang='lat' dir='ltr'>stramina,</span> <span class='ocrx_word' id='word_1_106' title='bbox 1535 1608 1588 1656; x_wconf 88' lang='lat' dir='ltr'>et</span> <span class='ocrx_word' id='word_1_107' title='bbox 1616 1599 1830 1669; x_wconf 80' lang='lat' dir='ltr'>astulae,</span> <span class='ocrx_word' id='word_1_108' title='bbox 1851 1600 1919 1653; x_wconf 88' lang='lat' dir='ltr'>ab</span> <span class='ocrx_word' id='word_1_109' title='bbox 1950 1613 2105 1655; x_wconf 84' lang='lat' dir='ltr'>acer-</span> 
     </span>
    </p>
   </div>
   <div class='ocr_carea' id='block_1_17' title="bbox 512 1688 2107 1756">
    <p class='ocr_par' dir='ltr' id='par_1_17' title="bbox 512 1688 2107 1756">
     <span class='ocr_line' id='line_1_17' title="bbox 512 1688 2107 1756; baseline -0.002 -12"><span class='ocrx_word' id='word_1_110' title='bbox 512 1689 740 1745; x_wconf 85' lang='lat' dir='ltr'>bissimo</span> <span class='ocrx_word' id='word_1_111' title='bbox 770 1690 1012 1745; x_wconf 89' lang='lat' dir='ltr'>dentium</span> <span class='ocrx_word' id='word_1_112' title='bbox 1041 1690 1255 1756; x_wconf 90' lang='lat' dir='ltr'>dolore,</span> <span class='ocrx_word' id='word_1_113' title='bbox 1279 1697 1330 1744; x_wconf 93' lang='lat' dir='ltr'>et</span> <span class='ocrx_word' id='word_1_114' title='bbox 1351 1688 1566 1744; x_wconf 79' lang='lat' dir='ltr'>letifera</span> <span class='ocrx_word' id='word_1_115' title='bbox 1594 1688 1831 1744; x_wconf 78' lang='lat' dir='ltr'>febrium</span> <span class='ocrx_word' id='word_1_116' title='bbox 1871 1688 2107 1742; x_wconf 81' lang='lat' dir='ltr'>liberant</span> 
     </span>
    </p>
   </div>
   <div class='ocr_carea' id='block_1_18' title="bbox 2216 620 3814 694">
    <p class='ocr_par' dir='ltr' id='par_1_18' title="bbox 2216 620 3814 694">
     <span class='ocr_line' id='line_1_18' title="bbox 2216 620 3814 694; baseline 0.001 -19"><span class='ocrx_word' id='word_1_117' title='bbox 2216 620 2388 676; x_wconf 77' lang='lat' dir='ltr'>tionis</span> <span class='ocrx_word' id='word_1_118' title='bbox 2416 621 2639 676; x_wconf 70' lang='lat' dir='ltr'>excocti</span> <span class='ocrx_word' id='word_1_119' title='bbox 2664 625 2804 677; x_wconf 86' lang='lat' dir='ltr'>sunt</span> <span class='ocrx_word' id='word_1_120' title='bbox 2825 621 2897 678; x_wconf 86' lang='lat' dir='ltr'>ad</span> <span class='ocrx_word' id='word_1_121' title='bbox 2910 637 3138 694; x_wconf 88' lang='lat' dir='ltr'>purum,</span> <span class='ocrx_word' id='word_1_122' title='bbox 3153 621 3292 677; x_wconf 88' lang='lat' dir='ltr'>mira</span> <span class='ocrx_word' id='word_1_123' title='bbox 3310 621 3590 694; x_wconf 85' lang='lat' dir='ltr'>patientia,</span> <span class='ocrx_word' id='word_1_124' title='bbox 3607 629 3670 678; x_wconf 85' lang='lat' dir='ltr'>et</span> <span class='ocrx_word' id='word_1_125' title='bbox 3689 621 3814 677; x_wconf 80' lang='lat' dir='ltr'>ideo</span> 
     </span>
    </p>
   </div>
   <div class='ocr_carea' id='block_1_19' title="bbox 2213 708 3813 776">
    <p class='ocr_par' dir='ltr' id='par_1_19' title="bbox 2213 708 3813 776">
     <span class='ocr_line' id='line_1_19' title="bbox 2213 708 3813 776; baseline 0.002 -14"><span class='ocrx_word' id='word_1_126' title='bbox 2213 708 2270 763; x_wconf 90' lang='lat' dir='ltr'>in</span> <span class='ocrx_word' id='word_1_127' title='bbox 2300 709 2461 763; x_wconf 88' lang='lat' dir='ltr'>tantis</span> <span class='ocrx_word' id='word_1_128' title='bbox 2490 708 2791 776; x_wconf 84' lang='lat' dir='ltr'>miraculis,</span> <span class='ocrx_word' id='word_1_129' title='bbox 2815 717 2968 766; x_wconf 81' lang='lat' dir='ltr'>tanta</span> <span class='ocrx_word' id='word_1_130' title='bbox 3004 724 3102 766; x_wconf 85' lang='lat' dir='ltr'>eos</span> <span class='ocrx_word' id='word_1_131' title='bbox 3157 717 3210 766; x_wconf 86' lang='lat' dir='ltr'>et</span> <span class='ocrx_word' id='word_1_132' title='bbox 3261 710 3447 767; x_wconf 87' lang='lat' dir='ltr'>omnia</span> <span class='ocrx_word' id='word_1_133' title='bbox 3488 710 3564 767; x_wconf 89' lang='lat' dir='ltr'>ad</span> <span class='ocrx_word' id='word_1_134' title='bbox 3620 725 3813 766; x_wconf 85' lang='lat' dir='ltr'>eorum</span> 
     </span>
    </p>
   </div>
   <div class='ocr_carea' id='block_1_20' title="bbox 2214 797 3812 871">
    <p class='ocr_par' dir='ltr' id='par_1_20' title="bbox 2214 797 3812 871">
     <span class='ocr_line' id='line_1_20' title="bbox 2214 797 3812 871; baseline 0.001 -19"><span class='ocrx_word' id='word_1_135' title='bbox 2214 813 2346 852; x_wconf 88' lang='lat' dir='ltr'>usus</span> <span class='ocrx_word' id='word_1_136' title='bbox 2373 797 2676 863; x_wconf 87' lang='lat' dir='ltr'>attinentia,</span> <span class='ocrx_word' id='word_1_137' title='bbox 2707 805 2852 852; x_wconf 87' lang='lat' dir='ltr'>tanta</span> <span class='ocrx_word' id='word_1_138' title='bbox 2881 797 2988 853; x_wconf 84' lang='lat' dir='ltr'>ista</span> <span class='ocrx_word' id='word_1_139' title='bbox 3017 797 3367 871; x_wconf 85' lang='lat' dir='ltr'>prosequitur</span> <span class='ocrx_word' id='word_1_140' title='bbox 3395 798 3674 870; x_wconf 84' lang='lat' dir='ltr'>potentia.</span> <span class='ocrx_word' id='word_1_141' title='bbox 3733 799 3812 854; x_wconf 79' lang='lat' dir='ltr'>Ad</span> 
     </span>
    </p>
   </div>
   <div class='ocr_carea' id='block_1_21' title="bbox 2215 885 3812 959">
    <p class='ocr_par' dir='ltr' id='par_1_21' title="bbox 2215 885 3812 959">
     <span class='ocr_line' id='line_1_21' title="bbox 2215 885 3812 959; baseline 0.001 -19"><span class='ocrx_word' id='word_1_142' title='bbox 2215 885 2424 941; x_wconf 88' lang='lat' dir='ltr'>nullius</span> <span class='ocrx_word' id='word_1_143' title='bbox 2452 894 2636 942; x_wconf 88' lang='lat' dir='ltr'>tamen</span> <span class='ocrx_word' id='word_1_144' title='bbox 2665 885 2998 955; x_wconf 86' lang='lat' dir='ltr'>mortalium,</span> <span class='ocrx_word' id='word_1_145' title='bbox 3031 897 3089 942; x_wconf 89' lang='lat' dir='ltr'>ut</span> <span class='ocrx_word' id='word_1_146' title='bbox 3107 888 3442 959; x_wconf 79' lang='lat' dir='ltr'>Augustinus</span> <span class='ocrx_word' id='word_1_147' title='bbox 3456 888 3512 942; x_wconf 91' lang='lat' dir='ltr'>in</span> <span class='ocrx_word' id='word_1_148' title='bbox 3529 902 3657 942; x_wconf 78' lang='lat' dir='ltr'>xm</span> <span class='ocrx_word' id='word_1_149' title='bbox 3678 886 3812 942; x_wconf 85' lang='lat' dir='ltr'>libro</span> 
     </span>
    </p>
   </div>
   <div class='ocr_carea' id='block_1_22' title="bbox 2215 974 3812 1048">
    <p class='ocr_par' dir='ltr' id='par_1_22' title="bbox 2215 974 3812 1048">
     <span class='ocr_line' id='line_1_22' title="bbox 2215 974 3812 1048; baseline 0.001 -20"><span class='ocrx_word' id='word_1_150' title='bbox 2215 974 2297 1029; x_wconf 92' lang='lat' dir='ltr'>De</span> <span class='ocrx_word' id='word_1_151' title='bbox 2320 974 2538 1030; x_wconf 79' lang='lat' dir='ltr'>civitate</span> <span class='ocrx_word' id='word_1_152' title='bbox 2570 975 2670 1031; x_wconf 92' lang='lat' dir='ltr'>Dei</span> <span class='ocrx_word' id='word_1_153' title='bbox 2696 983 3048 1046; x_wconf 73' lang='lat' dir='ltr'>protestetur,</span> <span class='ocrx_word' id='word_1_154' title='bbox 3080 984 3257 1047; x_wconf 88' lang='lat' dir='ltr'>potest</span> <span class='ocrx_word' id='word_1_155' title='bbox 3311 975 3602 1048; x_wconf 87' lang='lat' dir='ltr'>pervenire</span> <span class='ocrx_word' id='word_1_156' title='bbox 3667 977 3812 1030; x_wconf 89' lang='lat' dir='ltr'>noti-</span> 
     </span>
    </p>
   </div>
   <div class='ocr_carea' id='block_1_23' title="bbox 2217 1063 3812 1136">
    <p class='ocr_par' dir='ltr' id='par_1_23' title="bbox 2217 1063 3812 1136">
     <span class='ocr_line' id='line_1_23' title="bbox 2217 1063 3812 1136; baseline 0.001 -18"><span class='ocrx_word' id='word_1_157' title='bbox 2217 1063 2364 1129; x_wconf 82' lang='lat' dir='ltr'>tiam,</span> <span class='ocrx_word' id='word_1_158' title='bbox 2395 1072 2572 1119; x_wconf 89' lang='lat' dir='ltr'>utrum</span> <span class='ocrx_word' id='word_1_159' title='bbox 2603 1065 2752 1120; x_wconf 90' lang='lat' dir='ltr'>Deus</span> <span class='ocrx_word' id='word_1_160' title='bbox 2775 1064 2895 1136; x_wconf 89' lang='lat' dir='ltr'>ipse</span> <span class='ocrx_word' id='word_1_161' title='bbox 2923 1080 3022 1135; x_wconf 91' lang='lat' dir='ltr'>per</span> <span class='ocrx_word' id='word_1_162' title='bbox 3049 1065 3309 1134; x_wconf 88' lang='lat' dir='ltr'>seipsum,</span> <span class='ocrx_word' id='word_1_163' title='bbox 3367 1080 3438 1120; x_wconf 84' lang='lat' dir='ltr'>an</span> <span class='ocrx_word' id='word_1_164' title='bbox 3494 1080 3593 1136; x_wconf 88' lang='lat' dir='ltr'>per</span> <span class='ocrx_word' id='word_1_165' title='bbox 3651 1063 3812 1120; x_wconf 83' lang='lat' dir='ltr'>mini-</span> 
     </span>
    </p>
   </div>
   <div class='ocr_carea' id='block_1_24' title="bbox 2216 1151 3808 1224">
    <p class='ocr_par' dir='ltr' id='par_1_24' title="bbox 2216 1151 3808 1224">
     <span class='ocr_line' id='line_1_24' title="bbox 2216 1151 3808 1224; baseline 0.001 -18"><span class='ocrx_word' id='word_1_166' title='bbox 2216 1159 2360 1208; x_wconf 87' lang='lat' dir='ltr'>stros</span> <span class='ocrx_word' id='word_1_167' title='bbox 2389 1168 2518 1208; x_wconf 90' lang='lat' dir='ltr'>suos</span> <span class='ocrx_word' id='word_1_168' title='bbox 2545 1159 2690 1209; x_wconf 87' lang='lat' dir='ltr'>tanta</span> <span class='ocrx_word' id='word_1_169' title='bbox 2721 1160 2980 1223; x_wconf 89' lang='lat' dir='ltr'>operetur</span> <span class='ocrx_word' id='word_1_170' title='bbox 3009 1152 3302 1218; x_wconf 90' lang='lat' dir='ltr'>mirabilia,</span> <span class='ocrx_word' id='word_1_171' title='bbox 3323 1151 3440 1208; x_wconf 83' lang='lat' dir='ltr'>sive</span> <span class='ocrx_word' id='word_1_172' title='bbox 3453 1152 3650 1208; x_wconf 86' lang='lat' dir='ltr'>eadem</span> <span class='ocrx_word' id='word_1_173' title='bbox 3671 1152 3808 1224; x_wconf 85' lang='lat' dir='ltr'>ipsa,</span> 
     </span>
    </p>
   </div>
   <div class='ocr_carea' id='block_1_25' title="bbox 2216 1240 3810 1314">
    <p class='ocr_par' dir='ltr' id='par_1_25' title="bbox 2216 1240 3810 1314">
     <span class='ocr_line' id='line_1_25' title="bbox 2216 1240 3810 1314; baseline 0.001 -19"><span class='ocrx_word' id='word_1_174' title='bbox 2216 1257 2338 1312; x_wconf 80' lang='lat' dir='ltr'>qua:</span> <span class='ocrx_word' id='word_1_175' title='bbox 2367 1241 2602 1313; x_wconf 85' lang='lat' dir='ltr'>explicat</span> <span class='ocrx_word' id='word_1_176' title='bbox 2629 1257 2727 1312; x_wconf 92' lang='lat' dir='ltr'>per</span> <span class='ocrx_word' id='word_1_177' title='bbox 2753 1240 3074 1307; x_wconf 89' lang='lat' dir='ltr'>ministeria,</span> <span class='ocrx_word' id='word_1_178' title='bbox 3127 1241 3373 1314; x_wconf 69' lang='lat' dir='ltr'>quaedam</span> <span class='ocrx_word' id='word_1_179' title='bbox 3426 1241 3592 1298; x_wconf 77' lang='lat' dir='ltr'>faciat</span> <span class='ocrx_word' id='word_1_180' title='bbox 3643 1242 3810 1296; x_wconf 86' lang='lat' dir='ltr'>etiam</span> 
     </span>
    </p>
   </div>
   <div class='ocr_carea' id='block_1_26' title="bbox 2213 1328 3811 1401">
    <p class='ocr_par' dir='ltr' id='par_1_26' title="bbox 2213 1328 3811 1401">
     <span class='ocr_line' id='line_1_26' title="bbox 2213 1328 3811 1401; baseline 0.001 -16"><span class='ocrx_word' id='word_1_181' title='bbox 2213 1345 2313 1401; x_wconf 91' lang='lat' dir='ltr'>per</span> <span class='ocrx_word' id='word_1_182' title='bbox 2340 1337 2649 1386; x_wconf 87' lang='lat' dir='ltr'>sanctorum</span> <span class='ocrx_word' id='word_1_183' title='bbox 2679 1328 2920 1400; x_wconf 87' lang='lat' dir='ltr'>spiritus,</span> <span class='ocrx_word' id='word_1_184' title='bbox 2950 1329 3005 1384; x_wconf 90' lang='lat' dir='ltr'>in</span> <span class='ocrx_word' id='word_1_185' title='bbox 3035 1329 3330 1398; x_wconf 89' lang='lat' dir='ltr'>majestatis</span> <span class='ocrx_word' id='word_1_186' title='bbox 3359 1346 3470 1386; x_wconf 65' lang='lat' dir='ltr'>sua:</span> <span class='ocrx_word' id='word_1_187' title='bbox 3504 1329 3811 1398; x_wconf 79' lang='lat' dir='ltr'>jubilantes</span> 
     </span>
    </p>
   </div>
   <div class='ocr_carea' id='block_1_27' title="bbox 2214 1416 3810 1490">
    <p class='ocr_par' dir='ltr' id='par_1_27' title="bbox 2214 1416 3810 1490">
     <span class='ocr_line' id='line_1_27' title="bbox 2214 1416 3810 1490; baseline 0.002 -18"><span class='ocrx_word' id='word_1_188' title='bbox 2214 1417 2508 1490; x_wconf 63' lang='lat' dir='ltr'>praesentia</span> <span class='ocrx_word' id='word_1_189' title='bbox 2533 1435 2548 1483; x_wconf 86' lang='lat'><strong>;</strong></span> <span class='ocrx_word' id='word_1_190' title='bbox 2581 1417 2720 1474; x_wconf 91' lang='lat' dir='ltr'>sicut</span> <span class='ocrx_word' id='word_1_191' title='bbox 2751 1435 2850 1490; x_wconf 90' lang='lat' dir='ltr'>per</span> <span class='ocrx_word' id='word_1_192' title='bbox 2877 1416 3128 1474; x_wconf 85' lang='lat' dir='ltr'>homines</span> <span class='ocrx_word' id='word_1_193' title='bbox 3156 1425 3308 1474; x_wconf 78' lang='lat' dir='ltr'>extra</span> <span class='ocrx_word' id='word_1_194' title='bbox 3334 1417 3585 1474; x_wconf 86' lang='lat' dir='ltr'>homines</span> <span class='ocrx_word' id='word_1_195' title='bbox 3628 1419 3810 1475; x_wconf 86' lang='lat' dir='ltr'>adhuc</span> 
     </span>
    </p>
   </div>
   <div class='ocr_carea' id='block_1_28' title="bbox 2215 1506 3813 1579">
    <p class='ocr_par' dir='ltr' id='par_1_28' title="bbox 2215 1506 3813 1579">
     <span class='ocr_line' id='line_1_28' title="bbox 2215 1506 3813 1579; baseline 0.001 -17"><span class='ocrx_word' id='word_1_196' title='bbox 2215 1506 2271 1562; x_wconf 89' lang='lat' dir='ltr'>in</span> <span class='ocrx_word' id='word_1_197' title='bbox 2299 1508 2479 1562; x_wconf 87' lang='lat' dir='ltr'>carnis</span> <span class='ocrx_word' id='word_1_198' title='bbox 2505 1523 2830 1563; x_wconf 70' lang='lat' dir='ltr'>aerummosa</span> <span class='ocrx_word' id='word_1_199' title='bbox 2858 1507 3186 1564; x_wconf 84' lang='lat' dir='ltr'>constrictos</span> <span class='ocrx_word' id='word_1_200' title='bbox 3214 1507 3481 1574; x_wconf 88' lang='lat' dir='ltr'>custodia,</span> <span class='ocrx_word' id='word_1_201' title='bbox 3531 1507 3654 1564; x_wconf 85' lang='lat' dir='ltr'>sive</span> <span class='ocrx_word' id='word_1_202' title='bbox 3713 1524 3813 1579; x_wconf 85' lang='lat' dir='ltr'>per</span> 
     </span>
    </p>
   </div>
   <div class='ocr_carea' id='block_1_29' title="bbox 2213 1601 3810 1677">
    <p class='ocr_par' dir='ltr' id='par_1_29' title="bbox 2213 1601 3810 1677">
     <span class='ocr_line' id='line_1_29' title="bbox 2213 1601 3810 1677; baseline 0.001 -19"><span class='ocrx_word' id='word_1_203' title='bbox 2213 1603 2465 1677; x_wconf 74' lang='lat' dir='ltr'>angelos,</span> <span class='ocrx_word' id='word_1_204' title='bbox 2497 1602 2696 1675; x_wconf 85' lang='lat' dir='ltr'>quibus</span> <span class='ocrx_word' id='word_1_205' title='bbox 2725 1601 3088 1671; x_wconf 86' lang='lat' dir='ltr'>invisibiliter,</span> <span class='ocrx_word' id='word_1_206' title='bbox 3117 1603 3546 1674; x_wconf 84' lang='lat' dir='ltr'>incorporaliter,</span> <span class='ocrx_word' id='word_1_207' title='bbox 3596 1603 3810 1660; x_wconf 87' lang='lat' dir='ltr'>immu-</span> 
     </span>
    </p>
   </div>
   <div class='ocr_carea' id='block_1_30' title="bbox 2215 1691 3812 1764">
    <p class='ocr_par' dir='ltr' id='par_1_30' title="bbox 2215 1691 3812 1764">
     <span class='ocr_line' id='line_1_30' title="bbox 2215 1691 3812 1764; baseline 0.001 -18"><span class='ocrx_word' id='word_1_208' title='bbox 2215 1692 2470 1757; x_wconf 89' lang='lat' dir='ltr'>tabiliter,</span> <span class='ocrx_word' id='word_1_209' title='bbox 2504 1692 2757 1763; x_wconf 90' lang='lat' dir='ltr'>imperat,</span> <span class='ocrx_word' id='word_1_210' title='bbox 2789 1699 3022 1764; x_wconf 81' lang='lat' dir='ltr'>peragat</span> <span class='ocrx_word' id='word_1_211' title='bbox 3057 1691 3236 1746; x_wconf 88' lang='lat' dir='ltr'>omnia</span> <span class='ocrx_word' id='word_1_212' title='bbox 3267 1691 3411 1760; x_wconf 84' lang='lat' dir='ltr'>talia,</span> <span class='ocrx_word' id='word_1_213' title='bbox 3443 1699 3498 1747; x_wconf 86' lang='lat' dir='ltr'>ut</span> <span class='ocrx_word' id='word_1_214' title='bbox 3527 1707 3655 1764; x_wconf 60' lang='lat' dir='ltr'>qua</span> <span class='ocrx_word' id='word_1_215' title='bbox 3711 1709 3812 1764; x_wconf 85' lang='lat' dir='ltr'>per</span> 
     </span>
    </p>
   </div>
   <div class='ocr_carea' id='block_1_31' title="bbox 510 1775 3810 1862">
    <p class='ocr_par' dir='ltr' id='par_1_31' title="bbox 510 1775 3810 1862">
     <span class='ocr_line' id='line_1_31' title="bbox 510 1775 3810 1862; baseline 0.001 -30"><span class='ocrx_word' id='word_1_216' title='bbox 510 1778 875 1834; x_wconf 88' lang='lat' dir='ltr'>amaritudine</span> <span class='ocrx_word' id='word_1_217' title='bbox 901 1779 928 1832; x_wconf 77' lang='lat'>‘2</span> <span class='ocrx_word' id='word_1_218' title='bbox 957 1780 1134 1849; x_wconf 82' lang='lat' dir='ltr'>Atque</span> <span class='ocrx_word' id='word_1_219' title='bbox 1161 1777 1230 1833; x_wconf 91' lang='lat' dir='ltr'>de</span> <span class='ocrx_word' id='word_1_220' title='bbox 1257 1777 1379 1834; x_wconf 89' lang='lat' dir='ltr'>aliis</span> <span class='ocrx_word' id='word_1_221' title='bbox 1408 1777 1658 1834; x_wconf 89' lang='lat' dir='ltr'>omnibus</span> <span class='ocrx_word' id='word_1_222' title='bbox 1681 1793 1865 1833; x_wconf 87' lang='lat' dir='ltr'>eorum</span> <span class='ocrx_word' id='word_1_223' title='bbox 1898 1775 2105 1832; x_wconf 91' lang='lat' dir='ltr'>utensi-</span> <span class='ocrx_word' id='word_1_224' title='bbox 2132 1801 2186 1862; x_wconf 83' lang='lat' dir='ltr'><strong>B</strong></span> <span class='ocrx_word' id='word_1_225' title='bbox 2215 1791 2432 1837; x_wconf 89' lang='lat' dir='ltr'>sanctos</span> <span class='ocrx_word' id='word_1_226' title='bbox 2462 1779 2582 1836; x_wconf 81' lang='lat' dir='ltr'>ﬁeri</span> <span class='ocrx_word' id='word_1_227' title='bbox 2609 1780 2883 1849; x_wconf 90' lang='lat' dir='ltr'>dicuntur,</span> <span class='ocrx_word' id='word_1_228' title='bbox 2916 1781 2999 1836; x_wconf 87' lang='lat' dir='ltr'>eis</span> <span class='ocrx_word' id='word_1_229' title='bbox 3032 1780 3310 1836; x_wconf 86' lang='lat' dir='ltr'>orantibus</span> <span class='ocrx_word' id='word_1_230' title='bbox 3342 1788 3569 1850; x_wconf 91' lang='lat' dir='ltr'>tantum,</span> <span class='ocrx_word' id='word_1_231' title='bbox 3599 1789 3660 1836; x_wconf 83' lang='lat' dir='ltr'>et</span> <span class='ocrx_word' id='word_1_232' title='bbox 3715 1781 3810 1836; x_wconf 86' lang='lat' dir='ltr'>im-</span> 
     </span>
    </p>
   </div>
   <div class='ocr_carea' id='block_1_32' title="bbox 511 1863 2104 1938">
    <p class='ocr_par' dir='ltr' id='par_1_32' title="bbox 511 1863 2104 1938">
     <span class='ocr_line' id='line_1_32' title="bbox 511 1863 2104 1938; baseline -0.002 -17"><span class='ocrx_word' id='word_1_233' title='bbox 511 1865 674 1937; x_wconf 90' lang='lat' dir='ltr'>libus,</span> <span class='ocrx_word' id='word_1_234' title='bbox 706 1867 837 1922; x_wconf 88' lang='lat' dir='ltr'>dum</span> <span class='ocrx_word' id='word_1_235' title='bbox 859 1865 1262 1938; x_wconf 62' lang='lat' dir='ltr'>compendiosa</span> <span class='ocrx_word' id='word_1_236' title='bbox 1291 1867 1540 1923; x_wconf 86' lang='lat' dir='ltr'>brevitati</span> <span class='ocrx_word' id='word_1_237' title='bbox 1572 1866 1782 1931; x_wconf 87' lang='lat' dir='ltr'>studeo,</span> <span class='ocrx_word' id='word_1_238' title='bbox 1817 1863 1948 1936; x_wconf 87' lang='lat' dir='ltr'>quid</span> <span class='ocrx_word' id='word_1_239' title='bbox 2005 1878 2104 1918; x_wconf 90' lang='lat' dir='ltr'>ca-</span> 
     </span>
    </p>
   </div>
   <div class='ocr_carea' id='block_1_33' title="bbox 512 1953 2107 2028">
    <p class='ocr_par' dir='ltr' id='par_1_33' title="bbox 512 1953 2107 2028">
     <span class='ocr_line' id='line_1_33' title="bbox 512 1953 2107 2028; baseline -0.004 -15"><span class='ocrx_word' id='word_1_240' title='bbox 512 1971 711 2014; x_wconf 84' lang='lat' dir='ltr'>raxare</span> <span class='ocrx_word' id='word_1_241' title='bbox 741 1971 964 2026; x_wconf 86' lang='lat' dir='ltr'>possum</span> <span class='ocrx_word' id='word_1_242' title='bbox 1003 1955 1072 2010; x_wconf 89' lang='lat' dir='ltr'>de</span> <span class='ocrx_word' id='word_1_243' title='bbox 1105 1954 1338 2028; x_wconf 79' lang='lat' dir='ltr'>singulis</span> <span class='ocrx_word' id='word_1_244' title='bbox 1396 1955 1690 2026; x_wconf 87' lang='lat' dir='ltr'>specialius</span> <span class='ocrx_word' id='word_1_245' title='bbox 1720 1954 1748 2008; x_wconf 85' lang='lat'><strong>?</strong></span> <span class='ocrx_word' id='word_1_246' title='bbox 1807 1953 1940 2009; x_wconf 90' lang='lat' dir='ltr'>Cum</span> <span class='ocrx_word' id='word_1_247' title='bbox 1996 1966 2107 2007; x_wconf 87' lang='lat' dir='ltr'>una</span> 
     </span>
    </p>
   </div>
   <div class='ocr_carea' id='block_1_34' title="bbox 513 2041 2108 2116">
    <p class='ocr_par' dir='ltr' id='par_1_34' title="bbox 513 2041 2108 2116">
     <span class='ocr_line' id='line_1_34' title="bbox 513 2041 2108 2116; baseline -0.004 -14"><span class='ocrx_word' id='word_1_248' title='bbox 513 2045 818 2116; x_wconf 87' lang='lat' dir='ltr'>eademque</span> <span class='ocrx_word' id='word_1_249' title='bbox 844 2042 1044 2099; x_wconf 69' lang='lat' dir='ltr'>divinae</span> <span class='ocrx_word' id='word_1_250' title='bbox 1071 2044 1287 2100; x_wconf 88' lang='lat' dir='ltr'>virtutis</span> <span class='ocrx_word' id='word_1_251' title='bbox 1315 2043 1584 2116; x_wconf 86' lang='lat' dir='ltr'>operatio,</span> <span class='ocrx_word' id='word_1_252' title='bbox 1614 2058 1772 2114; x_wconf 71' lang='lat' dir='ltr'>mque</span> <span class='ocrx_word' id='word_1_253' title='bbox 1803 2058 1902 2112; x_wconf 91' lang='lat' dir='ltr'>per</span> <span class='ocrx_word' id='word_1_254' title='bbox 1925 2041 2108 2097; x_wconf 89' lang='lat' dir='ltr'>omnia</span> 
     </span>
    </p>
   </div>
   <div class='ocr_carea' id='block_1_35' title="bbox 513 2129 2109 2205">
    <p class='ocr_par' dir='ltr' id='par_1_35' title="bbox 513 2129 2109 2205">
     <span class='ocr_line' id='line_1_35' title="bbox 513 2129 2109 2205; baseline -0.003 -16"><span class='ocrx_word' id='word_1_255' title='bbox 513 2134 863 2205; x_wconf 80' lang='lat' dir='ltr'>dispensatur</span> <span class='ocrx_word' id='word_1_256' title='bbox 889 2132 944 2186; x_wconf 90' lang='lat' dir='ltr'>in</span> <span class='ocrx_word' id='word_1_257' title='bbox 1001 2133 1255 2188; x_wconf 88' lang='lat' dir='ltr'>omnibus</span> <span class='ocrx_word' id='word_1_258' title='bbox 1283 2133 1312 2188; x_wconf 76' lang='grc'><strong>7</strong></span> <span class='ocrx_word' id='word_1_259' title='bbox 1357 2132 1618 2187; x_wconf 84' lang='lat' dir='ltr'>Mundum</span> <span class='ocrx_word' id='word_1_260' title='bbox 1671 2129 2109 2188; x_wconf 88' lang='lat' dir='ltr'>inimicissimum</span> 
     </span>
    </p>
   </div>
   <div class='ocr_carea' id='block_1_36' title="bbox 515 2220 2110 2292">
    <p class='ocr_par' dir='ltr' id='par_1_36' title="bbox 515 2220 2110 2292">
     <span class='ocr_line' id='line_1_36' title="bbox 515 2220 2110 2292; baseline -0.004 -12"><span class='ocrx_word' id='word_1_261' title='bbox 515 2232 570 2280; x_wconf 90' lang='lat' dir='ltr'>et</span> <span class='ocrx_word' id='word_1_262' title='bbox 597 2220 1036 2280; x_wconf 88' lang='lat' dir='ltr'>crudelissimum</span> <span class='ocrx_word' id='word_1_263' title='bbox 1083 2221 1440 2292; x_wconf 84' lang='lat' dir='ltr'>pertulerunt,</span> <span class='ocrx_word' id='word_1_264' title='bbox 1499 2237 1732 2292; x_wconf 88' lang='lat' dir='ltr'>eumque</span> <span class='ocrx_word' id='word_1_265' title='bbox 1789 2235 1900 2275; x_wconf 92' lang='lat' dir='ltr'>non</span> <span class='ocrx_word' id='word_1_266' title='bbox 1953 2235 2110 2291; x_wconf 87' lang='lat' dir='ltr'>repu-</span> 
     </span>
    </p>
   </div>
   <div class='ocr_carea' id='block_1_37' title="bbox 592 2413 2108 2488">
    <p class='ocr_par' dir='ltr' id='par_1_37' title="bbox 592 2413 2108 2488">
     <span class='ocr_line' id='line_1_37' title="bbox 592 2413 2108 2488; baseline -0.004 -13"><span class='ocrx_word' id='word_1_267' title='bbox 592 2421 740 2488; x_wconf 75' lang='lat'><strong>(207)</strong></span> <span class='ocrx_word' id='word_1_268' title='bbox 776 2419 1082 2475; x_wconf 74' lang='lat' dir='ltr'>Maximam</span> <span class='ocrx_word' id='word_1_269' title='bbox 1100 2419 1438 2474; x_wconf 85' lang='lat' dir='ltr'>satiaverint</span> <span class='ocrx_word' id='word_1_270' title='bbox 1462 2417 1914 2488; x_wconf 72' lang='lat' dir='ltr'>multitudinem.</span> <span class='ocrx_word' id='word_1_271' title='bbox 1939 2413 2108 2471; x_wconf 82' lang='lat' dir='ltr'>Sufﬁ-</span> 
     </span>
    </p>
   </div>
   <div class='ocr_carea' id='block_1_38' title="bbox 520 2487 2108 2560">
    <p class='ocr_par' dir='ltr' id='par_1_38' title="bbox 520 2487 2108 2560">
     <span class='ocr_line' id='line_1_38' title="bbox 520 2487 2108 2560; baseline -0.004 -15"><span class='ocrx_word' id='word_1_272' title='bbox 520 2487 666 2546; x_wconf 77' lang='lat' dir='ltr'>ciunt</span> <span class='ocrx_word' id='word_1_273' title='bbox 692 2493 799 2546; x_wconf 88' lang='lat' dir='ltr'>duo</span> <span class='ocrx_word' id='word_1_274' title='bbox 830 2490 1087 2560; x_wconf 78' lang='lat' dir='ltr'>exempla</span> <span class='ocrx_word' id='word_1_275' title='bbox 1117 2489 1356 2556; x_wconf 89' lang='lat' dir='ltr'>Domini,</span> <span class='ocrx_word' id='word_1_276' title='bbox 1390 2490 1523 2560; x_wconf 85' lang='lat' dir='ltr'>Mar.</span> <span class='ocrx_word' id='word_1_277' title='bbox 1554 2505 1626 2560; x_wconf 72' lang='lat' dir='ltr'>vi,</span> <span class='ocrx_word' id='word_1_278' title='bbox 1648 2490 1738 2560; x_wconf 72' lang='lat' dir='ltr'>4i,</span> <span class='ocrx_word' id='word_1_279' title='bbox 1765 2495 1824 2560; x_wconf 82' lang='lat' dir='ltr'>et</span> <span class='ocrx_word' id='word_1_280' title='bbox 1843 2487 1998 2542; x_wconf 86' lang='lat' dir='ltr'>Joan.</span> <span class='ocrx_word' id='word_1_281' title='bbox 2024 2501 2108 2560; x_wconf 63' lang='lat' dir='ltr'>vi,</span> 
     </span>
    </p>
   </div>
   <div class='ocr_carea' id='block_1_39' title="bbox 523 2557 2110 2630">
    <p class='ocr_par' dir='ltr' id='par_1_39' title="bbox 523 2557 2110 2630">
     <span class='ocr_line' id='line_1_39' title="bbox 523 2557 2110 2630; baseline -0.004 -13"><span class='ocrx_word' id='word_1_282' title='bbox 523 2563 609 2628; x_wconf 83' lang='lat' dir='ltr'>ll,</span> <span class='ocrx_word' id='word_1_283' title='bbox 637 2569 690 2619; x_wconf 90' lang='lat' dir='ltr'>et</span> <span class='ocrx_word' id='word_1_284' title='bbox 714 2563 845 2616; x_wconf 87' lang='lat' dir='ltr'>Mar.</span> <span class='ocrx_word' id='word_1_285' title='bbox 881 2557 1077 2630; x_wconf 39' lang='lat' dir='ltr'>vnn—6,</span> <span class='ocrx_word' id='word_1_286' title='bbox 1101 2569 1154 2616; x_wconf 89' lang='lat' dir='ltr'>et</span> <span class='ocrx_word' id='word_1_287' title='bbox 1174 2576 1336 2616; x_wconf 89' lang='lat' dir='ltr'>unum</span> <span class='ocrx_word' id='word_1_288' title='bbox 1357 2559 1522 2630; x_wconf 88' lang='lat' dir='ltr'>servi,</span> <span class='ocrx_word' id='word_1_289' title='bbox 1543 2559 1730 2627; x_wconf 89' lang='lat' dir='ltr'>Elisei,</span> <span class='ocrx_word' id='word_1_290' title='bbox 1763 2557 2006 2630; x_wconf 87' lang='lat' dir='ltr'>inquam,</span> <span class='ocrx_word' id='word_1_291' title='bbox 2039 2558 2110 2611; x_wconf 90' lang='lat' dir='ltr'>lV</span> 
     </span>
    </p>
   </div>
   <div class='ocr_carea' id='block_1_40' title="bbox 2215 1869 3809 1942">
    <p class='ocr_par' dir='ltr' id='par_1_40' title="bbox 2215 1869 3809 1942">
     <span class='ocr_line' id='line_1_40' title="bbox 2215 1869 3809 1942; baseline 0.001 -17"><span class='ocrx_word' id='word_1_292' title='bbox 2215 1870 2576 1942; x_wconf 89' lang='lat' dir='ltr'>pctrantibus,</span> <span class='ocrx_word' id='word_1_293' title='bbox 2609 1885 2718 1924; x_wconf 91' lang='lat' dir='ltr'>non</span> <span class='ocrx_word' id='word_1_294' title='bbox 2749 1869 2918 1924; x_wconf 86' lang='lat' dir='ltr'>etiam</span> <span class='ocrx_word' id='word_1_295' title='bbox 2972 1869 3326 1940; x_wconf 87' lang='lat' dir='ltr'>operantibus</span> <span class='ocrx_word' id='word_1_296' title='bbox 3383 1869 3536 1935; x_wconf 88' lang='lat' dir='ltr'>ﬁant,</span> <span class='ocrx_word' id='word_1_297' title='bbox 3589 1869 3809 1926; x_wconf 77' lang='lat' dir='ltr'>ratione</span> 
     </span>
    </p>
   </div>
   <div class='ocr_carea' id='block_1_41' title="bbox 2215 1948 3808 2030">
    <p class='ocr_par' dir='ltr' id='par_1_41' title="bbox 2215 1948 3808 2030">
     <span class='ocr_line' id='line_1_41' title="bbox 2215 1948 3808 2030; baseline -0.002 -15"><span class='ocrx_word' id='word_1_298' title='bbox 2215 1948 2319 2015; x_wconf 80' lang='lat' dir='ltr'>soli</span> <span class='ocrx_word' id='word_1_299' title='bbox 2343 1959 2692 2030; x_wconf 70' lang='lat' dir='ltr'>sempiternas</span> <span class='ocrx_word' id='word_1_300' title='bbox 2721 1957 2990 2012; x_wconf 85' lang='lat' dir='ltr'>divinitati</span> <span class='ocrx_word' id='word_1_301' title='bbox 3017 1957 3262 2030; x_wconf 75' lang='lat' dir='ltr'>cognita.</span> <span class='ocrx_word' id='word_1_302' title='bbox 3320 1957 3428 2013; x_wconf 89' lang='lat' dir='ltr'>Sed</span> <span class='ocrx_word' id='word_1_303' title='bbox 3477 1958 3808 2030; x_wconf 86' lang='lat' dir='ltr'>quibuscun-</span> 
     </span>
    </p>
   </div>
   <div class='ocr_carea' id='block_1_42' title="bbox 2219 2045 3809 2120">
    <p class='ocr_par' dir='ltr' id='par_1_42' title="bbox 2219 2045 3809 2120">
     <span class='ocr_line' id='line_1_42' title="bbox 2219 2045 3809 2120; baseline 0.001 -18"><span class='ocrx_word' id='word_1_304' title='bbox 2219 2063 2324 2120; x_wconf 91' lang='lat' dir='ltr'>que</span> <span class='ocrx_word' id='word_1_305' title='bbox 2375 2047 2553 2103; x_wconf 90' lang='lat' dir='ltr'>modis</span> <span class='ocrx_word' id='word_1_306' title='bbox 2607 2045 3249 2116; x_wconf 86' lang='lat' dir='ltr'>ineomprebensibilibus</span> <span class='ocrx_word' id='word_1_307' title='bbox 3307 2045 3615 2102; x_wconf 84' lang='lat' dir='ltr'>efﬁciantur</span> <span class='ocrx_word' id='word_1_308' title='bbox 3641 2089 3660 2114; x_wconf 92' lang='lat'>,</span> <span class='ocrx_word' id='word_1_309' title='bbox 3717 2048 3809 2104; x_wconf 88' lang='lat' dir='ltr'>Dei</span> 
     </span>
    </p>
   </div>
   <div class='ocr_carea' id='block_1_43' title="bbox 2219 2133 3612 2208">
    <p class='ocr_par' dir='ltr' id='par_1_43' title="bbox 2219 2133 3612 2208">
     <span class='ocr_line' id='line_1_43' title="bbox 2219 2133 3612 2208; baseline 0.001 -19"><span class='ocrx_word' id='word_1_310' title='bbox 2219 2136 2450 2208; x_wconf 80' lang='lat' dir='ltr'>gloriam</span> <span class='ocrx_word' id='word_1_311' title='bbox 2477 2143 2532 2192; x_wconf 88' lang='lat' dir='ltr'>et</span> <span class='ocrx_word' id='word_1_312' title='bbox 2553 2135 2854 2192; x_wconf 87' lang='lat' dir='ltr'>electorum</span> <span class='ocrx_word' id='word_1_313' title='bbox 2884 2133 3008 2207; x_wconf 83' lang='lat' dir='ltr'>ejus</span> <span class='ocrx_word' id='word_1_314' title='bbox 3035 2133 3231 2192; x_wconf 84' lang='lat' dir='ltr'>merita</span> <span class='ocrx_word' id='word_1_315' title='bbox 3257 2142 3612 2191; x_wconf 83' lang='lat' dir='ltr'>attestantur.</span> 
     </span>
    </p>
   </div>
   <div class='ocr_carea' id='block_1_44' title="bbox 2218 2399 3815 2537">
    <p class='ocr_par' dir='ltr' id='par_1_44' title="bbox 2218 2399 3815 2537">
     <span class='ocr_line' id='line_1_44' title="bbox 2218 2399 3815 2537; baseline -0.004 -73"><span class='ocrx_word' id='word_1_316' title='bbox 2218 2407 2363 2537; x_wconf 49' lang='lat' dir='ltr'>1illeg.</span> <span class='ocrx_word' id='word_1_317' title='bbox 2394 2421 2472 2493; x_wconf 66' lang='lat' dir='ltr'>iv,</span> <span class='ocrx_word' id='word_1_318' title='bbox 2496 2403 2584 2458; x_wconf 68' lang='lat' dir='ltr'>L3.</span> <span class='ocrx_word' id='word_1_319' title='bbox 2607 2399 2738 2459; x_wconf 80' lang='lat' dir='ltr'>Alia</span> <span class='ocrx_word' id='word_1_320' title='bbox 2755 2403 3006 2472; x_wconf 85' lang='lat' dir='ltr'>reperies</span> <span class='ocrx_word' id='word_1_321' title='bbox 3025 2402 3082 2460; x_wconf 88' lang='lat' dir='ltr'>in</span> <span class='ocrx_word' id='word_1_322' title='bbox 3101 2401 3237 2459; x_wconf 84' lang='lat' dir='ltr'>Vitis</span> <span class='ocrx_word' id='word_1_323' title='bbox 3258 2402 3366 2460; x_wconf 84' lang='lat' dir='ltr'>PP.</span> <span class='ocrx_word' id='word_1_324' title='bbox 3392 2399 3628 2476; x_wconf 81' lang='lat' dir='ltr'>aliisque</span> <span class='ocrx_word' id='word_1_325' title='bbox 3646 2402 3815 2460; x_wconf 81' lang='lat' dir='ltr'>sacris</span> 
     </span>
     <span class='ocr_line' id='line_1_45' title="bbox 2259 2491 2484 2537; baseline -0.004 0"><span class='ocrx_word' id='word_1_326' title='bbox 2259 2491 2484 2537; x_wconf 72' lang='grc' dir='ltr'>ιςῐοιῚιε.</span> 
     </span>
    </p>
   </div>
   <div class='ocr_carea' id='block_1_45' title="bbox 2259 2491 2484 2538">
    <p class='ocr_par' dir='ltr' id='par_1_45' title="bbox 2259 2491 2484 2538">
     <span class='ocr_line' id='line_1_46' title="bbox 2259 2491 2484 2538; baseline 0.009 -2"><span class='ocrx_word' id='word_1_327' title='bbox 2259 2491 2484 2538; x_wconf 74' lang='lat' dir='ltr'>lSlOl‘iiS.</span> 
     </span>
    </p>
   </div>
   <div class='ocr_carea' id='block_1_46' title="bbox 1808 2679 2514 2755">
    <p class='ocr_par' dir='ltr' id='par_1_46' title="bbox 1808 2679 2514 2755">
     <span class='ocr_line' id='line_1_47' title="bbox 1808 2679 2514 2755; baseline -0.001 -17"><span class='ocrx_word' id='word_1_328' title='bbox 1808 2681 2060 2755; x_wconf 75' lang='lat' dir='ltr'>Explicit</span> <span class='ocrx_word' id='word_1_329' title='bbox 2105 2680 2247 2737; x_wconf 83' lang='lat' dir='ltr'>liber</span> <span class='ocrx_word' id='word_1_330' title='bbox 2279 2679 2486 2736; x_wconf 85' lang='lat' dir='ltr'>tertius</span> <span class='ocrx_word' id='word_1_331' title='bbox 2499 2719 2514 2737; x_wconf 94' lang='lat'>.</span> 
     </span>
    </p>
   </div>
   <div class='ocr_carea' id='block_1_47' title="bbox 519 2849 3808 2879">
    <p class='ocr_par' dir='ltr' id='par_1_47' title="bbox 519 2849 3808 2879">
     <span class='ocr_line' id='line_1_48' title="bbox 519 2849 3808 2879; baseline -0.002 -7"><span class='ocrx_word' id='word_1_332' title='bbox 519 2849 3808 2879; x_wconf 77' lang='lat'>__—______________________________.______————————</span> 
     </span>
    </p>
   </div>
   <div class='ocr_carea' id='block_1_48' title="bbox 1488 2975 2808 3048">
    <p class='ocr_par' dir='ltr' id='par_1_48' title="bbox 1488 2975 2808 3048">
     <span class='ocr_line' id='line_1_49' title="bbox 1488 2975 2808 3048; baseline -0.005 -9"><span class='ocrx_word' id='word_1_333' title='bbox 1488 2981 1842 3040; x_wconf 86' lang='lat' dir='ltr'>INCIPIUNT</span> <span class='ocrx_word' id='word_1_334' title='bbox 1893 2979 2236 3036; x_wconf 79' lang='lat' dir='ltr'>CAPITULA</span> <span class='ocrx_word' id='word_1_335' title='bbox 2280 2977 2462 3034; x_wconf 78' lang='lat' dir='ltr'><strong>LIBRI</strong></span> <span class='ocrx_word' id='word_1_336' title='bbox 2519 2975 2808 3048; x_wconf 79' lang='lat' dir='ltr'>QUARTI.</span> 
     </span>
    </p>
   </div>
   <div class='ocr_carea' id='block_1_49' title="bbox 593 3108 1470 3180">
    <p class='ocr_par' dir='ltr' id='par_1_49' title="bbox 593 3108 1470 3180">
     <span class='ocr_line' id='line_1_50' title="bbox 593 3108 1470 3180; baseline 0.002 -17"><span class='ocrx_word' id='word_1_337' title='bbox 593 3108 618 3163; x_wconf 85' lang='grc' dir='ltr'>Ι</span> <span class='ocrx_word' id='word_1_338' title='bbox 628 3148 642 3162; x_wconf 93' lang='grc'><strong>.</strong></span> <span class='ocrx_word' id='word_1_339' title='bbox 681 3108 758 3164; x_wconf 84' lang='lat' dir='ltr'>De</span> <span class='ocrx_word' id='word_1_340' title='bbox 781 3108 932 3180; x_wconf 85' lang='lat' dir='ltr'>ligno</span> <span class='ocrx_word' id='word_1_341' title='bbox 956 3109 1470 3180; x_wconf 59' lang='lat' dir='ltr'>praevaricationis.</span> 
     </span>
    </p>
   </div>
   <div class='ocr_carea' id='block_1_50' title="bbox 593 3197 1410 3268">
    <p class='ocr_par' dir='ltr' id='par_1_50' title="bbox 593 3197 1410 3268">
     <span class='ocr_line' id='line_1_51' title="bbox 593 3197 1410 3268; baseline 0 -16"><span class='ocrx_word' id='word_1_342' title='bbox 593 3197 667 3252; x_wconf 87' lang='lat' dir='ltr'>Il.</span> <span class='ocrx_word' id='word_1_343' title='bbox 713 3197 783 3252; x_wconf 85' lang='lat' dir='ltr'>De</span> <span class='ocrx_word' id='word_1_344' title='bbox 815 3197 969 3268; x_wconf 79' lang='lat' dir='ltr'>ligno</span> <span class='ocrx_word' id='word_1_345' title='bbox 1000 3199 1410 3267; x_wconf 87' lang='lat' dir='ltr'>reparationis.</span> 
     </span>
    </p>
   </div>
   <div class='ocr_carea' id='block_1_51' title="bbox 591 3285 1913 3354">
    <p class='ocr_par' dir='ltr' id='par_1_51' title="bbox 591 3285 1913 3354">
     <span class='ocr_line' id='line_1_52' title="bbox 591 3285 1913 3354; baseline 0 -14"><span class='ocrx_word' id='word_1_346' title='bbox 591 3285 686 3340; x_wconf 87' lang='lat' dir='ltr'>lll.</span> <span class='ocrx_word' id='word_1_347' title='bbox 719 3285 795 3340; x_wconf 88' lang='lat' dir='ltr'>De</span> <span class='ocrx_word' id='word_1_348' title='bbox 814 3285 989 3340; x_wconf 83' lang='lat' dir='ltr'>clavis</span> <span class='ocrx_word' id='word_1_349' title='bbox 1022 3286 1345 3354; x_wconf 74' lang='lat' dir='ltr'>Dominicis,</span> <span class='ocrx_word' id='word_1_350' title='bbox 1373 3290 1431 3342; x_wconf 87' lang='lat' dir='ltr'>et</span> <span class='ocrx_word' id='word_1_351' title='bbox 1459 3287 1658 3343; x_wconf 78' lang='lat' dir='ltr'>lancea</span> <span class='ocrx_word' id='word_1_352' title='bbox 1676 3285 1913 3342; x_wconf 84' lang='lat' dir='ltr'>militis.</span> 
     </span>
    </p>
   </div>
   <div class='ocr_carea' id='block_1_52' title="bbox 591 3356 3669 3448">
    <p class='ocr_par' dir='ltr' id='par_1_52' title="bbox 591 3356 3669 3448">
     <span class='ocr_line' id='line_1_53' title="bbox 591 3356 3669 3448; baseline -0.004 -21"><span class='ocrx_word' id='word_1_353' title='bbox 591 3374 688 3428; x_wconf 78' lang='grc' dir='ltr'>Ν.</span> <span class='ocrx_word' id='word_1_354' title='bbox 731 3373 882 3440; x_wconf 82' lang='lat' dir='ltr'>Quod</span> <span class='ocrx_word' id='word_1_355' title='bbox 909 3389 984 3429; x_wconf 71' lang='lat' dir='ltr'>ex</span> <span class='ocrx_word' id='word_1_356' title='bbox 1012 3375 1260 3430; x_wconf 82' lang='lat' dir='ltr'>salutari</span> <span class='ocrx_word' id='word_1_357' title='bbox 1275 3377 1463 3430; x_wconf 84' lang='lat' dir='ltr'>crucis</span> <span class='ocrx_word' id='word_1_358' title='bbox 1485 3377 1762 3448; x_wconf 83' lang='lat' dir='ltr'>patibulo,</span> <span class='ocrx_word' id='word_1_359' title='bbox 1795 3376 1858 3430; x_wconf 88' lang='lat' dir='ltr'>in</span> <span class='ocrx_word' id='word_1_360' title='bbox 1889 3389 2053 3430; x_wconf 88' lang='lat' dir='ltr'>omne</span> <span class='ocrx_word' id='word_1_361' title='bbox 2081 3371 2414 3429; x_wconf 84' lang='lat' dir='ltr'>sanctorum</span> <span class='ocrx_word' id='word_1_362' title='bbox 2443 3368 2788 3441; x_wconf 85' lang='lat' dir='ltr'>supplicium</span> <span class='ocrx_word' id='word_1_363' title='bbox 2813 3370 3109 3436; x_wconf 86' lang='lat' dir='ltr'>trans/usa</span> <span class='ocrx_word' id='word_1_364' title='bbox 3136 3362 3216 3418; x_wconf 87' lang='lat' dir='ltr'>sit</span> <span class='ocrx_word' id='word_1_365' title='bbox 3249 3356 3669 3427; x_wconf 77' lang='lat' dir='ltr'>sanctiﬁcatio.</span> 
     </span>
    </p>
   </div>
   <div class='ocr_carea' id='block_1_53' title="bbox 594 3451 3512 3536">
    <p class='ocr_par' dir='ltr' id='par_1_53' title="bbox 594 3451 3512 3536">
     <span class='ocr_line' id='line_1_54' title="bbox 594 3451 3512 3536; baseline -0.005 -19"><span class='ocrx_word' id='word_1_366' title='bbox 594 3463 664 3516; x_wconf 87' lang='lat' dir='ltr'>V.</span> <span class='ocrx_word' id='word_1_367' title='bbox 737 3463 888 3530; x_wconf 82' lang='lat' dir='ltr'>Quod</span> <span class='ocrx_word' id='word_1_368' title='bbox 915 3463 1064 3518; x_wconf 83' lang='lat' dir='ltr'>nihil</span> <span class='ocrx_word' id='word_1_369' title='bbox 1091 3465 1156 3518; x_wconf 81' lang='lat' dir='ltr'>in</span> <span class='ocrx_word' id='word_1_370' title='bbox 1185 3463 1399 3519; x_wconf 84' lang='lat' dir='ltr'>mundo</span> <span class='ocrx_word' id='word_1_371' title='bbox 1423 3465 1737 3536; x_wconf 85' lang='lat' dir='ltr'>pretiosum</span> <span class='ocrx_word' id='word_1_372' title='bbox 1763 3467 2125 3534; x_wconf 82' lang='lat' dir='ltr'>comparetur</span> <span class='ocrx_word' id='word_1_373' title='bbox 2142 3459 2404 3518; x_wconf 86' lang='lat' dir='ltr'>crucibus</span> <span class='ocrx_word' id='word_1_374' title='bbox 2435 3459 2597 3514; x_wconf 84' lang='lat' dir='ltr'>Petri</span> <span class='ocrx_word' id='word_1_375' title='bbox 2615 3461 2674 3514; x_wconf 87' lang='lat' dir='ltr'>et</span> <span class='ocrx_word' id='word_1_376' title='bbox 2695 3457 2951 3522; x_wconf 67' lang='lat' dir='ltr'>Andreae,</span> <span class='ocrx_word' id='word_1_377' title='bbox 2984 3469 3051 3510; x_wconf 85' lang='lat' dir='ltr'>ac</span> <span class='ocrx_word' id='word_1_378' title='bbox 3077 3451 3247 3509; x_wconf 84' lang='lat' dir='ltr'>Pauli</span> <span class='ocrx_word' id='word_1_379' title='bbox 3275 3452 3512 3506; x_wconf 65' lang='lat' dir='ltr'>catena.</span> 
     </span>
    </p>
   </div>
   <div class='ocr_carea' id='block_1_54' title="bbox 596 3548 2547 3623">
    <p class='ocr_par' dir='ltr' id='par_1_54' title="bbox 596 3548 2547 3623">
     <span class='ocr_line' id='line_1_55' title="bbox 596 3548 2547 3623; baseline -0.001 -19"><span class='ocrx_word' id='word_1_380' title='bbox 596 3550 689 3604; x_wconf 88' lang='lat' dir='ltr'>Vl.</span> <span class='ocrx_word' id='word_1_381' title='bbox 715 3551 793 3605; x_wconf 86' lang='lat' dir='ltr'>De</span> <span class='ocrx_word' id='word_1_382' title='bbox 815 3551 1040 3622; x_wconf 83' lang='lat' dir='ltr'>lapidus</span> <span class='ocrx_word' id='word_1_383' title='bbox 1067 3552 1504 3623; x_wconf 77' lang='lat' dir='ltr'>protomartyris</span> <span class='ocrx_word' id='word_1_384' title='bbox 1523 3552 1798 3623; x_wconf 82' lang='lat' dir='ltr'>Stephani</span> <span class='ocrx_word' id='word_1_385' title='bbox 1826 3555 1884 3607; x_wconf 87' lang='lat' dir='ltr'>et</span> <span class='ocrx_word' id='word_1_386' title='bbox 1914 3549 2195 3606; x_wconf 83' lang='lat' dir='ltr'>craticula</span> <span class='ocrx_word' id='word_1_387' title='bbox 2220 3548 2547 3606; x_wconf 82' lang='lat' dir='ltr'>Laurentii.</span> 
     </span>
    </p>
   </div>
   <div class='ocr_carea' id='block_1_55' title="bbox 561 3626 3814 3713">
    <p class='ocr_par' dir='ltr' id='par_1_55' title="bbox 561 3626 3814 3713">
     <span class='ocr_line' id='line_1_56' title="bbox 561 3626 3814 3713; baseline -0.004 -19"><span class='ocrx_word' id='word_1_388' title='bbox 561 3638 686 3694; x_wconf 80' lang='lat' dir='ltr'>V11.</span> <span class='ocrx_word' id='word_1_389' title='bbox 727 3639 846 3706; x_wconf 84' lang='lat' dir='ltr'>Qua</span> <span class='ocrx_word' id='word_1_390' title='bbox 873 3637 1098 3697; x_wconf 80' lang='lat' dir='ltr'>illectus</span> <span class='ocrx_word' id='word_1_391' title='bbox 1120 3639 1385 3713; x_wconf 87' lang='lat' dir='ltr'>cupidine</span> <span class='ocrx_word' id='word_1_392' title='bbox 1405 3640 1651 3712; x_wconf 82' lang='lat' dir='ltr'>scriptor</span> <span class='ocrx_word' id='word_1_393' title='bbox 1673 3639 1854 3696; x_wconf 83' lang='lat' dir='ltr'>libelli</span> <span class='ocrx_word' id='word_1_394' title='bbox 1873 3639 2043 3710; x_wconf 84' lang='lat' dir='ltr'>hujus</span> <span class='ocrx_word' id='word_1_395' title='bbox 2058 3636 2413 3709; x_wconf 61' lang='lat' dir='ltr'>diﬁcillimte</span> <span class='ocrx_word' id='word_1_396' title='bbox 2429 3635 2695 3693; x_wconf 74' lang='lat' dir='ltr'>materiai</span> <span class='ocrx_word' id='word_1_397' title='bbox 2714 3632 3146 3710; x_wconf 69' lang='lat' dir='ltr'>praesumpserit</span> <span class='ocrx_word' id='word_1_398' title='bbox 3166 3627 3443 3702; x_wconf 83' lang='lat' dir='ltr'>ingentoli</span> <span class='ocrx_word' id='word_1_399' title='bbox 3461 3626 3557 3685; x_wconf 85' lang='lat' dir='ltr'>sui</span> <span class='ocrx_word' id='word_1_400' title='bbox 3575 3641 3814 3682; x_wconf 78' lang='lat' dir='ltr'>manum</span> 
     </span>
    </p>
   </div>
   <div class='ocr_carea' id='block_1_56' title="bbox 524 3727 799 3784">
    <p class='ocr_par' dir='ltr' id='par_1_56' title="bbox 524 3727 799 3784">
     <span class='ocr_line' id='line_1_57' title="bbox 524 3727 799 3784; baseline -0.011 -1"><span class='ocrx_word' id='word_1_401' title='bbox 524 3727 799 3784; x_wconf 82' lang='lat' dir='ltr'>inserere.</span> 
     </span>
    </p>
   </div>
   <div class='ocr_carea' id='block_1_57' title="bbox 1655 3795 2716 3874">
    <p class='ocr_par' dir='ltr' id='par_1_57' title="bbox 1655 3795 2716 3874">
     <span class='ocr_line' id='line_1_58' title="bbox 1655 3795 2716 3874; baseline -0.005 -17"><span class='ocrx_word' id='word_1_402' title='bbox 1655 3799 1991 3874; x_wconf 71' lang='lat' dir='ltr'>Expliciunt</span> <span class='ocrx_word' id='word_1_403' title='bbox 2034 3797 2292 3872; x_wconf 86' lang='lat' dir='ltr'>capitula</span> <span class='ocrx_word' id='word_1_404' title='bbox 2340 3796 2470 3854; x_wconf 87' lang='lat' dir='ltr'>libri</span> <span class='ocrx_word' id='word_1_405' title='bbox 2503 3795 2716 3870; x_wconf 85' lang='lat' dir='ltr'>quarti.</span> 
     </span>
    </p>
   </div>
   <div class='ocr_carea' id='block_1_58' title="bbox 527 3971 3806 4006">
    <p class='ocr_par' dir='ltr' id='par_1_58' title="bbox 527 3971 3806 4006">
     <span class='ocr_line' id='line_1_59' title="bbox 527 3971 3806 4006; baseline -0.002 -8"><span class='ocrx_word' id='word_1_406' title='bbox 527 3971 3806 4006; x_wconf 57' lang='lat' dir='ltr'>MM</span> 
     </span>
    </p>
   </div>
   <div class='ocr_carea' id='block_1_59' title="bbox 1319 4101 2929 4231">
    <p class='ocr_par' dir='ltr' id='par_1_59' title="bbox 1319 4101 2929 4231">
     <span class='ocr_line' id='line_1_60' title="bbox 1319 4101 2929 4231; baseline -0.005 -17"><span class='ocrx_word' id='word_1_407' title='bbox 1319 4110 1786 4216; x_wconf 87' lang='lat' dir='ltr'>INCIPIT</span> <span class='ocrx_word' id='word_1_408' title='bbox 1859 4107 2230 4212; x_wconf 80' lang='lat' dir='ltr'><strong>LIBER</strong></span> <span class='ocrx_word' id='word_1_409' title='bbox 2305 4101 2929 4231; x_wconf 73' lang='lat' dir='ltr'>QUARTUS,</span> 
     </span>
    </p>
   </div>
   <div class='ocr_carea' id='block_1_60' title="bbox 965 4406 1673 4466">
    <p class='ocr_par' dir='ltr' id='par_1_60' title="bbox 965 4406 1673 4466">
     <span class='ocr_line' id='line_1_61' title="bbox 965 4406 1673 4466; baseline -0.003 -2"><span class='ocrx_word' id='word_1_410' title='bbox 965 4407 1362 4465; x_wconf 80' lang='lat' dir='ltr'>CAPITULUM</span> <span class='ocrx_word' id='word_1_411' title='bbox 1384 4406 1673 4466; x_wconf 79' lang='lat' dir='ltr'>PRIMUM.</span> 
     </span>
    </p>
   </div>
   <div class='ocr_carea' id='block_1_61' title="bbox 905 4504 1729 4576">
    <p class='ocr_par' dir='ltr' id='par_1_61' title="bbox 905 4504 1729 4576">
     <span class='ocr_line' id='line_1_62' title="bbox 905 4504 1729 4576; baseline -0.001 -16"><span class='ocrx_word' id='word_1_412' title='bbox 905 4505 980 4561; x_wconf 86' lang='lat' dir='ltr'>De</span> <span class='ocrx_word' id='word_1_413' title='bbox 1029 4504 1180 4576; x_wconf 87' lang='lat' dir='ltr'>ligno</span> <span class='ocrx_word' id='word_1_414' title='bbox 1213 4504 1703 4576; x_wconf 64' lang='lat' dir='ltr'>praevaricationis</span> <span class='ocrx_word' id='word_1_415' title='bbox 1715 4543 1729 4558; x_wconf 94' lang='lat'>.</span> 
     </span>
    </p>
   </div>
   <div class='ocr_carea' id='block_1_62' title="bbox 591 4619 2119 4692">
    <p class='ocr_par' dir='ltr' id='par_1_62' title="bbox 591 4619 2119 4692">
     <span class='ocr_line' id='line_1_63' title="bbox 591 4619 2119 4692; baseline -0.001 -16"><span class='ocrx_word' id='word_1_416' title='bbox 591 4620 754 4677; x_wconf 91' lang='lat' dir='ltr'>Nunc</span> <span class='ocrx_word' id='word_1_417' title='bbox 779 4619 1107 4676; x_wconf 84' lang='lat' dir='ltr'>necessitate</span> <span class='ocrx_word' id='word_1_418' title='bbox 1137 4619 1458 4692; x_wconf 88' lang='lat' dir='ltr'>compellor,</span> <span class='ocrx_word' id='word_1_419' title='bbox 1493 4619 1651 4692; x_wconf 86' lang='lat' dir='ltr'>quasi</span> <span class='ocrx_word' id='word_1_420' title='bbox 1677 4619 1823 4674; x_wconf 90' lang='lat' dir='ltr'>inter</span> <span class='ocrx_word' id='word_1_421' title='bbox 1869 4633 2007 4674; x_wconf 86' lang='lat' dir='ltr'>saxa</span> <span class='ocrx_word' id='word_1_422' title='bbox 2063 4623 2119 4674; x_wconf 83' lang='lat' dir='ltr'>et</span> 
     </span>
    </p>
   </div>
   <div class='ocr_carea' id='block_1_63' title="bbox 521 4706 2118 4782">
    <p class='ocr_par' dir='ltr' id='par_1_63' title="bbox 521 4706 2118 4782">
     <span class='ocr_line' id='line_1_64' title="bbox 521 4706 2118 4782; baseline -0.002 -18"><span class='ocrx_word' id='word_1_423' title='bbox 521 4710 800 4782; x_wconf 89' lang='lat' dir='ltr'>scopulos,</span> <span class='ocrx_word' id='word_1_424' title='bbox 831 4709 1148 4765; x_wconf 87' lang='lat' dir='ltr'>imminente</span> <span class='ocrx_word' id='word_1_425' title='bbox 1176 4707 1488 4780; x_wconf 80' lang='lat' dir='ltr'>naufragio,</span> <span class='ocrx_word' id='word_1_426' title='bbox 1519 4708 1753 4764; x_wconf 86' lang='lat' dir='ltr'>dictatus</span> <span class='ocrx_word' id='word_1_427' title='bbox 1781 4707 1890 4761; x_wconf 90' lang='lat' dir='ltr'>mei</span> <span class='ocrx_word' id='word_1_428' title='bbox 1931 4706 2118 4762; x_wconf 87' lang='lat' dir='ltr'>navim</span> 
     </span>
    </p>
   </div>
   <div class='ocr_carea' id='block_1_64' title="bbox 521 4793 2118 4870">
    <p class='ocr_par' dir='ltr' id='par_1_64' title="bbox 521 4793 2118 4870">
     <span class='ocr_line' id='line_1_65' title="bbox 521 4793 2118 4870; baseline -0.003 -14"><span class='ocrx_word' id='word_1_429' title='bbox 521 4799 828 4869; x_wconf 84' lang='lat' dir='ltr'>ﬂectere,et</span> <span class='ocrx_word' id='word_1_430' title='bbox 858 4814 927 4854; x_wconf 90' lang='lat' dir='ltr'>ne</span> <span class='ocrx_word' id='word_1_431' title='bbox 957 4797 1135 4854; x_wconf 83' lang='lat' dir='ltr'>subito</span> <span class='ocrx_word' id='word_1_432' title='bbox 1163 4797 1453 4870; x_wconf 72' lang='lat' dir='ltr'>impingat,</span> <span class='ocrx_word' id='word_1_433' title='bbox 1483 4795 1783 4852; x_wconf 82' lang='lat' dir='ltr'>attendere.</span> <span class='ocrx_word' id='word_1_434' title='bbox 1815 4796 1896 4850; x_wconf 85' lang='lat' dir='ltr'>Ex</span> <span class='ocrx_word' id='word_1_435' title='bbox 1919 4793 2118 4851; x_wconf 76' lang='lat' dir='ltr'>diffici-</span> 
     </span>
    </p>
   </div>
   <div class='ocr_carea' id='block_1_65' title="bbox 519 4884 2117 4956">
    <p class='ocr_par' dir='ltr' id='par_1_65' title="bbox 519 4884 2117 4956">
     <span class='ocr_line' id='line_1_66' title="bbox 519 4884 2117 4956; baseline -0.003 -11"><span class='ocrx_word' id='word_1_436' title='bbox 519 4889 664 4945; x_wconf 90' lang='lat' dir='ltr'>libus</span> <span class='ocrx_word' id='word_1_437' title='bbox 691 4889 838 4944; x_wconf 91' lang='lat' dir='ltr'>enim</span> <span class='ocrx_word' id='word_1_438' title='bbox 867 4896 1086 4942; x_wconf 86' lang='lat' dir='ltr'>transeo</span> <span class='ocrx_word' id='word_1_439' title='bbox 1107 4887 1178 4940; x_wconf 88' lang='lat' dir='ltr'>ad</span> <span class='ocrx_word' id='word_1_440' title='bbox 1193 4884 1513 4940; x_wconf 82' lang='lat' dir='ltr'>difficillima</span> <span class='ocrx_word' id='word_1_441' title='bbox 1547 4903 1562 4952; x_wconf 87' lang='lat'><strong>;</strong></span> <span class='ocrx_word' id='word_1_442' title='bbox 1613 4901 1681 4940; x_wconf 82' lang='lat' dir='ltr'>ex</span> <span class='ocrx_word' id='word_1_443' title='bbox 1737 4885 1821 4939; x_wconf 90' lang='lat' dir='ltr'>his</span> <span class='ocrx_word' id='word_1_444' title='bbox 1867 4884 2117 4956; x_wconf 75' lang='lat' dir='ltr'>profecto</span> 
     </span>
    </p>
   </div>
   <div class='ocr_carea' id='block_1_66' title="bbox 522 4973 2113 5051">
    <p class='ocr_par' dir='ltr' id='par_1_66' title="bbox 522 4973 2113 5051">
     <span class='ocr_line' id='line_1_67' title="bbox 522 4973 2113 5051; baseline -0.005 -16"><span class='ocrx_word' id='word_1_445' title='bbox 522 4996 644 5051; x_wconf 74' lang='lat' dir='ltr'>qua:</span> <span class='ocrx_word' id='word_1_446' title='bbox 671 4976 951 5034; x_wconf 87' lang='lat' dir='ltr'>hominum</span> <span class='ocrx_word' id='word_1_447' title='bbox 973 4975 1206 5042; x_wconf 85' lang='lat' dir='ltr'>utilitati,</span> <span class='ocrx_word' id='word_1_448' title='bbox 1236 4982 1290 5030; x_wconf 90' lang='lat' dir='ltr'>et</span> <span class='ocrx_word' id='word_1_449' title='bbox 1309 4973 1638 5031; x_wconf 84' lang='lat' dir='ltr'>recreationi</span> <span class='ocrx_word' id='word_1_450' title='bbox 1661 4981 1787 5028; x_wconf 85' lang='lat' dir='ltr'>sunt</span> <span class='ocrx_word' id='word_1_451' title='bbox 1805 4973 2113 5044; x_wconf 89' lang='lat' dir='ltr'>aptissima,</span> 
     </span>
    </p>
   </div>
   <div class='ocr_carea' id='block_1_67' title="bbox 522 5063 2120 5136">
    <p class='ocr_par' dir='ltr' id='par_1_67' title="bbox 522 5063 2120 5136">
     <span class='ocr_line' id='line_1_68' title="bbox 522 5063 2120 5136; baseline -0.004 -13"><span class='ocrx_word' id='word_1_452' title='bbox 522 5075 576 5123; x_wconf 85' lang='lat' dir='ltr'>et</span> <span class='ocrx_word' id='word_1_453' title='bbox 603 5067 786 5124; x_wconf 86' lang='lat' dir='ltr'>dulcia</span> <span class='ocrx_word' id='word_1_454' title='bbox 817 5085 831 5132; x_wconf 89' lang='lat'><strong>;</strong></span> <span class='ocrx_word' id='word_1_455' title='bbox 863 5064 935 5122; x_wconf 88' lang='lat' dir='ltr'>ad</span> <span class='ocrx_word' id='word_1_456' title='bbox 963 5081 1052 5132; x_wconf 89' lang='lat' dir='ltr'>ea,</span> <span class='ocrx_word' id='word_1_457' title='bbox 1082 5080 1205 5136; x_wconf 69' lang='lat' dir='ltr'>quas</span> <span class='ocrx_word' id='word_1_458' title='bbox 1263 5063 1626 5120; x_wconf 86' lang='lat' dir='ltr'>imbecillitati</span> <span class='ocrx_word' id='word_1_459' title='bbox 1683 5063 1935 5118; x_wconf 70' lang='lat' dir='ltr'>humanae</span> <span class='ocrx_word' id='word_1_460' title='bbox 1992 5068 2120 5117; x_wconf 83' lang='lat' dir='ltr'>sunt</span> 
     </span>
    </p>
   </div>
   <div class='ocr_carea' id='block_1_68' title="bbox 520 5151 2118 5220">
    <p class='ocr_par' dir='ltr' id='par_1_68' title="bbox 520 5151 2118 5220">
     <span class='ocr_line' id='line_1_69' title="bbox 520 5151 2118 5220; baseline -0.004 -9"><span class='ocrx_word' id='word_1_461' title='bbox 520 5157 742 5212; x_wconf 72' lang='lat' dir='ltr'>ornnino</span> <span class='ocrx_word' id='word_1_462' title='bbox 771 5154 1068 5220; x_wconf 85' lang='lat' dir='ltr'>contraria,</span> <span class='ocrx_word' id='word_1_463' title='bbox 1101 5161 1156 5208; x_wconf 88' lang='lat' dir='ltr'>et</span> <span class='ocrx_word' id='word_1_464' title='bbox 1181 5151 1525 5208; x_wconf 85' lang='lat' dir='ltr'>amarissima</span> <span class='ocrx_word' id='word_1_465' title='bbox 1555 5167 1570 5208; x_wconf 90' lang='lat'>:</span> <span class='ocrx_word' id='word_1_466' title='bbox 1597 5151 1664 5206; x_wconf 88' lang='lat' dir='ltr'>ad</span> <span class='ocrx_word' id='word_1_467' title='bbox 1721 5151 1940 5206; x_wconf 87' lang='lat' dir='ltr'>diversa</span> <span class='ocrx_word' id='word_1_468' title='bbox 1997 5158 2118 5207; x_wconf 87' lang='lat' dir='ltr'>tor-</span> 
     </span>
    </p>
   </div>
   <div class='ocr_carea' id='block_1_69' title="bbox 523 5240 2116 5315">
    <p class='ocr_par' dir='ltr' id='par_1_69' title="bbox 523 5240 2116 5315">
     <span class='ocr_line' id='line_1_70' title="bbox 523 5240 2116 5315; baseline -0.004 -16"><span class='ocrx_word' id='word_1_469' title='bbox 523 5254 826 5302; x_wconf 86' lang='lat' dir='ltr'>mentorum</span> <span class='ocrx_word' id='word_1_470' title='bbox 854 5257 1089 5315; x_wconf 79' lang='lat' dir='ltr'>genera.</span> <span class='ocrx_word' id='word_1_471' title='bbox 1130 5241 1240 5297; x_wconf 88' lang='lat' dir='ltr'>Sed</span> <span class='ocrx_word' id='word_1_472' title='bbox 1269 5240 1445 5297; x_wconf 87' lang='lat' dir='ltr'>sancti</span> <span class='ocrx_word' id='word_1_473' title='bbox 1475 5240 1705 5311; x_wconf 87' lang='lat' dir='ltr'>Spiritus</span> <span class='ocrx_word' id='word_1_474' title='bbox 1736 5241 1942 5311; x_wconf 85' lang='lat' dir='ltr'>aspiret</span> <span class='ocrx_word' id='word_1_475' title='bbox 1961 5255 2116 5306; x_wconf 89' lang='lat' dir='ltr'>aura,</span> 
     </span>
    </p>
   </div>
   <div class='ocr_carea' id='block_1_70' title="bbox 523 5327 2123 5402">
    <p class='ocr_par' dir='ltr' id='par_1_70' title="bbox 523 5327 2123 5402">
     <span class='ocr_line' id='line_1_71' title="bbox 523 5327 2123 5402; baseline -0.003 -15"><span class='ocrx_word' id='word_1_476' title='bbox 523 5341 576 5387; x_wconf 88' lang='lat' dir='ltr'>et</span> <span class='ocrx_word' id='word_1_477' title='bbox 604 5334 728 5389; x_wconf 90' lang='lat' dir='ltr'>vela</span> <span class='ocrx_word' id='word_1_478' title='bbox 751 5332 1020 5397; x_wconf 88' lang='lat' dir='ltr'>intendat,</span> <span class='ocrx_word' id='word_1_479' title='bbox 1043 5337 1202 5386; x_wconf 85' lang='lat' dir='ltr'>etme</span> <span class='ocrx_word' id='word_1_480' title='bbox 1231 5329 1372 5385; x_wconf 89' lang='lat' dir='ltr'>inter</span> <span class='ocrx_word' id='word_1_481' title='bbox 1393 5329 1710 5402; x_wconf 84' lang='lat' dir='ltr'>spirituales</span> <span class='ocrx_word' id='word_1_482' title='bbox 1737 5328 2002 5398; x_wconf 81' lang='lat' dir='ltr'>epibatas,</span> <span class='ocrx_word' id='word_1_483' title='bbox 2025 5327 2123 5383; x_wconf 87' lang='lat' dir='ltr'>uti-</span> 
     </span>
    </p>
   </div>
   <div class='ocr_carea' id='block_1_71' title="bbox 523 5417 2124 5492">
    <p class='ocr_par' dir='ltr' id='par_1_71' title="bbox 523 5417 2124 5492">
     <span class='ocr_line' id='line_1_72' title="bbox 523 5417 2124 5492; baseline -0.002 -17"><span class='ocrx_word' id='word_1_484' title='bbox 523 5435 646 5476; x_wconf 82' lang='lat' dir='ltr'>nam</span> <span class='ocrx_word' id='word_1_485' title='bbox 676 5421 762 5478; x_wconf 87' lang='lat' dir='ltr'>vel</span> <span class='ocrx_word' id='word_1_486' title='bbox 791 5420 1063 5487; x_wconf 88' lang='lat' dir='ltr'>ultimum,</span> <span class='ocrx_word' id='word_1_487' title='bbox 1087 5420 1144 5474; x_wconf 87' lang='lat' dir='ltr'>in</span> <span class='ocrx_word' id='word_1_488' title='bbox 1161 5419 1433 5492; x_wconf 85' lang='lat' dir='ltr'>tranquilli</span> <span class='ocrx_word' id='word_1_489' title='bbox 1452 5426 1643 5490; x_wconf 85' lang='lat' dir='ltr'>portus</span> <span class='ocrx_word' id='word_1_490' title='bbox 1668 5417 1846 5472; x_wconf 88' lang='lat' dir='ltr'>sinum</span> <span class='ocrx_word' id='word_1_491' title='bbox 1868 5425 2124 5488; x_wconf 71' lang='lat' dir='ltr'>transpo~</span> 
     </span>
    </p>
   </div>
   <div class='ocr_carea' id='block_1_72' title="bbox 525 5505 2130 5580">
    <p class='ocr_par' dir='ltr' id='par_1_72' title="bbox 525 5505 2130 5580">
     <span class='ocr_line' id='line_1_73' title="bbox 525 5505 2130 5580; baseline 0 -20"><span class='ocrx_word' id='word_1_492' title='bbox 525 5517 638 5563; x_wconf 83' lang='lat' dir='ltr'>nat.</span> <span class='ocrx_word' id='word_1_493' title='bbox 656 5510 718 5564; x_wconf 87' lang='lat' dir='ltr'><strong>In</strong></span> <span class='ocrx_word' id='word_1_494' title='bbox 727 5508 1129 5580; x_wconf 77' lang='lat' dir='ltr'>protOparentia</span> <span class='ocrx_word' id='word_1_495' title='bbox 1141 5507 1308 5579; x_wconf 76' lang='lat' dir='ltr'>igitur</span> <span class='ocrx_word' id='word_1_496' title='bbox 1327 5505 1902 5564; x_wconf 88' lang='lat' dir='ltr'>nostriirremediahili</span> <span class='ocrx_word' id='word_1_497' title='bbox 1920 5519 2130 5576; x_wconf 64' lang='lat' dir='ltr'>praeva-</span> 
     </span>
    </p>
   </div>
   <div class='ocr_carea' id='block_1_73' title="bbox 527 5595 2110 5670">
    <p class='ocr_par' dir='ltr' id='par_1_73' title="bbox 527 5595 2110 5670">
     <span class='ocr_line' id='line_1_74' title="bbox 527 5595 2110 5670; baseline 0.001 -23"><span class='ocrx_word' id='word_1_498' title='bbox 527 5595 1044 5670; x_wconf 70' lang='lat' dir='ltr'>ricatione,script¢z</span> <span class='ocrx_word' id='word_1_499' title='bbox 1059 5605 1384 5669; x_wconf 82' lang='lat' dir='ltr'>suntungue</span> <span class='ocrx_word' id='word_1_500' title='bbox 1405 5596 1781 5653; x_wconf 85' lang='lat' dir='ltr'>adamantina</span> <span class='ocrx_word' id='word_1_501' title='bbox 1808 5595 1945 5666; x_wconf 65' lang='lat' dir='ltr'>(ter.</span> <span class='ocrx_word' id='word_1_502' title='bbox 1972 5607 2110 5660; x_wconf 81' lang='lat' dir='ltr'>xvn,</span> 
     </span>
    </p>
   </div>
   <div class='ocr_carea' id='block_1_74' title="bbox 529 5682 2126 5754">
    <p class='ocr_par' dir='ltr' id='par_1_74' title="bbox 529 5682 2126 5754">
     <span class='ocr_line' id='line_1_75' title="bbox 529 5682 2126 5754; baseline -0.002 -11"><span class='ocrx_word' id='word_1_503' title='bbox 529 5683 804 5754; x_wconf 69' lang='lat' dir='ltr'>i),contra</span> <span class='ocrx_word' id='word_1_504' title='bbox 815 5701 917 5742; x_wconf 87' lang='lat' dir='ltr'>nos</span> <span class='ocrx_word' id='word_1_505' title='bbox 927 5685 1346 5741; x_wconf 74' lang='lat' dir='ltr'>amaritudine:</span> <span class='ocrx_word' id='word_1_506' title='bbox 1361 5685 1476 5754; x_wconf 84' lang='lat' dir='ltr'>(Job</span> <span class='ocrx_word' id='word_1_507' title='bbox 1495 5683 1932 5753; x_wconf 73' lang='lat' dir='ltr'>xm,26),mortis</span> <span class='ocrx_word' id='word_1_508' title='bbox 1949 5682 2126 5740; x_wconf 88' lang='lat' dir='ltr'>chiro-</span> 
     </span>
    </p>
   </div>
   <div class='ocr_carea' id='block_1_75' title="bbox 599 5859 2123 5938">
    <p class='ocr_par' dir='ltr' id='par_1_75' title="bbox 599 5859 2123 5938">
     <span class='ocr_line' id='line_1_76' title="bbox 599 5859 2123 5938; baseline -0.003 -20"><span class='ocrx_word' id='word_1_509' title='bbox 599 5862 748 5930; x_wconf 72' lang='grc'>(208)</span> <span class='ocrx_word' id='word_1_510' title='bbox 772 5859 1125 5938; x_wconf 65' lang='lat' dir='ltr'>Excogitatee</span> <span class='ocrx_word' id='word_1_511' title='bbox 1144 5863 1280 5914; x_wconf 85' lang='lat' dir='ltr'>sunt</span> <span class='ocrx_word' id='word_1_512' title='bbox 1301 5875 1521 5938; x_wconf 72' lang='lat' dir='ltr'>cruces,</span> <span class='ocrx_word' id='word_1_513' title='bbox 1541 5877 1740 5932; x_wconf 68' lang='lat' dir='ltr'>scopas.</span> <span class='ocrx_word' id='word_1_514' title='bbox 1762 5859 1844 5938; x_wconf 83' lang='lat' dir='ltr'>De</span> <span class='ocrx_word' id='word_1_515' title='bbox 1856 5859 1946 5938; x_wconf 81' lang='lat' dir='ltr'>his</span> <span class='ocrx_word' id='word_1_516' title='bbox 1965 5859 2123 5916; x_wconf 84' lang='lat' dir='ltr'>allis-</span> 
     </span>
    </p>
   </div>
   <div class='ocr_carea' id='block_1_76' title="bbox 531 5930 2126 6002">
    <p class='ocr_par' dir='ltr' id='par_1_76' title="bbox 531 5930 2126 6002">
     <span class='ocr_line' id='line_1_77' title="bbox 531 5930 2126 6002; baseline 0.001 -18"><span class='ocrx_word' id='word_1_517' title='bbox 531 5941 636 5996; x_wconf 81' lang='lat' dir='ltr'>quc</span> <span class='ocrx_word' id='word_1_518' title='bbox 665 5943 950 6002; x_wconf 83' lang='lat' dir='ltr'>poenarum</span> <span class='ocrx_word' id='word_1_519' title='bbox 979 5930 1372 5998; x_wconf 86' lang='lat' dir='ltr'>instrumentis,</span> <span class='ocrx_word' id='word_1_520' title='bbox 1403 5930 1906 6001; x_wconf 64' lang='lat' dir='ltr'>elegans&#39;tractatio</span> <span class='ocrx_word' id='word_1_521' title='bbox 1925 5938 1981 5988; x_wconf 89' lang='lat' dir='ltr'>et</span> <span class='ocrx_word' id='word_1_522' title='bbox 1997 5945 2126 5987; x_wconf 87' lang='lat' dir='ltr'>eru-</span> 
     </span>
    </p>
   </div>
   <div class='ocr_carea' id='block_1_77' title="bbox 2153 5762 2207 5823">
    <p class='ocr_par' dir='ltr' id='par_1_77' title="bbox 2153 5762 2207 5823">
     <span class='ocr_line' id='line_1_78' title="bbox 2153 5762 2207 5823; baseline 0 0"><span class='ocrx_word' id='word_1_523' title='bbox 2153 5762 2207 5823; x_wconf 92' lang='lat' dir='ltr'>D</span> 
     </span>
    </p>
   </div>
   <div class='ocr_carea' id='block_1_78' title="bbox 2141 4399 3804 4480">
    <p class='ocr_par' dir='ltr' id='par_1_78' title="bbox 2141 4399 3804 4480">
     <span class='ocr_line' id='line_1_79' title="bbox 2141 4399 3804 4480; baseline -0.005 -17"><span class='ocrx_word' id='word_1_524' title='bbox 2141 4407 2191 4470; x_wconf 89' lang='lat' dir='ltr'>C</span> <span class='ocrx_word' id='word_1_525' title='bbox 2217 4407 2510 4480; x_wconf 80' lang='lat' dir='ltr'>graphum,</span> <span class='ocrx_word' id='word_1_526' title='bbox 2534 4405 2662 4476; x_wconf 85' lang='lat' dir='ltr'>jura</span> <span class='ocrx_word' id='word_1_527' title='bbox 2692 4413 2746 4462; x_wconf 88' lang='lat' dir='ltr'>et</span> <span class='ocrx_word' id='word_1_528' title='bbox 2772 4405 2928 4480; x_wconf 76' lang='lat' dir='ltr'>leges</span> <span class='ocrx_word' id='word_1_529' title='bbox 2958 4419 2973 4476; x_wconf 88' lang='lat'><strong>;</strong></span> <span class='ocrx_word' id='word_1_530' title='bbox 3007 4410 3061 4460; x_wconf 88' lang='lat' dir='ltr'>et</span> <span class='ocrx_word' id='word_1_531' title='bbox 3090 4401 3298 4475; x_wconf 85' lang='lat' dir='ltr'>repleta</span> <span class='ocrx_word' id='word_1_532' title='bbox 3333 4407 3386 4458; x_wconf 86' lang='lat' dir='ltr'>et</span> <span class='ocrx_word' id='word_1_533' title='bbox 3413 4399 3681 4457; x_wconf 83' lang='lat' dir='ltr'>inebriata</span> <span class='ocrx_word' id='word_1_534' title='bbox 3724 4405 3804 4456; x_wconf 89' lang='lat' dir='ltr'>est</span> 
     </span>
    </p>
   </div>
   <div class='ocr_carea' id='block_1_79' title="bbox 2221 4489 3801 4568">
    <p class='ocr_par' dir='ltr' id='par_1_79' title="bbox 2221 4489 3801 4568">
     <span class='ocr_line' id='line_1_80' title="bbox 2221 4489 3801 4568; baseline -0.006 -17"><span class='ocrx_word' id='word_1_535' title='bbox 2221 4494 2510 4568; x_wconf 88' lang='lat' dir='ltr'>absynthio</span> <span class='ocrx_word' id='word_1_536' title='bbox 2537 4495 2716 4553; x_wconf 89' lang='lat' dir='ltr'>omnis</span> <span class='ocrx_word' id='word_1_537' title='bbox 2745 4495 3040 4566; x_wconf 89' lang='lat' dir='ltr'>posthuma</span> <span class='ocrx_word' id='word_1_538' title='bbox 3066 4493 3276 4564; x_wconf 87' lang='lat' dir='ltr'>proles.</span> <span class='ocrx_word' id='word_1_539' title='bbox 3327 4491 3396 4546; x_wconf 82' lang='lat' dir='ltr'>Et</span> <span class='ocrx_word' id='word_1_540' title='bbox 3449 4489 3541 4562; x_wconf 88' lang='lat' dir='ltr'>qui</span> <span class='ocrx_word' id='word_1_541' title='bbox 3587 4503 3801 4559; x_wconf 66' lang='lat' dir='ltr'>preva-</span> 
     </span>
    </p>
   </div>
   <div class='ocr_carea' id='block_1_80' title="bbox 2223 4577 3801 4656">
    <p class='ocr_par' dir='ltr' id='par_1_80' title="bbox 2223 4577 3801 4656">
     <span class='ocr_line' id='line_1_81' title="bbox 2223 4577 3801 4656; baseline -0.006 -16"><span class='ocrx_word' id='word_1_542' title='bbox 2223 4585 2503 4640; x_wconf 86' lang='lat' dir='ltr'>ricationis</span> <span class='ocrx_word' id='word_1_543' title='bbox 2536 4585 2765 4656; x_wconf 85' lang='lat' dir='ltr'>lignum,</span> <span class='ocrx_word' id='word_1_544' title='bbox 2813 4581 3138 4656; x_wconf 87' lang='lat' dir='ltr'>pulchrum,</span> <span class='ocrx_word' id='word_1_545' title='bbox 3190 4588 3243 4636; x_wconf 92' lang='lat' dir='ltr'>et</span> <span class='ocrx_word' id='word_1_546' title='bbox 3296 4577 3626 4636; x_wconf 85' lang='lat' dir='ltr'>delectabile</span> <span class='ocrx_word' id='word_1_547' title='bbox 3684 4579 3801 4632; x_wconf 77' lang='lat' dir='ltr'>nisu</span> 
     </span>
    </p>
   </div>
   <div class='ocr_carea' id='block_1_81' title="bbox 2227 4663 3801 4745">
    <p class='ocr_par' dir='ltr' id='par_1_81' title="bbox 2227 4663 3801 4745">
     <span class='ocr_line' id='line_1_82' title="bbox 2227 4663 3801 4745; baseline -0.008 -14"><span class='ocrx_word' id='word_1_548' title='bbox 2227 4674 2394 4744; x_wconf 86' lang='lat' dir='ltr'>(Gen.</span> <span class='ocrx_word' id='word_1_549' title='bbox 2433 4688 2516 4742; x_wconf 84' lang='lat' dir='ltr'>tu,</span> <span class='ocrx_word' id='word_1_550' title='bbox 2550 4676 2626 4743; x_wconf 88' lang='lat'>6),</span> <span class='ocrx_word' id='word_1_551' title='bbox 2657 4681 2710 4729; x_wconf 89' lang='lat' dir='ltr'>et</span> <span class='ocrx_word' id='word_1_552' title='bbox 2739 4679 2900 4745; x_wconf 78' lang='lat' dir='ltr'>gustu</span> <span class='ocrx_word' id='word_1_553' title='bbox 2929 4686 3096 4727; x_wconf 80' lang='lat' dir='ltr'>suave</span> <span class='ocrx_word' id='word_1_554' title='bbox 3126 4685 3225 4742; x_wconf 88' lang='lat' dir='ltr'>per</span> <span class='ocrx_word' id='word_1_555' title='bbox 3251 4676 3437 4741; x_wconf 85' lang='lat' dir='ltr'>guttur</span> <span class='ocrx_word' id='word_1_556' title='bbox 3489 4663 3801 4738; x_wconf 87' lang='lat' dir='ltr'>protoplasti</span> 
     </span>
    </p>
   </div>
   <div class='ocr_carea' id='block_1_82' title="bbox 2227 4752 3794 4828">
    <p class='ocr_par' dir='ltr' id='par_1_82' title="bbox 2227 4752 3794 4828">
     <span class='ocr_line' id='line_1_83' title="bbox 2227 4752 3794 4828; baseline -0.007 -11"><span class='ocrx_word' id='word_1_557' title='bbox 2227 4761 2546 4828; x_wconf 85' lang='lat' dir='ltr'>demissum,</span> <span class='ocrx_word' id='word_1_558' title='bbox 2579 4760 2648 4816; x_wconf 89' lang='lat' dir='ltr'>ad</span> <span class='ocrx_word' id='word_1_559' title='bbox 2675 4761 2890 4816; x_wconf 86' lang='lat' dir='ltr'>viscera</span> <span class='ocrx_word' id='word_1_560' title='bbox 2929 4759 3090 4816; x_wconf 83' lang='lat' dir='ltr'>totius</span> <span class='ocrx_word' id='word_1_561' title='bbox 3149 4756 3484 4828; x_wconf 82' lang='lat' dir='ltr'>posteritatis</span> <span class='ocrx_word' id='word_1_562' title='bbox 3538 4752 3794 4818; x_wconf 84' lang='lat' dir='ltr'>transivit,</span> 
     </span>
    </p>
   </div>
   <div class='ocr_carea' id='block_1_83' title="bbox 2225 4843 3798 4922">
    <p class='ocr_par' dir='ltr' id='par_1_83' title="bbox 2225 4843 3798 4922">
     <span class='ocr_line' id='line_1_84' title="bbox 2225 4843 3798 4922; baseline -0.008 -14"><span class='ocrx_word' id='word_1_563' title='bbox 2225 4860 2286 4908; x_wconf 91' lang='lat' dir='ltr'>ut</span> <span class='ocrx_word' id='word_1_564' title='bbox 2304 4851 2657 4908; x_wconf 86' lang='lat' dir='ltr'>acutissimus</span> <span class='ocrx_word' id='word_1_565' title='bbox 2686 4849 2922 4922; x_wconf 80' lang='lat' dir='ltr'>gladius,</span> <span class='ocrx_word' id='word_1_566' title='bbox 2949 4857 3003 4904; x_wconf 90' lang='lat' dir='ltr'>et</span> <span class='ocrx_word' id='word_1_567' title='bbox 3022 4846 3322 4903; x_wconf 86' lang='lat' dir='ltr'>insanabile</span> <span class='ocrx_word' id='word_1_568' title='bbox 3350 4843 3548 4900; x_wconf 81' lang='lat' dir='ltr'>inﬂixit</span> <span class='ocrx_word' id='word_1_569' title='bbox 3573 4843 3798 4907; x_wconf 85' lang='lat' dir='ltr'>vulnus;</span> 
     </span>
    </p>
   </div>
   <div class='ocr_carea' id='block_1_84' title="bbox 2224 4929 3798 5006">
    <p class='ocr_par' dir='ltr' id='par_1_84' title="bbox 2224 4929 3798 5006">
     <span class='ocr_line' id='line_1_85' title="bbox 2224 4929 3798 5006; baseline -0.007 -10"><span class='ocrx_word' id='word_1_570' title='bbox 2224 4941 2291 4996; x_wconf 91' lang='lat' dir='ltr'>in</span> <span class='ocrx_word' id='word_1_571' title='bbox 2309 4939 2538 4996; x_wconf 89' lang='lat' dir='ltr'>summis</span> <span class='ocrx_word' id='word_1_572' title='bbox 2557 4939 3038 4996; x_wconf 86' lang='lat' dir='ltr'>amaritudinibus</span> <span class='ocrx_word' id='word_1_573' title='bbox 3048 4940 3258 5000; x_wconf 81' lang='lat' dir='ltr'>noster,</span> <span class='ocrx_word' id='word_1_574' title='bbox 3291 4949 3392 5006; x_wconf 88' lang='lat' dir='ltr'>pro</span> <span class='ocrx_word' id='word_1_575' title='bbox 3419 4933 3574 4989; x_wconf 91' lang='lat' dir='ltr'>dolor</span> <span class='ocrx_word' id='word_1_576' title='bbox 3591 4929 3604 4986; x_wconf 90' lang='lat' dir='ltr'>l</span> <span class='ocrx_word' id='word_1_577' title='bbox 3621 4947 3798 4987; x_wconf 86' lang='lat' dir='ltr'>mora-</span> 
     </span>
    </p>
   </div>
   <div class='ocr_carea' id='block_1_85' title="bbox 2229 5026 3800 5105">
    <p class='ocr_par' dir='ltr' id='par_1_85' title="bbox 2229 5026 3800 5105">
     <span class='ocr_line' id='line_1_86' title="bbox 2229 5026 3800 5105; baseline -0.008 -13"><span class='ocrx_word' id='word_1_578' title='bbox 2229 5041 2329 5092; x_wconf 84' lang='lat' dir='ltr'>tur</span> <span class='ocrx_word' id='word_1_579' title='bbox 2353 5037 2553 5092; x_wconf 86' lang='lat' dir='ltr'>oculus</span> <span class='ocrx_word' id='word_1_580' title='bbox 2583 5036 2700 5105; x_wconf 79' lang='lat' dir='ltr'>(Job</span> <span class='ocrx_word' id='word_1_581' title='bbox 2723 5049 2862 5100; x_wconf 83' lang='lat' dir='ltr'>xvn,</span> <span class='ocrx_word' id='word_1_582' title='bbox 2919 5037 3002 5105; x_wconf 77' lang='grc'>2).</span> <span class='ocrx_word' id='word_1_583' title='bbox 3069 5032 3299 5104; x_wconf 75' lang='lat' dir='ltr'>Lignum</span> <span class='ocrx_word' id='word_1_584' title='bbox 3353 5026 3800 5102; x_wconf 68' lang='lat' dir='ltr'>prmvaricationis</span> 
     </span>
    </p>
   </div>
   <div class='ocr_carea' id='block_1_86' title="bbox 2227 5121 3800 5197">
    <p class='ocr_par' dir='ltr' id='par_1_86' title="bbox 2227 5121 3800 5197">
     <span class='ocr_line' id='line_1_87' title="bbox 2227 5121 3800 5197; baseline -0.006 -18"><span class='ocrx_word' id='word_1_585' title='bbox 2227 5124 2511 5197; x_wconf 87' lang='lat' dir='ltr'>primaria,</span> <span class='ocrx_word' id='word_1_586' title='bbox 2541 5123 2766 5195; x_wconf 89' lang='lat' dir='ltr'>ipsaque</span> <span class='ocrx_word' id='word_1_587' title='bbox 2796 5121 3040 5178; x_wconf 75' lang='lat' dir='ltr'>efficiens</span> <span class='ocrx_word' id='word_1_588' title='bbox 3070 5137 3233 5178; x_wconf 89' lang='lat' dir='ltr'>causa</span> <span class='ocrx_word' id='word_1_589' title='bbox 3271 5126 3374 5184; x_wconf 87' lang='lat' dir='ltr'>est,</span> <span class='ocrx_word' id='word_1_590' title='bbox 3419 5133 3540 5176; x_wconf 89' lang='lat' dir='ltr'>cum</span> <span class='ocrx_word' id='word_1_591' title='bbox 3594 5123 3800 5172; x_wconf 65' lang='lat' dir='ltr'>mternze</span> 
     </span>
    </p>
   </div>
   <div class='ocr_carea' id='block_1_87' title="bbox 2229 5207 3800 5282">
    <p class='ocr_par' dir='ltr' id='par_1_87' title="bbox 2229 5207 3800 5282">
     <span class='ocr_line' id='line_1_88' title="bbox 2229 5207 3800 5282; baseline -0.006 -14"><span class='ocrx_word' id='word_1_592' title='bbox 2229 5212 2612 5280; x_wconf 88' lang='lat' dir='ltr'>damnationis,</span> <span class='ocrx_word' id='word_1_593' title='bbox 2645 5221 2756 5268; x_wconf 90' lang='lat' dir='ltr'>tum</span> <span class='ocrx_word' id='word_1_594' title='bbox 2787 5211 2966 5268; x_wconf 88' lang='lat' dir='ltr'>omnis</span> <span class='ocrx_word' id='word_1_595' title='bbox 2987 5209 3238 5282; x_wconf 88' lang='lat' dir='ltr'>supplicii</span> <span class='ocrx_word' id='word_1_596' title='bbox 3258 5217 3312 5265; x_wconf 92' lang='lat' dir='ltr'>et</span> <span class='ocrx_word' id='word_1_597' title='bbox 3332 5207 3533 5264; x_wconf 89' lang='lat' dir='ltr'>doloris</span> <span class='ocrx_word' id='word_1_598' title='bbox 3555 5224 3568 5270; x_wconf 89' lang='lat'><strong>;</strong></span> <span class='ocrx_word' id='word_1_599' title='bbox 3587 5213 3639 5261; x_wconf 87' lang='lat' dir='ltr'>et</span> <span class='ocrx_word' id='word_1_600' title='bbox 3657 5219 3800 5259; x_wconf 78' lang='lat' dir='ltr'>exor-</span> 
     </span>
    </p>
   </div>
   <div class='ocr_carea' id='block_1_88' title="bbox 2231 5306 3802 5371">
    <p class='ocr_par' dir='ltr' id='par_1_88' title="bbox 2231 5306 3802 5371">
     <span class='ocr_line' id='line_1_89' title="bbox 2231 5306 3802 5371; baseline -0.006 -1"><span class='ocrx_word' id='word_1_601' title='bbox 2231 5315 2380 5370; x_wconf 89' lang='lat' dir='ltr'>dium</span> <span class='ocrx_word' id='word_1_602' title='bbox 2407 5324 2460 5370; x_wconf 88' lang='lat' dir='ltr'>et</span> <span class='ocrx_word' id='word_1_603' title='bbox 2484 5315 2660 5371; x_wconf 81' lang='lat' dir='ltr'>fomes</span> <span class='ocrx_word' id='word_1_604' title='bbox 2689 5313 2854 5370; x_wconf 89' lang='lat' dir='ltr'>totius</span> <span class='ocrx_word' id='word_1_605' title='bbox 2884 5313 3136 5370; x_wconf 80' lang='lat' dir='ltr'>maeroris</span> <span class='ocrx_word' id='word_1_606' title='bbox 3165 5320 3218 5369; x_wconf 90' lang='lat' dir='ltr'>et</span> <span class='ocrx_word' id='word_1_607' title='bbox 3243 5309 3612 5367; x_wconf 71' lang='lat' dir='ltr'>tribulationis.</span> <span class='ocrx_word' id='word_1_608' title='bbox 3661 5306 3802 5364; x_wconf 85' lang='lat' dir='ltr'>Unde</span> 
     </span>
    </p>
   </div>
   <div class='ocr_carea' id='block_1_89' title="bbox 2235 5397 3795 5476">
    <p class='ocr_par' dir='ltr' id='par_1_89' title="bbox 2235 5397 3795 5476">
     <span class='ocr_line' id='line_1_90' title="bbox 2235 5397 3795 5476; baseline -0.006 -16"><span class='ocrx_word' id='word_1_609' title='bbox 2235 5404 2471 5461; x_wconf 89' lang='lat' dir='ltr'>hominis</span> <span class='ocrx_word' id='word_1_610' title='bbox 2489 5404 2662 5476; x_wconf 86' lang='lat' dir='ltr'>prima</span> <span class='ocrx_word' id='word_1_611' title='bbox 2691 5403 2886 5459; x_wconf 87' lang='lat' dir='ltr'>oborta</span> <span class='ocrx_word' id='word_1_612' title='bbox 2914 5410 2999 5458; x_wconf 86' lang='lat' dir='ltr'>est</span> <span class='ocrx_word' id='word_1_613' title='bbox 3025 5400 3260 5473; x_wconf 88' lang='lat' dir='ltr'>perditio</span> <span class='ocrx_word' id='word_1_614' title='bbox 3293 5415 3308 5471; x_wconf 86' lang='lat'><strong>;</strong></span> <span class='ocrx_word' id='word_1_615' title='bbox 3343 5398 3470 5454; x_wconf 87' lang='lat' dir='ltr'>inde</span> <span class='ocrx_word' id='word_1_616' title='bbox 3497 5397 3795 5453; x_wconf 77' lang='lat' dir='ltr'>innumera-</span> 
     </span>
    </p>
   </div>
   <div class='ocr_carea' id='block_1_90' title="bbox 2237 5495 3802 5574">
    <p class='ocr_par' dir='ltr' id='par_1_90' title="bbox 2237 5495 3802 5574">
     <span class='ocr_line' id='line_1_91' title="bbox 2237 5495 3802 5574; baseline -0.006 -16"><span class='ocrx_word' id='word_1_617' title='bbox 2237 5503 2377 5558; x_wconf 88' lang='lat' dir='ltr'>biles</span> <span class='ocrx_word' id='word_1_618' title='bbox 2405 5518 2712 5574; x_wconf 85' lang='lat' dir='ltr'>poenarum,</span> <span class='ocrx_word' id='word_1_619' title='bbox 2741 5501 2980 5574; x_wconf 85' lang='lat' dir='ltr'>species,</span> <span class='ocrx_word' id='word_1_620' title='bbox 3007 5503 3257 5556; x_wconf 70' lang='lat' dir='ltr'>humanae</span> <span class='ocrx_word' id='word_1_621' title='bbox 3285 5495 3618 5555; x_wconf 85' lang='lat' dir='ltr'>crudelitatis</span> <span class='ocrx_word' id='word_1_622' title='bbox 3663 5510 3802 5552; x_wconf 87' lang='lat' dir='ltr'>com-</span> 
     </span>
    </p>
   </div>
   <div class='ocr_carea' id='block_1_91' title="bbox 2237 5584 3803 5662">
    <p class='ocr_par' dir='ltr' id='par_1_91' title="bbox 2237 5584 3803 5662">
     <span class='ocr_line' id='line_1_92' title="bbox 2237 5584 3803 5662; baseline -0.007 -13"><span class='ocrx_word' id='word_1_623' title='bbox 2237 5600 2423 5649; x_wconf 89' lang='lat' dir='ltr'>menta</span> <span class='ocrx_word' id='word_1_624' title='bbox 2451 5599 2536 5648; x_wconf 89' lang='lat' dir='ltr'>est</span> <span class='ocrx_word' id='word_1_625' title='bbox 2563 5591 2900 5648; x_wconf 89' lang='lat' dir='ltr'>adinventio.</span> <span class='ocrx_word' id='word_1_626' title='bbox 2933 5591 3082 5661; x_wconf 75' lang='lat'>(208)</span> <span class='ocrx_word' id='word_1_627' title='bbox 3142 5588 3480 5662; x_wconf 65' lang='lat' dir='ltr'>Excogitatm</span> <span class='ocrx_word' id='word_1_628' title='bbox 3535 5594 3660 5640; x_wconf 87' lang='lat' dir='ltr'>sunt</span> <span class='ocrx_word' id='word_1_629' title='bbox 3693 5584 3803 5640; x_wconf 87' lang='lat' dir='ltr'>inde</span> 
     </span>
    </p>
   </div>
   <div class='ocr_carea' id='block_1_92' title="bbox 2239 5672 3803 5753">
    <p class='ocr_par' dir='ltr' id='par_1_92' title="bbox 2239 5672 3803 5753">
     <span class='ocr_line' id='line_1_93' title="bbox 2239 5672 3803 5753; baseline -0.008 -14"><span class='ocrx_word' id='word_1_630' title='bbox 2239 5697 2452 5748; x_wconf 87' lang='lat' dir='ltr'>cruces,</span> <span class='ocrx_word' id='word_1_631' title='bbox 2483 5695 2665 5753; x_wconf 60' lang='lat' dir='ltr'>scopae</span> <span class='ocrx_word' id='word_1_632' title='bbox 2693 5680 2855 5738; x_wconf 88' lang='lat' dir='ltr'>cutim</span> <span class='ocrx_word' id='word_1_633' title='bbox 2877 5686 3182 5746; x_wconf 78' lang='lat' dir='ltr'>exerentes,</span> <span class='ocrx_word' id='word_1_634' title='bbox 3208 5675 3404 5734; x_wconf 88' lang='lat' dir='ltr'>nodosi</span> <span class='ocrx_word' id='word_1_635' title='bbox 3445 5675 3638 5745; x_wconf 76' lang='lat' dir='ltr'>fustes,</span> <span class='ocrx_word' id='word_1_636' title='bbox 3681 5672 3803 5746; x_wconf 86' lang='lat' dir='ltr'>cippi</span> 
     </span>
    </p>
   </div>
   <div class='ocr_carea' id='block_1_93' title="bbox 2229 5851 3808 5986">
    <p class='ocr_par' dir='ltr' id='par_1_93' title="bbox 2229 5851 3808 5986">
     <span class='ocr_line' id='line_1_94' title="bbox 2229 5851 3808 5986; baseline -0.004 -72"><span class='ocrx_word' id='word_1_637' title='bbox 2229 5858 2344 5914; x_wconf 84' lang='lat' dir='ltr'>dita</span> <span class='ocrx_word' id='word_1_638' title='bbox 2359 5865 2548 5986; x_wconf 52' lang='lat' dir='ltr'>laxata}</span> <span class='ocrx_word' id='word_1_639' title='bbox 2573 5857 2799 5916; x_wconf 83' lang='lat' dir='ltr'>Antonii</span> <span class='ocrx_word' id='word_1_640' title='bbox 2827 5855 3089 5924; x_wconf 86' lang='lat' dir='ltr'>Gailonii,</span> <span class='ocrx_word' id='word_1_641' title='bbox 3119 5851 3564 5928; x_wconf 73' lang='lat' dir='ltr'>congregationis</span> <span class='ocrx_word' id='word_1_642' title='bbox 3593 5851 3808 5913; x_wconf 80' lang='lat' dir='ltr'>Oraton&#39;i</span> 
     </span>
     <span class='ocr_line' id='line_1_95' title="bbox 2229 5945 2564 5986; baseline 0 0"><span class='ocrx_word' id='word_1_643' title='bbox 2229 5945 2360 5986; x_wconf 79' lang='lat' dir='ltr'>pres</span> <span class='ocrx_word' id='word_1_644' title='bbox 2399 5946 2432 5986; x_wconf 91' lang='lat' dir='ltr'>v</span> <span class='ocrx_word' id='word_1_645' title='bbox 2490 5945 2564 5986; x_wconf 78' lang='lat' dir='ltr'>ri.</span> 
     </span>
    </p>
   </div>
   <div class='ocr_carea' id='block_1_94' title="bbox 2229 5945 2564 6002">
    <p class='ocr_par' dir='ltr' id='par_1_94' title="bbox 2229 5945 2564 6002">
     <span class='ocr_line' id='line_1_96' title="bbox 2229 5945 2564 6002; baseline 0 -16"><span class='ocrx_word' id='word_1_646' title='bbox 2229 5945 2538 6002; x_wconf 71' lang='lat' dir='ltr'>presbyteri</span> <span class='ocrx_word' id='word_1_647' title='bbox 2549 5969 2564 5986; x_wconf 92' lang='lat'>.</span> 
     </span>
    </p>
   </div>
  </div>
