3882 6466
155 435 257 488 389

1041 429 1311 488 FLORES
1328 417 1688 484 EPITAPHII
1715 417 2162 485 SANCTORUM.
2193 459 2262 469 -
2292 415 2420 483 LIB.
2455 429 2550 484 Iv.

3342 422 3442 488 390

151 557 399 626 Trojanze
429 555 740 622 Marmensi,
786 555 884 611 sed
913 557 1183 628 Erythriae
1214 554 1746 628 Symmacliianip-
1773 556 1831 616 Α
1859 554 1911 608 in
1945 554 2159 620 animo;
2191 555 2436 610 Christus
2466 554 2750 620 Dominus,
2810 557 2869 610 ut
2897 570 3020 610 eum
3067 555 3268 612 faceret
3295 559 3446 613 Chri-

149 643 393 714 potensis
426 642 570 708 filiae,
599 660 718 714 quae
748 643 1134 714 interpretatur
1182 645 1340 716 quasi
1368 643 1658 715 syosbulae,
1692 642 1747 696 id

150 741 234 787 est
277 731 562 788 consilium
619 732 740 797 Dei,
788 732 882 788 vel
930 734 1030 788 Dei
1081 734 1365 798 sententia,
1447 731 1748 789 veridicum

146 820 550 891 promulgatum
600 828 687 875 est
744 821 1074 889 vaticinium,
1135 824 1280 892 (218)
1315 824 1471 879 Oter
1525 822 1748 878 beatum

152 911 392 980 lignum,
427 911 489 963 in
509 926 612 980 quo
641 911 786 966 Deus
817 915 1088 966 extensus
1118 915 1238 976 est;
1271 911 1339 966 ad
1370 909 1600 982 figuram
1630 907 1750 979 ejus

154 997 243 1051 vel
270 997 326 1050 in
357 997 598 1068 qualibet
653 997 877 1052 materia
931 999 1224 1069 depictam,
1275 998 1562 1069 sculptam,
1603 996 1750 1050 infu-

149 1100 288 1152 sam,
323 1086 588 1152 incusam,
647 1085 733 1140 vel
765 1085 817 1140 in
848 1085 1028 1142 fronte
1087 1095 1144 1142 et
1173 1096 1396 1158 pectore
1437 1085 1620 1157 digitis
1649 1101 1748 1139 ex-

149 1190 402 1246 pressam
431 1193 443 1239 ;
477 1189 669 1228 omnes
712 1182 1011 1244 potestates
1041 1177 1228 1243 aeriae,
1271 1183 1324 1231 et
1351 1175 1406 1230 in
1439 1175 1752 1242 ccelestibus

153 1271 451 1341 spiritualia
522 1271 782 1343 nequitias
838 1273 1208 1339 extabescunt,
1269 1281 1323 1328 et
1387 1273 1558 1326 instar
1611 1271 1751 1327 fumi

151 1367 510 1414 evanescunt.
549 1361 610 1414 In
639 1375 767 1414 aere
797 1368 988 1415 contra
1027 1378 1087 1416 se
1143 1361 1353 1416 duobus
1391 1360 1632 1433 digitulis
1661 1360 1750 1414 in-

151 1457 389 1520 gestum,
422 1449 555 1504 aerii
586 1449 863 1520 principes
894 1450 1072 1522 magis
1105 1451 1530 1520 perhorrescunt
1572 1447 1748 1504 crucis

149 1537 517 1606 signaculum,
577 1553 740 1608 quam
794 1538 1211 1610 inextinguibile
1260 1554 1325 1594 ex
1381 1537 1750 1593 ﬂammivoma

149 1625 348 1680 inferni
370 1625 587 1682 fornace
644 1625 912 1682 ebulliens
967 1627 1303 1682 incendium.
1373 1627 1442 1681 Et
1485 1626 1611 1682 licet
1647 1627 1749 1681 hoc

152 1729 319 1778 noctu
352 1730 404 1777 et
433 1723 665 1778 interdiu
719 1723 837 1795 ipsa
877 1722 946 1778 sit
998 1724 1330 1794 experientia
1382 1723 1744 1788 notissimum,

150 1812 220 1865 ad
273 1810 720 1869 honoriﬁcentius
794 1820 974 1867 tamen
1037 1812 1450 1884 glorificandum
1504 1810 1748 1867 mirifica:

149 1899 330 1956 crucis
358 1901 624 1967 labarum,
683 1900 978 1971 singulare,
1011 1916 1080 1956 ex
1109 1901 1374 1971 supplicio
1431 1900 1744 1955 translatum
1773 1909 1827 1968 Β

151 1989 409 2044 humanae
438 1989 623 2044 salutis
654 1991 889 2060 pretium
910 1997 963 2045 et
986 1990 1305 2056 remedium,
1339 2000 1390 2045 et
1418 1989 1749 2044 tutissimum

150 2086 342 2133 contra
373 2093 517 2132 saeva
546 2078 882 2133 inimicorum
929 2079 1112 2147 jacula
1163 2079 1500 2134 obstaculum
1529 2096 1542 2134 :
1576 2077 1749 2134 colle-

151 2167 256 2222 ctis
287 2167 446 2238 quasi
506 2166 794 2222 odoriferis
841 2167 1085 2234 floribus,
1143 2167 1212 2222 de
1268 2167 1523 2238 paradiso
1579 2181 1750 2222 sacrae

151 2256 446 2326 Scriptura-
469 2256 813 2323 testimoniis,
839 2256 1166 2311 fastidientis
1188 2256 1409 2312 lectoris
1440 2272 1749 2312 recreemus

156 2353 422 2408 animum.
454 2356 532 2409 Ac
559 2354 798 2424 primum
830 2353 1182 2409 exordiamur
1211 2353 1353 2410 facili
1399 2353 1745 2425 compendio,

159 2450 358 2513 quanta
387 2442 647 2498 virtutum
701 2442 957 2510 efficacia,
996 2443 1128 2497 tanti
1183 2443 1329 2515 signi
1395 2443 1448 2497 in
1505 2442 1751 2514 qualibet

151 2531 384 2586 materia
427 2532 658 2602 praedita
711 2533 780 2586 sit
834 2531 1112 2604 figuratio.
1165 2532 1302 2586 Cum
1361 2531 1749 2588 Constantinus

153 2629 506 2695 monarchus,
541 2636 664 2699 post
719 2628 1025 2700 Philippum
1079 2629 1315 2700 primum
1363 2629 1604 2684 omnium
1637 2631 1748 2685 Ro-

154 2733 439 2773 manorum
470 2719 888 2788 imperatorum,
921 2717 990 2772 ad
1031 2717 1133 2774 hoc
1164 2726 1365 2772 tantum
1397 2718 1576 2773 divina
1605 2735 1749 2790 pras-

155 2815 535 2884 destinatione,
570 2815 717 2870 sacri
762 2815 1102 2887 baptismatis
1149 2816 1294 2870 unda
1342 2822 1747 2889 regeneratum,

156 2910 216 2958 ut
245 2904 347 2958 sub
375 2903 688 2958 Christiano
744 2903 1096 2974 imperatore,
1130 2904 1366 2959 mundus
1398 2906 1546 2975 (219)
1577 2902 1754 2959 mille-

157 3002 351 3058 simum
384 3019 418 3057 a
446 3003 777 3070 conditione,
837 3002 1221 3074 appellatione,
1255 3010 1308 3058 et
1337 3019 1520 3058 rerum
1553 3002 1750 3075 gloria,

160 3099 216 3146 et
247 3091 530 3164 dignitate,
583 3091 820 3146 excelsae
869 3099 922 3146 et
977 3090 1307 3146 admirabilis
1363 3091 1568 3158 Romae,
1601 3090 1752 3164 quasi

155 3180 390 3234 natalem
419 3180 727 3236 celebraret
773 3195 1000 3234 annum.
1063 3179 1468 3248 Constantinus,
1516 3181 1754 3252 inquam,

1858 650 2002 698 stum
2034 660 2209 710 suum,
2261 645 2502 700 resoluto
2559 644 2612 697 in
2663 660 2934 698 sommum
2988 649 3260 714 apparuit,
3321 663 3446 702 cum

1857 732 2048 787 eodem
2082 734 2242 804 signo
2299 732 2513 788 caelitus
2558 732 2616 786 in
2671 733 2759 786 die
2789 741 3030 798 ostenso,
3075 735 3342 805 jussitque
3392 745 3448 790 ut

1859 836 2085 875 summa;
2114 821 2418 875 devotionis
2449 820 2640 887 studis,
2681 821 2797 889 ejus
2828 822 3220 890 produceretur
3243 822 3450 894 ﬁgura-

1856 908 1949 972 tio,
1978 925 2096 980 quae
2117 909 2168 962 in
2191 910 2335 964 omni
2357 909 2746 979 congressione
2760 910 3066 978 praeliorum
3081 910 3284 966 invicta
3303 929 3452 968 exer-

1857 996 1994 1052 citus
2026 998 2120 1050 Dei
2153 997 2289 1051 foret
2320 997 2589 1062 liberatio,
2622 1005 2678 1051 et
2735 997 3168 1069 inexpugnabilis
3213 1001 3450 1056 hostium

1858 1085 2211 1157 expugnatio.
2246 1087 2360 1141 Nec
2419 1101 2590 1151 mora,
2623 1086 2763 1140 divae
2821 1087 3098 1140 memorize
3147 1091 3446 1160 Augustus,

1859 1181 2052 1230 exorto
2080 1174 2211 1228 solis
2234 1174 2450 1242 jubare,
2473 1182 2800 1230 convocatos
2821 1175 2890 1228 ad
2919 1191 2978 1229 se
2999 1175 3144 1230 viros
3173 1177 3446 1248 virtutum,

1859 1262 2112 1334 egregios
2143 1269 2444 1329 stemmate,
2494 1271 2548 1316 et
2593 1262 2933 1333 pontificatus
2978 1262 3189 1319 functos
3233 1267 3449 1334 ordine,

1857 1351 2123 1406 consuluit
2167 1352 2235 1406 de
2279 1351 2597 1406 Christianae
2634 1352 2912 1422 religionis
2957 1352 3261 1424 dogmate:
3322 1356 3454 1412 edo-

1855 1447 2085 1510 ctusque
2115 1440 2184 1494 ab
2213 1439 2314 1505 eis,
2345 1440 2774 1494 demonstratum
2797 1439 3053 1495 divinitus
3077 1442 3313 1514 signum,
3337 1451 3450 1499 tro-

1855 1528 2057 1598 pheum
2085 1544 2208 1584 esse
2239 1528 2400 1583 totius
2429 1528 2682 1585 salutaris
2711 1527 2949 1584 victorias
2981 1545 2995 1591 ;
3054 1531 3202 1595 (221)
3234 1531 3447 1603 signum

1856 1616 2130 1683 bellicum,
2155 1616 2418 1672 vocabulo
2450 1618 2724 1683 labarum,
2762 1617 2908 1688 quod
2937 1616 3080 1672 inter
3108 1618 3215 1672 alia
3242 1621 3448 1690 pretio-

1857 1705 1992 1772 sius,
2022 1709 2076 1760 et
2131 1705 2486 1761 excellentius
2539 1713 2662 1760 ante
2719 1706 3099 1776 imperatorem
3146 1709 3355 1778 gestari
3397 1717 3451 1766 et

1855 1793 2070 1848 adorari
2107 1795 2279 1848 moris
2303 1801 2418 1849 erat
2464 1794 2722 1849 Romanae
2751 1795 2973 1863 militiae,
3013 1811 3108 1865 per
3137 1797 3446 1853 eruditissi-

1856 1896 1976 1937 mos
2016 1882 2286 1948 aurifices,
2328 1899 2394 1938 ex
2423 1897 2558 1938 auro
2603 1883 2913 1953 purissimo,
2957 1892 3010 1938 et
3041 1885 3448 1954 pretiosissimis

1857 1971 2110 2042 gemmis,
2141 1971 2370 2042 procudi
2399 1979 2452 2026 et
2501 1971 2873 2026 transformari
2898 1973 3063 2040 jussit
3091 1973 3146 2026 in
3192 1975 3447 2031 vexillum

1857 2057 2038 2110 crucis
2093 2055 2346 2112 viviﬁcae.
2426 2056 2708 2125 Deputatis
2763 2056 2888 2111 dein
2953 2056 3009 2110 id
3065 2057 3206 2114 oﬂici
3252 2060 3448 2115 indixit

1857 2143 2172 2210 vexillariis,
2205 2152 2262 2200 ut
2291 2152 2416 2199 ante
2471 2144 2757 2200 universos
2813 2145 3039 2200 ordines
3079 2147 3184 2202 hoc
3208 2148 3448 2204 vicissim

1857 2233 2118 2288 veherent
2145 2233 2199 2287 in
2228 2233 2486 2299 humeris,
2521 2241 2574 2288 et.
2619 2233 2877 2288 adessent
2903 2233 3283 2306 phalangibus,
3324 2254 3446 2293 ma-

1857 2330 2000 2385 xime
2044 2330 2416 2385 laborantibus
2455 2330 2510 2384 in
2561 2330 2790 2401 prmliis.
2845 2330 3090 2402 Cumque
3137 2333 3192 2388 id
3231 2334 3446 2405 quidam

1856 2434 1966 2475 non
2010 2419 2170 2474 miles
2225 2419 2510 2485 dicendus,
2567 2427 2752 2490 utpote
2813 2420 2930 2476 sine
2968 2429 3188 2490 pectore
3250 2439 3448 2494 corpus

1857 2515 2057 2580 ferens,
2091 2515 2326 2571 hostium
2355 2517 2558 2587 impetu
2613 2517 2903 2572 exterritus
2946 2517 3098 2573 alteri
3137 2520 3450 2575 vehendum

1857 2605 2186 2670 tradidisset,
2224 2621 2297 2661 ac
2352 2606 2511 2677 quasi
2568 2606 2692 2661 vitae
2748 2623 2860 2661 suae
2915 2607 3220 2662 consultum
3278 2617 3445 2677 ratus,

1859 2710 2055 2766 pugnae
2085 2709 2144 2749 se
2173 2694 2554 2761 subtraxisset,
2573 2710 2636 2751 ac
2647 2695 2830 2763 jecula
2848 2695 3127 2752 declinare
3150 2697 3444 2765 voluisset;

1859 2790 1985 2845 dum
2035 2791 2156 2847 vita}
2210 2793 2509 2862 trophaum
2549 2807 2582 2847 a
2625 2808 2683 2847 se
2715 2792 2771 2846 in
2809 2791 3036 2847 alterum
3093 2795 3452 2866 transposuit,

1861 2880 2008 2948 (222)
2040 2879 2190 2934 illum
2220 2879 2275 2934 in
2327 2880 2518 2947 vitam,
2550 2895 2610 2934 se
2638 2881 2691 2934 in
2722 2889 2952 2936 mortem
2999 2882 3276 2952 deposuit.
3314 2885 3453 2939 Nam

1861 2991 1892 3030 e
1921 2976 2153 3047 vestigio
2183 2976 2313 3030 dum
2361 2976 2576 3047 fugiens
2622 2986 2874 3044 mortem,
2935 2977 3072 3050 fugit
3101 2979 3157 3033 in
3200 2989 3450 3048 mortem,

1861 3064 2195 3120 transfossus
2254 3065 2518 3135 oppetiit;
2569 3065 2765 3120 vivifici
2809 3081 2940 3120 vero
2997 3066 3173 3122 vexilli
3219 3067 3454 3139 bajulus,

1861 3152 2164 3207 innumeris
2194 3152 2247 3206 in
2279 3168 2338 3206 se
2369 3152 2566 3221 jaculis
2598 3152 2880 3218 contortis,
2918 3154 3015 3208 sed
3045 3154 3228 3209 divina
3258 3156 3456 3214 virtute

158 3268 218 3322 in
249 3268 560 3323 Christiana
584 3269 851 3341 religione
884 3269 1178 3337 secundus,
1214 3269 1268 3323 in
1291 3269 1544 3340 Catalogo
1574 3250 1754 3341 Augu.

1866 3250 2098 3318 retortis,
2129 3251 2354 3317 illaesus,
2388 3259 2443 3305 ut
2475 3250 2646 3306 victor
2701 3266 2822 3306 cum
2855 3251 3014 3323 signo
3061 3252 3303 3308 victoriae
3349 3255 3453 3309 do-

156 3375 388 3432 storum,
422 3367 491 3420 ab
531 3370 776 3437 Augusto
807 3366 1037 3420 XXXIV
1069 3365 1215 3435 (2‘20)
1246 3365 1423 3438 primo
1468 3366 1754 3422 ducentis-

153 3465 312 3520 simze
339 3464 529 3535 primae
559 3464 908 3536 Olympiadis,
952 3465 1250 3521 secundum
1298 3464 1619 3536 tripartitam
1651 3465 1750 3520 Hi-

153 3561 404 3628 storiam,
437 3577 601 3627 anno,
632 3561 912 3616 ordinatus
938 3561 1251 3633 imperator,
1302 3563 1501 3618 bellum
1533 3572 1753 3634 pararet

150 3653 424 3707 adversus
453 3650 781 3706 Maxentium
811 3651 1040 3706 Herculi
1098 3650 1417 3708 Maximiani
1449 3651 1620 3706 ﬁlium
1649 3670 1662 3715 ;
1694 3658 1752 3708 et

151 3741 548 3806 intumescens,
573 3746 626 3794 et
641 3739 908 3794 inundans
929 3755 1187 3795 curarum
1204 3739 1435 3813 pelagus
1453 3740 1509 3796 in
1530 3741 1752 3797 diversa

153 3836 510 3892 ﬂuctuantem
573 3836 698 3906 ejus
729 3843 965 3906 raptaret
1007 3834 1288 3902 animum;
1337 3843 1400 3890 ut
1459 3838 1754 3894 Cornelius

153 3926 414 3982 centurio
445 3932 570 3980 ante
604 3924 892 3995 baptisma,
925 3939 1023 3980 vas
1069 3924 1350 3980 electionis
1379 3925 1752 3981 eminentissi-

151 4039 326 4089 mum,
352 4022 489 4079 hora
517 4039 670 4079 nona
698 4024 1009 4094 manifesta
1046 4023 1257 4079 visione
1297 4021 1436 4078 lucis
1483 4026 1754 4095 angelum

156 4121 304 4189 (Act.
338 4137 391 4186 κ,
426 4123 512 4189 3);
559 4120 636 4175 sic
667 4119 901 4176 necdum
949 4119 1146 4175 divinis
1190 4119 1432 4174 initiatus
1461 4122 1750 4192 mysteriis,

155 4217 306 4274 circa
333 4217 643 4284 meridiem,
669 4217 940 4273 declinato
967 4218 1083 4289 jam
1139 4217 1274 4285 sole,
1298 4234 1364 4273 ex
1418 4217 1622 4274 lumine
1670 4218 1756 4274 fa-

155 4317 304 4363 ctum
330 4306 385 4360 in
425 4307 562 4363 cmlo
615 4306 1022 4362 victoriossimae
1077 4307 1259 4362 crucis
1313 4307 1447 4362 vidit
1503 4307 1756 4380 signacu-

155 4396 298 4451 lum.
353 4396 602 4467 Dumque
660 4403 818 4450 tantae
876 4395 1100 4451 visionis
1164 4397 1422 4451 attonitus
1477 4397 1755 4469 prodigio,

159 4493 292 4566 quid
311 4500 476 4559 esset,
509 4493 640 4564 quid
670 4493 1044 4564 portenderet,
1078 4509 1181 4564 per
1204 4502 1420 4550 noctem
1450 4494 1761 4552 revolveret

157 4669 394 4742 videtur:
429 4677 486 4724 ut
522 4669 864 4741 Therophilae
891 4669 1152 4739 scriptum
1196 4669 1268 4724 sit
1302 4686 1404 4740 pro
1455 4672 1748 4742 Erophilae,

160 4740 250 4798 vel
281 4742 614 4813 HerOphilw,
645 4740 703 4796 et
727 4743 1029 4798 Marmensi
1064 4756 1163 4812 pro
1191 4741 1473 4797 Marmesi.

237 4830 458 4901 (218)70
489 4834 574 4885 ter
594 4831 821 4885 beat-um
845 4831 1081 4901 lignum.
1115 4829 1220 4884 Alii
1237 4846 1454 4886 versum
1484 4830 1756 4898 Graecum,

160 4903 274 4958 hoc
299 4900 484 4956 Latino
513 4901 783 4957 versiculo
813 4900 1120 4972 exprimunt
1144 4915 1157 4955 :

295 5024 334 5080 0
363 5023 582 5096 lignum
599 5026 768 5096 felix,
801 5026 863 5080 in
893 5041 997 5098 quo
1027 5025 1180 5082 Deus
1208 5026 1326 5097 ipse
1349 5025 1638 5098 pependit.

239 5148 387 5217 (219)
420 5149 781 5204 Millesimum
822 5151 1006 5204 Romae
1034 5165 1272 5204 annum.
1307 5147 1464 5216 Quod
1487 5150 1632 5204 hunc
1660 5165 1760 5203 an-

163 5235 298 5273 num
325 5220 398 5272 ait
427 5220 755 5274 celebratum
779 5222 885 5275 sub
933 5221 1240 5274 Christiano
1289 5221 1640 5290 imperatore,
1692 5222 1763 5276 dc

164 5290 422 5362 Philippo
451 5290 700 5362 intelligi,
760 5306 869 5346 non
909 5292 978 5346 de
1037 5292 1411 5347 Constantino.
1476 5293 1614 5346 Nam
1671 5291 1762 5347 ille

166 5361 510 5415 Christianus
543 5361 717 5416 factus
764 5377 906 5416 anno
955 5362 1151 5417 Christi
1195 5363 1319 5417 249.
1354 5363 1514 5417 Adde
1561 5363 1646 5416 his
1691 5362 1762 5416 ab

164 5433 239 5487 N.
272 5432 650 5507 C._usque__ad
699 5433 983 5507 Ch:istum_
1009 5434 1138 5507 7&1,
1194 5449 1492 5507 exsurgere
1548 5433 1762 5507 videbis

166 5501 864 5574 rotundum’millenarium.
880 5504 988 5559 Sed
1009 5504 1142 5559 illud
1165 5501 1600 5560 mirum'videtur
1615 5504 1763 5574 quod

167 5573 247 5630 ait
283 5573 612 5645 Philippum
654 5575 776 5630 ideo
823 5579 1050 5632 tantum
1091 5577 1478 5632 Christianum
1518 5573 1760 5645 factum,

169 5649 238 5702 ut
247 5645 494 5700 mundus
503 5646 608 5701 mil
615 5647 876 5701 (erimum
886 5648 1128 5702 conditae
1143 5647 1428 5714 Urbi:,sub
1443 5647 1766 5703 Christiano

170 5718 516 5787 imperatore
553 5717 862 5787 celebraret
897 5719 1172 5773 natalem.
1225 5719 1482 5773 Arbitror
1509 5717 1633 5772 ideo
1662 5717 1766 5772 hoc

174 5786 443 5860 asserere,
501 5787 670 5860 quod
705 5786 998 5860 Philippus,
1030 5788 1401 5860 quadrienno,
1444 5804 1550 5860 quo
1607 5789 1766 5860 Chri-

176 5859 380 5914 stianus
409 5857 729 5932 imperavit,_
760 5857 894 5932 nihil
949 5857 1244 5932 quidquam
1279 5857 1494 5932 contra
1532 5859 1768 5932 gentiles

177 5927 939 6001 eorumque—superstitionem
962 5927 1215 5987 moverit.
1257 5931 1410 5988 Adeo
1450 5937 1509 5987 ut
1536 5927 1606 5986 ab
1635 5929 1769 6002 ipsis

1860 3365 2008 3404 mum
2041 3348 2224 3404 rediit.
2263 3348 2454 3420 Neque
2512 3364 2748 3420 unquam
2793 3357 2979 3419 postea
3036 3349 3176 3404 ullus
3207 3349 3260 3403 in
3312 3351 3455 3406 bello

1861 3445 1952 3491 aut
1990 3436 2214 3491 vulnere
2265 3433 2486 3502 interiit,
2561 3444 2653 3490 aut
2709 3435 3038 3506 captivitatis
3091 3437 3457 3494 calamitatem

1860 3525 2100 3596 pertulit,
2131 3525 2222 3596 qui
2254 3524 2499 3594 ejusdem
2532 3523 2792 3580 salvifica:
2844 3526 3020 3580 crucis
3067 3525 3312 3580 labarum
3356 3543 3456 3599 ge-

1860 3631 2004 3680 stare
2060 3623 2280 3680 meruit.
2329 3625 2392 3678 In
2439 3623 2642 3695 palatio
2703 3625 2951 3694 ejusdem
2997 3625 3135 3681 divae
3176 3627 3455 3682 memoriae

1860 3720 2098 3793 Augusti
2129 3719 2470 3777 Constantini
2527 3721 2674 3790 (223)
2724 3721 2924 3792 primas
2953 3721 3193 3791 quidam,
3229 3723 3457 3778 Probia-

1859 3834 1963 3873 nus
1988 3817 2227 3885 nomine,
2262 3817 2344 3874 vir
2371 3833 2600 3874 summae
2633 3817 2915 3889 probitatis
2949 3827 3002 3874 et
3044 3819 3341 3887 industria),
3375 3819 3460 3874 in-

1860 3905 2091 3964 sanabili
2120 3907 2382 3979 podagra:
2402 3906 2645 3977 elanguit
2671 3907 2912 3974 vulnere,
2946 3923 3012 3964 ac
3030 3906 3182 3964 nullo
3212 3908 3460 3964 humanae

1860 4004 1992 4058 artis
2048 4003 2222 4074 potuit
2277 4003 2454 4059 curari
2498 4003 2877 4068 medicamine,
2935 4004 3064 4076 quia
3119 4021 3191 4060 ex
3250 4021 3462 4077 pagano

1862 4092 2034 4149 factus
2059 4091 2415 4158 Christianus,
2450 4091 2765 4163 primariam
2808 4091 2970 4148 totius
2998 4093 3187 4148 salutis
3215 4109 3456 4163 causam,

1865 4189 2161 4245 salutiferae
2189 4189 2370 4245 crucis
2400 4189 2671 4258 virtutem,
2703 4189 2876 4244 noluit
2913 4205 3252 4262 agnoscere;
3294 4199 3348 4246 ct
3385 4191 3455 4257 ei,

1863 4295 1962 4350 per
1976 4294 2137 4349 quam
2149 4279 2454 4350 inlnomine
2469 4281 2600 4334 Jesu
2612 4293 2776 4334 omne
2788 4295 2938 4349 genu
2955 4282 2989 4351 Γ
2987 4273 3376 4350 lectitur(Phil
3381 4283 3434 4353 ip
3444 4321 3457 4334 .

1866 4392 1924 4443 ιι,
1961 4361 2072 4448 10),
2104 4377 2313 4448 respuit
2341 4377 2534 4432 duram
2564 4377 2835 4433 cervicem
2866 4394 2930 4434 ac
2977 4395 3156 4451 genua
3211 4379 3458 4436 ﬂectere.

1867 4476 2114 4548 Cumque
2150 4475 2352 4531 diutius
2397 4476 2582 4534 divino
2628 4475 2841 4532 attritus
2868 4477 3114 4544 verbere,
3175 4476 3329 4550 quasi
3351 4477 3462 4545 jam

1869 4654 2189 4780 gintilliblus,
2222 4657 2360 4709 teste
2391 4654 2672 4726 Eutropio,
2720 4670 2826 4708 una
2866 4670 2988 4710 cum
3042 4655 3153 4711 filio
3197 4655 3254 4710 in
3308 4656 3465 4712 divos

1869 4743 1914 4780 si
1973 4741 2035 4780 re
2058 4740 2090 4780 a
2115 4742 2204 4780 us.

1869 4740 1937 4781 δη
1973 4740 2178 4781 τειαιυε
2191 4765 2204 4779 .

1942 4815 2093 4886 (220)
2104 4815 2295 4870 Primo
2306 4813 2705 4886 ducentesima:
2720 4815 2923 4886 prima:
2942 4815 3275 4886 Olympiadis
3287 4832 3462 4873 anno.

1942 4831 2090 4883 meo)
2104 4831 2295 4870 Brimo
2306 4831 2923 4938 aucenzenmceémmw
2942 4831 3275 4886 Olympiadis
3287 4832 3462 4873 anno.

1869 4884 2128 4939 Immanis
2157 4885 2649 4956 parachronismus,
2686 4885 2701 4937 i
2785 4893 2869 4956 est
2898 4901 3053 4940 error
3098 4887 3154 4940 id
3204 4895 3463 4956 tempore,

1869 4972 2030 5026 quem
2060 4955 2245 5010 malim
2277 4955 2512 5010 tribuere
2540 4955 2796 5026 scriptori
2817 4971 2976 5026 quam
2999 4956 3226 5012 auctori.
3250 4955 3468 5014 Desunt

1871 5027 2014 5084 enim
2044 5033 2170 5082 totae
2199 5026 2547 5096 septuaginta
2594 5026 2956 5096 olympiades,
2990 5027 3045 5082 id
3077 5033 3160 5082 est
3199 5028 3326 5082 anni
3355 5027 3464 5082 du-

1871 5099 2021 5169 centi,
2046 5097 2339 5169 octoginta.
2378 5097 2510 5151 Vide
2535 5097 2834 5169 Baronium
2866 5113 3010 5152 anno
3041 5098 3240 5154 Christi
3274 5102 3394 5162 306,
3414 5108 3468 5154 et

1871 5184 1942 5223 ex
1970 5167 2062 5222 illo
2084 5167 2311 5241 ejusque
2343 5168 2656 5241 auctoribus
2706 5169 2792 5222 hic
2821 5169 3084 5235 rescribe,
3131 5170 3467 5241 Olympiadis

1870 5239 2288 5306 ducentes-imre,
2330 5239 2770 5309 septuagesima:
2817 5241 3037 5310 primas.

1943 5327 2623 5396 (221)8ignumbellieum
2654 5327 2915 5384 vocabulo
2943 5329 3220 5384 labarum.
3267 5329 3347 5384 De
3392 5329 3468 5384 la-

1869 5397 2005 5453 baro
2025 5397 2248 5469 ejusque
2279 5396 2464 5470 eﬂigie
2478 5413 2571 5470 res
2602 5405 2686 5452 est
2702 5398 2958 5470 omnibus
2971 5398 3085 5470 fere
3107 5399 3471 5470 scriptoribus

1871 5476 2136 5598 tractastqé
2153 5467 2328 5540 eoque
2355 5467 2664 5524 notissima.
2695 5469 2834 5525 Vide
2861 5469 3115 5526 eumdem
3144 5467 3469 5538 Baronium,

1871 5555 2013 5596 anno
2144 5580 2157 5594 .

1945 5629 2092 5702 (222)
2121 5628 2288 5683 Illum
2315 5630 2381 5702 in
2410 5630 2683 5702 vitam,“
2703 5629 2767 5702 in
2796 5632 3039 5702 mortem
3085 5630 3364 5702 deposuit.
3412 5631 3475 5688 Id

1874 5699 2102 5771 contigit
2132 5715 2274 5754 anno
2304 5699 2504 5756 Christi
2535 5701 2664 5755 317.
2703 5699 2851 5755 Idem
2882 5701 3077 5757 Baron.

1948 5791 2095 5862 (223)
2124 5790 2320 5862 Prima
2340 5789 2588 5862 quidam,
2640 5789 2952 5847 Probianus
3006 5793 3263 5849 uomine-
3309 5792 3474 5848 Anno

1877 5860 2077 5916 Christi
2093 5860 2198 5917 830
2212 5901 2228 5918 .
