3882 6424
471 408 571 462 391

468 634 635 693 posse
689 617 947 679 evadere.
1008 612 1187 670 eliecit
1241 628 1302 667 se
1350 609 1550 666 deferri
1602 626 1770 681 super
1826 610 2073 682 Gargani

466 709 667 764 montis
697 705 1070 777 supercilium,
1105 702 1161 757 in
1220 698 1595 756 venerandum
1625 699 1840 772 angelis
1885 707 1940 754 et
1970 701 2077 755 ho-

467 797 703 852 minibus
760 793 1073 858 oratorium,
1135 791 1279 862 quod
1310 805 1340 843 a
1379 788 1718 845 creberrima
1765 787 2075 843 visitatione

467 901 533 941 ac
563 883 990 956 praesentissima
1020 896 1123 951 Ope
1153 878 1428 934 Michaelis
1459 875 1799 948 archangeli,
1865 892 2075 932 nuncu-

471 982 626 1045 patur
662 971 1017 1029 Michaelium.
1078 969 1176 1031 Ibi,
1237 975 1361 1038 post
1416 964 1647 1021 effusum
1705 964 2074 1035 largissimum

469 1064 836 1134 lacrymarum
866 1060 1115 1122 imbrem,
1144 1065 1268 1128 post
1318 1056 1485 1127 longa
1531 1054 1789 1123 suspiria,
1841 1069 1990 1125 aegro
2017 1053 2073 1107 in

473 1167 728 1222 saporem
759 1148 1016 1217 resoluto,
1042 1147 1225 1202 divina
1258 1145 1428 1200 virtus
1473 1142 1755 1215 apparuit,
1790 1150 1844 1198 et
1887 1141 2070 1212 sospi-

467 1249 626 1297 tatem
658 1238 914 1307 reddidit,
948 1252 1013 1292 ac
1039 1234 1474 1292 incredulitatem
1501 1241 1555 1288 et
1585 1231 1839 1287 duritiam
1888 1230 2073 1287 cordis

465 1329 586 1401 ejus
642 1327 950 1397 increpans,
1010 1324 1228 1396 signum
1284 1320 1513 1377 vivifica:
1560 1319 1759 1386 crucis,
1804 1318 1860 1374 in
1917 1317 2073 1374 altari

466 1417 716 1487 ejusdem
747 1414 986 1471 mirifica:
1011 1412 1263 1469 ecclesiae
1293 1410 1552 1482 positum,
1575 1418 1703 1464 ante
1729 1407 1927 1464 mentis
1954 1408 2072 1477 ejus

465 1506 654 1563 oculos
698 1504 897 1576 posuit,
947 1511 999 1558 et
1053 1499 1403 1573 apertissima
1467 1497 1707 1554 veritatis
1767 1496 2074 1552 assertione

465 1595 719 1666 exposuit
748 1592 895 1666 quod
926 1607 1001 1648 ex
1031 1606 1139 1664 quo
1168 1589 1321 1651 salus
1353 1587 1540 1643 mundi
1562 1586 1806 1643 Christus
1837 1587 1986 1655 (224)
2016 1586 2074 1640 in

463 1700 555 1740 ara
583 1692 826 1755 stayros,
854 1697 915 1736 se
956 1682 1072 1735 Deo
1124 1678 1269 1734 Patri
1309 1677 1543 1733 hostiam
1588 1675 1788 1738 vivam,
1837 1673 2075 1730 hostiam

463 1781 702 1829 sanctam
726 1780 779 1827 et
825 1767 1232 1825 immaculatum
1263 1782 1362 1839 pro
1391 1766 1558 1821 totius
1583 1763 1776 1819 mundi
1829 1762 2076 1834 peccatis

462 1863 694 1929 obtulit;
729 1859 992 1933 quidquid
1042 1858 1115 1913 ad
1152 1857 1437 1912 utilitatem
1467 1862 1524 1911 et
1563 1853 1798 1909 salutem
1847 1852 2066 1908 humani

462 1952 706 2026 generis,
738 1949 981 2022 quolibet
1007 1944 1191 2013 modo,
1223 1944 1311 2001 vel
1341 1945 1412 2000 ab
1433 1943 1648 2017 angelis
1669 1942 1826 2011 lucis,
1862 1941 1945 1997 vel
1975 1942 2067 1997 ho-

462 2041 701 2097 minibus
730 2036 1033 2095 sanctitatis
1071 2033 1401 2091 excellentia
1458 2031 1685 2089 eximiis
1741 2032 1946 2087 factum
1975 2030 2064 2097 sit,

465 2146 661 2211 praeter
679 2136 930 2191 virtutem
964 2132 1175 2189 thronis
1207 2136 1262 2188 et
1281 2129 1742 2187 dominationibus
1770 2127 2069 2211 adoranda:

464 2210 642 2279 crucis
672 2219 789 2276 ﬁeri
818 2218 967 2274 nullo
995 2218 1160 2272 modo
1207 2214 1463 2286 potuerit.
1510 2215 1578 2269 Et
1623 2213 1831 2268 utinam
1868 2210 2068 2266 divinae

465 2310 675 2366 virtutis
731 2307 1016 2379 aspiratio,
1076 2307 1224 2375 (225)
1294 2301 1715 2375 Βετεηεατὶθηω
1790 2301 2068 2356 haereseos

465 2399 764 2471 complices
790 2413 902 2452 non
932 2395 1127 2450 morbo
1158 2393 1438 2449 exulceret
1495 2390 1821 2463 podagrico,
1854 2388 1951 2446 sed
1979 2386 2069 2442 in-

467 2488 610 2544 terni
641 2485 837 2543 consili
862 2484 948 2539 sui
966 2482 1231 2548 antitodo,
1261 2497 1295 2536 a
1324 2480 1491 2535 simili
1542 2478 1896 2550 blasphemiae
1925 2476 2072 2532 libe-

467 2585 551 2632 ret
573 2584 726 2647 peste
757 2590 821 2629 ac
851 2572 1129 2644 periculo;
1163 2570 1408 2642 quidum
1432 2570 1737 2642 plusquam
1758 2570 2075 2640 oportetse-

466 2681 620 2737 pere,
643 2664 880 2735 sapiunt
898 2662 1055 2731 (Rom
1075 2676 1175 2727 xu,
1197 2662 1252 2727 3)
1271 2659 1342 2715 ad
1358 2658 1608 2713 nimium
1627 2658 1873 2713 calorem
1893 2659 2076 2711 trans-

470 2757 610 2809 eunt
631 2752 699 2808 ab
716 2754 876 2825 aquis
898 2751 1115 2805 nivium
1133 2750 1248 2815 (Job
1268 2763 1421 2813 xxiv,
1449 2748 1567 2816 19);
1589 2753 1643 2801 et
1664 2744 1805 2800 sicut
1821 2746 2073 2815 (226)pa-

468 2859 595 2899 nem
624 2849 677 2897 et
698 2841 918 2898 calicem
950 2839 1002 2894 in
1051 2837 1233 2905 altari,
1275 2838 1525 2891 humanae
1574 2832 2068 2899 reconciliationis,

469 2940 520 2988 et
553 2929 678 2986 lidei
701 2929 1017 3001 mysterium
1047 2943 1154 2982 non
1187 2926 1433 2985 credunt.
1485 2940 1673 2980 verum
1724 2939 1848 2978 esse
1877 2936 2074 2993 corpus

468 3028 521 3076 et
548 3019 877 3093 sanguinem
911 3015 1270 3084 Dominicum,
1295 3014 1375 3070 sic
1412 3021 1525 3068 tam
1546 3012 1873 3081 inconsulta,
1907 3026 2073 3084 quam

464 3111 751 3182 prephana
772 3106 1094 3172 temeritate,
1126 3104 1273 3161 omni
1303 3101 1605 3174 suphistica
1634 3100 1868 3174 argutia,
1899 3099 2075 3172 syllo—

464 3199 784 3273 gismorum.
816 3212 882 3252 ac
911 3197 1398 3266 enthymematum,
1433 3190 1770 3262 persuadere
1801 3196 2073 3245 conantur

465 3288 735 3344 mentibus
763 3286 1024 3359 dogmata
1070 3299 1166 3338 sua
1220 3280 1630 3346 admirantium,
1692 3279 1840 3349 (227)
1897 3293 1966 3333 ne
2015 3277 2072 3332 in

464 3376 698 3432 ﬂexione
727 3390 988 3449 genuum,
1013 3370 1353 3428 eteﬂ’usione
1412 3368 1657 3436 ﬂetuum,
1706 3366 1928 3423 cuilibet
1958 3364 2073 3420 sal-

463 3465 637 3522 viiica:
685 3463 852 3528 cruci,
913 3461 1158 3518 formatae
1202 3460 1272 3514 ad
1331 3457 1479 3512 illius
1533 3454 1965 3522 similitudinem,
2015 3453 2073 3509 in

464 3568 573 3627 qua
600 3552 860 3626 pependit
889 3551 1038 3606 salus
1082 3548 1404 3620 angelorum
1457 3553 1510 3602 et
1564 3544 1863 3609 hominum,
1905 3558 2071 3600 reve-

465 3626 698 3695 rentiam
728 3643 781 3693 et
810 3637 1077 3695 hanorem
1104 3631 1423 3703 impendant
1477 3629 1746 3685 debitum.
1793 3626 2071 3683 Nimirum

468 3728 718 3784 dicentes
727 3742 785 3782 se
797 3740 914 3781 esse
925 3721 1708 3796 sapientes,stultifactisunt
1720 3718 2066 3787 (Rom.t,22),

468 3815 596 3889 quia
624 3817 771 3887 (228)
804 3813 895 3886 qui
942 3810 1222 3869 nocturnis
1267 3808 1533 3874 tenebris,
1587 3816 1642 3863 et
1681 3805 1969 3862 insomniis
2018 3813 2072 3861 et

464 3905 767 3978 phantasiis
796 3900 1093 3975 perterriti,
1116 3916 1177 3955 se
1205 3897 1388 3956 crucis
1434 3897 1750 3953 charactere
1801 3893 1988 3967 digitis
2013 3893 2071 3949 in

468 3994 642 4052 fronte
661 3993 749 4050 vel
768 3993 822 4048 in
851 4007 981 4047 aere
1038 3990 1204 4057 edito,
1263 3994 1457 4044 contra
1510 3984 1752 4058 pericula
1796 3985 2067 4041 muniunt.

466 4083 682 4141 invictas
705 4081 887 4139 virtuti
932 4080 1049 4150 ejus
1075 4078 1133 4133 in
1179 4076 1420 4150 qualibet
1466 4075 1716 4141 materia,
1774 4075 2070 4146 persuasi-

467 4173 670 4230 bilibus
684 4171 948 4228 humanae
961 4169 1257 4241 sapientia
1276 4166 1453 4223 verbis
1469 4166 1521 4236 (Ι
1534 4163 1785 4232 ϐον.ιι,4)
1800 4162 2069 4236 derogare

465 4276 577 4318 non
595 4268 860 4317 metuunt.
884 4257 1133 4315 Victoria
1159 4257 1325 4330 signo
1355 4253 1731 4321 defensantur,
1794 4259 1850 4308 et
1878 4251 2069 4308 salutis

541 4499 690 4570 (224)
708 4495 773 4553 In
790 4512 896 4553 ara
922 4498 1159 4567 stag/ros.
1183 4490 1331 4573 Crux
1363 4489 1567 4573 Graecis
1596 4486 1819 4573 σταυρὸς
1847 4486 2064 4573 dicitur.

1462 394 1866 454 THIOFFRIDI
1891 394 2186 453 ABBATIS
2214 398 2789 459 EFTERNACENSIS

467 529 803 586 imminentis
848 526 952 582 sibi
1005 523 1199 580 mortis
1259 520 1639 578 necessitatem
1687 518 1956 576 diuideret
2015 537 2076 577 se
2104 522 2160 584 A
2189 539 2301 579 suae
2340 531 2605 597 trepaamn
2662 528 3023 585 dehonestare
3059 537 3327 587 οοηαηιυι-
3369 546 3383 587 ε

2101 3241 2150 3304 C

3664 402 3753 458 39!

3440 527 3610 586 etin
3667 528 3759 583 hoc

2182 613 2372 668 Zabuli
2392 615 2774 672 archisterium
2804 618 3073 674 lulianum
3106 623 3419 691 Apostatam
3468 618 3752 673 imitantur.

2182 701 2237 755 Is
2265 701 2409 756 enim
2459 703 2842 761 infestissimus
2894 708 3077 764 crucis
3132 707 3328 765 Christi
3399 705 3759 770 adversarius,

2183 804 2307 846 cum
2336 792 2552 861 imperii
2583 794 2877 851 ambitione
2924 811 3189 852 accensus
3219 812 3255 852 a
3276 796 3506 868 quodam
3547 794 3760 866 magicae

2182 879 2314 933 artis
2340 882 2667 951 peritissimo
2698 888 2847 953 (229)
2875 885 2929 939 in
2954 884 3234 942 fatidicum
3255 885 3604 942 intromissus
3632 892 3760 938 esset

2182 971 2424 1041 adytum,
2456 978 2515 1025 ut
2542 973 2857 1030 consuleret
2884 975 3166 1030 oraculum
3192 994 3206 1042 ;
3260 974 3644 1030 seductoribus
3672 971 3761 1026 sibi

2182 1059 2567 1130 apparentibus
2616 1062 2915 1134 spiritibus,
2941 1064 3094 1133 juxta
3136 1079 3341 1119 morem
3384 1063 3626 1127 solitum,
3659 1071 3758 1116 ter-

2181 1148 2321 1202 roris
2347 1149 2718 1219 magnitudine
2782 1167 2847 1208 ac
2902 1152 3334 1208 necessitudine
3362 1150 3680 1222 compulsus
3715 1151 3758 1203 in

2181 1235 2355 1292 fronte
2384 1253 2484 1292 sua
2513 1237 2767 1306 invisum,
2800 1249 2853 1296 et
2905 1240 3014 1296 illis
3042 1250 3095 1297 et
3124 1241 3227 1295 sibi
3276 1240 3759 1296 victoriosissimum

2180 1333 2394 1397 stayros
2423 1329 2694 1397 expressit
2734 1329 3095 1402 signaculum.
3155 1330 3421 1385 Dominici
3467 1344 3603 1384 vero
3659 1336 3763 1382 tro-

2180 1415 2321 1485 pinei
2352 1415 2582 1488 ﬁguram
2608 1417 2827 1474 inimica
2849 1419 3093 1489 phalanx
3124 1418 3443 1490 respiciens,
3496 1433 3609 1474 suae
3655 1433 3759 1472 me-

2182 1519 2303 1559 mor
2329 1505 2673 1572 devictionis,
2704 1508 2940 1573 evanuit,
2973 1516 3026 1563 et
3082 1507 3444 1564 fulminandus
3509 1509 3761 1577 Apostala

2181 1599 2345 1648 tanta:
2374 1594 2600 1649 visionis
2630 1596 2857 1651 horrore
2913 1596 3321 1668 obstupefactus
3367 1595 3665 1666 ertpalluit,
3718 1603 3762 1649 et

2181 1681 2519 1738 inconsultus
2549 1692 2604 1740 et
2630 1684 2890 1740 confusus
2921 1686 3068 1749 exiit,
3099 1686 3225 1742 etin
3249 1701 3437 1742 omnes
3472 1687 3617 1741 thau
3644 1684 3755 1740 cha-

2181 1779 2390 1826 ractere
2420 1772 2476 1826 in
2503 1776 2695 1844 fronte
2730 1775 2982 1846 signatos
3023 1776 3247 1843 (Επειδὴ.
3279 1792 3357 1840 1x,
3394 1775 3466 1844 ι),
3498 1772 3761 1843 singulare

2096 1880 2148 1939 Β
2181 1858 2409 1914 exitialis
2430 1861 2540 1917 odii
2570 1862 2823 1918 vexillum
2882 1863 3098 1928 extulit;
3144 1878 3247 1920 nec
3301 1879 3397 1919 eos
3452 1862 3760 1935 impugnare

2178 1957 2303 2004 ante
2332 1949 2555 2019 destitit,
2585 1951 2763 2006 donec
2805 1952 2861 2006 in
2889 1952 3180 2008 Persarum
3224 1967 3413 2024 regno,
3463 1950 3761 2022 singulari:

2174 2037 2333 2106 ferus
2362 2038 2544 2106 (Psal.
2573 2041 2892 2109 Lxxxx,14),
2917 2039 3208 2095 Dominicae
3236 2039 3412 2095 vineae
3440 2038 3759 2102 devastator,

2176 2124 2397 2181 diutinae
2428 2127 2741 2183 vastationis
2782 2143 2897 2184 suae
2943 2142 3137 2200 pmnas
3165 2127 3476 2195 exsolvens,
3512 2126 3663 2197 (230)
3694 2126 3763 2179 in.

2164 2215 2317 2286 jccto
2368 2214 2626 2271 divinitus
2681 2215 2927 2283 vulnere,
2986 2225 3204 2273 aeternae
3251 2215 3410 2272 morti
3454 2214 3756 2271 succubuit.

2178 2304 2265 2370 Et,
2299 2320 2368 2360 ne
2396 2320 2577 2360 meum
2605 2305 2657 2360 in
2688 2304 2919 2362 vivificaa
2946 2306 3127 2362 crucis
3154 2305 3425 2377 praeconia
3445 2305 3763 2376 propensius

2180 2392 2420 2449 studium
2447 2403 2674 2465 generet
2699 2393 2998 2461 fastidium,
3029 2402 3322 2466 praetereo,
3352 2393 3500 2466 quod
3528 2394 3761 2448 Lauren-

2178 2482 2286 2538 tius
2315 2482 2552 2538 nominis
2577 2482 2662 2539 sui
2682 2483 2864 2540 laurea
2893 2483 3196 2551 laureatus,
3229 2499 3328 2554 per
3355 2482 3573 2555 insigne
3595 2481 3762 2539 crucis

2182 2571 2419 2645 signum.
2450 2572 2610 2628 caecis
2650 2572 2888 2628 reddidit
2945 2572 3140 2640 visum,
3173 2573 3292 2628 Non
3351 2571 3570 2644 adnoto,
3631 2569 3763 2643 quod

2179 2660 2655 2717 moderatissimus
2675 2661 3006 2718 monachicae
3036 2660 3467 2717 conservationis
3483 2660 3763 2731 dispositor

2181 2750 2523 2816 Benedictus,
2556 2750 2752 2806 eodem
2782 2750 2929 2806 vitali
2972 2750 3136 2822 signo
3164 2749 3347 2822 digitis
3368 2750 3421 2804 in
3451 2746 3582 2804 aere
3611 2748 3761 2815 edito,

2179 2837 2397 2894 lethalis
2424 2839 2616 2894 veneni
2646 2837 2915 2911 confregit
2943 2847 2995 2896 et
3026 2840 3264 2895 excussit
3310 2837 3588 2909 poculum,
3619 2845 3759 2892 taceo

2183 2927 2325 2999 quod
2348 2927 2566 2999 quidam
2623 2927 2918 2999 Symmista
2972 2927 3142 2983 sancti
3191 2927 3422 2998 Spiritus
3479 2929 3630 2995 (231)
3678 2940 3763 2980 no-

2182 3016 2326 3072 mine
2353 3017 2662 3087 Martyrius,
2695 3034 2819 3073 cum
2849 3032 3015 3072 manu
3043 3017 3288 3088 signaret
3338 3031 3532 3087 panem
3591 3012 3765 3069 subci—

2182 3106 2412 3171 nerium,
2447 3106 2635 3177 prunis
2663 3115 2716 3161 et
2746 3105 3019 3162 cineribus
3050 3104 3404 3176 suppositum,
3430 3102 3584 3176 panis
3613 3104 3762 3167 idem,

2184 3195 2511 3250 immensum
2531 3194 2698 3250 instar
2726 3193 3043 3266 crepitantis
3066 3193 3121 3248 in
3166 3195 3381 3266 ignibus
3437 3192 3579 3260 ollae,
3631 3190 3766 3246 dedit

2182 3285 2467 3356 crepitum,
2499 3292 2775 3349 excoctus,
2811 3284 2931 3353 ejus
2987 3284 3319 3339 cliaracteris
3376 3282 3429 3337 in
3487 3298 3548 3337 se
3591 3288 3765 3337 osten-

2181 3374 2260 3429 dit
2300 3373 2528 3439 titulum,
2574 3390 2735 3446 quem
2786 3389 2901 3428 non
2946 3379 3146 3438 tactus,
3200 3372 3298 3427 sed
3355 3366 3481 3426 ﬁdei
3535 3367 3767 3440 incripsit

2180 3463 2460 3518 meritum.
2499 3464 2670 3518 Tanta
2712 3462 2878 3528 enim,
2912 3471 2965 3517 et
2993 3469 3071 3517 tot
3127 3469 3254 3517 sunt
3303 3458 3548 3516 mirifica:
3590 3458 3757 3515 crucis

2178 3551 2399 3607 laudum
2448 3551 2706 3625 insignia,
2763 3558 2823 3606 ut
2864 3552 3105 3606 humano
3150 3549 3314 3606 corde
3372 3564 3478 3604 non
3533 3546 3755 3618 concipi,

2178 3657 2289 3698 non
2333 3641 2741 3712 comprehendi,
2798 3640 2981 3713 lingua
3039 3639 3186 3695 nullo
3240 3639 3400 3694 modo
3429 3638 3640 3709 possint
3680 3651 3760 3691 ex-

2178 3730 2375 3803 primi;
2408 3730 2596 3787 etideo
2617 3745 2713 3801 pro
2743 3745 2971 3784 summae
3023 3728 3329 3785 devotionis
3363 3744 3497 3784 meae
3554 3726 3608 3781 in
3648 3740 3755 3781 eam

2179 3818 2395 3889 aﬁ‘ectu,
2427 3834 2660 3874 summa:
2686 3818 3011 3875 temeritatis
3032 3817 3282 3873 denotari
3310 3816 3507 3889 elogio.
3554 3823 3608 3872 et
3660 3828 3758 3868 non

2178 3908 2395 3978 injuria,
2445 3923 2643 3963 vereor
2739 3906 3224 3963 vehementissime
3281 3903 3563 3977 redargui,
3624 3899 3754 3975 quod

2177 4005 2327 4053 tanta
2360 3995 2709 4068 reparatricis
2748 4004 2803 4052 et
2831 3995 3020 4051 salutis
3058 4003 3111 4052 et
3143 3994 3268 4052 vitae
3314 3993 3551 4051 omnium
3601 4005 3755 4063 repa-

2177 4093 2417 4142 raturum
2446 4085 2740 4157 praeconia,
2772 4085 2963 4141 detero
2992 4083 3152 4155 culpa
3206 4082 3399 4138 insulsi
3457 4088 3511 4137 et
3570 4079 3754 4136 sterilis

2176 4174 2409 4247 ingenii.
2449 4175 2587 4230 Nam
2615 4174 2746 4247 quid
2776 4173 2914 4229 tanti
2952 4172 3226 4246 signaculi
3264 4170 3628 4243 praerogativa
3654 4166 3755 4225 evi-

2175 4263 2434 4319 dentius?
2462 4264 2593 4336 quid
2621 4262 2864 4336 potentia
2892 4261 3275 4335 praestantius?
3309 4262 3402 4316 Est
3422 4274 3559 4317 crux
3583 4257 3753 4315 Domi-

2172 4502 2507 4573 habendum,
2530 4502 2793 4577 nequiter
2812 4501 3098 4560 docerent.

468 4580 646 4668 Quam
676 4592 868 4635 vocem
895 4575 983 4632 hic
1010 4582 1197 4631 noster
1248 4571 1537 4644 aliquoties
1591 4569 1819 4643 usurpat
1874 4569 1930 4625 in
1968 4584 2065 4625 se-

2248 4594 2400 4665 (229)
2429 4569 2499 4649 In
2517 4569 2821 4668 fatidicum
2834 4588 3445 4668 adytumMemorabile
3474 4589 3578 4668 hoc
3596 4604 3754 4668 even-

467 4652 649 4710 cundo
660 4666 818 4709 casu.

537 4742 705 4823 (22§)_
731 4737 1167 4823 Berengu'rianm
1213 4735 1484 4823 hareseos
1510 4732 1853 4823 ιιιοηιρζὶσεί.
1913 4732 2067 4823 fixit

431 4878 433 4881 ι
466 4803 778 4868 Τὴὶοίνῑόιιε
806 4803 932 4866 cuni
952 4808 1046 4863 illo
1073 4806 1235 4862 toties
1263 4805 1480 4875 relapso
1510 4803 1902 4872 heresiarcha,
1937 4804 2067 4860 Cal-

466 4885 785 4942 vinistarum
815 4888 1125 4952 prototypo.

532 4974 686 5043 (226)
707 4974 919 5027 Panem
938 4972 995 5025 et
1024 4968 1261 5043 calicem
1276 4966 1340 5021 in
1369 4964 1685 5043 al_tari_non
1706 4963 2068 5043 creduntme-

464 5035 595 5101 runt
614 5035 732 5099 esse
745 5043 1029 5113 corpus,et
1049 5038 1388 5113 sanguinein
1402 5035 1925 5113 Dominicumszn
1942 5051 2069 5113 cen_-

465 5125 548 5172 set
600 5106 851 5170 manere'
875 5126 1109 5184 panem.
1155 5106 1217 5184 ut
1272 5106 1571 5184 Lutherani
1619 5106 1913 5184 haeretici;
1965 5106 2065 5163 sed

464 5200 676 5265 panem
707 5177 894 5265 vocat,
949 5181 1041 5265 qui
1077 5181 1246 5265 prinis
1283 5178 1500 5265 fuerat.
1548 5177 1705 5265 Item,
1748 5179 1920 5249 pani:
1958 5186 2060 5245 est,

464 5249 560 5314 'sed
591 5257 893 5331 spiritalis,
926 5249 984 5309 et
999 5249 1096 5325 qui
1115 5250 1327 5306 decreto
1356 5249 1670 5305 descendit.

536 5346 684 5419 (22?)
706 5348 782 5402 Ne
816 5343 1066 5419 ﬂexione
1081 5354 1350 5419 genuum,
1374 5337 1754 5419 et_effu.sio.ne
1781 5340 2060 5419 ﬂetuum.

467 5407 621 5471 Hanc
649 5407 1001 5485 Berrengarii
1031 5407 1285 5467 haeresim
1314 5425 1383 5485 _ex_
1435 5407 1718 5485 Thiofrido
1765 5408 2060 5485 discamus,

467 5501 630 5556 quam
661 5487 804 5557 apud
834 5478 997 5557 alium
1024 5498 1135 5557 non
1161 5480 1386 5557 memini
1416 5494 1504 5537 me
1533 5479 1835 5557 legere._ln
1864 5494 1927 5535 ea
1956 5478 2063 5557 itef

463 5549 585 5627 r'um
606 5549 849 5627 spiritum
907 5554 1338 5627 Calvinisticum,
1365 5553 1480 5621 jam
1534 5549 1648 5605 tuin
1685 5549 1980 5622 spirantem
2011 5553 2064 5604 et

464 5624 818 5699 inspirantem
845 5624 1218 5698 agnoscimus.

538 5717 685 5785 (228)
721 5715 825 5783 Qui
847 5715 1146 5770 nocturnis
1176 5713 1439 5768 tenebris.
1465 5709 1821 5785 ACredendum
1861 5716 1961 5776 est,
1986 5722 2063 5763 as-

466 5782 680 5842 serente
699 5782 886 5841 nOstro
904 5792 1149 5856 auctore,
1181 5782 1636 5856 Berengarianos,
1686 5782 1773 5837 vel
1821 5795 2061 5856 consue-

464 5858 653 5932 tudine
673 5858 960 5932 suadente,
988 5854 1077 5909 vel
1104 5862 1335 5924 cogente
1365 5851 1734 5932 'necessitate,
1753 5893 1762 5902 .
1780 5851 2061 5932 salutifero

467 5923 561 5982 illo
586 5927 746 5998 signo
783 5926 1108 5997 quandoque
1163 5921 1314 5994 usos,
1367 5922 1455 5977 cui
1491 5922 1629 5977 alias
1664 5921 1890 5978 honoris
1929 5921 2063 5977 nihil

2178 4660 2293 4720 tum
2319 4660 2502 4736 operae
2517 4660 2765 4736 pretium
2822 4660 3117 4735 est‘legere
3165 4664 3312 4736 apud
3339 4661 3668 4736 Theodoret.
3703 4660 3749 4736 in

2176 4731 2380 4792 Histor'.
2416 4731 2619 4791 libfut
2678 4752 2805 4808 cap.
2838 4742 2891 4805 3,
2948 4731 3015 4791 et
3029 4736 3175 4806 apud
3201 4731 3456 4789 _Nazian.
3509 4740 3650 4789 orat.
3704 4731 3750 4786 in

2173 4809 2320 4864 hunc
2338 4812 2664 4878 apostatam.

2247 4898 2396 4967 (230)
2415 4896 2628 4965 Iniecta
2668 4895 2942 4967 divinitus
2997 4896 3273 4967 vulnere.
3313 4890 3750 4967 Variantibus‘de

2173 4963 2716 5022 miserabili'Juliani
2790 4976 2965 5023 morte
3021 4965 3325 5032 sententiis,
3396 4965 3483 5019 illa
3538 4963 3749 5018 maxime

2173 5038 2372 5164 pllacet,
2405 5054 2438 5092 a
2467 5038 2728 5094 Mercurio
2752 5047 3010 5109 martyre,
3044 5038 3140 5093 Dei
3162 5037 3327 5120 jussu
3363 5035 3744 5114 interemptum.

2225 5119 2368 5164 arrat
2396 5110 2725 5164 Damascen.
2763 5118 2906 5164 orat.
2947 5110 3000 5164 1.
3032 5110 3112 5164 De
3158 5124 3326 5164 imae.
3381 5108 3466 5164 Et.
3495 5115 3554 5160 ut
3593 5119 3744 5164 maior

2225 5119 2368 5164 arrat
2396 5110 2725 5165 Damascen.
2763 5105 2910 5165 orat;
2947 5110 3000 5177 1,
3032 5110 3112 5164 De
3158 5105 3326 5179 i'mag.
3381 5108 3466 5173 Et,
3495 5115 3554 5160 ut
3593 5105 3747 5179 major

2174 5181 2245 5235 sit
2270 5181 2547 5249 geminata
2577 5182 2896 5249 auctoritas,
2953 5186 3141 5249 narrat
3189 5177 3301 5233 non
3330 5194 3397 5233 ex
3440 5193 3517 5242 se,
3552 5177 3671 5249 sed
3687 5190 3744 5230 ex

2174 5246 2440 5308 Helladio.
2467 5252 2673 5323 Videat,
2706 5251 2799 5323 qui
2859 5246 3017 5322 plura
3070 5246 3363 5321 desiderat,
3420 5248 3565 5320 apud
3592 5248 3745 5303 Baro-

2171 5324 2343 5391 nium,
2373 5340 2522 5378 anno
2554 5321 2754 5379 Christi
2784 5321 2906 5378 363.

2244 5412 2395 5483 (231)
2435 5412 2667 5468 Nomine
2694 5413 3040 5484 murti/rius,
3090 5410 3249 5484 Lege
3279 5409 3583 5484 elegantem
3624 5410 3743 5463 hanc

2172 5481 2660 5547 narratiunculam,
2684 5481 2959 5554 aliquanto
2998 5481 3256 5554 fusius‘et
3300 5481 3507 5554 clarius
3536 5494 3744 5552 expres-

2173 5571 2294 5637 sam
2337 5555 2491 5637 apud
2524 5551 2859 5637 D._Gregbr.
2897 5554 3153 5626 Magnum
3183 5551 3278 5606 lib.
3311 5567 3329 5606 ι
3363 5551 3735 5637 Dialog.,’.cap.

2175 5630 2259 5694 11,
2292 5624 2395 5697 ubi
2414 5624 2506 5690 ait,
2540 5626 2784 5697 reliquos
2810 5624 3011 5697 panes,
3035 5638 3136 5694 pro
3163 5638 3341 5684 more,
3365 5638 3536 5697 cruce
3569 5624 3740 5695 signa-

2176 5696 2481 5753 lomfuisse:
2512 5694 2848 5752 hunc—solum
2871 5696 3200 5765 neglectum,
3221 5694 3500 5766 quemrvir
3528 5702 3738 5766 sanctus,

2172 5783 2238 5823 eo
2261 5768 2422 5841 signo
2440 5768 2497 5825 in
2525 5783 2656 5841 aere
2701 5768 2968 5841 duntaxat
2995 5766 3165 5841 edito,
3216 5765 3318 5820 sub
3354 5765 3624 5821 cineribus
3672 5765 3741 5818 la-

2170 5837 2393 5906 tentem,
2426 5854 2591 5895 crnce
2618 5838 2894 5910 insignem
2922 5837 3067 5894 fecit.
