3882 6478
123 490 232 549 393

125 612 267 680 nica,
298 610 443 667 vitta
460 607 717 667 coccinea
737 606 928 681 (Cant.
960 621 1038 675 ιν,
1087 608 1139 677 3)
1162 603 1245 662 cui
1273 602 1329 657 in
1358 603 1509 673 (232)
1531 597 1721 657 Sirasi-
1744 597 1800 660 Α

123 700 227 757 rim
255 716 473 775 sponsae
512 697 871 754 assimilantur
922 697 1067 754 labia
1101 693 1290 767 (ibid.)
1322 706 1336 763 ;
1363 691 1488 763 quia
1540 688 1716 747 omnis

125 796 371 854 doctrina
399 795 710 868 evangelica
739 802 792 849 et
819 793 1123 848 authentica
1161 789 1458 846 Dominicaa
1506 787 1720 857 passio-

126 887 212 942 nis
239 886 570 951 auctoritate,
603 882 753 954 quasi
811 898 997 937 cruore
1057 880 1284 952 profluo,
1348 886 1428 933 est
1482 878 1616 932 illita
1670 882 1724 932 et

129 985 354 1057 prmdita
386 1001 398 1035 :
432 991 483 1038 et
511 982 638 1037 dum
667 979 834 1036 noxili
865 979 1131 1051 cogitatus
1161 995 1227 1032 ex
1257 974 1589 1031 immissione
1618 973 1721 1030 ad-

130 1074 368 1130 versaria
395 1072 682 1129 volvuntur
708 1076 885 1123 mente
927 1066 1105 1135 tacita,
1154 1065 1198 1121 si
1246 1065 1444 1121 divinae
1491 1064 1721 1119 misera-

134 1173 293 1228 tionis
320 1178 562 1242 respectu
590 1168 866 1223 ﬂuctuanti
922 1166 1126 1237 pectori
1177 1163 1328 1233 (233)
1387 1161 1724 1217 medicinalis

129 1278 229 1331 per
266 1261 467 1332 digitos
536 1257 862 1327 imprimitur
915 1254 1103 1321 fascia,
1163 1252 1425 1323 quidquid
1478 1252 1722 1306 illicitum

133 1368 189 1413 et
229 1359 495 1413 nefarium
536 1364 807 1423 tractatur,
850 1362 908 1408 ut
963 1352 1158 1407 lethale
1208 1352 1353 1406 virus
1403 1350 1714 1417 extrahitur,

132 1456 189 1503 et
216 1448 470 1518 abjicitur
497 1446 673 1505 vitalis
692 1443 833 1516 signi
863 1441 1107 1509 victoria,
1139 1448 1190 1495 et
1218 1441 1366 1510 (234)
1416 1454 1724 1510 compressa

131 1538 282 1591 ﬂuxa
339 1545 391 1591 et
446 1535 751 1591 inordinata
805 1530 1214 1603 cogitationum,
1263 1528 1412 1599 quasi
1477 1528 1726 1593 crinium,

133 1633 505 1698 exuberantia,
581 1630 749 1686 menti
822 1629 1040 1694 animae,
1117 1626 1280 1697 capiti
1353 1625 1609 1680 naturalis
1679 1631 1734 1680 et

133 1722 390 1779 divinitus
417 1720 560 1775 insiti
590 1718 817 1784 decoris,
850 1724 1129 1788 reparatur
1173 1714 1495 1785 compositio
1536 1713 1734 1769 decens

135 1830 190 1876 et
219 1836 478 1892 congrua.
511 1817 673 1874 Omni
702 1823 959 1871 creaturae
987 1814 1311 1881 dominatur,
1342 1811 1518 1867 omnis
1554 1826 1733 1866 rerum

135 1918 330 1964 natura
379 1907 502 1977 jure
558 1907 608 1962 ei
666 1904 1011 1960 famulantur.
1069 1905 1130 1956 In
1187 1909 1413 1971 quatuor
1455 1898 1734 1955 elementis

138 2006 194 2055 et
221 1997 475 2054 omnibus
503 2012 623 2066 qua:
651 2001 897 2050 constant
924 2009 993 2048 ex
1049 1991 1128 2045 eis
1182 1989 1390 2047 virtutis
1443 2006 1554 2044 suae
1609 2005 1732 2042 ma-

136 2093 511 2168 gnificentiam
542 2091 731 2159 exerit,
763 2091 890 2144 dum
922 2088 1105 2161 digitis
1133 2088 1188 2142 in
1223 2103 1347 2142 aere
1398 2100 1730 2157 expressum,

138 2192 426 2239 ventorum
455 2181 764 2236 collisiones
794 2187 847 2234 et
877 2178 1147 2250 fulgurum
1177 2175 1572 2231 coruscationes
1618 2173 1733 2228 dis-

133 2272 258 2343 jicit
302 2279 357 2326 et
411 2269 644 2336 adimit;
703 2268 817 2340 igni
873 2267 1161 2338 ingestum,
1220 2262 1625 2329 sanctiﬁcatum,
1684 2269 1737 2317 et

141 2370 292 2440 (235)
323 2366 665 2437 paschalibus
692 2365 905 2438 gaudiis
934 2365 1161 2437 dignum
1187 2362 1388 2426 efﬁcit;
1429 2360 1736 2416 incendium

143 2466 235 2513 aut
264 2455 575 2528 exstinguit,
608 2462 699 2509 aut
727 2454 901 2525 abigit
931 2468 944 2522 ;
978 2453 1034 2506 in
1063 2468 1259 2522 aquam
1301 2450 1522 2517 editum,
1573 2466 1737 2520 rege-

144 2546 439 2601 nerationis
466 2544 697 2616 gratiam
728 2550 781 2597 et
809 2543 961 2614 (236)
993 2549 1194 2597 natura:
1242 2540 1739 2595 transmutationem

145 2642 373 2714 perﬁcit,
409 2650 462 2697 et
489 2643 636 2711 (237)
670 2639 1041 2694 inundantiam
1089 2636 1392 2705 fluminum,
1445 2644 1499 2691 et
1553 2636 1739 2690 eleva-

146 2733 321 2788 tiones
350 2740 401 2785 et
430 2737 640 2786 montes
668 2729 927 2785 ﬂuctuum
958 2726 1272 2797 compescit,
1325 2742 1388 2781 ac
1442 2724 1497 2778 in
1559 2725 1743 2780 alveos

146 2830 351 2900 dejicit,
384 2846 445 2884 ac
475 2827 626 2899 quasi
655 2825 926 2882 insolubili
956 2824 1171 2894 objecto
1201 2823 1375 2892 obice,
1409 2822 1546 2877 intra
1599 2822 1745 2894 ripas

147 2928 202 2975 et
229 2919 407 2973 littora
434 2916 704 2972 concludit
732 2922 784 2970 et
824 2913 1096 2969 imminuit
1127 2932 1139 2967 :
1187 2920 1342 2967 terrae
1396 2910 1745 2981 inaequalitati

147 3018 479 3089 oppositum,
510 3015 841 3071 sterilitatem
873 3029 1126 3086 agrorum
1164 3012 1432 3076 fecundat,
1485 3018 1539 3065 et
1593 3009 1745 3064 uberi

153 3107 315 3178 copia
369 3105 557 3161 reficit.
618 3106 894 3159 Postremo
951 3118 1169 3158 omnem
1239 3100 1613 3171 intemperiem
1678 3097 1748 3153 ad

150 3195 469 3266 temperiem
499 3193 713 3265 redigit,
749 3200 803 3247 et
838 3192 986 3262 (238)
1044 3190 1327 3246 arboream
1384 3189 1471 3244 vel
1528 3203 1747 3243 saxeam

149 3294 352 3349 molem
407 3292 665 3346 ruituram
700 3332 713 3358 ,
775 3298 866 3345 aut
918 3288 1268 3343 immobiliter
1323 3286 1379 3341 in
1431 3286 1548 3357 ipso
1621 3301 1749 3340 casu

149 3381 450 3451 suspendit,
486 3381 620 3452 ligat
646 3387 700 3435 et
726 3376 1036 3449 comprimit
1068 3391 1082 3448 ;
1116 3384 1205 3432 aut
1252 3375 1367 3431 sine
1412 3374 1561 3429 omni
1599 3372 1750 3445 peri-

152 3472 274 3528 culo
305 3485 517 3524 summa
546 3484 669 3524 cum
726 3466 1079 3522 admiratione
1136 3463 1491 3538 spectantium
1544 3462 1747 3532 dejicit.

153 3570 222 3623 Et
253 3567 381 3637 quid
411 3565 643 3636 amplius
670 3562 805 3617 mihi
843 3561 1261 3630 immorandum,
1308 3560 1435 3630 quid
1484 3558 1753 3630 profusius

153 3655 516 3726 eloquendum
548 3655 575 3705 ‘?
640 3651 838 3707 Omnia
893 3649 1190 3705 cmlestium
1226 3690 1241 3715 ,
1309 3648 1635 3704 terrestrium
1701 3654 1755 3702 et

156 3745 492 3800 infernorum
531 3757 702 3813 regna
735 3782 749 3808 ,
789 3739 963 3795 crucis
1024 3738 1257 3794 vivifici}:
1322 3736 1568 3806 subjecta
1632 3743 1755 3791 sunt

155 3839 433 3905 Dominio,
475 3854 572 3909 per
608 3853 733 3892 eum
767 3878 781 3903 ,
840 3835 994 3905 cujus
1059 3833 1260 3890 carnali
1323 3840 1572 3905 reparata
1635 3838 1758 3887 sunt

155 3927 539 3987 commercio:
610 3926 699 3996 qui
763 3931 1003 3980 mortuos
1068 3921 1526 3995 praevaricationis
1606 3921 1757 3994 ligno

162 4020 323 4089 (Gen.
356 4031 417 4083 ιι,
450 4016 559 4080 17),
592 4012 903 4080 viviﬁcavit,
954 4019 1008 4067 et
1049 4010 1385 4068 resuscitavit
1434 4010 1761 4082 redemptio-

159 4116 247 4172 nis
275 4115 424 4187 ligno
457 4127 470 4181 ;
506 4110 596 4181 qui
626 4118 854 4166 mortem
909 4114 1152 4164 exortam
1209 4115 1263 4163 et
1316 4106 1613 4180 ingressam
1666 4122 1764 4178 per

160 4200 545 4259 inobedientiaa
574 4199 845 4265 arborem,
869 4210 967 4270 per
986 4213 1128 4255 vera:
1158 4195 1480 4252 obedientia:
1509 4194 1770 4253 exstinxit

165 4301 220 4349 et
271 4289 497 4347 exclusit
561 4288 808 4344 arborem
850 4301 864 4357 ;
934 4285 1025 4357 qui
1088 4292 1525 4341 momentaneum
1589 4284 1766 4341 carnis

168 4395 460 4458 assumpta:
524 4384 845 4457 supplicium
878 4425 893 4452 ,
977 4390 1298 4439 aeternorum
1378 4381 1764 4454 suppliciorum

170 4478 505 4551 singularem
545 4473 694 4530 dedit
739 4489 854 4528 esse
892 4471 1217 4528 medicinam
1240 4512 1255 4539 ,
1309 4469 1651 4544 refrigerium
1703 4485 1768 4526 ac

173 4573 576 4633 exterminium.

247 4752 414 4826 (232),
439 4745 1107 4826 γεξναε-ἰηὶηικβειιιιὶοιιηι
1155 4745 1483 4802 canticorum
1547 4744 1762 4826 Hebraei

175 4818 363 4881 dicunt
377 4818 480 4881 'Sir
510 4821 767 4877 harisim.
800 4820 975 4876 Unam
1002 4832 1195 4873 vocem
1249 4826 1446 4887 noster,
1503 4825 1595 4873 aut
1646 4818 1765 4888 ejus

178 4894 547 4968 amanuensis,
560 4965 568 4968 _
581 4892 729 4968 fecit.

255 4969 402 5035 (233)
433 4956 779 5020 Medici-nalis
804 4977 906 5032 per
933 4959 1145 5035 digitos,
1166 4958 1527 5035 imprimitur
1544 4956 1756 5030 fascia.

182 5033 410 5095 Crucem
467 5035 668 5106 pectori
732 5036 1049 5102 impressam
1113 5033 1353 5101 [asciam
1420 5038 1594 5096 vocat,
1663 5045 1769 5099 qua

182 5111 302 5180 ejus
329 5107 599 5180 ﬂuctuatio
628 5106 865 5180 sistatur.

233 5181 383 5247 (234)
399 5178 722 5248 Compressu
731 5176 976 5248 ﬂuxa,et
994 5171 1768 5248 inordinatamogitationum

183 5241 344 5325 quasi
357 5241 643 5325 primum,
676 5241 1073 5325 eapberanlia.
1097 5243 1350 5325 Respicit,
1411 5241 1575 5325 quod.
1607 5241 1770 5311 paulo

184 5313 309 5377 ante
338 5320 490 5385 dixit,
505 5313 718 5374 crucem
738 5315 1078 5371 Dominicam
1101 5313 1220 5370 esse
1234 5315 1409 5370 vitam
1426 5313 1768 5371 coccineum.

184 5395 327 5449 Nam
357 5390 539 5461 capilli
569 5389 1061 5461 vittagcoercentur.

257 5464 406 5534 (235)
424 5454 802 5534 “Patighalibus
821 5459 1042 5534 gaudiis
1061 5456 1295 5534 dignum
1324 5454 1775 5534 efﬁat.yanife-

184 5525 277 5590 ste‘
294 5525 501 5605 spectat
530 5530 783 5585 Ecclesiae
812 5525 1101 5605 antiquum.
1119 5525 1300 5605 ritum,
1329 5525 1477 5605 ηας),
1536 5525 1775 5605 sabbato

185 5596 392 5673 sancto,
423 5618 610 5657 recens
637 5616 890 5656 excussus
937 5596 968 5654 ὁ
1021 5598 1173 5673 silice
1228 5598 1371 5673 iggis
1397 5596 1775 5673 _benedici_tur,

187 5692 359 5746 eoque
376 5668 659 5746 Paschalis
686 5687 871 5746 cereus
911 5669 1236 5746 accenditur.
1258 5668 1271 5670 ’
1290 5668 1617 5724 Erubescant
1669 5669 1780 5722 hae-

190 5741 362 5813 retici,
396 5746 487 5799 vix
528 5741 906 5797 nudiustertius
936 5742 1064 5795 nati.

260 5808 409 5889 (236)
422 5887 428 5889 Α
441 5817 670 5889 Natura:
702 5813 1243 5889 transmutationem
1272 5810 1511 5882 perﬁcit.
1526 5810 1675 5889 ﬁlum
1690 5808 1779 5889 hic

188 5879 554 5959 de‘bap'tismo
587 5886 852 5959 loquatur,
884 5898 993 5959 non
1047 5883 1153 5959 alia
1207 5879 1575 5959 transmutatio
1630 5879 1783 5934 intel-

190 5962 286 6035 ligi
317 5952 493 6033 potest
520 5971 682 6028 quam
711 5952 1025 6024 spiritualis.
1063 5955 1199 6008 Cum
1228 5952 1372 6007 enim
1402 5967 1647 6010 essemus
1672 5968 1783 6010 na-

514 6054 776 6114 Pa'raon.
823 6048 1061 6112 CLVII.

1018 476 1288 539 FLORES
1332 474 1685 534 EPITAPHII
1732 473 2187 535 SANCTORUM.
2238 472 2374 535 LIB.
2429 471 2530 535 IV.

1796 4660 1851 4724 D

3316 473 3424 537 ΘΜ

2362 596 2754 658 CAPITULUM
2793 598 2890 657 III.

2031 723 2108 782 De
2141 723 2316 782 elavi:
2344 724 2656 783 Dominicis
2690 725 2746 782 et
2770 724 2969 783 lancea
2996 723 3224 783 militis.

1903 855 2011 914 Sed
2041 858 2171 930 quid
2199 858 2526 914 censendum
2556 863 2634 914 est
2681 856 2749 914 de
2795 856 3194 931 pretiosissimis
3237 856 3423 928 clavis,

1830 961 1929 1016 per
1957 963 2148 1002 manus
2176 955 2230 1002 et
2255 946 2422 1017 pedes
2450 943 2782 1016 Dominicos,
2815 947 2872 1001 in
2917 963 3132 1003 crucem
3185 954 3428 1004 sanctam

1834 1033 2100 1089 transﬁxis
2128 1036 2157 1089 ‘?
2203 1035 2331 1105 quid
2368 1035 2434 1090 de
2472 1033 2713 1091 salviﬁca
2749 1034 2934 1090 militis
2996 1035 3185 1093 lancea
3211 1036 3241 1089 ?
3306 1050 3429 1107 qua

1831 1120 2050 1176 Domini
2079 1122 2377 1194 sanguinis,
2418 1130 2473 1177 et
2524 1122 2662 1177 sacri
2717 1121 3078 1194 Baptismatis,
3137 1122 3205 1177 de
3260 1122 3425 1178 latere
3477 1123 3483 1127 ’

1834 1216 2085 1273 Cruciﬁxi
2114 1219 2330 1274 Domini
2369 1220 2551 1275 elicuit
2606 1227 2658 1274 et
2712 1219 2965 1292 produxit
3014 1219 3266 1291 mysteria
3293 1220 3323 1273 ?
3379 1218 3426 1276 Ο

1835 1321 1997 1375 quam
2027 1308 2285 1377 praclara
2312 1308 2722 1364 Dominicorum
2755 1309 3052 1376 clavorum,
3099 1316 3152 1363 et
3184 1307 3432 1364 salutaris

1834 1394 2038 1450 lancea:
2066 1396 2316 1467 specialis
2343 1396 2615 1464 materies,
2651 1414 2771 1468 quae
2823 1396 2938 1453 auri
2994 1403 3049 1453 et
3102 1396 3311 1470 argenti
3366 1412 3431 1453 ac

1836 1483 2077 1537 omnium
2106 1486 2445 1540 metallorum
2477 1486 2639 1559 longe
2669 1486 2884 1541 excellit
2910 1485 3137 1558 species,
3168 1501 3275 1556 qua
3321 1501 3430 1541 non

1836 1587 1934 1642 per
1960 1571 2283 1629 discordiam
2317 1574 2371 1628 in
2426 1574 2722 1646 perniciem
2779 1582 3022 1629 mutuam
3062 1574 3275 1644 armati,
3332 1572 3431 1629 sed

1838 1668 2046 1726 interna
2075 1670 2385 1740 concordia,
2422 1689 2520 1743 per
2547 1688 2738 1744 pacem
2774 1671 2936 1728 bona:
2983 1672 3273 1729 voluntatis
3326 1688 3431 1727 an-

1839 1759 1978 1831 gelis
2014 1759 2367 1816 confmderati
2405 1768 2529 1815 sunt
2562 1761 2811 1817 homines
2846 1762 2859 1815 l
2901 1759 2947 1816 Ο
3007 1777 3168 1831 quam
3225 1767 3430 1826 sancta,

1841 1864 2002 1917 quam
2033 1849 2287 1920 pretiosa,
2322 1866 2484 1919 quam
2515 1848 2704 1916 dulcis,
2738 1866 2900 1920 quam
2930 1849 3181 1905 amabilis
3209 1857 3263 1905 et
3288 1848 3435 1904 dele-

1762 1955 1815 2016 B
1844 1936 2054 1991 ctabilis
2083 1937 2210 1992 ferri
2240 1939 2482 2007 materia,
2523 1938 2664 1993 unde
2720 1938 2859 1993 clavi
2915 1937 2973 1993 in
3021 1953 3182 1993 carne
3236 1935 3436 1994 conﬁxi

1838 2032 2142 2103 Dominica,
2176 2035 2315 2089 unde
2353 2035 2600 2091 salutaris
2654 2050 2882 2107 procusa
2936 2043 3017 2091 est
3070 2036 3278 2104 lancea,
3337 2051 3436 2107 per

1841 2137 2002 2192 quam
2030 2122 2283 2179 ﬂammea
2312 2124 2547 2195 paradisi
2576 2131 2784 2180 remota
2815 2130 2896 2179 est
2950 2126 3212 2195 romphea
3267 2123 3428 2194 (Gen.

1840 2226 1927 2287 ιιι,
1952 2213 2065 2281 24),
2087 2219 2140 2266 et
2159 2213 2386 2268 inimici
2404 2212 2739 2285 defecerunt
2751 2212 3435 2284 frameceinﬁnem(Psai.

1842 2314 1922 2366 ix,
1955 2301 2032 2370 7),
2066 2299 2400 2355 diversorum
2432 2300 2675 2371 profecto
2715 2315 2954 2356 errorum
3011 2308 3066 2355 et
3117 2300 3434 2372 Opinionum

1843 2388 2068 2459 spicula,
2120 2388 2315 2459 quibus
2367 2397 2621 2459 tanquam
2678 2389 2962 2445 hostilibus
3005 2389 3202 2461 gladiis
3244 2389 3436 2444 infelix

1844 2484 2126 2555 perimitur
2153 2484 2337 2540 anima
2367 2499 2380 2553 ;
2413 2486 2483 2540 ad
2513 2501 2634 2555 quae
2663 2485 3053 2554 convincenda,
3085 2493 3139 2542 et
3167 2486 3235 2540 ad
3270 2483 3436 2541 ﬁnem

1844 2573 2088 2627 defectus
2117 2573 2476 2643 perducenda,
2529 2582 2584 2629 et
2637 2574 2707 2628 ad
2736 2575 3010 2631 civitates
3040 2572 3436 2645 principatuum

1846 2661 1985 2716 aeris
2014 2661 2173 2731 hujus
2192 2662 2537 2719 destruenda
2559 2662 2762 2733 (ibid.),
2794 2662 2880 2717 bis
2907 2668 3082 2732 acuta,
3124 2662 3299 2733 primo
3346 2663 3441 2718 ad-

1847 2756 2009 2805 ventu
2040 2750 2095 2804 in
2126 2750 2327 2822 vagina
2354 2751 2670 2806 humilitatis
2698 2750 3034 2818 abscondita,
3090 2750 3145 2804 in
3201 2750 3439 2807 secundo

1849 2848 2161 2913 adveniens,
2194 2846 2250 2902 in
2281 2847 2568 2903 manifesto
2597 2846 2853 2904 claritatis
2894 2864 3005 2904 suae
3041 2847 3328 2919 splendore
3383 2863 3447 2903 ac

1852 2935 2068 2991 terroris
2095 2936 2485 3005 coruscatione,
2512 2936 2813 2992 vibrabiwr
2844 2936 3068 3004 framea,
3101 2936 3159 2991 in
3187 2936 3445 3003 secundo,

1850 3025 2091 3094 inquam,
2124 3023 2377 3092 adventu,
2408 3040 2531 3079 cum
2560 3025 2854 3080 secundum
2908 3025 3145 3081 veridica
3199 3024 3449 3098 egregio-

1851 3128 1971 3169 rum
2000 3119 2181 3167 vatum
2212 3115 2375 3167 Amos
2403 3120 2457 3168 et
2486 3112 2779 3184 Sophoniae
2809 3112 3080 3178 vaticinia,
3140 3116 3206 3169 in
3258 3113 3447 3185 gladio

1853 3203 2175 3258 morientur
2195 3216 2388 3257 omnes
2408 3206 2729 3273 peccatores
2751 3202 2937 3272 (Amos
2958 3215 3039 3271 lx,
3061 3203 3172 3271 10),
3200 3209 3372 3270 teme,
3395 3209 3451 3257 et

1780 3308 1830 3371 ρ
1857 3291 1975 3346 tetri
2004 3290 2200 3345 coloris
2229 3290 2800 3362 XElhiopes(Sophon.
2841 3305 2903 3359 ιι,
2944 3291 3032 3360 12)
3068 3288 3453 3344 interﬁcientur

1857 3379 2094 3436 districta
2122 3385 2175 3434 et
2203 3378 2541 3434 amarissima
2569 3386 2624 3434 et
2675 3378 3019 3436 irrevocabili
3072 3378 3277 3434 ultimae
3331 3377 3449 3433 dis-

1858 3474 2117 3532 cussionis
2145 3491 2209 3530 ac
2237 3474 2503 3530 examinis
2529 3474 2817 3530 sententia.
2855 3477 2919 3531 In
2976 3482 3083 3530 tam
3138 3473 3452 3530 salutarium

1859 3566 2155 3630 clavorum,
2190 3571 2244 3619 et
2287 3563 2589 3619 Dominicae
2617 3563 2821 3619 lanceae
2879 3562 3229 3634 prabconium,
3289 3563 3452 3635 longe

1861 3661 1983 3709 ante
2014 3652 2333 3709 vaticinatus
2361 3658 2442 3706 est
2470 3651 2700 3723 Spiritus
2733 3659 2948 3708 sanctus
2990 3667 3087 3724 per
3140 3651 3453 3707 Zachariam

1862 3744 2202 3815 prophetam,
2236 3756 2501 3812 organum
2529 3756 2686 3795 suum
2719 3759 2731 3796 :
2766 3741 3056 3813 Aspicient
3078 3741 3151 3797 ad
3173 3755 3264 3797 me
3287 3755 3456 3813 quem

1864 3832 2229 3901 conﬁxerunt
2250 3828 2510 3901 (Zachar.
2526 3832 2701 3899 xn,lO
2723 3827 2918 3899 ;Joan.
2934 3844 3053 3895 xix,
3071 3831 3160 3899 37)
3187 3844 3200 3899 ;
3225 3835 3278 3884 et
3295 3828 3458 3901 paulo

1864 3928 2088 3986 inferius
2121 3944 2132 3980 :
2168 3929 2409 3984 Framea
2428 3928 2707 3983 suscitare
2735 3942 2907 3999 super
2942 3932 3459 3999 pastorem-meum

1870 4017 2141 4092 (Zachar.
2174 4031 2274 4085 xu,
2307 4016 2385 4086 7).
2417 4015 2485 4070 Et
2512 4030 2633 4085 quae
2661 4014 2948 4086 pretiosior
2974 4013 3217 4070 omnium
3262 4014 3462 4070 metal-

1869 4115 2042 4171 lorum
2071 4110 2314 4179 materia,
2347 4126 2508 4181 quam
2538 4109 2650 4178 illa,
2708 4108 2796 4165 cui
2850 4109 3007 4166 Pater
3050 4125 3149 4181 per
3203 4107 3461 4181 Spiritum

1868 4210 2112 4259 sanctum
2138 4200 2425 4272 imperavit
2449 4198 2691 4255 suscitari
2743 4214 2906 4271 super
2957 4206 3227 4270 pastorem
3281 4213 3459 4267 suum,

1872 4300 1925 4349 et
1950 4294 2243 4365 percutere
2271 4292 2555 4362 pastorem
2592 4287 2801 4359 (ibid),
2860 4286 3104 4343 omnium
3160 4286 3462 4359 principem

1870 4380 2205 4453 unigenitum
2234 4393 2389 4432 suum
2419 4377 2448 4430 ‘?
2476 4376 2605 4432 Haec
2633 4376 2765 4431 tanti
2819 4374 2975 4447 pretii
3030 4374 3260 4453 framea,
3318 4391 3462 4433 anno

1873 4467 2141 4543 progeniti
2170 4466 2333 4523 Verbi
2360 4467 2516 4540 (239)
2544 4464 2832 4520 millesimo
2862 4463 3217 4538 nonagesimo
3245 4471 3460 4534 octavo,

1873 4558 2057 4615 divina
2083 4555 2409 4614 revelatione
2437 4553 2737 4611 Antiochiae
2762 4560 2977 4626 reperta
3030 4552 3089 4608 in
3134 4569 3259 4610 arca
3310 4568 3464 4610 mar-

1871 4744 2005 4797 tura
2022 4735 2133 4808 ﬁlii
2151 4736 2255 4793 ira:
2284 4731 2505 4807 (Ephes.
2536 4743 2598 4802 ιι,
2634 4729 2707 4803 3),
2739 4745 2837 4803 per
2862 4728 3193 4803 baptismum
3222 4728 3350 4791 facti
3375 4746 3465 4787 su-

1871 4826 1991 4862 mus
2018 4807 2114 4862 lilii
2140 4806 2260 4862 Dei.

1870 4826 1991 4866 mus
2018 4806 2114 4862 filii
2140 4806 2260 4862 Dei.

1942 4881 2091 4950 (237)
2155 4876 2580 4950 Inundantiam
2644 4873 2973 4950 ﬂuminum.
3030 4871 3462 4950 Illustrissimum

1872 4943 2033 5021 hujus
2062 4943 2328 5021 miraculi_
2331 4946 2640 5021 exemplum
2660 4952 2750 5021 est
2777 4944 2836 5021 in_
2892 4945 3013 5021 Vita
3067 4943 3130 5021 S_.
3200 4943 3463 5021 Gregorii,

1873 5013 2234 5096 cognomento
2272 5013 2694 5096 _Tliaumaturgi,
2959 5015 3184 5070 baculus
3237 5013 3327 5096 ad:
3342 5013 3469 5096 Lyci

1875 5085 2022 5149 tluvvii
2051 5092 2224 5161 ripam
2255 5088 2481 5161 deﬁxus,
2514 5095 2567 5142 et
2595 5085 2712 5161 ejus
2739 5087 2948 5141 rabiem
3006 5085 3353 5161 compescuit,
3389 5085 3471 5142 iet

1876 5156 2152 5221 momento
2181 5161 2237 5215 in
2266 5156 2526 5213 virentem
2556 5158 2807 5213 arborem
2837 5156 3093 5213 excrevit.

1950 5235 2096 5313 (238)
2128 5230 2427 5313 Arbor-eam
2446 5231 3005 5313 poterit-ranarum:
3038 5227 3173 5284 Vide
3210 5226 3472 5313 Se‘verum

1881 5298 2265 5375 Sulpiciumin
2294 5301 2415 5356 Vita
2445 5300 2502 5355 S.
2533 5299 2747 5375 memini
2780 5300 2917 5375 :_qui
2947 5299 3002 5355 id
3029 5314 3153 5375 cum
3182 5298 3472 5375 multorum

1881 5370 2096 5448 stupore
2126 5373 2525 5448 primum,_tum
2555 5370 2717 5448 etiam
2747 5370 3290 5448 s_alute,_exan_imatis
3326 5376 3474 5426 metu

1882 5440 2008 5511 suis,
2040 5440 2346 5515 intrepidus
2387 5441 2505 5512 ipse
2547 5440 2821 5515 exhibuit,
2843 5440 2965 5515 _cui
3019 5441 3120 5496 soli
3173 5447 3475 5515 extremum

1883 5510 2479 5575 discrimen—imminere
2508 5510 2808 5566 videbatur.
2840 5510 2921 5566 De
2950 5526 3116 5568 saxea
3142 5513 3307 5579 mole,
3364 5527 3475 5567 cru-

1885 5591 1962 5647 cis
1998 5586 2191 5644 virtute
2241 5598 2520 5654 suspensa,
2579 5582 2647 5636 D.
2706 5581 2937 5655 Gregor.
2992 5583 3243 5661 Magnus,
3302 5581 3399 5639 lib.
3456 5597 3480 5640 ι

1886 5661 2124 5717 Dialog.,
2156 5672 2276 5717 cap.
2311 5657 2362 5706 1.

1936 5672 2124 5726 ialog.,
2156 5672 2276 5726 cap.
2311 5672 2362 5726 1.

1960 5702 2124 5801 (ᾗῗῆ
2159 5702 2460 5801 Ῑιῖῆὶᾳξῖηιο
2516 5721 2882 5801 nonagesimo
2937 5727 3156 5801 octavo.
3223 5722 3483 5801 Baronius

1890 5791 2213 5873 encyclicam
2271 5797 2346 5873 de
2412 5796 2511 5849 hac
2554 5791 2884 5873 inventione
2917 5862 2930 5873 ‘
2968 5792 3251 5873 epistolam
3333 5795 3488 5873 ponit

1892 5862 2033 5931 anno
2090 5867 2378 5925 millesimo
2447 5863 2757 5920 centesimo.
2826 5862 2935 5917 Sed
3000 5862 3100 5931 par
3151 5872 3234 5919 est
3267 5862 3488 5921 credere

1891 5946 2146 6018 scriptam
2174 5938 2395 5996 biennio
2423 5942 2545 6010 post
2571 5933 2960 5992 inventionem.
3003 5933 3151 5991 Nam
3205 5935 3488 5992 Thiot‘rido

3026 6030 3103 6094 18
