3882 6412
468 349 574 405 395

1465 342 1887 406 THlOFRlDUS
1923 344 2144 408 ABBAS
2179 341 2782 402 EFI'ERNACENSIS.

3661 356 3758 407 396

472 489 675 538 morea,
738 479 792 525 et
863 469 1064 526 vexillo
1103 467 1342 540 prazfixa,
1405 469 1689 524 innumera
1727 468 2060 524 ethnicorum
2087 469 2145 532 A
2173 471 2356 526 dinem
2387 471 2671 526 transfudit
2697 471 2752 525 in
2808 470 2992 526 omnia
3041 472 3388 528 acerbissima
3446 474 3758 532 Sanctorum

469 563 538 618 ad
575 557 1331 630 internecionem'prostravit
1380 557 1568 624 millia,
1629 566 1682 612 et
1745 557 2068 614 Christiano-

470 668 590 708 rum
620 651 940 722 phalangas,
975 655 1097 704 ante
1126 646 1275 702 omni
1297 645 1595 702 obsidionis
1623 645 1852 700 etfamis
1881 647 2070 700 adver-

471 740 626 795 sitate
655 739 895 802 af’flictas,
931 737 1052 792 laeta
1091 744 1142 790 et
1196 735 1474 790 incruenta
1528 733 1850 807 gloriﬁcavit
1903 735 2070 790 victo-

471 829 570 884 ria.
605 829 670 882 Et
699 827 827 898 quid
857 823 1109 881 Crucifixi
1140 823 1355 879 Domini
1409 823 1577 879 clavis
1630 824 1882 894 sanctius,
1941 823 2068 894 quid

470 923 838 981 eminentius?
867 922 1134 978 Nimirum
1178 922 1314 976 sicut
1371 921 1664 992 plasmator
1716 937 1894 976 rerum
1953 937 2068 976 om-

469 1013 618 1068 nium
657 1013 806 1082 (240)
856 1011 923 1066 de
979 1009 1294 1082 protoplasti
1361 1010 1552 1064 dolens
1604 1009 1782 1078 ruina,
1851 1010 2066 1080 quando

467 1102 612 1175 pomi
653 1101 883 1157 noxialis
921 1115 1102 1154 morsu
1141 1099 1195 1152 in
1259 1099 1447 1154 mortis
1509 1098 1706 1154 corruit
1770 1097 2063 1166 officinam,

467 1189 854 1262 redemptionis
892 1188 1124 1262 lignum,
1166 1203 1272 1258 quo
1311 1189 1512 1242 damna
1551 1187 1684 1260 ligni
1735 1187 2066 1258 praevarica-

470 1279 626 1336 tionis
645 1279 894 1346 solveret,
931 1277 1252 1348 praenotavit
1283 1291 1296 1346 ;
1329 1277 1406 1330 sic
1436 1277 1715 1331 materiem
1765 1277 2062 1344 clavorum,

466 1370 660 1442 quibus
687 1385 880 1424 manus
935 1365 1292 1438 redemptoris
1347 1365 1601 1435 hominis,
1661 1381 1758 1437 pro
1817 1365 2066 1424 manibus

466 1456 893 1532 praevaricatoris
974 1454 1228 1524 hominis,
1321 1454 1715 1510 incontinenter
1805 1455 2061 1524 extensis,

465 1546 660 1618 quibus
690 1545 854 1618 pedes
875 1559 972 1617 pro
1002 1543 1248 1616 pedibus,
1303 1543 1371 1598 ad
1427 1544 1620 1600 vetitos
1671 1543 2064 1614 concupiscen-

466 1636 551 1692 tiae
583 1650 782 1702 ramos,
815 1633 994 1688 callidi
1024 1631 1287 1704 serpentis
1315 1631 1640 1687 astutissima
1695 1631 2060 1703 persuasione,

466 1725 614 1795 (2U)
648 1722 1082 1778 inrevocabiliter
1145 1721 1464 1793 progressis,
1534 1721 1590 1774 in
1657 1721 1848 1775 arbore
1914 1729 2063 1792 stay-

2176 559 2557 630 cujuscumque
2587 559 2835 630 supplicii
2865 577 3086 631 genera,
3126 569 3178 616 et
3205 563 3380 616 carnis
3407 581 3504 635 per
3531 563 3758 620 illustra-

2176 647 2376 702 tionem
2441 649 2656 720 spiritus
2735 647 3096 716 sanctificatm,
3191 660 3621 722 quantacumque
3702 671 3761 709 ac

2179 737 2590 808 qualiacumque
2619 737 2900 808 supplicia,
2935 739 2988 791 in
3018 755 3301 810 corporum
3359 749 3412 795 et
3465 742 3760 797 animarum

2176 833 2492 891 suavissima
2531 843 2583 890 et
2637 835 2988 890 saluberrima
3053 838 3314 893 transtulit
3376 839 3760 897 oblectamenta

2177 929 2229 978 et
2265 922 2504 978 remedia
2545 937 2559 992 ;
2601 931 2658 977 ut
2697 924 2847 993 quasi
2887 925 3168 980 immutato
3233 935 3285 981 et
3347 943 3604 986 converso
3670 947 3758 984 na-

2178 1019 2307 1066 turae
2347 1012 2553 1078 ordine,
2620 1029 2807 1068 omnes
2871 1014 3199 1070 cruciatuum
3267 1018 3504 1074 materia}
3570 1019 3758 1074 electo-

2174 1117 2292 1155 rum
2361 1099 2678 1172 corporibus
2743 1101 2998 1157 adhibitm
3091 1105 3360 1159 ardentius
3449 1116 3760 1178 appetuntur

2175 1207 2335 1260 quam
2375 1190 2805 1260 exquisitissimae
2853 1191 3027 1262 cpulze
3059 1233 3074 1258 ,
3133 1209 3292 1262 quam
3349 1195 3758 1265 opulentissima:

2175 1279 2334 1334 totius
2373 1278 2559 1333 mundi
2597 1279 2806 1334 delicia:
2837 1295 2850 1348 ;
2884 1287 2936 1334 et
2991 1281 3046 1334 in
3104 1298 3288 1336 earum
3351 1284 3756 1354 acquisitionem

2174 1384 2238 1422 ac
2263 1367 2685 1435 venerationem,
2721 1369 2867 1438 (242)
2919 1369 3147 1441 prodige
3165 1369 3530 1441 dispensentur
3569 1375 3756 1444 acqui-

2173 1457 2287 1512 sita:
2317 1471 2528 1511 summo
2583 1473 2706 1510 cum
2762 1456 2945 1513 labore
3001 1474 3065 1514 ac
3119 1459 3355 1530 periculo
3419 1462 3670 1532 periturae
3698 1465 3754 1517 in

2174 1553 2448 1601 momento
2470 1545 2690 1601 divitiae.

2718 1704 3111 1762 CAPITULUM
3147 1706 3212 1761 V.

465 1830 554 1906 1:95
619 1811 1042 1906 CPPﬁger?nlurv_
1074 1810 1472 1906 Ordina‘isfima
1533 1809 1890 1906 PTOVidenﬁ?
1952 1826 2064 1906 διξεθ
2091 1826 2146 1888 Β
2180 1829 2333 1899 Quod
2352 1829 2502 1886 nihil
2528 1831 2592 1886 in
2611 1831 2825 1888 mundo
2843 1833 3160 1903 pretiosum
3183 1837 3541 1906 comparetur
3569 1837 3757 1893 cruci-

463 1901 832 1974 dispositione,
864 1901 1003 1955 inter
1031 1899 1148 1971 ipsa
1177 1898 1364 1954 mundi
1393 1897 1616 1954 exordia
1659 1898 2061 1970 preeordinavit.

1005 2069 1397 2126 CAPITULUM
1433 2068 1526 2124 IV.

413 2239 418 2248 -
472 2195 624 2270 Quod
653 2212 728 2254 ex
747 2193 994 2252 salutari
1023 2193 1209 2252 crucis
1230 2191 1516 2267 patibulo,
1553 2193 1616 2249 in
1645 2207 1810 2248 omne
1846 2194 2066 2248 sancto.

573 2302 704 2344 rum
729 2284 1072 2358 supplicium
1105 2283 1406 2353 transfusa
1426 2282 1502 2337 sit
1535 2280 1939 2349 sanctiﬁcatio.

540 2411 650 2468 Sed
675 2417 736 2466 ut
761 2409 830 2464 de
856 2406 1114 2464 altissima
1159 2404 1406 2461 salutaris
1461 2404 1596 2477 ligni
1651 2402 1951 2472 altitudine,
2009 2403 2067 2457 in

467 2501 622 2570 cujus
650 2497 963 2570 mysterium
1007 2511 1234 2566 sponsus
1287 2493 1432 2550 canit
1483 2493 1703 2564 mystice
1759 2493 1816 2547 in
1869 2492 2068 2548 amoris

468 2587 706 2647 carmine
730 2606 743 2642 :
767 2587 940 2642 Dixi:
961 2583 1272 2641 Ascendam
1287 2584 1350 2639 in
1365 2581 2068 2656 palmam,apprchendam

471 2682 700 2752 fructus
729 2677 851 2748 ejus
901 2675 1090 2742 (Cant.
1135 2687 1236 2740 vn,
1262 2673 1338 2741 8),
1372 2679 1425 2726 et
1479 2671 1653 2726 item:
1711 2671 1820 2727 Sub
1872 2671 2066 2727 arbore

471 2766 618 2826 mali
644 2763 916 2822 suscitavi
945 2766 1000 2819 te
1021 2762 1214 2828 (Cant.
1231 2776 1358 2827 vm,
1378 2763 1432 2830 5)
1469 2776 1481 2813 :
1506 2768 1582 2829 ut,
1606 2759 1846 2829 inquam,
1870 2759 1936 2814 de
1959 2767 2068 2814 tam

472 2855 693 2928 pretiosi
749 2851 884 2924 ligni
911 2850 1191 2906 altitudine
1236 2848 1563 2920 pedetentim
1598 2847 1951 2916 descendam,
2001 2849 2066 2902 in

475 2947 702 3003 hortum
724 2957 959 3005 nucum,
974 2943 1040 2996 ut
1059 2939 1276 2996 videam
1294 2937 1516 3008 mystica
1532 2954 1700 3010 poma
1715 2937 2068 2993 convallium

475 3034 666 3106 (Cant.
699 3047 776 3100 vr,
812 3032 921 3100 10),
957 3028 1013 3082 in
1041 3043 1268 3098 quorum
1298 3044 1396 3098 per
1423 3027 1652 3082 amicam
1677 3027 1850 3082 amico
1881 3026 2068 3080 decan-

475 3141 614 3190 tatur
641 3140 846 3203 typum,
864 3129 1002 3185 dabo
1027 3127 1126 3184 tibi
1147 3128 1448 3200 proculum
1468 3139 1543 3182 ex
1572 3127 1700 3182 vino
1731 3125 1978 3192 condito,
2011 3129 2069 3181 et

2351 1919 2454 1976 bus
2475 1921 2652 1988 Petri,
2673 1920 3003 1987 etAndrew,
3027 1937 3094 1976 ac
3125 1923 3291 1978 Pauli
3321 1927 3557 1980 catenae.

2244 2042 2376 2112 Quis
2405 2042 2547 2097 enim
2607 2045 2901 2113 thesaurus,
2966 2044 3084 2113 quis
3122 2044 3258 2116 lapis
3304 2047 3577 2118 pretiosus,
3641 2065 3760 2118 qua:

2173 2147 2415 2203 operosae
2445 2139 2667 2187 texturae
2709 2132 2890 2196 vestis,
2949 2142 3289 2201 comparetur
3342 2143 3537 2191 saneta:
3590 2137 3755 2204 cruci,

2173 2228 2226 2275 et
2251 2221 2478 2276 vinculis
2506 2220 2766 2292 principis
2796 2221 3074 2292 apostolici
3105 2221 3306 2276 ordinis
3361 2223 3518 2292 Petri,
3573 2224 3758 2279 inver-

2173 2309 2245 2362 sis
2271 2309 2570 2364 humilitate
2599 2309 3005 2379 incomparabili
3038 2310 3264 2380 pedibus
3292 2310 3526 2366 crucifixi
3555 2314 3583 2366 ‘P
3640 2330 3762 2383 quae

2172 2407 2300 2463 item
2356 2409 2542 2464 mundi
2601 2409 2920 2464 transeuntis
2971 2408 3172 2464 divitia:
3226 2411 3562 2466 conferantur
3615 2413 3763 2484 pati-

2173 2498 2300 2553 bulo
2338 2497 2510 2553 crucis
2547 2499 2792 2570 germani
2840 2499 2957 2568 ejus
3007 2498 3224 2553 nomine
3281 2508 3333 2553 et
3370 2501 3540 2572 gratia
3598 2501 3766 2556 virilis

2175 2586 2400 2641 Andreae
2430 2586 2458 2640 ‘?
2491 2586 2634 2656 quod
2665 2586 2850 2642 eximii
2915 2586 3116 2642 metalli
3175 2603 3346 2658 genus
3409 2589 3771 2661 mquiparctur

2175 2675 2407 2730 doctoris
2434 2681 2486 2730 et
2532 2675 2774 2746 magistri
2828 2675 3068 2747 gentium
3128 2677 3278 2731 Pauli
3334 2685 3553 2747 catenae,
3611 2678 3768 2748 cujus

2176 2765 2524 2836 praeconium,
2574 2765 2885 2836 Gregorius,
2944 2763 3302 2820 lucidissimus
3357 2775 3407 2821 ct
3461 2767 3767 2840 vigilantis-

2175 2853 2342 2908 simus
2370 2853 2661 2924 expositor,
2693 2861 2746 2907 et
2773 2853 3167 2922 contemplator
3208 2855 3444 2922 tlicorias,
3489 2857 3772 2928 descripsit

2175 2943 2463 3014 religiosae,
2495 2958 2562 2998 ac
2625 2942 2876 3014 ejusdem
2931 2943 3079 3012 (ξω)
3140 2945 3465 3017 spermologi
3524 2947 3770 3001 amatrici

2177 3032 2567 3086 ardentissimae
2647 3031 2794 3102 (244)
2861 3031 3185 3100 imperatrici
3251 3033 3616 3090 Constantia):
3693 3037 3772 3092 De

2177 3122 2414 3185 catenis,
2441 3120 2630 3189 inquit,
2663 3135 2802 3192 quas
2820 3121 2941 3193 ipse
2961 3124 3198 3176 sanctus
3218 3123 3429 3178 Paulus
3449 3123 3512 3178 in
3535 3125 3680 3180 collo
3712 3129 3771 3180 et

473 3191 730 3276 mustum
751 3191 1032 3272 malorum
1049 3191 1400 3269 Punicorum
1421 3211 1610 3281 (Cant.
1643 3225 1766 3276 vni,
1783 3211 1866 3280 2):
1893 3191 2070 3282 prote-
2101 3191 2152 3256 C
2179 3208 2443 3264 manibus
2453 3191 2803 3281 gestavit,ex
2833 3191 3031 3281 quibus
3045 3210 3233 3264 multa
3269 3211 3551 3268 miracula
3579 3213 3644 3268 in
3670 3229 3772 3285 po-

479 3307 608 3364 stari
636 3307 789 3362 salva
813 3303 922 3360 fide
951 3316 1240 3374 prmsumo,
1271 3299 1469 3356 ﬁducia
1523 3307 1744 3371 accepta
1799 3315 1898 3369 per
1953 3299 2074 3370 Spi-

476 3399 636 3454 ritum
667 3401 932 3460 sanctum,
983 3391 1128 3461 quod
1185 3407 1252 3445 ex
1307 3388 1522 3445 vivitico
1579 3397 1632 3444 et
1685 3387 1904 3444 salutari
1957 3405 2073 3443 cru-

475 3487 554 3544 cis
581 3483 842 3557 patibulo,
893 3495 1000 3551 quo
1057 3479 1246 3550 prima:
1311 3478 1768 3550 przevaricationis
1823 3476 2071 3532 vindica-

476 3584 588 3632 tum
619 3581 674 3629 et
699 3571 974 3642 expiatum
1016 3574 1096 3623 est
1151 3575 1430 3638 peceatum
1489 3575 1543 3622 et
1597 3566 1784 3622 mortis
1837 3566 2069 3620 solutum

471 3661 915 3733 chirographum,
946 3655 1170 3711 salvatio
1201 3663 1255 3710 et
1281 3652 1628 3710 sanctificatio
1675 3654 1940 3709 trausf‘usa
1995 3662 2073 3708 est

472 3751 528 3806 in
557 3767 716 3808 omne
747 3745 1090 3818 supplicium,
1123 3760 1229 3814 quo
1258 3743 1427 3800 sancti
1457 3750 1511 3798 et
1555 3743 1708 3798 electi
1767 3743 1886 3810 Dei,
1944 3759 2072 3798 cru-

472 3839 762 3912 ciﬁgentes
783 3852 1015 3894 carnem
1027 3850 1192 3890 suam
1209 3849 1338 3890 cum
1362 3833 1516 3888 vitiis
1528 3833 2070 3902 etconcupiscentiis

475 3930 622 3998 (Gal.
657 3943 712 3992 γ,
745 3927 859 3995 94),
891 3922 1224 3994 acceptabile
1254 3930 1306 3976 et
1334 3921 1682 3976 medullatum
1731 3921 1854 3977 Jesu
1910 3921 2070 3975 Chri-

475 4027 556 4077 sto
587 4014 840 4074 cruciﬁxo
872 4018 1184 4069 meruerunt
1238 4009 1292 4064 in
1345 4011 1566 4066 odorem
1623 4009 1899 4066 suavitatis
1955 4026 2072 4065 esse

475 4104 818 4164 sacrificium.
851 4100 1174 4172 Unigcnitus
1201 4097 1346 4154 enim
1406 4099 1574 4153 Patris
1629 4097 1718 4168 qui
1775 4098 2069 4154 secundum

475 4213 571 4254 vas
601 4191 879 4251 electionis
907 4190 1155 4254 Paulum,
1189 4196 1268 4243 est
1296 4191 1469 4260 caput
1501 4188 1750 4260 corporis
1784 4187 2066 4254 Ecclesiae,

474 4301 541 4344 ac
554 4283 928 4355 principium,
948 4278 1364 4354 primogenitus
1387 4292 1462 4334 ea:
1477 4277 1737 4346 mortuis,
1757 4275 2070 4350 paciﬁcans

469 4390 576 4454 per
597 4370 936 4444 sanguinem
964 4367 1153 4430 crucis
1181 4367 1327 4438 ejus,
1347 4369 1464 4423 sive
1479 4383 1602 4440 quae
1630 4367 1690 4422 in
1735 4367 1921 4432 terris,
1957 4368 2072 4423 sive

475 4479 600 4536 qua:
635 4461 700 4516 in
729 4459 886 4516 cretis
921 4460 1061 4514 sunt
1101 4456 1240 4524 (Col.
1274 4471 1314 4524 ι,
1350 4457 1532 4525 18-20)
1567 4469 1580 4523 ;
1613 4454 1941 4526 unigenitus,
1980 4454 2070 4508 in-

2176 3299 2312 3372 puto
2326 3297 2694 3354 demonstran
2702 3301 3047 3369 tur,partem
3057 3298 3207 3354 vobis
3221 3299 3472 3371 aliquam
3484 3305 3775 3358 transmit-

2183 3391 2302 3444 tere
2321 3387 2679 3458 festinabo,si
2699 3391 2892 3443 tamen
2913 3388 3060 3442 hanc
3085 3388 3286 3444 tollere
3304 3389 3554 3446 limando
3588 3394 3776 3449 value-

2179 3479 2401 3549 ro,quia
2416 3477 2552 3532 dum
2571 3479 2906 3548 frequenter
2918 3493 2994 3532 ex
3009 3478 3229 3532 catenis
3242 3478 3490 3548 ejusdem
3501 3482 3673 3536 multi
3686 3481 3775 3538 be-

2179 3566 2564 3622 nedictionem
2577 3569 2784 3637 petunt
2800 3585 2818 3632 ;
2831 3569 2898 3620 ut
2913 3581 3120 3638 parum
3136 3565 3269 3638 quid
3281 3583 3353 3622 ex
3370 3567 3774 3642 timaturaper-

2179 3656 2396 3728 cipiunt
2404 3655 2638 3721 ,assistit
2655 3653 2910 3710 sacerdos
2921 3671 3052 3710 cum
3070 3655 3290 3720 lima,et
3301 3657 3578 3730 aliquibus
3588 3664 3779 3730 peten-

2181 3745 2329 3800 tibus
2343 3745 2425 3800 ita
2437 3745 2655 3800 concite
2668 3743 2883 3816 aliquid
2895 3743 3024 3799 inde
3037 3745 3422 3812 κομίξων-,ιιι
3434 3762 3597 3803 mora
3607 3749 3775 3804 nulla

2177 3833 2253 3888 sit
2271 3850 2284 3888 :
2303 3832 2636 3905 quibusdam
2658 3849 2782 3889 vero
2796 3833 3240 3904 rogantibus,diu
3252 3850 3355 3904 per
3372 3839 3603 3893 catenas
3619 3839 3772 3909 ipsas

2179 3923 2315 3978 lima
2331 3920 2642 3987 ducitur,et
2659 3924 2852 3978 tamen
2871 3925 2938 3976 ut
2953 3922 3167 3989 aliquid
3184 3921 3317 3979 inde
3329 3927 3497 3979 exeat
3511 3941 3625 3981 non
3639 3927 3772 3982 obti-

2177 4015 2370 4067 netur.
2416 4010 2462 4066 Ο
2519 4027 2680 4080 quam
2738 4010 3076 4081 praeclarum,
3135 4026 3296 4080 quam
3353 4013 3618 4068 excellens
3671 4032 3769 4085 per

2178 4099 2458 4171 egregium
2488 4097 2860 4170 apostolicum,
2891 4097 3121 4169 speciale
3177 4099 3429 4170 paracleti
3483 4116 3765 4172 organum,

2178 4189 2408 4259 apostoli
2463 4186 2710 4258 supplicii
2767 4185 3118 4256 praeconium,
3205 4203 3312 4258 quo
3393 4189 3768 4246 excellentissi-

2179 4295 2325 4333 mum
2359 4285 2412 4332 et
2439 4275 2712 4349 magnifici
2740 4276 2958 4346 spiritus
2986 4283 3038 4330 et
3066 4275 3306 4347 corporis
3359 4277 3474 4348 ejus
3527 4279 3765 4335 declara-

2184 4374 2264 4422 tur
2292 4365 2540 4421 meritum
2577 4363 2706 4419 lEst
2762 4363 3002 4436 profecto
3058 4381 3268 4420 summa
3321 4367 3660 4423 veneratione
3719 4377 3770 4424 et

2179 4455 2535 4510 admiratione
2564 4454 2810 4525 dignum,
2843 4455 2984 4523 quod
3016 4454 3146 4508 lima
3175 4455 3372 4509 ferrum
3402 4456 3468 4510 ad
3498 4457 3766 4513 excutien-

477 4567 663 4623 quam,
696 4547 887 4616 Patris,
920 4545 1010 4616 qui
1039 4545 1258 4601 donans
1303 4545 1460 4600 nobis
1507 4543 1702 4599 omnia
1743 4543 1975 4609 delicta,
2013 4547 2069 4599 et
2097 4549 2152 4614 ι)
2182 4544 2310 4598 dum
2341 4552 2392 4598 et
2423 4543 2719 4598 limandum
2751 4542 2930 4597 subtili
2960 4549 3071 4597 arte
3116 4543 3351 4598 humana
3406 4545 3763 4617 excogitatum

471 4641 666 4698 deleas
677 4636 821 4714 quod
830 4634 1127 4692 adversum
1138 4647 1240 4690 nos
1250 4630 2070 4703 eratchirographumdecreti,

469 4729 628 4787 nobis
644 4727 877 4783 omnino
905 4723 1204 4790 contrarii,
1237 4723 1426 4794 ipsum
1446 4721 1586 4777 tulit
1608 4719 1678 4776 de
1700 4720 1904 4787 medio,
1927 4719 2072 4793 afﬂi-

471 4832 608 4894 gens
633 4816 784 4873 illud
815 4815 976 4871 cruci
1006 4813 1145 4883 (Col.
1177 4827 1240 4879 ιι,
1276 4813 1386 4878 tl),
1418 4811 1488 4865 de
1532 4809 1921 4866 amaritudine
1975 4826 2072 4864 sua

468 4905 834 4967 amarissima
863 4903 1000 4976 (Isa.
1033 4915 1270 4971 xxxviii,
1303 4901 1416 4972 17),
1467 4898 1832 4954 dulcissimam
1890 4897 2070 4952 dulce-

465 5103 561 5144 sua
588 5085 722 5142 fides
748 5086 853 5142 hac
879 5082 936 5138 in
963 5098 1021 5138 re
1041 5087 1286 5138 constare
1317 5077 1497 5146 debet,
1557 5075 1648 5148 qui
1704 5092 1767 5132 eo
1827 5083 2066 5149 tempore

466 5159 770 5301 Ποῖἕῗδιὸθ
795 5223 1383 5301 protoplastijolens
1429 5221 1622 5301 ruina.
1678 5219 1833 5301 Hunc
1888 5220 2064 5300 locum

465 5290 746 5430 gescripsit
789 5290 859 5355 ex
922 5290 1093 5352 n'obili
1149 5293 1388 5352 Ecclesia
1450 5295 1672 5364 hymno,
1737 5291 1890 5364 cujus
1955 5290 2064 5345 ini-

507 5390 598 5430 um
631 5391 644 5430 :

507 5390 644 5430 um:

539 5515 746 5584 Pange,
771 5510 990 5581 lingua,
1014 5505 1245 5584 gloriosi

539 5581 811 5642 Proelium
839 5581 1202 5648 certaminis,

464 5727 617 5798 cujus
645 5731 831 5782 auctor
857 5722 1151 5798 Yenantius
1168 5797 1174 5798 ί
1205 5723 1540 5787 Fortunatus,
1575 5719 1664 5789 qui
1705 5717 1760 5774 in
1815 5717 2064 5776 humanis

463 5792 662 5870 agebat
689 5810 834 5870 anno
863 5792 1058 5870 Christi
1069 5795 1208 5870 βτί).

540 5871 688 5938 (241)
719 5862 1191 5925 Irrevocabilitcr.
1215 5863 1355 5917 Nam
1376 5875 1627 5918 revocare
1647 5861 1876 5932 gradum
1900 5864 2064 5918 homo

2184 4641 2235 4689 et
2290 4633 2746 4700 transformatum,
2806 4639 3010 4686 astante
3066 4648 3278 4688 summa
3330 4649 3451 4688 cum
3508 4633 3767 4705 supplica-

2183 4721 2328 4778 tione
2357 4728 2410 4775 et
2430 4721 2598 4794 digna
2628 4719 2846 4776 elimato
2877 4719 2945 4774 ad
2975 4737 3213 4793 unguem
3243 4728 3297 4776 et
3346 4721 3765 4780 eminentissimo

2180 4810 2437 4865 electonis
2464 4826 2589 4865 vase
2618 4809 2916 4864 reverentia
2943 4809 3041 4864 Dei
3085 4811 3358 4864 sacerdote
3413 4827 3532 4866 cum
3587 4813 3764 4868 eccle-

2177 4899 2391 4954 siastico
2421 4899 2608 4955 ordine
2639 4898 2769 4954 nihil
2799 4905 2973 4970 potest
2991 4906 3258 4968 excutere,
3291 4899 3392 4954 nisi
3421 4900 3652 4970 quando,
3712 4912 3762 4958 et

2175 5079 2358 5160 lapsus
2385 5095 2492 5135 non
2524 5085 2750 5151 poterat,
2802 5076 2902 5132 uisi
2959 5095 3081 5134 eum
3138 5078 3330 5134 Christi
3383 5095 3513 5135 crux
3557 5085 3610 5134 et
3642 5097 3763 5150 pas-

2173 5151 2254 5208 sio
2284 5151 2532 5222 erigeret.

2247 5220 2396 5294 (242)
2436 5220 3140 5294 Ρνοιίἱρθξᾱὶεμεηεθηιιιν.
3173 5221 3351 5294 Plenas
3404 5229 3526 5276 sunt
3577 5236 3764 5294 omnes

2175 5291 2412 5350 historiae
2466 5295 2568 5349 hoc
2609 5291 2778 5360 cultu,
2810 5291 2942 5348 'hoc
2997 5293 3096 5349 SS.
3155 5291 3498 5362 reliquiarum
3553 5292 3754 5349 studio.

2173 5363 2496 5444 Exemplum
2544 5380 2697 5436 cape,
2747 5370 2801 5420 et
2855 5379 2923 5418 ex
2976 5363 3151 5436 capite
3208 5365 3412 5434 quinto,
3453 5363 3594 5434 quod
3643 5363 3760 5434 jam

2172 5442 2429 5492 sequitur.

2235 5453 2784 5580 ίὲἓϊξῖίδρεντηοιοθξ.
2809 5507 2867 5562 S.
2891 5505 3116 5580 Paulum
3137 5506 3437 5580 apostolum
3458 5503 3679 5560 Athenis
3691 5505 3762 5580 sic

2172 5575 2804 5648 \‘ocabantphilosophi:
2862 5575 3006 5648 quod
3064 5575 3216 5634 vetus
3269 5577 3530 5648 interpres
3585 5578 3759 5644 vertit,

2171 5651 2620 5706 seminiverbius.
2644 5651 2777 5704 Act.
2811 5663 2949 5712 xm,
2987 5651 3071 5704 18.

2245 5723 2392 5791 (244)
2450 5719 2831 5792 Ινηρεναζνὶορ
2864 5721 3284 5777 Constantium.
3349 5719 3761 5792 Corrigendum,

2175 5790 2542 5868 Constantia};
2575 5807 2642 5847 ex
2672 5790 2790 5863 ipso
2820 5791 2937 5847 loco
2965 5792 3034 5847 D.
3069 5791 3337 5863 Gregorii.
3370 5791 3465 5848 lib.
3500 5790 3539 5848 ιί
3591 5795 3760 5868 Regi-

2165 5863 2284 5934 stri,
2316 5863 2472 5936 epist.
2506 5869 2592 5920 30.
