3882 6428
162 397 273 453 397

1060 393 1321 451 FLORES
1358 395 1700 452 EPITAPllII
1741 395 2181 453 SANCTORUM.
2223 426 2292 443 ν·-
2330 397 2456 457 LIB.
2496 395 2587 452 ιν.

3375 408 3476 465 398

164 528 450 591 quantum,
474 536 535 576 ac
555 520 749 591 quibus
769 521 1088 576 concesserit
1113 521 1445 594 indulgentia
1478 529 1531 575 et
1560 521 1767 592 proflua
1793 523 1851 585 Α
1882 524 2069 577 horum
2102 522 2251 591 quasi
2317 522 2546 577 imbrem
2604 522 2863 593 lapidum,
2914 526 3099 583 collisa
3140 527 3378 597 durities,
3428 538 3481 585 et

162 610 342 681 pietas
353 609 681 680 dignationis
692 610 1069 681 apostolicreﬂ
1081 626 1241 680 quam
1260 611 1419 683 longe
1433 627 1562 666 auro
1584 611 1767 667 obrizo

162 698 460 769 pretiosior
486 706 566 752 est
590 706 777 752 catena
834 698 1147 769 apostolica,
1204 716 1300 770 per
1336 716 1497 769 quam
1528 700 1767 771 alligata,

164 794 222 841 et
253 788 320 841 ad
352 786 568 841 Domini
600 786 698 841 Dei
756 786 1029 842 Sabbaoth
1057 787 1298 842 notitiam
1345 794 1585 855 attracta,
1628 795 1679 842 et
1716 788 1773 842 in

164 874 277 929 tide
308 875 569 931 catholica
598 874 825 929 solidata
854 882 931 927 est
960 874 1131 929 ferrea
1177 876 1418 946 gentium
1458 875 1670 932 duritia.

724 1014 1114 1070 CAPITULUM
1145 1016 1233 1069 Vl.

162 1123 252 1178 De
283 1122 563 1194 lapidibus
591 1122 1026 1194 protomartyris
1055 1121 1368 1193 Stephani,
1401 1125 1457 1177 et
1494 1122 1776 1177 craticula

822 1212 1138 1267 Laurentii.

246 1320 313 1371 At
360 1315 485 1388 quid
550 1315 947 1387 conjiciendum
1023 1316 1089 1370 de
1161 1317 1409 1372 torrentis
1471 1316 1776 1387 lapidibus,

164 1406 370 1476 quibus
448 1414 806 1477 protomartyr
877 1406 1179 1475 Stephanus
1243 1421 1341 1475 pro
1416 1405 1649 1460 nominis
1699 1404 1779 1458 sui

165 1511 377 1551 corona
404 1502 484 1548 est
514 1494 780 1549 obrutus?
826 1493 967 1563 Quid
1020 1494 1346 1549 censendum
1406 1494 1471 1548 de
1530 1494 1783 1550 craticula

167 1584 370 1651 ferrea,
442 1598 603 1651 super
671 1598 831 1653 quam
878 1582 1095 1637 adustus
1160 1591 1335 1637 estex
1397 1582 1784 1653 gloriosissima

164 1672 361 1728 laurea
389 1671 604 1726 sortitus
635 1686 831 1725 nomen
898 1671 1250 1725 Laurentius?
1310 1671 1591 1739 Utriusque
1650 1686 1782 1740 sup-

166 1761 399 1831 plicium
445 1760 499 1814 in
559 1760 718 1813 totius
770 1759 955 1812 mundi
1014 1776 1227 1813 versum
1268 1767 1345 1813 est
1397 1760 1694 1813 remedium
1734 1764 1787 1812 et

166 1849 447 1916 solatium,
472 1856 525 1902 et
552 1848 619 1901 de
666 1848 930 1919 supplicio
976 1848 1167 1902 liberat
1197 1863 1419 1918 corpora
1460 1855 1514 1902 et
1554 1847 1761 1902 animas

166 1937 369 1991 intimo
406 1936 565 1991 corde
604 1944 655 1989 et
684 1935 838 1990 ﬁrma
866 1935 969 1990 title
999 1937 1434 2005 supplicantium.
1467 1937 1568 1991 Par
1596 1936 1787 1990 utrius-

171 2044 284 2095 que
353 2026 601 2081 meritum
670 2026 784 2095 pari
851 2024 1051 2079 divinae
1138 2025 1551 2093 dispensationis
1614 2024 1787 2095 gratia

170 2115 523 2169 distributum
581 2123 659 2168 est
706 2115 759 2167 in
809 2115 993 2186 dispar
1021 2114 1294 2185 utriusque
1330 2115 1673 2186 supplicium,
1737 2123 1790 2170 et

168 2204 456 2259 dissimilis
486 2220 660 2274 ptrue:
699 2204 1108 2257 instrumentum
1141 2204 1339 2258 factum
1379 2210 1456 2257 est
1495 2203 1679 2257 mundi
1708 2203 1787 2256 si-

174 2293 316 2348 mile
347 2309 409 2347 ac
438 2309 535 2362 per
564 2292 1005 2359 emolumentum,
1040 2292 1292 2363 etingens
1312 2293 1519 2363 angelis
1538 2300 1590 2345 et
1618 2291 1791 2345 homi-

174 2382 344 2436 nibus
374 2381 688 2452 tripudium.
720 2383 781 2435 In
821 2390 1044 2451 utroque
1102 2397 1328 2435 summa:
1384 2380 1791 2450 pulchritudinis

175 2478 233 2525 et
257 2470 549 2525 sanctitatis
578 2469 824 2524 membro
854 2485 971 2537 suo,
1012 2476 1173 2539 caput
1212 2470 1503 2524 electorum
1554 2469 1790 2522 Christus

174 2560 447 2615 Dominus
466 2566 545 2612 est
572 2574 757 2629 passus
781 2572 793 2625 ;
813 2558 865 2612 in
889 2558 1249 2625 altero,saxea
1279 2558 1421 2611 mole
1451 2564 1745 2625 prostratus
1774 2570 1787 2624 ;

178 2649 240 2702 in
273 2649 462 2715 altero,
496 2647 681 2719 prunis
712 2647 1103 2716 superpositus,
1141 2647 1291 2714 (245)
1324 2647 1482 2717 piscis
1528 2645 1793 2714 paschalis

148 2802 155 2807 ο
178 2746 421 2793 assatus:
457 2744 510 2790 et
538 2736 659 2791 ideo
673 2736 808 2790 sicut
827 2735 1079 2789 salvilica:
1106 2736 1277 2789 crucis
1304 2751 1415 2789 sum
1472 2734 1790 2805 patibulum,

178 2827 263 2881 sic
290 2826 564 2895 utriusque
583 2824 649 2878 de
679 2824 1038 2878 sacratissimo
1070 2824 1332 2894 passionis
1355 2839 1464 2877 sua":
1503 2823 1686 2889 calice,
1727 2822 1793 2877 de

180 2915 320 2971 vino
350 2912 577 2969 condito
596 2916 655 2968 et
681 2916 868 2968 musto
898 2913 1182 2967 malorum
1206 2916 1579 2982 granatorum
1602 2911 1791 2979 (Cant.

182 3018 306 3070 vm,
328 3006 382 3071 2)
408 3000 654 3055 inebriati
685 3000 1028 3071 supplicium,
1059 3000 1221 3053 modo
1252 2999 1643 3071 dispensatorio
1673 3014 1798 3068 pro-

181 3090 343 3157 vidit,
376 3090 699 3162 procuravit,
732 3097 786 3142 et
813 3088 1143 3144 consecravit
1190 3088 1243 3142 in
1272 3088 1496 3143 salutem
1552 3088 1793 3143 omnium

183 3178 633 3250 promerentium.
669 3178 733 3232 Et
762 3177 880 3248 quis
909 3193 1017 3232 non
1045 3176 1207 3249 longe
1236 3176 1626 3232 excellentioris
1656 3174 1796 3230 aesti-

182 3276 302 3323 met
324 3268 498 3337 praetii
527 3266 891 3337 qualecunque
924 3265 1171 3337 fragmen
1227 3282 1295 3319 ex
1357 3265 1546 3337 rigidis
1594 3265 1793 3336 lapidi-

185 3357 295 3411 bus
347 3356 517 3423 tactis,
578 3361 632 3409 et
678 3354 908 3421 infectis,
981 3354 1090 3409 imo
1149 3354 1473 3409 consecratis
1530 3354 1791 3425 sanguine

190 3443 602 3517 protomartyris
633 3442 920 3514 Stephani;
954 3459 1114 3512 quam
1168 3443 1323 3513 juxta
1352 3459 1565 3497 sensum
1624 3443 1796 3497 histo-

189 3534 387 3600 ricum,
420 3533 864 3605 operimentum,
889 3539 941 3584 et
970 3540 1342 3585 ornamentum
1370 3531 1649 3602 principis
1674 3531 1798 3602 Tyri

188 3620 414 3685 (Ezech.
448 3636 639 3688 xxvm,
672 3622 779 3689 13),
839 3619 1209 3672 duodenarum
1270 3619 1518 3674 videlicet
1553 3619 1791 3689 lapidum

190 3711 296 3764 sub
329 3710 447 3780 lege
494 3726 589 3780 per
643 3716 869 3777 quatuor
920 3708 1153 3775 ordines,
1210 3708 1263 3761 in
1317 3708 1560 3762 rationali
1600 3708 1794 3761 summi

189 3798 486 3869 pontificis,
545 3798 767 3866 mystica
830 3796 1034 3851 ratione
1111 3795 1491 3865 dispositorum
1570 3796 1796 3850 nitorem

192 3886 644 3959 perstringentem
679 3892 731 3939 et
758 3892 1120 3940 exaecantem
1176 3885 1359 3940 oculos
1413 3885 1797 3956 concupiscen-

194 3978 264 4031 tis
294 3974 520 4029 animi?
556 3973 754 4041 (Exod.
824 3989 1022 4041 χχχιχ,
1074 3977 1104 4026 8
1163 3974 1340 4043 seqq.)
1398 3974 1533 4028 Sunt
1561 3974 1799 4043 profecto

195 4066 275 4120 illi
336 4063 541 4134 lapides
595 4062 833 4133 pretiosi,
910 4062 1258 4117 instrumenta
1335 4070 1389 4117 et
1458 4062 1803 4117 incitamenta

197 4153 444 4208 lartilera)
524 4151 806 4206 avaritiae:
876 4156 996 4204 sunt
1039 4151 1123 4204 isti
1178 4167 1366 4206 revera
1438 4151 1504 4205 de
1572 4157 1802 4205 torrente

202 4241 429 4310 accepti,
462 4240 793 4294 munimenta
834 4247 887 4293 et
941 4240 1344 4311 prapugnacula
1399 4247 1583 4294 contra
1637 4239 1801 4308 spiri-

203 4331 369 4385 tualia
388 4329 658 4397 nequitiae,
689 4336 742 4382 et
774 4327 1012 4383 victricia
1063 4328 1237 4398 jacula
1306 4329 1580 4383 Davidicze
1626 4329 1801 4383 victo-

203 4419 300 4473 ria:
332 4417 382 4485 (I
396 4419 521 4488 Reg.
544 4432 678 4483 xvn,
712 4418 827 4485 40).
884 4417 1103 4470 Illorum
1162 4417 1341 4489 fulgor
1395 4418 1587 4472 mentis
1631 4418 1801 4471 aciem

204 4505 541 4573 obtenebrat,
600 4506 653 4560 in
707 4512 947 4559 mutuam
1015 4505 1217 4560 eadem
1273 4505 1505 4560 fraterna
1551 4513 1605 4559 et
1660 4505 1802 4560 ami-

1875 611 2148 680 compluta
2176 620 2253 665 est
2284 611 2434 666 arida
2466 617 2603 667 terra
2631 610 2907 669 cordium:
2966 623 3021 670 et
3083 618 3233 687 (246)
3292 618 3483 673 Saulus

1878 699 2062 770 lupina
2088 699 2238 756 rabie
2281 717 2439 755 mane
2498 698 2762 769 involans,
2796 710 2849 756 et
2904 705 3193 760 comedens
3242 708 3481 778 praedam

1879 787 2038 856 (Gen.
2097 803 2245 857 xux,
2296 792 2434 858 27);
2505 795 2798 860 prostratus
2872 794 3101 849 mutavit
3171 811 3370 850 nomen
3436 802 3492 849 et

1878 876 2157 944 meritum;
2192 885 2244 933 et
2288 886 2493 932 erectus
2540 876 2732 935 Paulus
2777 895 2870 935 vas
2912 881 3205 952 electionis,
3266 900 3486 954 vespere

1882 963 2073 1018 dividit
2111 965 2283 1035 spolia
2331 966 2660 1037 evangelicze
2718 967 3113 1038 praedicationis
3158 970 3213 1025 in
3277 971 3489 1028 univer-

1882 1050 2091 1106 sitatem
2112 1054 2381 1124 gentium:
2416 1060 3159 1130 ettervirgiscwsus,semel
3199 1058 3487 1132 lapidatus

1884 1140 1957 1207 (II
1998 1140 2117 1198 Cor.
2167 1158 2243 1197 χι.
2304 1144 2415 1211 25),
2473 1162 2536 1200 ac
2591 1147 2843 1203 omnibus
2897 1149 3147 1205 humanm
3178 1147 3485 1204 aﬂlictionis

1886 1239 2133 1308 periculis
2191 1248 2327 1296 terra
2382 1243 2623 1313 marique
2704 1246 3067 1317 periclitatus;
3157 1254 3209 1300 et
3265 1247 3487 1301 amaris-

1885 1327 2020 1381 sime
2048 1344 2210 1383 senex
2251 1330 2419 1399 luens,
2455 1333 2598 1402 quod
2636 1334 2947 1389 adolescens
2994 1342 3192 1388 temere
3236 1334 3489 1393 observa-

1887 1414 1964 1469 vit
1986 1417 2277 1472 sarcinulas
2316 1420 2563 1487 vestium,
2596 1430 2649 1476 et
2688 1439 2876 1478 omnes
2924 1431 3136 1478 exertos
3189 1422 3487 1492 reddendo,

1888 1503 2039 1571 (247)
2087 1522 2217 1561 saxa
2275 1507 2459 1577 injecit
2518 1526 2615 1581 per
2669 1512 2911 1567 omnium
2987 1528 3177 1567 manus
3236 1511 3487 1583 lapidan-

1892 1592 2374 1658 tium,iunumeros
2424 1598 2639 1669 lapides
2668 1601 2816 1656 vivos
2861 1600 2911 1671 (Ι
2937 1602 3090 1657 Petr.
3150 1615 3209 1666 ιι,
3264 1602 3338 1669 4),
3371 1600 3488 1671 spi-

1889 1693 2125 1761 rituales,
2159 1697 2436 1766 pretiosos,
2470 1699 2527 1753 in
2582 1699 2950 1766 fundamento,
3010 1700 3154 1770 quod
3210 1708 3290 1755 est
3345 1701 3494 1756 Chri-

1892 1791 2003 1837 stus
2058 1784 2227 1850 Jesus,
2296 1785 2563 1853 fundatas,
2612 1788 2665 1843 in
2721 1789 2954 1843 uranica:
3017 1790 3177 1844 curia!
3249 1804 3497 1859 compor-

1767 1889 1779 1913 ν
1812 1879 1866 1939 Β
1898 1885 1971 1932 tat
1998 1885 2047 1931 et
2072 1875 2367 1944 transponit
2400 1874 2706 1930 aediﬁcium.
2757 1876 3024 1932 Nimirum
3071 1894 3285 1934 summa
3320 1878 3494 1933 devo-

1893 1973 2034 2021 tione
2063 1963 2369 2020 veneranda
2399 1972 2452 2018 et
2495 1965 2800 2036 appetenda
2838 1973 2918 2020 est
2958 1972 3223 2021 tantorum
3256 1966 3493 2036 lapidum

1892 2061 2134 2125 materia,
2169 2075 2289 2129 quae
2329 2060 2503 2129 ipsum
2553 2066 3018 2129 protomartyrem,
3063 2061 3241 2131 lapidi
3278 2076 3496 2118 summo

1891 2157 2159 2230 anguiari
2198 2156 2251 2225 (1
2289 2158 2437 2212 Petr.
2470 2172 2528 2224 ιι,
2561 2157 2617 2224 6)
2678 2156 2994 2211 familiarius
3032 2158 3492 2229 compaginatum.

1891 2248 2099 2301 Christo
2131 2246 2272 2309 Jesu,
2307 2253 2359 2299 et
2388 2261 2483 2313 per
2510 2245 2626 2314 ejus
2676 2244 2934 2315 praeclara
2991 2246 3241 2315 exempla
3289 2254 3342 2301 et
3387 2264 3500 2300 me:

1891 2336 2013 2401 rita,
2047 2333 2420 2388 inumerabilia
2456 2341 2749 2402 martyrum
2803 2333 2992 2401 millia,
3025 2334 3232 2405 lapides
3286 2334 3499 2391 delatos

1893 2424 2209 2478 instructura
2278 2420 2417 2475 muri
2486 2421 2716 2476 caelestis
2789 2422 3104 2478 Jerusalem
3180 2422 3501 2491 aediﬁcatur

1894 2515 1959 2567 ut
1990 2510 2558 2576 civitas(Psal.cxx1,
2595 2511 2668 2578 3),
2700 2508 2791 2563 ubi
2805 2525 2923 2566 non
2953 2510 3192 2566 auditur
3209 2512 3426 2566 securis
3443 2515 3501 2567 et

1895 2600 2138 2654 malleus
2170 2598 2271 2667 (Ill
2290 2599 2415 2669 Reg.
2450 2612 2523 2666 vt,
2559 2601 2590 2652 7
2599 2617 2653 2666 )z
2689 2598 3099 2652 adversitatibus
3128 2607 3180 2652 et
3220 2599 3504 2668 disciplina

1895 2687 2134 2742 veritatis
2163 2688 2500 2753 exercitatos,
2533 2693 2586 2740 et
2616 2686 2683 2740 ad
2731 2703 2968 2759 unguem
3018 2686 3364 2758 perfectionis
3413 2704 3505 2741 ex-

1898 2783 2112 2855 politos,
2165 2782 2513 2854 dispositione
2569 2781 2967 2837 ordinatissima
3024 2783 3349 2853 transposuit
3406 2799 3505 2854 per

1896 2873 2015 2927 loca
2044 2871 2247 2925 meritis
2266 2871 2599 2943 singulorum
2622 2886 2879 2942 congrua.
2916 2871 2980 2924 Et
3009 2871 3137 2940 quid
3163 2872 3340 2942 piscis
3388 2873 3506 2927 assi

1900 2977 2029 3017 cum
2059 2962 2186 3031 favo
2216 2960 2405 3015 mellis
2446 2959 2601 3027 (Luc.
2636 2975 2787 3025 xxxv,
2812 2961 2921 3027 42),
2950 2959 3355 3029 exquisitissimi
3398 2959 3505 3015 cibi

1899 3050 2164 3119 paschalis
2192 3049 2330 3119 Agni
2360 3048 2574 3114 Christi,
2607 3047 2860 3102 craticula
2888 3047 3178 3116 Laurentii,
3217 3048 3366 3118 quid,
3428 3048 3507 3103 in-

1904 3162 2086 3216 quam,
2119 3161 2216 3214 per
2244 3144 2490 3198 meritum
2539 3144 2786 3214 martyris
2837 3144 3064 3215 egregii,
3125 3143 3179 3197 in
3231 3161 3291 3198 se
3346 3144 3510 3203 habet

1824 3236 1874 3297 C
1903 3232 2266 3304 prctii‘?Quid
2297 3234 2537 3303 inquam,
2581 3230 2859 3287 materiale
2908 3232 3189 3301 quisquam
3244 3232 3293 3286 ei
3334 3239 3508 3302 potest

1898 3337 2212 3393 comparare
2232 3318 2429 3376 ‘I'Nam
2460 3320 2655 3391 ipsum,
2686 3324 2689 3327 ’
2714 3320 2781 3374 de
2812 3334 2920 3390 qu)
2978 3318 3327 3392 magnificum
3376 3320 3506 3374 illud

1903 3412 2167 3483 prolatum
2208 3417 2287 3465 est
2334 3409 2702 3480 praeconium:
2738 3408 2916 3475 Quam
2989 3409 3254 3464 abscondi
3313 3412 3503 3479 potest

1907 3509 2095 3571 Roma,
2128 3509 2247 3560 tam
2268 3503 2532 3560 abscondi
2557 3505 2744 3574 potest
2764 3502 3063 3557 Laurentii
3082 3517 3306 3570 corona,
3333 3500 3508 3571 ipsum

1906 3601 2144 3663 inquam,
2183 3600 2432 3661 tanquam
2464 3606 2649 3645 aurum
2682 3590 2805 3659 igne
2836 3597 3137 3644 excoctum.
3186 3589 3506 3661 probatum,

1895 3684 2207 3753 purgatum
2228 3679 2555 3751 septuplum
2590 3679 2763 3745 (Psal.
2800 3693 2874 3744 x1,
2908 3681 2985 3747 ‘7),
3032 3685 3085 3730 et
3116 3677 3167 3730 in
3227 3691 3507 3730 numerum

1907 3771 2023 3840 ejus
2069 3768 2425 3825 inaestimabili
2466 3768 2717 3835 exemplo
2768 3774 3137 3837 provocatum,
3191 3774 3239 3820 et
3278 3766 3511 3821 ﬂammis

1906 3857 2223 3915 ardentioris
2272 3856 2394 3910 ﬁdei
2448 3863 2501 3909 et
2581 3854 2852 3910 charitatis
2898 3869 3179 3908 accensum
3237 3855 3509 3925 utriusque

1906 3965 2066 4003 sexus
2093 3946 2370 4017 populum,
2406 3946 2708 3999 thesaurum
2757 3943 3235 4014 incomparabilem
3274 3959 3337 3997 ac
3394 3958 3514 4013 pre-

1910 4044 2254 4100 tiosissimum
2283 4043 2338 4096 in
2365 4042 2528 4115 Regis
2557 4059 2745 4114 regum
2776 4040 3019 4098 omnium
3051 4049 3103 4095 et
3130 4041 3347 4096 Domini
3405 4042 3511 4097 do-

1910 4132 2227 4187 minantium
2252 4130 2542 4185 transmisit
2570 4129 3034 4202 gazophylacium.
3086 4130 3264 4185 Unum
3314 4130 3503 4201 profe-

1911 4230 1995 4277 cto
2027 4228 2187 4277 tanta:
2215 4221 2374 4275 cratis
2418 4219 2604 4275 ferreae
2643 4235 2831 4289 segnia
2862 4218 3295 4286 minutissimum,
3328 4218 3510 4289 longe,

1912 4319 2020 4373 imo
2046 4317 2545 4387 incomparabiliter
2574 4316 2829 4386 praecellit
2875 4331 3057 4381 omne,
3109 4314 3253 4384 quod
3284 4316 3338 4369 in
3368 4315 3517 4372 able.

1912 4406 2140 4462 ctatione
2180 4422 2358 4460 rerum
2415 4405 2771 4458 materialium
2829 4411 2907 4458 est
2955 4403 3279 4458 avidissima;
3325 4405 3517 4459 mentis

1912 4496 2163 4549 humanae
2211 4492 2567 4565 prmstigium.
2601 4492 2665 4547 Et
2693 4491 2834 4547 unde
2866 4493 2979 4547 haec
3034 4490 3279 4563 largiflua
3326 4508 3519 4561 super-

203 4595 419 4649 cissima
476 4593 639 4649 corda
708 4594 965 4662 concitat;
1025 4594 1243 4648 istorum
1322 4595 1471 4667 rigor
1542 4610 1648 4651 uno
1697 4594 1801 4649 ictu

1911 4583 2149 4639 abundat
2174 4582 2366 4653 gratia,
2399 4581 2538 4636 unde
2587 4587 2730 4635 tanta
2760 4579 3019 4635 exuberat
3063 4580 3265 4651 gloria;
3321 4579 3421 4633 nisi
3451 4580 3518 4635 de

203 4684 430 4755 mystico
462 4683 675 4737 Goliam
718 4684 925 4736 hostem
994 4681 1307 4750 immanem,
1366 4683 1663 4751 robustum,
1720 4699 1810 4738 ar-

199 4772 302 4825 mis
344 4770 667 4825 terribilibus
722 4770 984 4824 munitum
1042 4778 1344 4841 exsuperat,
1405 4778 1618 4841 totaque
1674 4771 1815 4825 Allo-

202 4860 485 4931 phylorum
554 4859 835 4913 contraria)
917 4857 1164 4912 videlicet
1250 4859 1572 4913 fortitudinis
1645 4868 1815 4914 castra

205 4946 508 5015 conturbat,
546 4947 714 5018 fugat,
748 4946 1019 5016 proculcat
1052 4956 1101 5001 et
1131 4947 1450 5002 exterminat
1501 4949 1679 5016 (ibid,
1714 4951 1815 5003 40-

208 5037 331 5106 53):
397 5052 461 5091 ac
516 5035 734 5090 inimica
790 5035 955 5091 corda
1012 5036 1160 5089 omni
1217 5036 1470 5108 propulsa
1526 5036 1815 5106 discordia,

212 5124 523 5180 arctissimis
575 5124 827 5179 amicitia)
885 5140 950 5179 ac
1016 5125 1289 5179 charitatis
1350 5126 1578 5181 vinculis
1634 5126 1824 5197 alligat

214 5222 268 5267 et
320 5214 465 5268 danti
507 5229 697 5282 pacem
736 5228 898 5283 super
950 5229 1139 5282 pacem
1181 5215 1295 5269 Deo
1353 5215 1680 5269 reconciliat.
1724 5216 1824 5269 Per

288 5445 437 5513 (245)
468 5445 644 5518 Piscis
686 5443 994 5518 paschalis.
1052 5443 1229 5518 Alludi
1282 5442 1349 5499 ad
1404 5443 1620 5518 ρὶεςριη
1640 5445 1824 5518 prunis

288 5462 437 5513 me)
468 5462 644 5502 Pascis
666 5462 994 5572 fascaaus.
1052 5462 1229 5499 Alluul
1282 5462 1349 5499 au
1404 5462 1608 5514 piscem
1640 5462 1821 5518 prunis

219 5517 632 5588 superpositum,
669 5532 827 5588 ⁸οαη.
858 5531 977 5582 XXI,
1019 5518 1104 5571 19.
1138 5517 1238 5570 Per
1256 5532 1381 5588 cum
1418 5517 1549 5573 vult.
1579 5516 1821 5572 Thiafri-

222 5585 317 5659 dus
346 5585 613 5643 Christum
652 5585 1010 5659 designatum,
1064 5594 1279 5642 secutus
1332 5587 1510 5659 plures
1575 5590 1823 5658 antiquos

221 5658 419 5733 Patres,
442 5656 884 5733 utAugustinum,
907 5656 1136 5733 Tractat.
1160 5656 1402 5733 cxxm'in
1429 5659 1561 5733 loan
1586 5673 1599 5728 ;
1651 5656 1818 5733 Greg.

224 5726 513 5795 homﬂt;
547 5726 673 5782 item
706 5728 925 5782 Hieron.
952 5742 965 5794 ;
989 5726 1245 5798 A0rigen.,
1281 5729 1499 5784 Tertull.

293 5803 438 5869 (246)
468 5801 675 5855 Saulus
697 5799 897 5869 lupina
911 5796 1066 5869 rabie
1080 5796 1249 5854 inane
1270 5800 1551 5857 involans.
1586 5801 1685 5856 Ex.
1717 5804 1822 5857 Au-

227 5868 435 5939 gustino
466 5872 583 5926 haec
610 5868 870 5939 sumpsit:
924 5868 1066 5939 apud
1113 5885 1273 5940 quem
1330 5871 1633 5943 elegantem
1680 5874 1820 5932 hanc

1921 4669 2326 4742 inexcogitabili
2366 4677 2417 4724 et
2471 4668 2729 4724 ineffabili
2791 4666 2940 4737 (258)
2997 4666 3287 4723 conditoris
3330 4668 3442 4737 ylcs
3469 4674 3524 4722 et

1921 4760 2140 4831 aplanes
2168 4757 2532 4813 muniﬁcentia
2552 4759 2578 4810 ἱ)
2604 4759 2743 4811 Nam
2774 4758 2869 4828 qui
2925 4760 3201 4828 oparatur
3240 4757 3432 4813 omnia
3460 4757 3525 4812 in

1924 4848 2181 4904 omnibus
2210 4847 2397 4915 (lCor.
2430 4862 2527 4911 xu,
2554 4848 2629 4911 6),
2664 4845 2752 4914 qui
2810 4852 3004 4897 statum
3048 4842 3370 4897 conditionis
3416 4845 3521 4898 hu-

1926 4952 2121 5004 manze,
2155 4952 2251 5008 per
2281 4951 2340 4990 os
2367 4935 2613 4999 dolentis,
2650 4941 2703 4987 et
2745 4932 3147 5004 ingemiscentis
3175 4932 3275 4986 Job
3305 4932 3527 5002 mystice

1928 5042 1990 5081 ac
2018 5024 2370 5096 tropologice,
2402 5029 2679 5093 comparat
2701 5022 2935 5078 navibus
2978 5037 3144 5094 poma
3173 5022 3528 5094 portantibus

1931 5114 2047 5182 (Job
2078 5129 2153 5181 Ix,
2188 5117 2300 5183 26),
2351 5112 2407 5166 in
2462 5112 2705 5166 omnium
2764 5111 3052 5165 electorum
3107 5124 3343 5177 suorum,
3393 5109 3526 5180 (qui,

1943 5201 2069 5255 dum
2128 5201 2195 5256 ad
2252 5201 2490 5271 ingenita
2520 5208 2723 5255 natura:
2758 5198 2920 5266 bona,
2980 5214 3076 5268 per
3128 5197 3530 5267 gloriosissima:

1932 5431 2247 5503 allegoriam
2277 5447 2344 5487 ne
2373 5437 2422 5485 te
2454 5429 2637 5503 pigeat
2667 5429 2867 5503 legere,
2902 5444 3064 5483 serm.
3100 5427 3186 5495 14,
3219 5427 3285 5484 de
3340 5428 3538 5503 sanctis

1933 5500 2153 5629 ⁸1Ίοῗ-Π)
2173 5505 2329 5560 Saxa
2347 5500 2549 5575 injicit
2566 5518 2669 5575 per
2689 5500 2947 5558 omnium
2960 5515 3186 5557 manus.
3210 5500 3539 5574 Augustinus
3582 5555 3596 5567 ,

1933 5592 1945 5629 ι
1990 5592 2004 5628 ι
2052 5615 2064 5628 .
3429 5593 3433 5597 ν

1930 5592 2150 5726 ’Ἕω
2186 5654 2500 5711 Conditoris
2520 5654 2636 5725 yles
2664 5652 2989 5726 etaplanes,
3014 5650 3217 5709 Graecis
3244 5652 3389 5725 hyle,
3420 5640 3541 5719 ὕλη

1930 5721 2321 5805 οδῐήιαὶενὶω
2353 5721 2588 5805 αριατίθς
2619 5721 3043 5797 νθτο,’ὰπλανὴς,
3085 5721 3543 5805 εωιυηιέτειιίίο-

1930 5751 2008 5788 e5t
2035 5751 2282 5790 materia
2307 5751 2319 5759 '
2353 5751 2387 5789 a
2431 5751 2588 5790 tanes
2619 5751 2766 5796 vero,
2789 5751 3043 5797 απωνης,
3085 5751 3289 5789 emtum
3307 5751 3542 5805 netu/o-

1929 5822 2088 5864 rum.
2121 5775 2359 5863 Macrob.
2386 5751 2512 5867 ﬁbra
2543 5820 2562 5860 ι
2590 5805 2670 5861 De
2716 5821 2893 5867 somn.
2928 5805 3101 5877 Scip,
3149 5803 3312 5875 capit.
3344 5809 3375 5859 ὓ
3405 5812 3458 5859 et
3488 5810 3542 5862 9.
