3882 6426
479 411 581 469 399

1469 403 1894 464 THIOFRIDUS
1928 401 2144 463 ABBAS
2179 402 2747 465 EFTERNACENSIS

3695 413 3796 469 £00

483 531 656 593 crucis
680 530 1071 608 restringuntur
1113 531 1445 604 mysterium,
1477 527 1630 602 quasi
1655 544 1820 603 poma
1864 535 2082 602 portant
2107 530 2164 592 A
2194 527 2268 588 tio
2296 529 2536 602 musicae,
2569 528 2822 606 anguinis
2849 528 3119 604 pericliter
3133 531 3418 605 morsibus,
3441 533 3797 610 longolahori

482 641 583 696 per
607 623 838 698 lignum)
867 623 923 678 in
943 622 1254 691 electorum,
1290 619 1531 693 inquam,
1563 621 1932 692 qualecunque
1962 635 2087 677 ma-

487 713 671 770 teriale
708 711 1052 783 supplicium,
1091 717 1149 766 ut
1185 711 1346 783 paulo
1375 709 1621 782 superius
1661 710 2084 782 praelibavimus,

485 820 554 860 ex
583 802 826 874 ejusdem
857 799 1225 874 pretiosissimi
1253 799 1388 872 ligni
1435 806 1641 870 stayros
1685 798 1884 869 radice,
1935 800 2086 870 quasi

484 907 582 964 per
635 890 967 946 tructit‘erum
993 889 1248 961 stipitem,
1307 889 1363 942 in
1412 903 1593 944 ramos
1622 904 1840 944 succum
1885 896 1937 943 et
1967 889 2085 943 fru-

483 987 627 1036 ctum
655 979 733 1035 sic
761 977 1043 1035 transfudit
1067 978 1252 1033 salutis
1279 979 1532 1033 humanae
1569 977 1800 1048 pretium
1825 993 1838 1048 ;
1878 985 1955 1046 ut,
1985 977 2087 1032 sic-

483 1077 542 1125 ut
567 1077 714 1124 tanto
773 1068 892 1140 ejus
947 1067 1188 1140 patibulo
1245 1067 1380 1122 nihil
1434 1067 1758 1137 aequiparari
1811 1074 1988 1137 potest
2029 1066 2086 1122 in

481 1166 669 1214 natura
721 1173 902 1212 rerum
955 1156 1225 1225 omnium;
1257 1156 1334 1211 sic
1389 1155 1522 1211 nihil
1567 1155 1888 1228 aequiparari
1917 1155 2088 1228 possit

476 1245 754 1319 suppliciis
779 1261 966 1302 eorum
997 1245 1088 1316 qui
1119 1247 1392 1318 stigmata
1437 1245 1572 1302 Jesu
1599 1245 1662 1300 in
1717 1259 1945 1317 corpore
1982 1259 2083 1302 suo

469 1339 771 1409 portantes
787 1335 933 1407 (Gal.
965 1350 1042 1404 vs,
1084 1337 1195 1406 17),
1227 1333 1282 1388 in
1311 1349 1403 1390 are
1455 1332 1721 1405 passionis
1773 1339 2085 1388 meruerunt

473 1441 590 1480 esse
619 1423 854 1480 Domino
901 1423 1016 1480 Deo
1065 1422 1401 1492 acceptabile
1444 1420 1782 1489 sacrificium,
1841 1429 1895 1478 et
1931 1421 2084 1478 holo-

473 1519 716 1585 caustum
742 1512 944 1585 pingue
974 1528 1038 1568 ac
1066 1511 1466 1567 suavissimum.
1501 1511 1595 1566 Est
1621 1511 1736 1581 ipse
1783 1510 1888 1565 illis
1910 1510 2082 1566 factus

469 1601 558 1658 via
581 1617 594 1671 ;
618 1579 932 1658 ambulabit
959 1617 1132 1672 super
1149 1616 1310 1656 mare
1325 1600 1550 1668 (Matth.
1574 1579 1808 1669 x1v,25),
1831 1607 1888 1654 ut
1902 1607 2079 1654 osten-

465 1691 616 1746 deret
643 1706 761 1745 esse
787 1691 848 1746 in
872 1690 1024 1745 mari
1050 1691 1200 1746 uiam
1229 1690 1382 1761 (Sap.
1417 1705 1532 1757 xxv,
1567 1693 1642 1758 3),
1673 1688 1767 1742 sed
1797 1689 1930 1744 nulli
1959 1705 2082 1760 per-

468 1780 636 1848 viam,
667 1778 769 1833 nisi
799 1779 890 1848 qui
939 1777 1153 1834 vehitur
1205 1777 1353 1846 navi,
1412 1785 1652 1849 portatur
1706 1777 1878 1850 ligno,
1923 1793 2079 1833 cruce

2194 615 2356 675 ﬁnem
2387 619 2666 691 imponere
2689 619 2823 676 mihi
2852 628 2932 676 est
2959 620 3188 677 animus.
3219 625 3362 680 Ante
3413 631 3595 681 tamen
3640 641 3794 697 quam

2195 717 2502 782 exspectato
2527 710 2711 780 potius
2742 709 2918 766 littore
2947 710 3190 768 celeuma
3219 712 3340 769 laeto
3387 714 3668 770 decantem
3697 732 3794 787 pe-

2193 805 2360 868 ctore,
2393 807 2447 854 et
2495 804 2830 872 tympanum
2881 807 3070 855 tenens
3096 817 3226 858 eum
3255 803 3432 860 Maria
3468 805 3669 874 (Exod.
3699 821 3787 870 xv,

2195 891 2306 958 20),
2348 889 2695 944 Israeliticum
2775 889 3039 960 populum
3103 891 3459 960 praecedente,
3514 893 3788 949 concinam

2193 977 2458 1032 canticum
2517 977 2788 1047 victoriae;
2865 986 3008 1044 ante,
3068 979 3306 1050 inquam,
3371 998 3494 1037 mea
3557 982 3792 1050 interest,

2193 1081 2354 1136 quam
2402 1065 2677 1121 verissime
2731 1066 2919 1136 paucis
2974 1066 3271 1137 absolvere,
3333 1085 3495 1139 quare
3541 1087 3606 1125 ac
3651 1072 3787 1126 unde

2191 1161 2337 1208 tanta
2365 1153 2464 1210 sim
2493 1163 2748 1210 attractus
2795 1162 2847 1210 et
2901 1155 3107 1210 illectus
3160 1157 3426 1228 cupidine,
3484 1167 3544 1213 ut
3584 1157 3789 1214 difﬁcil-

2190 1241 2333 1299 lima:
2361 1259 2426 1298 ac
2452 1243 2613 1316 longe
2644 1243 3088 1299 eminentioribus
3115 1245 3345 1318 ingeniis
3367 1246 3422 1300 in
3450 1247 3506 1300 id
3536 1249 3788 1318 temporis

2187 1329 2463 1387 intentata;
2519 1331 2778 1402 materiae,
2827 1333 3120 1388 tenuissimi
3176 1333 3430 1407 ingenioli
3484 1335 3593 1390 mei
3631 1352 3790 1392 ausus

2186 1419 2290 1474 sim
2320 1436 2540 1476 manum
2595 1420 2858 1491 inserere;
2915 1429 2970 1478 et
3021 1421 3250 1478 conﬁsus
3301 1424 3356 1478 in
3407 1425 3786 1495 aspirationem

2186 1508 2428 1563 omnium
2466 1509 2748 1580 spirituum
2799 1509 3120 1580 Conditoris,
3177 1519 3232 1568 et
3286 1513 3499 1568 Domini
3557 1513 3786 1585 Spiritus

2183 1597 2350 1652 sancti
2379 1598 2652 1668 paracleti,
2685 1600 3102 1671 presumpserim
3155 1601 3277 1657 vela
3333 1603 3680 1672 suspendere,
3734 1610 3786 1658 et

2185 1684 2303 1755 ejus
2331 1687 2570 1758 benigna
2609 1688 2864 1744 charitate
2913 1705 2976 1744 ac
3021 1689 3350 1762 dignatione,
3393 1691 3604 1747 clavum
3635 1695 3784 1761 (250)

2182 1781 2425 1846 regente,
2469 1775 2660 1831 Malea:
2709 1777 3154 1846 persecutricibus
3207 1779 3362 1833 undis
3400 1781 3594 1834 mentis
3647 1796 3784 1836 meae

461 1867 713 1924 videlicet
739 1866 1042 1922 Dominica.
1072 1866 1220 1922 Sicut
1249 1879 1347 1937 per
1376 1873 1605 1921 mortem
1634 1865 1899 1938 unigeniti
1953 1867 2072 1921 Filii
2101 1887 2154 1948 Β
2184 1864 2366 1918 navim
2397 1863 2634 1920 credere.
2667 1865 2839 1938 Igitur
2883 1866 3126 1936 ejusdem
3158 1867 3598 1938 incircumscripti
3627 1869 3783 1939 spiri-

459 1957 580 2024 Dei,
599 1957 853 2030 pretiosa
869 1963 948 2010 est
961 1971 1114 2011 mors
1147 1957 1405 2012 omnium
1425 1955 1736 2011 electorum
1763 1956 1866 2012 Dei
1891 1954 2067 2022 (Psal.

457 2062 582 2115 cxv,
609 2047 720 2114 15),
749 2044 826 2100 sic
853 2061 952 2116 per
978 2043 1222 2114 ejusdem
1247 2045 1483 2100 salutare
1533 2044 1878 2115 supplicium,
1929 2043 2072 2099 salu-

461 2135 616 2190 tifera
643 2140 697 2188 et
724 2141 1035 2190 consecrata
1069 2141 1193 2188 sunt
1237 2132 1423 2189 omnia
1451 2148 1637 2189 eorum
1678 2133 1941 2206 supplicia
1967 2147 2068 2204 pro

457 2223 662 2280 honore
690 2237 756 2278 ac
781 2221 958 2294 gloria
983 2221 1104 2276 Dei.

529 2310 681 2367 Sicut
709 2325 806 2382 per
847 2308 1222 2365 intinctionem
1283 2308 1611 2365 sacrosancti
1658 2309 1900 2381 corporis
1949 2307 2067 2378 ejus

457 2399 516 2455 in
541 2398 776 2456 Iordane
804 2397 1028 2468 (Matth.
1060 2411 1140 2467 Ill,
1176 2399 1288 2468 16),
1319 2397 1376 2452 in
1405 2413 1596 2452 omnes
1623 2413 1810 2468 aquas,
1839 2397 2065 2453 ubicun.

460 2504 564 2558 que
593 2485 662 2542 ad
713 2485 1046 2558 baptismum
1084 2485 1514 2557 praedestinatas,
1549 2485 1846 2540 transmisit
1871 2485 2066 2540 sancti-

453 2573 780 2642 ﬁcationem,
836 2573 916 2630 sic
961 2589 1061 2644 per
1112 2573 1356 2645 ejusdem
1413 2573 1637 2630 somatis
1689 2574 1770 2630 sui
1799 2575 1856 2628 in
1894 2574 2065 2630 crucis

454 2663 696 2736 patibulo
733 2661 1083 2731 aﬂiixionem,
1131 2661 1188 2717 in
1215 2661 1399 2718 omnia
1434 2661 1732 2718 materialia
1758 2670 2062 2718 sanctorum

453 2751 740 2824 supplicia,
792 2751 1117 2821 transposuit
1142 2751 1448 2806 animarum
1477 2759 1532 2806 et
1557 2767 1843 2822 corporum
1889 2752 2064 2808 salva-

457 2841 659 2897 tionem
689 2857 753 2896 ac
781 2839 1234 2909 redemptionem.
1293 2841 1466 2909 Atque
1525 2841 1627 2894 hoc
1655 2840 1804 2895 omni
1833 2847 2058 2896 cuncta-

451 2929 598 2988 tione
625 2928 790 3000 longe
814 2936 1024 2984 remota
1055 2935 1258 2984 certum
1289 2935 1434 2983 tenet
1469 2925 1603 2983 ﬁdes
1631 2928 1686 2982 in
1721 2933 1905 3002 petra,
1938 2945 2060 3000 quae

455 3027 714 3084 Christus
733 3035 822 3082 est
853 3025 903 3080 (Ι
921 3026 1045 3082 Cor.
1079 3042 1136 3092 x,
1169 3027 1246 3096 4),
1277 3025 1499 3080 fundata
1521 3040 1535 3094 ;
1557 3027 1701 3096 quod
1731 3028 1846 3082 haec
1875 3027 2059 3082 omnia

449 3130 571 3186 quae
598 3113 666 3168 de
710 3129 1006 3183 paucorum
1033 3113 1154 3168 coeli
1182 3129 1246 3168 ac
1275 3121 1429 3169 terrae
1485 3115 2055 3171 excellentissimorum

449 3219 734 3278 procerum
769 3202 1065 3274 suppliciis,
1108 3202 1228 3274 styli
1282 3201 1460 3259 oﬂicio
1498 3204 1872 3260 caraxavimus
1907 3221 2054 3276 prae-

446 3292 622 3358 conia,
652 3291 709 3346 in
737 3291 930 3362 cippos
961 3291 1135 3361 (249),
1156 3292 1212 3345 in
1234 3291 1420 3360 fustes,
1439 3292 1493 3346 in
1507 3309 1716 3364 scopas,
1736 3293 1790 3346 in
1811 3293 2060 3364 plumba-

448 3387 546 3451 tas,
564 3381 622 3436 in
659 3387 919 3448 catastas;
955 3380 1296 3450 postremoin
1317 3381 1499 3436 omnia
1511 3381 1750 3436 omnium
1767 3383 2059 3438 electorum

443 3470 546 3527 Dei
575 3453 806 3538 diversa,
823 3467 948 3538 jure
973 3483 1038 3523 ac
1065 3468 1230 3540 digne
1261 3469 1507 3540 depromi
1553 3479 1780 3539 possunt
1823 3478 2062 3526 tormen—

443 3567 622 3616 torum
651 3571 887 3630 genera;
933 3573 1054 3627 qum
1081 3573 1181 3626 per
1207 3557 1422 3613 illorum
1452 3558 1662 3628 merita,
1684 3575 1820 3630 quos
1857 3561 2058 3616 hostias

447 3644 717 3720 paciﬁcus,
747 3653 803 3702 et
854 3645 1166 3702 holocausta
1205 3645 1516 3713 medullam,
1553 3649 1868 3720 etpinguia,
1889 3657 2058 3704 trans.

450 3735 684 3792 tulerunt
710 3734 763 3790 ia
803 3733 1037 3790 caelestis
1093 3733 1422 3790 tabernaculi
1471 3743 1524 3790 et
1579 3737 1764 3808 templi
1812 3746 2056 3794 sanctua-

446 3824 548 3893 ria,
605 3830 915 3880 memorant
983 3825 1235 3880 humana:
1312 3825 1677 3895 cujuscunque
1729 3824 2054 3883 inﬁrmitatis

444 3912 722 3970 salutifera
739 3929 854 3970 esse
881 3911 1141 3969 remedia.

974 4107 1366 4165 CAPITULUM
1397 4109 1510 4166 VII.

2083 3253 2134 3310 Ο

2183 1957 2266 2006 tus
2321 1953 2725 2024 archysterium,
2815 1962 3013 2010 sanctae
3074 1956 3465 2012 Efternacensis
3521 1958 3777 2014 Ecclesia:

2177 2041 2326 2109 (251)
2384 2058 2704 2113 ygumcnus,
2776 2043 3134 2116 Reginbertus
3183 2045 3420 2114 nomine,
3485 2047 3780 2101 secundum

2174 2129 2559 2202 etymologiam
2588 2131 2826 2187 nominis
2854 2132 2956 2200 sui,
3004 2133 3448 2188 excellentissime
3497 2135 3551 2189 in
3579 2144 3777 2192 sancta:

2173 2217 2452 2290 religionis
2507 2221 2783 2292 proposito
2830 2228 2883 2276 et
2934 2221 3198 2294 regimine
3252 2223 3613 2296 gubernatus:
3655 2241 3778 2280 cum

2173 2306 2280 2362 alto
2339 2307 2634 2363 admodum
2687 2309 2869 2365 volatu
2905 2311 3371 2382 contemplationis
3405 2329 3777 2384 saepenumero

2171 2395 2600 2466 suspenderetur,
2631 2412 2697 2452 ac
2724 2398 2944 2470 praepeti
2977 2398 3172 2454 mentis
3223 2400 3411 2456 annisu
3459 2402 3527 2456 ad
3575 2387 3778 2458 aethera

2169 2483 2456 2539 libraretur
2481 2501 2631 2541 more
2652 2487 2867 2556 aquilze,
2901 2495 3122 2558 repente
3149 2489 3469 2544 conditionis
3513 2492 3768 2547 humanae

2170 2580 2496 2644 aggravatus
2524 2575 2806 2646 compede,
2839 2592 2872 2631 a
2891 2575 3214 2631 sublimibus
3240 2577 3489 2633 deorsum
3519 2580 3764 2648 avolans,

2170 2661 2418 2716 eamdem
2467 2663 2661 2718 interni
2709 2672 2926 2735 optutus
2982 2665 3176 2732 aciem,
3235 2683 3395 2735 quam
3449 2668 3636 2723 solitus
3690 2674 3770 2724 est

2166 2748 2333 2804 radiis
2359 2751 2544 2806 aeterni
2587 2751 2717 2806 solis
2764 2751 3006 2826 inﬁgere,
3041 2753 3318 2810 inclinavit
3361 2763 3415 2810 et
3466 2755 3650 2810 deﬁxit
3699 2757 3769 2813 ad

2167 2847 2469 2908 respectum
2517 2840 2694 2896 carnis
2746 2841 2964 2911 quidem
3019 2850 3262 2911 mortuae,
3310 2843 3403 2899 sed
3456 2843 3769 2916 gloriﬁcatze

2167 2943 2265 2997 per
2291 2927 2482 2983 merita
2537 2927 2900 2985 viviﬁcatricis
2944 2931 3172 3000 animae;
3223 2939 3276 2986 et
3303 2947 3476 2988 escam
3521 2933 3770 3003 quaesivit

2165 3015 2222 3068 in
2249 3014 2578 3072 sanctiﬁcato
2607 3017 2870 3072 cadavere
2900 3018 3018 3086 (Job
3047 3035 3236 3088 xxxrx,
3279 3022 3387 3090 30).
3427 3020 3588 3091 Quasi
3642 3029 3766 3092 post

2164 3103 2422 3172 volatum,
2483 3106 2774 3176 spiritualis
2829 3107 3006 3178 aquila
3031 3123 3128 3179 pro
3193 3109 3463 3164 sumendis
3517 3110 3766 3166 carnibus

2167 3198 2359 3248 terram
2389 3193 2558 3264 petiit,
2591 3194 2720 3248 dum
2752 3195 2906 3265 quasi
2933 3195 3000 3251 de
3035 3197 3260 3250 summis
3289 3197 3356 3252 ad
3385 3199 3496 3254 ima
3515 3199 3757 3267 veniens,

2169 3297 2332 3350 quam
2361 3282 2594 3352 pretiosa
2614 3283 2841 3338 sitmors
2869 3291 3175 3340 sanctorum
3232 3286 3406 3357 (Psal.
3465 3303 3588 3354 cxv,
3648 3290 3758 3359 15),

2167 3386 2275 3438 qua
2313 3387 2369 3425 se
2415 3369 2561 3426 refici
2617 3379 2776 3442 atque
2830 3373 3113 3428 reformari
3165 3374 3234 3429 ad
3288 3375 3450 3431 vitam
3493 3377 3758 3445 expetiit:

2163 3458 2291 3512 item
2314 3467 2513 3529 quanta
2541 3459 2597 3514 in
2627 3461 2948 3516 examinatis
2977 3471 3028 3518 et
3056 3463 3110 3516 in
3141 3463 3405 3536 originem
3435 3481 3587 3519 suam
3616 3481 3760 3521 reso-

2165 3554 2288 3610 lutis
2310 3557 2548 3626 artubus,
2581 3558 2715 3612 etin
2747 3559 2998 3614 omnibus
3039 3575 3223 3616 eorum
3269 3562 3616 3633 appendiciis,
3649 3571 3755 3618 tam

2160 3651 2599 3708 substantialibus
2630 3671 2791 3725 quam
2823 3655 3260 3724 occidentalibus,
3302 3657 3498 3714 divinae
3550 3660 3760 3715 virtutis

2159 3747 2214 3795 et
2269 3742 2595 3812 operationis
2658 3743 2862 3800 divitia:
2912 3761 2975 3800 ac
3027 3745 3234 3802 deliciae
3285 3747 3751 3818 superabundant,

2157 3845 2383 3886 summae
2439 3829 2742 3888 devotionis
2792 3833 3046 3889 aviditate
3092 3841 3147 3888 et
3189 3835 3474 3890 acutissimi
3527 3835 3752 3909 ingenii,

2153 3931 2236 3986 sui
2290 3933 2696 4005 perspicacitate
2749 3951 2976 4006 pensare
3021 3951 3085 3992 ac
3138 3937 3452 4008 perscrutari
3506 3937 3752 3995 studuit:

2152 4035 2326 4090 neque
2356 4037 2504 4076 esum
2548 4022 2892 4094 mysticarum
2923 4024 3259 4080 victimarum
3317 4043 3472 4081 verus
3513 4027 3754 4084 Israelita

2153 4106 2402 4179 fastidiit;
2425 4110 2520 4165 sed
2541 4112 2763 4182 mystice
2773 4113 2876 4168 sub
2885 4117 3075 4169 tracta
3087 4115 3235 4186 pelle
3263 4114 3480 4183 hostile,
3501 4119 3669 4172 artus
3685 4118 3747 4172 in

447 4221 561 4284 Qua
583 4219 777 4272 illectus
815 4217 1050 4280 cupidine
1082 4218 1300 4281 scriptor
1335 4218 1496 4270 libelli
1541 4221 1692 4283 hujus
1733 4221 2044 4288 dimclllima

2166 4197 2342 4254 Γνιιδια
2391 4198 2693 4256 concidens
2739 4200 2978 4267 (Levit.x
3007 4205 3082 4271 6),
3142 4201 3280 4257 inter
3305 4202 3489 4258 beatos
3541 4203 3751 4260 beatior

506 4305 735 4357 materiai
748 4303 1134 4370 praesumpserit
1145 4301 1379 4372 ingenioli
1395 4306 1476 4356 sui
1492 4317 1692 4358 manum
1723 4309 1974 4361 inserere.

2151 4285 2365 4342 labores
2379 4304 2659 4344 manuum
2681 4305 2920 4345 suarum
2943 4290 3309 4347 manducavit
3349 4291 3523 4360 (Psal.
3538 4307 3741 4359 cum,

2147 4375 2238 4445 2);
2271 4389 2335 4430 ac
2362 4375 2566 4432 intimae
2593 4377 2902 4433 refectionis
2955 4377 3157 4434 aﬂ‘atim
3213 4379 3441 4434 refectus
3493 4379 3739 4452 dapibus,

507 4445 616 4505 Sed
642 4445 769 4517 quia
795 4461 895 4516 pro
950 4447 1269 4520 colligendis
1312 4449 1600 4540 odoriferis
1657 4451 1882 4508 floribus
1911 4453 2038 4524 qui-
2143 4463 2372 4518 verbum
2397 4463 2604 4522 bonum
2631 4482 2732 4535 per
2759 4466 3018 4523 incarnati
3053 4467 3209 4522 Verbi
3238 4469 3466 4540 gratiam
3507 4445 3738 4524 eraera;

424 4536 530 4594 bus
573 4543 715 4592 serta
759 4550 1117 4608 consererem,
1173 4545 1228 4593 et
1278 4537 1570 4595 electorum
1625 4541 1725 4596 Dei
1763 4541 2036 4615 epitaphia

2144 4546 2418 4614 vit(Psal.
2451 4565 2596 4619 κων,
2627 4553 2704 4621 2).
2736 4551 2874 4605 Nam
2901 4551 3086 4607 omnia
3115 4569 3234 4622 qum
3261 4555 3316 4606 in
3343 4551 3500 4622 hujus
3556 4553 3737 4622 quasi-

427 4625 768 4696 deilorarem,
799 4631 1058 4698 evagatus
1083 4596 1204 4681 sum
1233 4625 1448 4696 diutius,
1473 4627 1739 4686 distichon
2058 4596 2112 4659 D
2628 4596 3022 4708 suntninserta,
3269 4657 3366 4711 per
3411 4596 3734 4713 Jinspii‘atio-

424 4714 583 4772 vatis.

427 4803 534 4873 Qui
563 4803 752 4877 legitis
766 4803 960 4876 ﬂores,
982 4806 1041 4860 et
1077 4803 1239 4860 humi
1258 4807 1561 4864 nascentia
1586 4809 1776 4881 fraga,

417 4887 696 4962 Frigidus,
729 4903 758 4944 ο
771 4888 958 4961 pueri,
979 4889 1160 4960 [agite
1193 4889 1328 4946 hinc
1357 4888 1504 4948 latet
1519 4894 1722 4965 anguis
1750 4897 1813 4950 in
1835 4893 2026 4966 herba,

414 4977 638 5034 revolvo
667 4991 880 5032 mecum
907 4977 1191 5046 secretius;
1223 4985 1277 5033 et
1331 4995 1398 5034 ne
1437 4981 1593 5036 nudis
1637 4981 1892 5040 incedens
1916 5003 2024 5056 pe-

413 5065 590 5134 dibus,
613 5073 673 5123 ut
690 5065 929 5139 Orpheia
948 5064 1246 5138 Eurydices,
1269 5069 1490 5140 physica
1516 5071 1652 5127 ratio
1681 5081 1735 5128 et
1760 5073 2020 5148 designa-

479 5291 631 5362 (249)
655 5291 880 5374 Δᾂὶρρςδς,
902 5298 1106 5374 fustes.
1155 5297 1236 5374 De
1276 5299 1893 5374 _l_iis_cruciamentorum
1923 5304 2013 5361 in-

409 5365 736 5445 strumentis,
762 5365 910 5424 vide'
945 5369 1140 5424 Anton.
1189 5370 1498 5426 Gallonium
1551 5375 1772 5445 proprio
1800 5385 1854 5432 et
1893 5379 2011 5434 ele-

405 5433 560 5502 ganti
587 5433 792 5490 libello.

475 5502 628 5590 (25o)
643 5504 849 5590 illatae-2
857 5511 1540 5590 persecutricibusundls.
1571 5517 1743 5573 Malea
1754 5535 2009 5590 promon-

403 5575 607 5660 torium
629 5583 710 5660 est
737 5575 791 5656 in
820 5575 1080 5660 Laconia,
1121 5583 1433 5660 longissime
1480 5588 1545 5660 in
1601 5575 2005 5660 mare‘procur-

397 5643 1114 5732 rensucrebrisnaulragiis
1134 5643 1372 5732 infame,
1429 5657 1566 5716 adeo
1609 5643 1685 5716 uti
1711 5643 2004 5732 prbverbio

405 5709 590 5770 locum
613 5713 839 5793 dederit.
875 5709 1040 5793 Virg?
1054 5738 1090 5777 v
1113 5724 1322 5780 rEneid.

476 5823 542 5864 ε..
573 5825 588 5838 .
715 5787 1014 5864 lateraque
1033 5797 1362 5864 sequacibus
1387 5799 1586 5857 undis.

463 5853 620 5914 Hunc
651 5855 830 5915 locum
867 5853 1013 5917 haud
1057 5853 1223 5922 dubie
1265 5853 1611 5940 respuant
1655 5874 1988 5936 Thiofridus.

2126 5403 2366 5451 nostrum

2119 5483 2240 5537 cap.
2275 5471 2326 5522 6.
2357 5466 2452 5524 lib.
2487 5485 2526 5524 ι.

2139 4753 2263 4792 nem
2294 4739 2522 4810 Spiritus
2552 4742 2794 4812 paracliti
2851 4743 3196 4814 excogitavit,
3237 4750 3290 4797 et
3335 4743 3465 4797 mihi
3515 4758 3730 4798 suorum

2136 4825 2345 4894 ultimo,
2377 4844 2442 4884 ac
2465 4830 2666 4897 pedum
2722 4829 2839 4900 ejus
2884 4830 3104 4901 pulvere
3145 4830 3536 4903 indignissimo,
3578 4830 3728 4901 quasi

2135 4914 2381 4984 qumdam
2409 4917 2634 4986 semina,
2667 4919 2720 4972 in
2743 4919 2936 4974 mentis
2961 4936 3086 4975 arca
3129 4919 3454 4990 ventilanda,
3509 4927 3563 4974 et
3607 4927 3728 4990 post

2129 5002 2492 5061 subtilissimae
2521 5006 2832 5062 discutionis
2869 5007 3248 5076 ventilabrum,
3293 5009 3534 5075 serenda,
3579 5023 3724 5063 com-

2128 5092 2424 5150 mendavit.
2489 5095 2590 5151 Per
2643 5095 2876 5153 infusam
2931 5113 3062 5155 vero
3116 5097 3384 5170 profusius
3423 5113 3456 5152 a
3491 5096 3720 5154 Domino

2193 5325 2341 5396 (231)
2375 5325 2683 5452 ΥἹᾳωῖηεῃαε
2703 5326 3104 5410 Regimbertus.
3135 5328 3234 5385 Hic
3261 5327 3429 5412 abbas
3471 5328 3716 5410 pronime

2193 5403 2366 5450 ustrum
2443 5399 2735 5452 hiofridum
2766 5407 3056 5452 nrmcessrt.
3092 5400 3236 5452 ouod
3275 5417 3383 5452 iam
3423 5407 3602 5452 notavr
3648 5400 3714 5452 ad

2425 5399 2735 5454 ,‘hiot‘ridum
2765 5399 3056 5472 praecessit,
3092 5400 3236 5470 quod
3269 5401 3383 5472 jam
3423 5399 3602 5455 notavi
3648 5400 3714 5456 ad

2187 5539 2337 5609 (252)
2351 5543 2459 5614 Per
2472 5541 2626 5614 iuspi
2631 5539 2911 5598 rationem
2924 5541 3162 5614 spiritus
3173 5541 3227 5598 S.
3251 5541 3387 5614 llinc
3402 5539 3524 5596 vide
3535 5541 3716 5613 quanti

2114 5609 2219 5664 hoc
2244 5625 2379 5681 opus
2410 5609 2749 5684 faciendum.
2775 5609 2964 5683 Neque
2992 5619 3072 5684 est
3098 5628 3194 5668 cur
3214 5683 3217 5684 ν
3238 5609 3715 5684 ﬁgmentum—Apu-

2115 5687 2286 5735 temus
2313 5683 2416 5736 hoc
2443 5683 2631 5754 optimi
2655 5683 2752 5739 viri
2785 5684 2853 5737 de
2875 5681 2891 5683 ἦ
2910 5683 3113 5754 optimo
3172 5681 3299 5738 viro'
3329 5681 3712 5754 testimonium,

2109 5753 2408 5824 praesertim
2478 5753 2638 5824 quem
2696 5753 2894 5813 scimus
2947 5753 3208 5810 exiinium
3263 5755 3425 5811 fuisse
3490 5753 3713 5812 humili?

2111 5821 2230 5880 tatis
2249 5821 2509 5882 cultorem
2521 5865 2536 5882 .
