3882 6420
190 459 289 515 401

1060 455 1333 514 FLORES
1370 454 1716 513 FPITAPHII
1755 453 2204 513 SANCTORUM.
2248 482 2319 497 -
2353 454 2480 512 LIB.
2523 453 2629 511 IV.

3388 456 3499 514 £02

188 582 309 639 Deo
339 580 503 636 animi
533 581 651 650 ejus
673 580 983 637 sanctuario
1012 579 1781 652 sapientiam,pensavit,per-
1811 582 1867 641 Α
1895 579 2160 653 quidquid
2184 580 2241 635 in
2264 578 2597 635 ornamentis
2615 577 3002 636 ecclesiasticis
3051 585 3108 636 et
3175 584 3490 636 sanctorum

188 672 398 742 pendit,
461 671 608 742 quod
655 672 1129 743 apprOpinquaute
1187 669 1378 724 mundi
1435 669 1692 735 termino,
1741 676 1794 723 et

188 768 545 816 accrescente
577 767 826 830 peccato,
887 758 1182 814 Leviathan
1212 760 1330 828 (Job
1380 773 1501 821 χχι,
1526 758 1636 826 33).
1696 757 1792 811 hu-

189 864 373 904 mansa
404 847 727 919 propaginis
757 847 1122 913 adversarius,
1142 846 1439 919 quipostse
1452 863 1675 902 omnem
1690 844 1794 903 ho-

186 940 410 993 minem
441 936 737 991 carnaliter
766 935 1039 990 viventem
1075 936 1285 1001 trahet,
1338 940 1392 993 et
1424 942 1558 991 ante
1577 941 1792 1003 se,ante

187 1034 506 1108 ingressum
537 1049 693 1087 suum
737 1033 792 1087 in
841 1041 1058 1089 aeterna:
1090 1033 1411 1104 perditionis
1468 1033 1785 1089 hominem:

188 1123 662 1188 innumerabiles,
690 1137 795 1176 non
819 1130 1001 1177 tamen
1033 1138 1224 1177 omnes
1254 1121 1501 1177 carnales
1531 1121 1791 1193 (aliisper

189 1211 394 1278 brevis,
420 1211 746 1283 quibusdam
773 1227 874 1281 per
902 1211 1083 1284 longae
1107 1211 1440 1281 poenitentiae
1461 1210 1789 1279 labores,de

185 1301 437 1356 maxilla
460 1301 583 1371 ejus
598 1299 793 1355 divina
821 1299 1213 1355 misericordiae
1240 1301 1473 1355 armilla
1499 1302 1790 1373 perforata

187 1388 552 1444 evadentibus
584 1387 700 1460 [Job
730 1403 821 1453 χι,
853 1389 967 1459 21])
1020 1388 1185 1443 trahit
1215 1387 1417 1443 exitiali
1446 1388 1573 1443 odio
1605 1406 1618 1452 ;
1646 1404 1787 1459 pen-

180 1477 345 1544 savit,
380 1477 618 1548 inquam,
654 1476 799 1548 quod
839 1476 1133 1548 pernicies,
1192 1485 1245 1531 et
1298 1485 1497 1533 aeterna
1551 1476 1786 1548 perditio

185 1580 341 1630 tanto
369 1574 570 1629 acriori
623 1574 828 1629 invidia
878 1581 1066 1630 nostro
1125 1574 1405 1629 immineat
1460 1581 1515 1630 et
1568 1573 1788 1630 incubet

185 1663 372 1731 exitio,
408 1671 613 1735 quanto
642 1663 878 1719 celerius
908 1663 1055 1719 novit
1084 1664 1523 1735 appropinquare
1550 1671 1781 1734 tempus,

178 1767 293 1824 quo
325 1752 556 1808 eductus
585 1752 657 1807 de
687 1752 891 1824 abyssi,
929 1761 1093 1823 puteo
1123 1754 1310 1826 (Apoc.
1343 1756 1500 1819 xx,3,
1531 1756 1783 1823 '7),omne

178 1850 555 1920 serpentinum
595 1849 745 1904 virus
775 1858 986 1905 evomat
1019 1849 1168 1904 hiatu
1213 1849 1544 1915 vastissimo,
1593 1849 1782 1920 putido

179 1953 249 1993 ac
278 1937 550 2003 lethifero,
584 1942 642 1992 ut
674 1938 728 1992 in
776 1939 1038 2010 congerie
1070 1945 1404 1993 mortuorum
1451 1938 1703 2009 vigilans,
1736 1940 1866 2003 etB

172 2027 241 2081 in
259 2028 508 2083 circuitu
523 2042 622 2082 suo
639 2028 899 2098 sepulcra
912 2044 1017 2082 sua
1034 2027 1375 2097 conspiciens
1388 2028 1778 2097 (Ezechatxxn,

178 2116 295 2181 22),
318 2114 389 2170 de
418 2114 823 2180 damnatorum,
886 2123 939 2171 et
969 2131 1066 2186 per
1093 2131 1153 2170 se
1183 2130 1367 2171 secum
1422 2114 1777 2186 perditorum,

177 2211 414 2268 exsultet
443 2226 510 2267 ac
539 2212 842 2283 triumphet
872 2211 1254 2266 innumerabili
1285 2228 1541 2267 numero.
1582 2213 1781 2266 Pensa-

174 2300 253 2357 vit
284 2309 338 2355 et
368 2301 596 2356 attendit
652 2301 871 2372 quantis
926 2309 1116 2357 contra
1143 2300 1320 2356 aerias
1373 2308 1672 2372 potestates
1726 2315 1780 2364 et

175 2390 508 2462 phalangas,
552 2406 674 2461 quae
728 2389 1041 2445 incessabili
1088 2397 1143 2445 et
1196 2388 1589 2459 indeprecabili
1632 2387 1778 2445 bello

179 2478 467 2542 dimicant,
496 2478 765 2534 adversus
795 2479 1063 2545 animam,
1096 2494 1233 2550 opus
1276 2479 1341 2532 sit
1371 2477 1777 2533 auxiliariorum

179 2567 347 2622 armis
376 2574 428 2622 et
448 2567 764 2637 patrociniis
796 2584 810 2621 :
844 2565 1080 2622 revolvit
1107 2582 1267 2638 quam
1293 2568 1441 2635 justa
1470 2573 1523 2622 et
1549 2566 1778 2622 inexcu-

165 2651 358 2707 sabilis
396 2651 533 2706 ultio
564 2666 595 2705 a
616 2652 725 2707 Deo
753 2652 1043 2708 ullionum
1074 2652 1253 2719 (Psal.
1273 2667 1419 2716 xcm,
1444 2652 1515 2722 t),
1573 2651 1776 2706 nostris

170 2740 444 2795 debeatur
466 2738 839 2812 negligentiis,
864 2740 1008 2811 quod
1037 2739 1189 2795 nulla
1200 2739 1458 2811 specialis
1472 2739 1775 2811 gratiarum

176 2835 343 2902 actio,
375 2834 557 2890 nullus
586 2836 763 2891 honor
777 2836 1083 2907 condignas
1112 2844 1162 2892 et
1192 2835 1429 2904 debitus,
1482 2837 1645 2892 tantis
1673 2853 1773 2893 eo-

174 2940 297 2980 rum
329 2924 639 2994 specialiter
667 2924 1000 2995 rependatur
1051 2923 1351 2992 beneﬁciis,
1400 2941 1632 2997 quorum
1662 2925 1775 2980 sin-

175 3021 323 3095 gulae
366 3021 692 3076 universalis
713 3021 978 3077 Ecclesia!
1000 3020 1144 3089 filiae,
1180 3023 1271 3092 (de
1301 3023 1498 3095 quibus
1544 3023 1689 3093 (253)
1720 3023 1774 3077 in

178 3109 407 3166 Cantico
438 3125 534 3180 pro
564 3110 762 3165 dilecto
793 3118 1044 3166 cantatur
1083 3112 1317 3182 mystice
1352 3128 1364 3167 :
1397 3112 1775 3168 Adducentur

179 3199 315 3268 Regi
346 3201 596 3271 uirgines
614 3203 739 3270 post
772 3216 895 3255 eam
954 3200 1126 3268 [PsaL
1147 3214 1300 3265 XLIV,
1335 3201 1461 3269 15])
1494 3215 1598 3270 pro
1655 3199 1772 3254 suis

1902 669 2220 741 patrociniis
2278 669 2668 739 complaceret,
2723 684 2947 724 summa
3026 684 3149 724 cum
3211 668 3495 725 alacritate

1900 758 2064 813 animi
2093 758 2420 815 concederet
2449 757 2468 828 )
2492 777 2505 822 ;
2539 757 2708 813 sancti
2739 756 3499 829 Spiritus,inquam,promul-

1900 846 2365 920 gavitdecretum,
2397 853 2454 901 ut
2480 861 2546 902 eo
2598 846 2706 915 die,
2765 861 2867 917 per
2924 860 3091 901 omne
3146 845 3494 917 subsequens

1899 961 2097 1011 aevum,
2135 944 2505 1015 vespertinum
2537 952 2590 999 et
2638 943 2960 999 matutinum
3017 940 3342 999 sacriﬁcium
3391 943 3493 998 ritu

1900 1033 2131 1089 solemni
2160 1041 2212 1089 et
2239 1032 2530 1105 magniﬁco
2556 1033 2613 1087 in
2632 1032 2875 1088 omnium
2904 1046 3096 1088 eorum
3134 1030 3493 1087 celeberrime

1898 1119 2156 1177 oﬂeratur
2182 1120 2781 1187 commemorationem,
2843 1136 2908 1176 ac
2966 1119 3288 1175 familiarius
3318 1118 3488 1175 obse-

1899 1210 2083 1281 quium
2117 1226 2384 1282 ;quorum
2440 1218 2566 1265 tunc
2595 1219 2644 1265 et
2689 1208 3056 1280 postmodum,
3105 1206 3492 1265 sacratissima:

1895 1298 1975 1353 illi
1999 1298 2259 1355 Ecclesiae
2289 1306 2495 1353 tantum
2528 1298 2748 1356 ccelitus
2778 1298 3057 1368 provisum
3088 1304 3140 1353 et
3194 1295 3487 1352 transmis-

1890 1404 2015 1455 sum
2036 1395 2123 1444 est
2152 1387 2426 1455 solatium,
2458 1391 2513 1443 et
2536 1386 2916 1443 inaestimabile
2967 1400 3037 1443 ac
3064 1384 3488 1457 incomparabilc

1892 1485 2277 1542 incolumitatis
2307 1486 2560 1557 pretium.

1963 1574 2086 1630 Non
2115 1590 2249 1631 vero
2270 1589 2571 1647 aggressus
2600 1577 2686 1630 est
2723 1582 2922 1631 tantam
2951 1582 3297 1641 rem,tantam
3330 1573 3484 1630 salu-

1890 1669 2021 1730 tem,
2079 1671 2268 1734 suapte
2321 1664 2474 1735 quasi
2522 1671 2962 1734 prmsumptuosa
3019 1663 3349 1730 devotione;
3384 1662 3483 1719 sed

1891 1751 2141 1825 paracliti
2170 1752 2501 1822 l’neumatis,
2534 1760 2591 1809 ut
2635 1751 3067 1825 pmlibavimus,
3123 1751 3486 1808 illustrations

1891 1855 1960 1897 ac
1987 1840 2173 1895 divina
2203 1840 2558 1897 revelatione.

1963 1938 2100 1993 Nam
2131 1937 2259 1993 dum
2289 1937 2522 1994 tirocinii
2569 1938 2652 1993 sui
2683 1946 2927 2011 tempore
2982 1936 3189 1995 credita
3244 1936 3367 2004 sibi,
3400 1945 3485 1994 ut-

1888 2033 2014 2096 pote
2073 2026 2190 2081 viro
2246 2042 2474 2083 summa:
2528 2026 2795 2083 castitatis
2861 2042 2927 2083 ac
2970 2025 3267 2092 munditiae,
3337 2035 3485 2083 esset

1887 2114 2137 2170 custodia
2181 2115 2445 2171 Ecclesiae
2482 2134 2496 2179 ;
2534 2123 2657 2186 p0st
2686 2115 2888 2186 longas
2944 2114 3260 2186 vigiliarum
3313 2130 3483 2172 excu-

1889 2203 2024 2271 bias,
2060 2211 2182 2275 post
2211 2205 2424 2261 oblatos
2462 2204 2515 2259 in
2544 2219 2641 2259 ara
2687 2204 2871 2261 cordis
2930 2204 3205 2260 labiorum
3252 2204 3480 2275 vitulos,

1888 2300 2178 2375 fragilitate
2203 2309 2414 2357 naturae
2460 2301 2712 2357 humanae
2766 2300 3041 2357 resolutus
3095 2301 3149 2356 in
3202 2317 3479 2373 saporem,

1887 2390 2023 2447 sicut
2039 2388 2322 2461 legislator
2344 2392 2582 2462 Moyses,
2612 2390 2704 2462 qui
2718 2390 2971 2463 intypum
2993 2390 3316 2464 integritatis
3331 2390 3483 2462 (257)

1886 2477 2149 2534 theolicos
2169 2477 2366 2543 Mariae,
2401 2494 2537 2534 rosae
2565 2478 2947 2550 pulcherrimae
2989 2478 3058 2534 de
3079 2478 3250 2550 spinis
3305 2478 3485 2550 plebis

1884 2566 2192 2623 Israelitica:
2209 2566 2519 2633 exorituraa,
2551 2575 2604 2623 et
2633 2566 2808 2622 lilium
2826 2567 3161 2623 convallium
3192 2567 3485 2638 pariturae;

1883 2656 2087 2713 rubum
2116 2655 2414 2711 admiratus
2445 2663 2548 2723 est,
2583 2655 2741 2727 quasi
2757 2656 2974 2725 ardere,
2991 2659 3047 2712 et
3063 2656 3483 2713 incombustum

1876 2761 2215 2818 permanere
2235 2744 2432 2816 (Exod.
2448 2744 2646 2813 χχχιιι)
2678 2760 2691 2799 :
2715 2743 2795 2801 sic
2815 2761 2971 2816 aeque
2992 2743 3180 2816 typica
3192 2744 3485 2816 significa-

1882 2833 2046 2900 tione,
2079 2833 2386 2888 mirabilem
2410 2833 2599 2889 videre
2646 2833 2843 2890 meruit
2872 2832 3161 2889 visionem.
3222 2833 3327 2888 Per
3366 2831 3487 2904 Spi-

1882 2930 2019 2985 ritus
2049 2930 2222 2985 sancti
2252 2930 2393 2985 enim
2435 2930 2664 3002 gratiam
2681 2928 2926 2985 elevatus
2949 2936 3000 2985 et
3025 2937 3365 3000 assumptus,
3396 2928 3486 2985 vi-

1881 3018 1956 3073 dit
1978 3017 2035 3072 in
2064 3016 2273 3073 visione
2303 3017 2545 3082 Domini,
2605 3017 2675 3071 de
2694 3016 2941 3073 conclavi
2994 3015 3135 3072 sacri
3164 3015 3372 3084 scrinii,
3427 3016 3486 3072 in

1880 3128 1987 3184 quo
2007 3112 2324 3168 familiarius
2353 3120 2408 3167 et
2453 3112 2729 3184 cOpiosius
2773 3111 3274 3168 sacratissimarum
3345 3110 3483 3168 reli-

1880 3200 2128 3273 quiarum
2150 3201 2464 3257 reconditus
2494 3210 2575 3256 est
2608 3201 2896 3256 thesaurus
2926 3199 3317 3256 inaestimabilis
3345 3215 3482 3271 prc-

166 3288 498 3359 pignoribus
521 3287 575 3340 in
605 3288 684 3342 eis
729 3287 1042 3354 reconditis,
1093 3286 1220 3343 licet
1269 3288 1580 3343 nominibus
1620 3288 1774 3345 inco-
1802 3297 1851 3363 α
1883 3290 1960 3356 tii,
1984 3289 2190 3361 sensim
2221 3304 2543 3346 exarescere
2597 3288 2869 3344 ﬂammam
2900 3287 3053 3360 (258)
3108 3288 3275 3360 ignis,
3335 3294 3485 3344 tactu

158 3383 349 3456 gnitis,
376 3382 698 3438 familiarius
741 3391 1003 3454 reguntur
1047 3392 1100 3439 et
1128 3392 1503 3439 sustentantur
1560 3384 1775 3440 meritis

172 3480 226 3527 et
257 3472 558 3542 suﬂ'ragiis.
598 3472 946 3543 Perpendens
978 3488 1128 3545 ergo,
1163 3480 1215 3528 et
1245 3473 1528 3544 pensando
1548 3473 1775 3545 perhor-

166 3577 392 3616 rescens
422 3561 625 3615 divinae
652 3561 921 3632 mquitatis
960 3561 1245 3631 judicium,
1270 3577 1335 3618 ac
1377 3570 1434 3617 ut
1488 3571 1770 3634 penatum.

167 3659 219 3705 et
234 3655 371 3706 ante
387 3666 453 3706 ac
469 3655 624 3705 retro
641 3652 862 3705 animal
883 3652 1171 3706 oculatum
1187 3652 1375 3723 (Apoc.
1392 3666 1469 3717 iv,
1500 3652 1573 3721 6),
1609 3651 1774 3723 longe

159 3738 455 3810 providere
485 3753 554 3793 ac
581 3753 877 3808 procurare
907 3739 1381 3807 cupiens,summe
1403 3739 1769 3795 necessarium

160 3828 422 3882 humanae
451 3827 787 3891 necessitati,
807 3827 945 3881 inter
975 3834 1054 3882 tot
1083 3827 1454 3883 intolerabiles
1469 3844 1766 3894 aerumnas,

166 3916 471 3972 electorum
490 3915 589 3969 Dei
609 3913 927 3987 suffragium
946 3917 1123 3986 (254),
1147 3917 1563 3972 annoincarnati
1606 3916 1770 3972 Verbi

154 4006 298 4060 1059
331 4003 629 4059 indictione
688 4020 781 4070 χιι,
832 4018 977 4059 anno
1033 4019 1165 4059 vero
1214 4005 1370 4077 regni
1427 4004 1631 4060 domini
1662 4020 1765 4060 no-

155 4102 261 4158 stri
297 4102 516 4157 Henrici
550 4102 620 4157 IV
651 4101 827 4174 regis,
862 4100 1003 4156 tertii
1034 4101 1381 4172 imperatoris
1409 4109 1621 4173 quarto,
1655 4117 1767 4156 suae

164 4200 343 4246 autem
377 4199 583 4246 sancta:
613 4190 975 4245 ordinationis
1005 4206 1079 4260 ιχ,
1139 4206 1261 4246 cum
1291 4189 1560 4261 prioribus
1617 4190 1766 4261 (255)

152 4280 422 4337 conciolae
456 4294 603 4335 cura:
636 4295 753 4334 suae
783 4279 1026 4345 creditae,
1060 4279 1194 4335 viris
1224 4295 1452 4334 summa;
1481 4278 1765 4352 religionis

155 4384 213 4431 et
245 4376 561 4446 prudentiae,
600 4375 826 4430 consilii
843 4377 933 4431 sui
963 4375 1160 4431 habuit
1178 4375 1759 4447 mysterium(.ludith.

150 4482 214 4530 ιι,
247 4464 303 4533 2)
343 4483 355 4528 ;
390 4472 444 4519 et
474 4463 752 4520 communi
785 4479 973 4518 eorum
1011 4464 1276 4530 omnium,
1309 4471 1363 4519 et
1392 4464 1560 4518 totius
1590 4464 1762 4519 sancti

151 4560 455 4609 conventus
491 4552 616 4608 laelo
649 4567 921 4609 consensu
945 4559 997 4606 et
1026 4552 1312 4624 applausu,
1343 4552 1524 4623 posuit
1544 4560 1599 4607 et
1627 4566 1760 4607 con-

1880 3378 2104 3446 innoxii,
2128 3387 2181 3434 et
2208 3378 2461 3451 mystici;
2494 3385 2548 3434 et
2579 3394 2678 3449 per
2706 3376 2937 3449 laquear
2968 3384 3023 3433 et
3050 3380 3259 3433 tectum
3310 3376 3486 3433 sancti

1879 3467 2128 3539 periboli,
2161 3468 2378 3523 evolare
2437 3481 2503 3523 ac
2559 3466 2871 3539 pertingere
2916 3466 2985 3521 ad
3016 3480 3202 3521 arcem
3241 3464 3482 3522 cmlestis

1877 3565 2064 3633 palatii
2097 3582 2111 3619 :
2144 3565 2236 3620 ubi
2260 3580 2381 3622 cum
2409 3564 2560 3638 Rege
2587 3564 2934 3635 sempiternas
2961 3563 3156 3638 gloriae
3185 3561 3481 3636 gloriosis-

1878 3653 2015 3709 sime
2045 3661 2276 3726 regnant
2306 3654 2468 3710 stolis
2491 3654 2634 3710 albis
2646 3654 2863 3710 induta:
2875 3655 3064 3726 (Apoc.
3094 3668 3189 3724 vn,
3220 3653 3274 3723 9)
3286 3667 3480 3709 omnes

1877 3742 2175 3799 electorum
2208 3742 2425 3799 animae.
2453 3742 2596 3798 Vidit
2624 3742 2730 3798 hoc
2758 3742 2840 3799 vir
2868 3740 3330 3813 perspicacissimi
3385 3741 3478 3796 in-

1875 3831 2044 3904 genii,
2072 3830 2209 3887 vidit
2228 3831 2482 3887 internus
2511 3832 2739 3888 auditor
2753 3830 3478 3897 sermonumDei,etintui-

1877 3926 1968 3977 tus
1980 3921 2256 3976 visionem
2281 3920 2910 3993 0mnipotensis(Num.
2930 3934 3084 3981 xxiv,
3120 3919 3193 3989 ι),
3220 3933 3345 3974 cum
3359 3918 3476 3974 Da-

1874 4009 2036 4075 niele,
2055 4007 2135 4063 vir
2162 4008 2571 4064 desideriorum
2595 4005 3217 4080 Ianguit,etaegrotavit
3241 4006 3473 4078 perdies

1872 4105 2040 4177 (Dan.
2061 4119 2173 4172 Vlll,
2200 4104 2311 4173 27),
2335 4120 2443 4159 non
2472 4104 2741 4175 languore
2784 4102 3160 4175 corporis,sed
3179 4101 3351 4159 sancti
3379 4102 3472 4158 de-

1871 4193 2056 4249 siderii
2076 4208 2089 4263 ;
2109 4197 2166 4249 et
2184 4194 2506 4267 stupensad
2531 4195 2732 4259 visum,
2762 4193 2954 4266 posuit
2980 4195 3187 4263 faciem
3204 4206 3368 4247 suam
3395 4189 3471 4246 ad

1871 4283 2172 4339 Dominum
2193 4285 2368 4339 Deum
2408 4284 2553 4349 creli,
2584 4298 2783 4354 rogare
2836 4298 2904 4337 ac
2933 4280 3226 4353 deprecari
3278 4279 3458 4347 (Dan.

1868 4396 1942 4446 ιχ,
1976 4380 2032 4451 3)
2063 4380 2115 4433 in
2146 4380 2441 4451 asperitate
2470 4379 2652 4445 cilicii,
2688 4387 2741 4434 et
2769 4378 3106 4450 parcimonia
3134 4376 3383 4433 salutaris
3413 4384 3468 4432 et

1868 4467 2206 4524 medicinalis
2228 4468 2447 4538 jejunii.
2480 4470 2658 4540 Atque
2705 4467 2971 4523 Dominus
3018 4467 3184 4534 Deus,
3240 4465 3461 4522 deside-

1866 4559 2018 4613 rium
2036 4558 2121 4614 col
2127 4558 2267 4613 lium
2283 4561 2632 4613 wternorum
2648 4556 2807 4626 (Gen.
2832 4571 2977 4622 χιιχ,
2989 4555 3103 4624 26),
3121 4554 3463 4611 desiderium

154 4649 393 4705 ﬁrmavit
422 4650 479 4705 S.
499 4650 730 4722 Spiritus
777 4650 1078 4718 decretum,
1108 4657 1167 4704 ut
1196 4665 1289 4704 χιιι
1341 4649 1579 4705 Kalend.
1645 4650 1760 4705 De-
1784 4658 1835 4718 D
1864 4647 2074 4701 anima:
2094 4646 2215 4716 ejus
2236 4646 2325 4701 illi
2341 4647 2561 4713 tribuit,
2606 4649 2663 4702 et
2683 4647 2979 4702 voluntate
3014 4644 3288 4701 labiorum
3337 4645 3464 4711 eius

149 4739 330 4796 cemb.
365 4740 677 4810 (quanocte
718 4739 1055 4795 revelatione
1105 4738 1357 4810 angelica
1414 4739 1563 4809 (256)
1617 4753 1761 4809 papa

146 4827 384 4898 insignis
414 4827 592 4882 meriti
616 4827 842 4898 Sergius
883 4835 966 4882 est
1023 4827 1355 4892 admonitus,
1404 4833 1462 4881 ut
1514 4826 1759 4898 egregia:

151 4915 454 4971 sanctitatis
476 4915 591 4971 viro
621 4915 1006 4983 Willibrordo,
1039 4923 1235 4988 quarto
1254 4915 1343 4970 die
1372 4917 1599 4970 Romam
1626 4930 1757 4969 ven-

153 5012 298 5071 turo,
335 5011 389 5059 et
417 5004 487 5059 ad
516 5020 784 5060 summum
815 5005 1058 5060 antistiti:
1086 5007 1353 5061 honorem
1389 5003 1751 5074 sublimanda,

221 5237 371 5306 (253)
394 5237 456 5292 In
484 5239 835 5311 cantieopro
862 5237 1085 5296 dilecto.
1140 5239 1230 5295 Sic
1258 5238 1569 5296 inscribitur
1597 5239 1750 5311 psal-

147 5324 277 5435 τέ)ἓὲ
299 5322 446 5432 ἶβιν,
479 5325 642 5381 quem
673 5308 761 5365 hic
791 5309 944 5365 citat.
982 5312 1267 5368 Dilectum
1305 5320 1485 5367 autem
1507 5308 1749 5385 intellige

238 5395 309 5432 HS
335 5394 424 5433 um
440 5418 454 5432 .

238 5387 424 5433 ristum
440 5418 454 5432 .

223 5449 371 5520 (254)
402 5451 564 5506 Anno
592 5450 890 5506 incamati
918 5451 1072 5508 Verbi
1094 5454 1257 5507 1059.
1309 5452 1575 5509 Convenit
1598 5462 1749 5510 recte

151 5535 330 5597 annus
359 5520 555 5597 Christi
577 5535 700 5597 cum
731 5520 963 5597 indicata
983 5522 1297 5597 indictione,
1330 5532 1545 5597 etganno
1574 5524 1749 5597 impe-

150 5591 376 5648 ratoris.
407 5590 670 5673 Baronius
686 5599 867 5646 tamen
909 5593 1199 5673 imperium
1216 5593 1422 5673 Qccid.
1457 5602 1586 5651 tunc
1648 5590 1748 5651 va-

149 5678 279 5719 care
309 5677 410 5732 per
438 5660 631 5741 plures
661 5677 833 5718 annos
877 5660 1049 5733 ponit,
1108 5672 1160 5719 et
1215 5665 1510 5721 Henricum
1564 5682 1747 5739 regem

147 5741 355 5788 tantum
379 5739 655 5802 agnoscit.

217 5802 368 5873 (255)
402 5799 698 5876 Conciolw.
712 5802 867 5856 Novo
899 5799 1056 5876 flequ
1072 5804 1204 5859 dixit
1220 5820 1320 5876 pro
1339 5808 1747 5863 conciunculaz.

145 5873 850 5956 Ipsamnco'ngrcgationem
883 5873 1176 5956 significat.

223 5946 379 6013 (256)
407 5944 567 6012 Papa
578 5943 821 6013 insignis
837 5944 1022 5998 menti
1034 5946 1259 6015 Sergius
1285 5951 1372 6004 est
1386 5946 1714 6006 admonitus
1724 5989 1739 6004 .

1868 4750 1997 4791 eum
2027 4750 2143 4791 non
2161 4734 2455 4807 fraudavit
2490 4735 2602 4806 (Ps.
2636 4751 2727 4799 xx,
2755 4734 2812 4804 5)
2844 4748 2857 4803 ;
2892 4731 2987 4789 sed
3015 4748 3144 4789 eum
3189 4732 3253 4787 in
3279 4731 3460 4803 gradu

1864 4839 1984 4893 suo,
2017 4831 2071 4878 et
2091 4839 2260 4895 super
2287 4825 2461 4895 pedes
2483 4839 2614 4880 suos
2641 4839 2741 4895 per
2768 4822 3081 4894 ingressum
3103 4820 3159 4875 in
3190 4836 3252 4875 se
3280 4818 3426 4890 Spiri

1862 4920 1976 4966 tum
2006 4920 2249 4968 sanctum
2272 4916 2534 4969 statuens
2587 4913 2758 4982 (Dan.
2786 4927 2902 4978 Vill,
2937 4909 3047 4982 18),
3093 4907 3454 4976 confortavit;

1861 5000 2171 5058 confortato
2199 5009 2390 5075 pastor
2406 5001 2771 5058 essentialiter
2790 5000 2990 5068 bonus,
3023 4998 3115 5072 qui
3126 4997 3318 5071 posuit
3335 4997 3457 5053 ani-

1860 5237 2008 5293 ldem
2034 5234 2274 5308 pontifex
2303 5234 2560 5308 divinitus
2604 5231 3146 5308 intellexit_mortem
3175 5231 3238 5308 _S.
3284 5231 3450 5308 Lam-

1858 5308 1994 5364 berti
2011 5303 2282 5378 martyris,
2314 5314 2370 5379 et
2398 5303 2845 5379 subrogationem
2875 5303 2937 5360 S.
2977 5304 3220 5374 Huberti,
3279 5310 3339 5360 ut
3391 5303 3451 5361 in

1857 5379 2019 5447 hujus
2030 5379 2265 5434 Historia
2294 5378 2466 5435 doceo
2479 5418 2491 5431 .

1926 5442 2075 5542 (257)
2103 5452 2406 5509 Theoticos.
2438 5449 2552 5506 Vox
2607 5453 2882 5520 corrupta,
2926 5461 3029 5519 pro
3058 5445 3351 5523 Θεατόκου,
3390 5442 3447 5504 id

1857 5539 1940 5587 est
1971 5532 2225 5602 Deiparae
2236 5572 2251 5586 .

1859 5672 1869 5674 _
1929 5601 2078 5674 (258)
2105 5601 2252 5674 Ignis
2267 5605 2425 5658 tactu
2444 5601 2693 5674 innoxii.
2716 5601 2849 5655 Cum
2866 5598 3296 5674 hocThiofridus
3307 5599 3448 5674 scri-

1857 5669 2331 5754 beret,_in'mente
2361 5673 2591 5729 habebat
2620 5673 2722 5727 hos
2749 5671 3009 5727 Marionis
3037 5686 3252 5740 versus,
3282 5669 3378 5743 lib,
3411 5685 3453 5727 ιι

1855 5743 2046 5797 ίΕηρίἀ
2061 5783 2073 5796 .

1929 5816 2070 5869 Ecce
2102 5814 2237 5869 levis
2253 5830 2476 5869 summo
2508 5814 2574 5870 de
2592 5814 2800 5870 vertice
2822 5817 2974 5872 visus
2985 5814 3112 5871 Iuli.

1933 5884 2188 5958 fundere
2209 5886 2400 5958 lumen
2419 5902 2589 5957 apex,
2615 5890 2879 5958 tactuque
2891 5888 3135 5942 innoxia
3154 5885 3353 5942 molles

1937 5954 2196 6011 Lambere
2211 5954 2744 6026 ['lamma’comas,et
2762 5954 2982 6014 circum
3001 5965 3252 6029 tempora
3262 5957 3447 6027 pasci.
