3882 6424
528 437 644 518 ’403

1550 448 1908 512 THIOFRIDI
1948 448 2234 510 ABBATIS
2272 449 2840 508 EFTERNACENSIS
3754 454 3834 509 illi

545 601 701 641 mam
727 599 891 640 suam
921 600 1022 656 pro
1057 583 1246 638 ovibus
1284 580 1616 652 suionan.
1673 597 1733 648 χ,
1768 581 1878 649 15),
1927 595 2148 652 gregem
2179 576 2237 639 A
2265 576 2611 649 prmrogavit,
2646 583 2697 630 et.
2723 575 2992 630 constituit
3019 584 3076 630 ut
3101 591 3289 631 omnes
3319 575 3405 644 qui
3436 590 3548 644 per
3579 574 3836 630 totiusanoi

552 691 708 728 suum
724 675 785 728 in
798 674 1085 728 montibus
1109 673 1598 744 Israel,inpascuis
1610 669 1913 726 uberrimis
1929 669 2148 726 (Exech.

559 779 766 830 xxxw,
801 764 907 831 14),
953 761 1118 827 bono,
1149 778 1214 814 ex
1248 760 1563 816 accidentali
1593 759 1736 814 dono
1782 775 1898 826 suo,
1957 757 2154 829 pastori

560 849 886 923 pascendum
917 849 1332 904 commendavit.
1378 848 1461 903 Ex
1491 848 1712 920 egregio
1769 864 1899 919 ergo
1939 847 2157 902 custode

559 965 736 1003 rerum
767 954 820 1002 et.
841 953 1278 1001 ornamentorum
1312 945 1603 1001 malerialis
1633 945 1904 1012 Ecclesiae,
1937 945 2150 1013 electus,

561 1043 762 1109 raptus,
801 1037 1081 1091 translatus
1109 1035 1176 1090 ad
1195 1035 1492 1090 custodiam
1547 1043 1602 1088 et
1629 1035 1874 1106 regimen
1902 1033 2157 1105 spiritua~

557 1127 620 1180 lis
649 1124 899 1180 Ecclesiae
933 1139 946 1192 ;
979 1131 1032 1178 et
1078 1141 1216 1179 unus
1257 1125 1474 1195 spiritus
1503 1123 1674 1178 factus
1702 1140 1822 1178 cum
1877 1122 2158 1193 spirituum

561 1213 800 1270 omnium
837 1213 1078 1282 custode,
1112 1213 1303 1282 dequo
1334 1212 2156 1286 preplietieoingeminaturore:

563 1310 925 1384 Custos,quid
961 1309 1027 1368 de
1059 1310 1266 1368 nocte?
1286 1313 1491 1378 custos,
1533 1309 1665 1384 quid
1685 1311 1751 1366 de
1786 1307 1991 1366 nocte?
2021 1307 2158 1376 (Isa.

565 1417 688 1469 xxx,
724 1401 836 1470 11.)
867 1407 991 1455 ante
1018 1399 1215 1454 mentis
1243 1415 1354 1455 suae
1411 1399 1594 1453 oculos
1614 1398 1756 1453 illius
1810 1399 2163 1454 Samaritani

567 1489 852 1560 exemplar
872 1489 1050 1558 posuit
1081 1491 1234 1548 (Luc.
1269 1505 1323 1552 Χ,
1359 1493 1423 1542 30
1446 1487 1643 1557 seqq),
1675 1485 1764 1557 qui
1805 1487 2040 1542 liumano
2069 1505 2164 1558 ge-

567 1578 679 1632 neri
694 1579 761 1634 ab
786 1578 1135 1633 Hierusalem
1157 1577 1355 1632 C(elesti
1374 1576 1578 1630 visione
1595 1576 1759 1647 pacis,
1775 1575 2160 1641 descendenti,

569 1679 722 1746 (239)
754 1676 812 1730 in
834 1675 1078 1742 Iericho,
1111 1675 1380 1729 defectum
1409 1675 1630 1728 internze
1661 1673 1811 1742 lucis,
1841 1680 1894 1726 et
1921 1690 1953 1728 a
1983 1674 2165 1729 latro-

570 1765 1074 1831 nibusvutnerato,
1125 1763 1514 1819 misericordia
1536 1767 1722 1818 motus
1759 1762 2050 1828 condoluit,
2109 1766 2166 1818 et

567 1854 914 1927 appropians
945 1870 1040 1925 per
1069 1853 1447 1908 incarnationis
1466 1869 1576 1906 sum
1603 1851 1934 1922 mysterium,
1973 1851 2167 1907 vulne—

567 1961 631 1999 ra
657 1945 778 2016 ejus
798 1959 1025 1997 summie
1055 1942 1268 2011 pietatis
1298 1947 1582 1996 etmternze
1601 1940 2166 2012 eompassionismanu

567 2033 930 2104 alligavit,ac
949 2035 1183 2104 peccata
1202 2033 1323 2102 ejus
1353 2033 1668 2102 perferens,
1689 2037 1740 2084 et
1770 2031 1920 2084 luens
1949 2031 2009 2084 in
2040 2046 2167 2084 cor-

565 2137 702 2196 pore
729 2137 829 2176 suo
862 2137 1030 2193 super
1063 2120 1280 2190 lignum
1334 2120 1385 2184 (1
1404 2121 1527 2174 Pet.
1563 2135 1620 2184 ιι,
1651 2122 1764 2188 illi),
1795 2119 1942 2172 illum
1993 2119 2050 2172 in
2073 2119 2171 2188 ju-

569 2222 828 2273 mentum
849 2233 1019 2273 suum
1039 2217 1249 2288 posuit,
1271 2219 1326 2271 et
1363 2215 1576 2271 ducens
1612 2215 1674 2270 in
1704 2215 2000 2271 stabulum
2033 2213 2170 2271 duos

574 2306 838 2363 denarios
869 2307 1054 2360 mlemi
1087 2306 1230 2378 regis
1259 2307 1561 2359 charactere
1593 2304 1892 2375 inscriptos,
1923 2303 2058 2358 duos
2075 2305 2173 2358 sci-

573 2395 856 2467 licetlegis
899 2403 951 2450 et
1006 2394 1287 2467 Evangelii
1334 2393 1696 2459 Testamenta,
1744 2393 1856 2446 sive
1911 2393 2172 2464 germina:

575 2484 846 2538 cliaritatis
868 2490 1153 2555 praecepta,
1187 2483 1520 2549 stabulario,
1557 2480 1730 2535 ordini
1760 2480 2007 2536 videlicet
2033 2497 2171 2553 apo-

575 2579 763 2634 stolico
797 2596 895 2650 per
923 2579 1153 2648 Spiritus
1183 2577 1438 2648 paracleti
1484 2577 1736 2649 gratiam,
1769 2584 1821 2630 et
1872 2577 2175 2631 illustratio-

579 2684 698 2722 nem
755 2667 986 2722 caelestis
1041 2666 1324 2722 medicina:
1368 2666 1614 2738 apprime
1661 2665 1882 2720 scientia
1928 2665 2172 2738 praedito,

582 2773 679 2828 pro
710 2771 921 2811 summa
951 2755 1206 2810 sanandis
1263 2755 1482 2811 sauciati
1543 2754 1852 2809 vulneribus
1899 2753 2176 2825 diligentia

579 2844 963 2914 impendenda,
998 2845 1337 2900 contradidit.
1390 2844 1698 2915 Exemplar,
1723 2843 1961 2914 inquam,
2019 2850 2177 2898 tantze

580 2933 942 2989 miserationis
997 2941 1048 2987 et
1097 2933 1504 3003 compassionis.
1567 2933 1819 3004 egregius
1874 2933 2174 3004 animarum

581 3012 760 3060 custos
791 3004 1178 3060 Samaritamus
1210 3001 1407 3070 noster,
1429 3001 1676 3076 Spiritus
1699 3001 1812 3059 oris
1845 3001 2046 3068 nostri,
2081 3003 2177 3059 cui

579 3093 836 3149 diximus
852 3113 862 3148 :
879 3093 988 3149 Sub
1004 3093 1202 3148 umbra
1221 3096 1322 3148 tua
1337 3093 1586 3148 vivemus
1601 3094 1659 3146 in
1674 3092 1933 3163 gentibus
1946 3094 1963 3156 (
1975 3092 2174 3147 Thren.

573 3197 649 3249 xv,
680 3185 792 3252 26),
825 3183 1144 3237 imitandum
1177 3181 1298 3247 sibi,
1331 3189 1382 3236 et
1429 3182 1482 3235 in
1513 3189 1757 3250 posteros
1801 3197 1898 3235 suo
1929 3180 2178 3251 exemplo

581 3271 1046 3326 transmittendum
1079 3271 1378 3342 proposuit,
1411 3278 1463 3324 et
1491 3270 1634 3338 quod
1673 3269 2178 3325 excellentissimum
2209 3284 2260 3347 ο

573 3359 806 3414 etrlestis
833 3359 1116 3414 medicina:
1147 3359 1443 3414 remedium
1497 3358 1805 3430 excogitare
1859 3358 2050 3427 potuit,
2071 3374 2186 3412 me-

579 3448 771 3503 dendis
797 3449 1064 3506 Dominici
1095 3449 1280 3520 gregis
1313 3446 1626 3503 vulneribus
1649 3447 1885 3518 providit
1909 3453 1963 3500 et
1988 3455 2183 3501 contu-

579 3547 639 3602 lit
669 3561 682 3614 ;
717 3554 772 3603 et
800 3555 876 3603 tot
904 3555 1118 3602 sanctos
1165 3547 1360 3618 vigiles
1389 3561 1451 3600 ac
1506 3544 1753 3599 custodes
1795 3559 1958 3614 super
2003 3551 2185 3598 custo-

587 3637 733 3690 diam
763 3651 875 3692 sua}
907 3635 1188 3691 familiaris
1245 3635 1498 3690 Ecclesiae
1552 3633 1860 3702 procuravit
1911 3639 1965 3686 et
2015 3631 2190 3700 dispo-

582 3726 705 3792 suit,
744 3733 875 3794 quot
907 3725 1197 3780 electorum
1227 3725 1325 3778 Dei
1359 3722 1676 3795 pignoribus
1723 3721 1923 3776 ibidem
1954 3721 2193 3777 recondi-

587 3815 672 3881 tis,
704 3813 997 3885 specialcm
1031 3817 1292 3869 honorem
1318 3829 1380 3869 ac
1403 3811 1756 3866 reverentiam
1789 3811 2027 3880 impendi
2058 3827 2190 3864 cen-

584 3903 712 3958 suit.
744 3903 987 3973 Denique
1015 3903 1251 3956 imitatus
1281 3903 1430 3969 (260)
1450 3908 1695 3970 quartum
1719 3916 1750 3953 a
1779 3898 2190 3970 vigilantissimo

556 3993 853 4064 Gregorio
885 3992 938 4046 in
991 3991 1118 4046 sede
1172 3991 1468 4062 apostolica
1517 3988 1850 4043 Bonifacium
1903 3987 2016 4057 (qui
2070 3993 2195 4056 post

587 4089 958 4137 consecratum
989 4095 1021 4135 a
1049 4097 1106 4134 se
1138 4081 1437 4146 Pantheon,
1469 4077 1878 4132 celeberrimam
1935 4075 2191 4130 Omnium

590 4173 908 4225 Sane-torum
957 4169 1352 4224 solemnitatem
1411 4167 1646 4236 indixit),
1726 4165 2000 4229 festivum,
2057 4163 2194 4228 sicut

587 4258 1008 4329 prtenotavimus
1035 4257 1282 4328 specialis
1311 4254 1840 4310 commemorationis
1865 4252 2030 4320 diem,
2063 4269 2191 4322 spo-

590 4348 780 4402 cialius
810 4362 1022 4401 summa
1059 4346 1345 4400 devotione
1377 4353 1429 4399 et
1462 4343 1737 4398 alacritate
1789 4339 2188 4412 celebrandum,

595 4438 648 4491 in
669 4453 887 4491 omnem
917 4443 1117 4490 sanctae
1173 4433 1606 4506 congregationis
1627 4431 1744 4500 ejus
1799 4430 2191 4486 successionem

2264 665 2492 720 orbitam
2524 665 2577 718 in
2600 664 2870 735 condigna
2899 671 2950 719 et
2980 659 3158 719 debita
3187 662 3508 734 specialium
3569 671 3836 717 sanctetuo:

2264 762 2610 824 patronorum
2641 768 2857 807 suorum
2901 752 3177 822 obsequia,
3236 751 3524 807 obliviosae
3586 751 3838 823 negligen-

2266 843 2354 897 tiae
2381 840 2598 895 funibus
2617 841 2815 895 astricti
2846 847 3332 913 prmgravarentur,
3367 840 3838 896 redimentestem-

2266 928 2614 1003 pust’Ephes.
2647 945 2702 998 v,
2737 931 2846 999 16),
2896 929 3260 1000 multiplicatis
3315 928 3838 983 familiarissimorum

2267 1020 2678 1074 intercessorum
2748 1017 3077 1089 patrociniis,
3133 1024 3186 1072 et
3274 1017 3772 1083 interventionibus,
3818 1035 3840 1072 a

2265 1108 2622 1164 malitiadiei
2662 1107 3017 1161 liberarentur
3045 1106 3223 1176 (Matt.
3263 1121 3338 1174 γι,
3366 1105 3483 1175 3i),
3507 1112 3563 1160 et
3592 1121 3698 1159 una
3717 1107 3841 1160 unius

2269 1196 2634 1252 celeberrima)
2665 1195 2966 1252 festivitatis
2993 1195 3207 1250 salutari
3236 1195 3457 1250 victima
3507 1195 3837 1264 expiarentur,

2269 1291 2321 1340 et
2349 1285 2402 1339 in
2433 1292 2630 1340 emtum
2658 1291 2873 1339 senatus
2916 1283 3149 1338 ιιι-ίιηὶοω
3177 1284 3336 1338 curia:
3371 1282 3493 1353 (ubi
3557 1283 3840 1337 intermina-

2268 1373 2394 1428 bilis
2423 1373 2682 1429 festivitas
2711 1371 3113 1444 inexcogitabili
3145 1380 3196 1426 et
3226 1371 3488 1426 ineffabili
3519 1371 3698 1440 jubilo
3725 1372 3839 1426 cele-

2269 1461 2475 1532 bratur)
2532 1462 2811 1516 transcribi
2860 1469 2912 1516 et
2967 1461 3238 1516 transferri
3286 1468 3650 1516 mererentur.
3706 1463 3842 1532 Igitur

2273 1567 2370 1605 nos
2397 1559 2684 1621 pensantes
2741 1551 2936 1604 summi
2986 1551 3302 1620 patriarchae
3357 1549 3601 1604 Abrabm
3654 1565 3841 1604 summae

2271 1639 2588 1694 humilitatis
2615 1639 2948 1708 exemplum,
2999 1639 3250 1692 omnibus
3276 1639 3363 1707 qui
3394 1639 3453 1691 in
3502 1637 3706 1692 semine
3731 1638 3837 1705 ejus,

2272 1729 2326 1782 in
2357 1727 2566 1782 Christo
2601 1727 2834 1782 Domino
2864 1735 3045 1782 nostro
3074 1726 3338 1781 benedicti
3391 1733 3542 1794 sunt,
3601 1727 3840 1780 haeredita-

2274 1817 2410 1870 rium
2450 1835 2460 1870 :
2499 1816 2754 1884 Abrahae,
2789 1816 3027 1885 inquam,
3081 1815 3170 1884 qui
3199 1815 3524 1870 exsultavit
3571 1819 3638 1869 ut
3663 1815 3836 1870 videret

2195 1929 2249 1989 B
2278 1907 2426 1962 diem
2449 1905 2682 1961 Domini
2703 1904 2804 1972 sui,
2847 1904 3067 1958 seminis
3119 1904 3220 1970 sui,
3253 1908 3308 1959 et
3357 1903 3506 1960 vidit
3555 1906 3612 1958 et
3658 1906 3840 1974 gauisus

2277 1999 2365 2051 est
2407 1997 2729 2062 (Joan.vm,
2755 1997 2844 2062 :36)
2879 2012 2890 2048 :
2925 2002 2975 2047 et
3006 2002 3182 2047 tamen
3238 2000 3358 2062 post
3414 1993 3684 2047 internum
3726 1991 3834 2044 indi-

2277 2085 2408 2139 viste
2433 2084 2648 2136 unitatis
2677 2091 2730 2137 et
2759 2082 3052 2136 individuae
3098 2081 3366 2136 Trinitatis
3391 2081 3765 2135 revelationem
3796 2096 3836 2132 ar:

2277 2173 2725 2242 Speculationem,
2757 2171 2964 2225 locutus
2991 2177 3069 2224 est
3089 2186 3179 2225 ore
3211 2169 3418 2236 humili,
3455 2185 3592 2224 voce
3619 2169 3833 2239 supplici:

2279 2261 2580 2333 Loquarad
2594 2260 2900 2318 Dominum
2913 2273 3121 2324 meum,
3139 2274 3269 2314 cum
3299 2258 3407 2313 sim
3427 2259 3624 2330 pulvis
3651 2261 3703 2312 et
3730 2259 3838 2311 cini:

2281 2351 2440 2419 (Gen.
2477 2365 2636 2416 xvm,
2671 2353 2761 2419 27)
2794 2363 2808 2416 ;
2839 2349 3124 2403 redeamus
3179 2346 3244 2401 ad
3286 2361 3402 2411 nos,
3467 2361 3726 2415 ponamus
3769 2360 3837 2397 nos

2280 2447 2403 2494 ante
2427 2455 2545 2504 nos,
2578 2439 2882 2492 intueamur
2908 2445 2960 2491 et
3006 2436 3352 2506 respiciamus
3387 2433 3732 2505 opprobrium
3773 2449 3838 2485 no-

2281 2513 2469 2582 strum.
2501 2529 2690 2582 Lutum
2723 2542 2820 2580 nos
2847 2526 3011 2580 molle
3041 2541 3104 2580 ac
3126 2525 3441 2581 vilissimum
3499 2539 3614 2576 esse
3649 2536 3836 2591 recogno

2282 2633 2516 2678 seamus,
2540 2614 2806 2669 immundi
2865 2615 3071 2670 cineres
3117 2611 3344 2668 viviticis
3381 2619 3689 2666 sanctorum
3721 2610 3836 2663 cine-

2282 2703 2451 2772 ribus,
2485 2711 2538 2758 ct
2563 2703 2816 2758 omnibus
2844 2703 3066 2757 omnino
3093 2701 3254 2757 rebus
3281 2700 3349 2755 ad
3378 2717 3478 2756 eos
3507 2701 3622 2756 sive
3641 2698 3835 2752 subsuta

2285 2794 2500 2859 tialiter,
2559 2810 2653 2847 seu
2709 2791 3110 2847 accidentaliter
3163 2790 3576 2861 pertinentibus,
3640 2787 3831 2841 debitum

2284 2885 2546 2938 honorem
2579 2897 2640 2936 ac
2668 2881 2943 2936 servitium
2969 2879 3368 2948 impendamus.
3429 2879 3502 2933 Et
3531 2877 3652 2948 quia
3679 2891 3736 2931 ex
3759 2874 3834 2926 illis

2286 2988 2496 3026 summa
2527 2971 2695 3026 oritur
2723 2970 3024 3037 exsultatio,
3049 2977 3100 3023 et
3155 2984 3220 3022 ex
3251 2968 3354 3021 illis
3373 2967 3575 3038 pendet
3630 2967 3832 3020 humana

2285 3060 2601 3132 prepaginis
2630 3059 2854 3114 salvatio
2877 3073 3066 3112 omnes
3102 3064 3156 3112 et
3211 3063 3346 3111 totas
3389 3055 3571 3111 cordis
3621 3051 3833 3108 medullas

2287 3149 2342 3204 in
2373 3149 2584 3203 illorum
2617 3147 2848 3220 gloriam
2880 3162 2944 3201 ac
2990 3135 3204 3201 laudum
3263 3143 3620 3210 edundamus,
3673 3148 3723 3194 ut
3745 3145 3832 3208 post

2287 3253 2548 3304 vermem,
2579 3236 2782 3292 redacti
2812 3236 2866 3289 in
2923 3235 3198 3306 pulverem
3251 3250 3349 3305 per
3398 3249 3588 3288 eorum
3640 3228 3832 3284 omnium

2291 3327 2618 3394 continuam,
2652 3334 2706 3381 et
2731 3325 3135 3381 devotissimam
3175 3323 3622 3378 interventionem
3666 3331 3832 3371 menta-

2292 3432 2413 3470 mur
2443 3415 2662 3470 transire
2685 3414 2750 3468 de
2807 3412 3129 3468 mortalitate
3150 3411 3220 3467 ad
3275 3410 3741 3474 immortalitatem,
3787 3403 3832 3455 dc

2292 3513 2636 3583 corruptione
2655 3511 2724 3566 ad
2768 3511 3221 3580 incorruptionem
3281 3523 3296 3578 ;
3353 3507 3590 3579 propitio
3634 3512 3684 3559 et
3729 3516 3834 3572 pra-

2294 3611 2465 3657 stante
2502 3601 2855 3672 prepitiatore
2884 3607 3086 3667 nostro,
3137 3599 3289 3669 cujus
3353 3614 3482 3654 caro
3518 3611 3615 3666 pro
3664 3591 3836 3647 redem-

2297 3693 2483 3761 ptione
2513 3707 2576 3746 ac
2603 3691 2942 3759 reparatione
2973 3689 3169 3744 anima:
3197 3704 3258 3743 ac
3278 3687 3455 3742 carnis
3483 3691 3668 3740 nostrae
3692 3679 3752 3734 ab
3773 3679 3832 3731 in-

2297 3789 2549 3849 corrupta
2580 3779 2799 3835 illibata)
2829 3778 3091 3833 tlieoticos
3122 3792 3281 3833 carne
3308 3781 3600 3846 assumpta,
3619 3765 3832 3827 aeneidil

2297 3869 2720 3942 corruptionem
2742 3869 2887 3934 (Act.
2921 3883 2980 3934 ιι,
3005 3865 3608 3938 31);quiinterﬁciens
3637 3855 3832 3914 inimici-

2301 3961 2412 4015 tias
2435 3961 2494 4014 in
2519 3973 2692 4014 carne
2712 3973 2816 4012 sua
2846 3955 3073 4029 (Ephes.
3105 3971 3164 4022 n,
3199 3956 3261 4008 14
3295 3955 3358 4008 16
3392 3967 3404 4021 ;
3441 3951 3636 4025 Ephes.
3656 3946 3831 4010 m,7_l,vl

2300 4055 2486 4109 deleas
2511 4055 2705 4109 veteris
2725 4054 2918 4126 piaculi
2957 4053 3277 4118 cautionem,
3318 4065 3532 4105 careem
3571 4053 3772 4100 nostram
3795 4038 3830 4089 in

2299 4161 2378 4212 se,
2409 4143 2722 4200 secundum
2755 4142 3008 4212 potentia:
3058 4141 3290 4197 virtutis
3326 4154 3447 4194 suae
3479 4133 3830 4209 operationem.

2301 4233 2602 4290 constitui!
2617 4231 2690 4288 ad
2703 4233 3002 4288 dexteram
3025 4229 3217 4286 Patris
3259 4228 3322 4283 in
3337 4225 3665 4285 (aetatibus,
3706 4229 3830 4286 supra

2301 4339 2522 4378 omnem
2533 4322 2952 4394 principatum,
2975 4323 3030 4375 et
3047 4321 3412 4391 potestatem,
3433 4320 3489 4372 et
3509 4313 3765 4369 virtutem,
3790 4303 3827 4355 el

2299 4413 2743 4468 dominationem
2770 4410 2989 4482 (Ephes.
3014 4424 3052 4475 ι,
3090 4411 3176 4471 20,
3203 4406 3314 4475 ‘21).

669 4673 819 4743 (259)
849 4669 916 4728 In
944 4667 1464 4743 Jerichodefectuin
1481 4666 1730 4743 internae
1763 4663 1924 4743 lucis.
1959 4660 2194 4729 Respicit
2215 4643 2267 4704 D
2298 4653 2603 4743 Bonifacius
2657 4657 2893 4743 quartus,
2913 4646 3498 4743 _q_ui‘_l’_antl:ieqn,.
3528 4639 3689 4743 £11223

595 4731 813 4808 nomen,
845 4731 1496 4810 Jericho,quod'llebrmis
1526 4731 2185 4806 lunamsigniﬁcat,quam

595 4823 836 4870 mutuum
867 4814 1046 4867 lumen
1069 4827 1212 4882 saepe
1240 4810 1439 4882 deﬁcit.

665 4889 816 4956 (260)
848 4874 1553 4952 Quartumaviaitantiss.
1611 4877 1891 4947 Gregorio.
1953 4874 2049 4930 fuit
2105 4874 2189 4928 hic

2295 4706 2659 4795 irnnwtratum,
2675 4706 2746 4776 .in
2767 4706 3024 4795 honorem
3058 4717 3291 4795 Virginis
3319 4706 3576 4795 Matris}!

2297 4778 2470 4866 tyrhm
2500 4778 2847 4861 consecravit,
2881 4807 3022 4846 anno
3078 4778 3288 4844 Cliristo
3317 4789 3442 4842 607.
3499 4786 3574 4838 Ita
3625 4778 3819 4830 Batonius

2297 4885 2364 4924 ex
2393 4866 2690 4922 Anastasio.

1713 5153 1886 5210 LAUS
1927 5149 2064 5206 1)Εο
2105 5146 2518 5216 VIRGINIQUE
2557 5145 2769 5200 MATR]
