3882 6448
164 496 283 547 405

744 632 1261 641 oo—o——————————-
1277 628 1599 641 b——_——

1625 486 2029 546 SERMONES.

3386 492 3490 547 406

748 802 1889 943 THIOFRIDI
1972 803 2917 947 ABBATIS

1291 1060 1945 1171 SERMONES

2059 1068 2370 1171 DUO.

163 1282 428 1357 (Exstant
458 1283 514 1337 in
534 1284 871 1343 Bibliotheca
896 1285 1134 1341 Patrum
1155 1283 1432 1357 Lugdunq
1478 1291 1606 1357 tom.
1639 1284 1762 1357 XII,
1796 1301 1924 1357 pag.
1961 1288 2081 1353 H7,
2115 1285 2253 1340 inter
2281 1295 2630 1343 monumenta
2658 1286 2838 1343 saeculi
2869 1301 2992 1345 γιιι.
3028 1286 3162 1345 Vide
3203 1288 3478 1348 Notitiam

1301 1354 1650 1411 litterariam
1680 1356 1737 1411 iu
1766 1354 2123 1428 Thiot‘ridum,
2151 1360 2357 1436 supra.)

695 1711 925 1767 SERMO
964 1713 1239 1768 PRIMUS.

590 1854 659 1893 ΠΕ
698 1854 1023 1893 SANCTORUM
1065 1854 1363 1902 RELlQL'llS.

244 1962 551 2017 Laudemus
580 1963 889 2031 Dominum,
949 1963 1249 2017 mirabilem
1309 1963 1361 2017 in
1409 1964 1604 2018 sanctis
1640 1963 1768 2031 suis,

165 2052 267 2104 sed
304 2052 686 2105 mirabiliorem
721 2052 772 2105 in
805 2052 1116 2106 eorumdem
1157 2053 1412 2122 reliquiis,
1470 2052 1594 2123 quia
1651 2053 1775 2105 licet

164 2141 233 2193 sit
290 2157 521 2210 magnus
562 2140 612 2193 in
664 2142 894 2212 magnis,
950 2141 1215 2213 gloriosus
1272 2150 1449 2196 tamen
1506 2141 1771 2195 mirabilia

160 2238 426 2299 operatur
456 2230 509 2282 in
535 2229 793 2282 minimis.
820 2230 939 2283 Non
974 2231 1099 2283 satis
1129 2239 1208 2283 est
1255 2230 1328 2283 illi
1374 2230 1514 2299 quod
1564 2239 1774 2284 sancto-

159 2334 287 2371 rum
316 2318 527 2371 animas
559 2318 611 2371 in
641 2326 855 2372 mtcrna:
888 2318 1157 2371 fclicitatis
1213 2319 1477 2389 glorilicat
1528 2320 1770 2387 regione,

164 2406 268 2457 nisi
303 2412 351 2459 et
376 2422 560 2459 eorum
588 2407 840 2475 reliquias
880 2407 1141 2477 gloriﬁcct
1199 2407 1253 2460 in
1312 2409 1409 2461 hac
1467 2408 1775 2478 peregrina-

164 2494 332 2546 tione.
365 2495 553 2563 Neque
582 2494 778 2548 sufﬁcit
807 2496 947 2563 quod
982 2495 1396 2549 immortalitatis
1452 2495 1555 2549 illis
1610 2497 1775 2549 donat

164 2582 413 2648 delicias,
478 2584 577 2635 nisi
632 2591 681 2637 et
745 2583 901 2635 totius
982 2584 1164 2636 mundi
1223 2584 1465 2638 conferat
1537 2583 1770 2637 divitias.

165 2670 387 2742 Oppida
421 2670 563 2723 enim
597 2680 647 2725 et
678 2673 916 2739 castella,
950 2671 1097 2725 vicos
1118 2680 1165 2726 et
1205 2674 1381 2741 urbes,
1428 2689 1545 2741 qtae
1592 2672 1774 2726 omnia

158 2760 278 2828 jam
314 2761 501 2825 magni
563 2768 779 2813 tenuere
839 2761 1126 2830 principes,
1186 2761 1413 2831 exiguus
1469 2770 1772 2815 sanctorum

167 2848 349 2916 pulvis
382 2848 634 2917 possidet,
672 2848 909 2918 locuples
937 2865 1112 2901 rerum
1172 2850 1328 2919 copia
1384 2850 1593 2903 illormu
1643 2850 1771 2903 reli-

167 2937 312 3003 quiis
336 2936 603 3004 subjaeet.
644 2938 853 2989 Animze
904 2937 953 2989 in
1011 2938 1212 2990 ctrlcsti
1262 2938 1497 3007 jubilant
1551 2939 1769 3008 palatio,

166 3025 415 3093 reliquiae
446 3040 629 3077 eorum
661 3026 964 3079 exaltantur
1008 3026 1059 3078 in
1116 3027 1328 3079 subdito
1393 3027 1493 3080 sibi
1548 3028 1763 3081 sarculo.

170 3115 293 3166 Non
327 3120 575 3183 poterunt
604 3130 839 3182 unquam
875 3121 979 3167 tam
1006 3114 1270 3184 profunde
1301 3116 1355 3168 in
1378 3123 1529 3169 terra)
1550 3115 1765 3169 recondi

168 3202 485 3267 visceribus,
548 3202 675 3270 quin
724 3218 883 3272 super
938 3211 1130 3257 terram
1216 3219 1312 3273 per
1391 3204 1766 3258 miraculorum

168 3292 388 3344 etl'ectus
417 3290 706 3357 etfulgeant
762 3292 875 3361 ipso
914 3293 1025 3345 sole
1084 3291 1326 3345 lucidius.
1387 3294 1495 3345 llas
1545 3294 1769 3363 singulis

173 3378 571 3451 provinciarum
601 3387 653 3431 et
680 3379 955 3433 civitatum
988 3382 1201 3449 populis
1230 3381 1375 3434 dedit
1417 3381 1470 3434 in
1498 3381 1764 3445 solatium,

168 3477 225 3520 ut
274 3468 402 3520 dum
463 3468 783 3536 importunis
839 3478 1098 3535 urgentur
1169 3470 1469 3522 incuisibus
1539 3468 1767 3522 hostium

168 3556 461 3609 visibilium
495 3564 547 3608 et
604 3554 976 3621 invisibilium,
1037 3573 1132 3627 per
1183 3560 1370 3611 harum
1426 3558 1770 3611 delensentur

174 3646 443 3698 meritum.
480 3644 589 3696 Rex
622 3644 765 3696 enim
825 3645 1051 3713 quilibet
1102 3647 1249 3699 urbis
1305 3646 1530 3713 alicujus
1583 3646 1768 3698 defen-

177 3750 326 3786 surus
354 3734 575 3797 nurnia,
638 3741 836 3800 quanto
888 3735 1175 3788 audaciora
1230 3743 1279 3789 et
1334 3736 1487 3803 plura
1534 3734 1763 3787 hostium

176 3821 439 3891 comperit
468 3838 582 3874 esse
613 3822 853 3891 agnima,
884 3830 1027 3876 tanto
1056 3824 1275 3877 fortiora
1308 3831 1357 3876 et
1400 3824 1765 3876 numerosiora

172 3911 227 3963 in
279 3909 669 3963 munitionibus
718 3911 945 3964 militum
1006 3913 1231 3981 apponit
1285 3920 1521 3981 pectora.
1573 3912 1659 3966 Sic
1714 3920 1766 3964 et

172 4002 314 4054 Deus
344 3998 510 4053 nostri
542 3999 730 4052 videns
762 4000 990 4053 hostium
1021 4001 1413 4054 multitudiiu-m
1458 4016 1553 4071 per
1599 4008 1761 4054 totum

173 4088 395 4141 volitare
427 4104 628 4151 aerem,
661 4094 713 4140 et
742 4104 979 4157 pugnant
1015 4090 1271 4143 adversus
1317 4089 1619 4157 adeptiouis
1654 4106 1763 4141 sum

169 4178 305 4229 ﬁlios
326 4185 531 4229 struere
562 4175 931 4245 multiplicem,
968 4179 1219 4230 humana)
1267 4178 1493 4231 miseria:
1549 4178 1762 4231 miseri-

170 4265 397 4318 corditer
452 4264 726 4331 consulit;
790 4272 843 4317 et
895 4266 1258 4334 multiplicatis
1332 4284 1491 4337 super
1544 4283 1760 4320 arenam

175 4351 498 4422 patrociniis,
532 4351 804 4404 civitatem
862 4370 1032 4419 suam,
1076 4353 1129 4405 id
1178 4362 1253 4407 est
1302 4355 1615 4419 Ecclesiam,
1663 4370 1760 4407 cu—

175 4441 325 4494 stodit
356 4449 407 4492 et
435 4440 685 4509 protegit.
722 4441 1013 4510 linicuique
1046 4443 1306 4510 locorum,

179 4538 369 4594 nostro,
403 4528 618 4582 abunde
648 4546 872 4593 magnas
908 4539 1210 4584 sanctorum
1257 4532 1507 4601 reliquias
1553 4548 1762 4585 accom-

179 4618 353 4670 modat
389 4632 401 4681 ;
439 4618 849 4684 quatenusdum
882 4620 951 4672 ab
984 4618 1251 4689 indigenis
1286 4620 1447 4690 digne
1495 4637 1555 4675 ac
1598 4620 1759 4673 latui-

182 4706 353 4759 liarius
384 4707 730 4767 honorantur,
768 4706 926 4759 iidem
962 4706 1230 4775 indigena:
1267 4726 1448 4763 earum
1506 4716 1761 4779 perpetua

182 4794 488 4848 defensioue
544 4793 842 4848 ﬁrmentur.
904 4796 1236 4863 Ubicumque
1296 4813 1421 4851 vero
1507 4806 1759 4851 terrarum

184 4882 375 4951 aliquid
436 4892 512 4936 est
571 4900 775 4947 earum,
837 4892 1065 4937 mortem
1124 4886 1322 4939 habent
1378 4888 1758 4953 lucernarum,

183 4972 401 5025 lucerme
477 4971 775 5040 ubicunque
846 4973 1085 5027 locorum
1144 4975 1266 5035 sint,
1346 4976 1599 5029 abscondi
1656 4994 1762 5031 non

187 5068 410 5132 possunt,
445 5060 536 5113 sed
572 5061 788 5113 luminis
818 5062 897 5115 sui
941 5062 1281 5131 splendorem
1340 5064 1501 5135 longe
1554 5064 1764 5133 lateque

182 5156 445 5217 spargunt.
478 5150 647 5205 Nemo
680 5167 907 5218 namque
938 5153 1196 5206 accendit
1243 5153 1556 5218 lucernam,
1605 5158 1661 5208 et
1702 5155 1762 5209 in

183 5236 432 5294 abscondi
441 5241 494 5294 to
512 5240 694 5309 ponit,
717 5256 894 5308 neque
912 5240 1009 5295 sub
1033 5242 1239 5296 modio:
1264 5241 1359 5297 sed
1373 5260 1545 5314 supra.
1565 5241 1768 5298 cande-

188 5327 482 5391 labrum,ul
498 5343 624 5382 cum
640 5328 1044 5398 ingrediuntur
1058 5330 1249 5385 lumen
1264 5331 1764 5403 videant(Luc..\'i).

186 5420 424 5469 Accensa)
460 5415 691 5467 lucerna‘
722 5424 1025 5469 sanctorum
1058 5427 1175 5471 sunt
1216 5418 1455 5489 reliquize
1491 5438 1504 5483 ;
1540 5421 1662 5472 licet
1716 5427 1771 5472 et

189 5505 439 5558 lurcrnam
472 5503 648 5572 ipsum
683 5504 934 5558 Sanctum
968 5514 1269 5560 sanctorum
1305 5524 1410 5560 non
1467 5526 1495 5563 a
1554 5508 1775 5562 creden-

192 5594 317 5645 tibus
347 5593 687 5657 absconsum,
715 5610 811 5645 nec
840 5594 936 5645 sub
970 5594 1173 5659 modio,
1233 5595 1283 5647 id
1343 5606 1421 5649 est
1479 5597 1577 5650 sub
1637 5596 1774 5666 legis

199 5698 426 5735 mensura
471 5680 753 5743 inclusum,
788 5681 921 5733 intra
976 5682 1125 5733 unius
1185 5683 1382 5737 Indica}
1438 5685 1615 5755 gentis
1676 5693 1771 5736 ter-

1802 1716 1858 1776 A
1888 1717 2145 1786 locantur,
2177 1718 2230 1772 id
2262 1727 2341 1773 est
2368 1735 2476 1774 non
2506 1719 2561 1773 in
2589 1720 2769 1791 aliquo
2826 1721 3093 1778 indecenti
3150 1723 3236 1779 vel
3290 1722 3478 1796 ignoto

1884 1806 2001 1860 loco
2032 1806 2146 1861 sine
2176 1809 2378 1862 honore
2408 1809 2669 1863 locantur.
2708 1809 2974 1865 Occultari
3030 1828 3293 1881 nusquam
3347 1828 3478 1882 per-

1883 1904 2177 1971 mittuntur,
2209 1906 2301 1958 sed
2333 1922 2493 1977 supra
2523 1908 2927 1975 candelabrum,
2970 1909 3113 1978 quod
3171 1919 3252 1964 est
3307 1911 3480 1969 Chris-

1885 2000 1965 2045 tus
1993 2001 2046 2047 et
2095 1994 2349 2061 Ecclesia,
2410 1996 2692 2065 propatulo
2751 2006 3067 2067 pronuntur,
3129 2006 3184 2052 ut
3239 1997 3365 2054 ﬁdei
3421 2008 3473 2057 et

1880 2081 2078 2136 divina:
2106 2083 2399 2153 agnitionis
2428 2085 2610 2138 lumen
2637 2085 2876 2153 videant,
2934 2087 3023 2156 qui
3081 2086 3472 2158 ingrediuntur.

1885 2173 1949 2228 Ut
1973 2173 2183 2237 lumen,
2219 2172 2461 2240 inquam,
2494 2173 2743 2239 videant,
2799 2175 2928 2229 dum
2985 2184 3291 2231 sanctorum
3341 2177 3474 2231 reli-

1883 2261 2035 2328 quius
2056 2261 2325 2314 miraculis
2371 2278 2649 2316 coruscare
2687 2264 3042 2329 considerant,
3103 2281 3264 2334 quam
3322 2266 3483 2321 mira-

1882 2357 2006 2411 bilis
2034 2366 2085 2412 et
2118 2366 2331 2426 quantm
2362 2359 2426 2412 sit
2458 2358 2666 2429 pictatis
2698 2361 2839 2415 Deus
2869 2362 3189 2434 intelligant.
3242 2363 3296 2417 Si
3349 2379 3476 2418 vero

1883 2454 2184 2501 sanctorum
2244 2447 2484 2516 reliquize
2541 2449 2953 2518 occultarentur,
3013 2458 3064 2505 et
3118 2451 3370 2506 virtutum
3410 2452 3479 2506 si-

1882 2536 2006 2605 gnis
2036 2552 2143 2589 non
2176 2536 2582 2603 illustrarentur,
2620 2537 2747 2606 quid
2776 2537 2967 2592 durum
2998 2546 3048 2592 et
3078 2539 3348 2609 lapideum
3388 2556 3480 2594 cor

1884 2624 2136 2694 hominis,
2173 2625 2241 2679 ad
2271 2625 2628 2680 desideranda
2684 2627 2922 2681 cutlestia
2976 2626 3290 2684 excitaret?
3348 2628 3477 2697 quid

1883 2740 1915 2777 a
1945 2722 2093 2777 vitiis
2122 2722 2190 2776 ad
2212 2723 2433 2776 virtutes
2463 2733 2746 2779 renovaret
2777 2725 2804 2777 ‘2
2834 2723 2967 2793 Quae
3021 2726 3184 2780 homo
3238 2735 3476 2796 speraret

1884 2812 2124 2882 praemia,
2156 2811 2199 2864 si
2230 2828 2341 2877 eos,
2376 2827 2509 2880 quos
2564 2812 2617 2866 in
2675 2814 2783 2867 vita
2839 2829 2934 2867 sua
2983 2813 3307 2882 justissimos
3361 2832 3477 2870 esse

1884 2900 2048 2964 novit,
2082 2916 2188 2954 non
2218 2900 2422 2957 videret
2451 2918 2565 2954 esse
2596 2901 2649 2955 in
2679 2902 2943 2956 memoria
2974 2916 2987 2969 ;
3020 2910 3073 2956 et
3118 2903 3206 2972 qui
3261 2903 3351 2957 vix
3408 2904 3476 2958 ad

1880 2989 2082 3043 cultum
2116 2996 2167 3041 et
2196 3004 2433 3042 amorem
2470 2990 2568 3043 Dei
2599 3006 2737 3044 nunc
2769 2990 2994 3061 proﬁcit,
3054 2992 3144 3045 vix
3202 2998 3472 3062 torporem

1796 3071 1850 3131 B
1880 3089 1911 3127 a
1940 3091 1995 3126 se
2029 3072 2354 3127 inﬁdelitatis
2385 3090 2523 3128 nunc
2580 3074 2798 3141 excutit,
2859 3075 2987 3129 dum
3046 3076 3333 3130 electorum
3374 3076 3473 3131 Dei

1878 3162 2130 3231 reliquias
2160 3162 2535 3217 miraculorum
2566 3163 2741 3234 gratia
2770 3163 3017 3219 illustrari
3047 3164 3273 3235 aspicit?
3295 3164 3473 3219 Sacrae

1878 3250 2120 3321 profecto
2152 3250 2275 3305 ﬁdei
2332 3252 2654 3306 constructio
2710 3268 2808 3321 per
2862 3252 3120 3307 miracula
3175 3252 3361 3319 crevit,
3421 3260 3471 3306 et

1878 3348 2082 3401 eisdem
2117 3347 2486 3402 deﬁcientibus
2515 3349 2570 3402 in
2602 3348 2922 3417 quibusdam
2979 3348 3231 3420 gentibus
3285 3348 3469 3404 decre-

1878 3436 1971 3489 vit.
2005 3436 2117 3489 l\'isi
2150 3436 2292 3490 enim
2352 3436 2519 3490 sancti
2576 3436 2954 3505 praedicatores
3008 3436 3278 3492 miraculis
3324 3452 3469 3492 coru-

1877 3533 2103 3591 scarent,
2140 3524 2332 3579 frustra
2362 3525 2584 3579 verbum
2611 3526 2733 3580 vitae
2791 3526 3163 3595 prtedicarent.
3224 3525 3288 3579 Et
3346 3525 3469 3579 licet

1876 3614 2031 3684 signa
2054 3630 2168 3669 non
2182 3614 2588 3681 sintﬁdelibus,
2616 3614 2712 3669 sed
2742 3614 3064 3682 inﬁdelibus
3088 3614 3144 3685 (Ι
3164 3614 3284 3670 Cor.
3326 3615 3466 3680 xxv),

1874 3703 2007 3756 ﬁdes
2039 3712 2213 3756 tamen
2246 3701 2482 3757 ﬁdelium
2515 3718 2612 3773 per
2639 3703 2791 3773 signa
2822 3703 3097 3772 solidatur,
3133 3719 3253 3772 qua:
3301 3711 3391 3758 aut
3437 3720 3469 3759 a

1873 3791 2071 3845 sanctis
2102 3791 2383 3845 audierunt
2415 3790 2556 3845 iacta
2586 3791 2830 3845 Patribus
2851 3798 2943 3845 aut
2987 3807 3087 3860 per
3123 3808 3308 3847 eorum
3348 3793 3470 3846 reli-

1874 3880 2025 3949 quius
2055 3880 2105 3933 in
2162 3880 2271 3933 suis
2327 3880 2509 3933 vident
2566 3878 2677 3932 ﬁeri
2737 3880 3026 3934 obtutibus.
3098 3882 3231 3935 Vere
3280 3880 3464 3935 mundi

1872 3969 2102 4023 lucerna:
2131 3976 2435 4021 sanctorum
2457 3968 2698 4037 reliquiae
2753 3969 3008 4023 claritatis
3061 3986 3171 4025 sua:
3226 3969 3467 4039 splendo-

1872 4075 1983 4113 rem
2016 4057 2229 4128 longius
2267 4064 2549 4127 spargunt,
2609 4074 2826 4127 easque,
2888 4065 2942 4111 ut
2998 4058 3206 4128 praefati
3260 4074 3461 4127 sumus,

1872 4148 2085 4201 illorum
2118 4146 2325 4210 merita,
2353 4162 2577 4214 quorum
2610 4155 2750 4212 sunt,
2811 4162 3073 4215 nusquam
3131 4146 3467 4218 negligenter

1871 4236 2037 4290 latere
2068 4235 2266 4288 sinunt.
2300 4233 2345 4288 Ο
2377 4234 2513 4287 mira
2541 4234 2740 4289 divina:
2793 4235 3006 4305 pietatis
3058 4235 3327 4289 miseratio
3363 4236 3373 4287 !
3432 4251 3464 4290 0

1870 4324 2157 4378 ineﬁ'ubilis
2186 4324 2325 4377 circa
2356 4330 2659 4377 sanctorum
2690 4322 2942 4391 reliquias
2984 4323 3223 4396 dignatio
3251 4324 3261 4377 !
3324 4324 3465 4377 Deus

1351 4443 1483 4496 Sim,
1538 4412 2083 4496 ριἰηηεαςίιηςιυε
2140 4420 2442 4466 sanctorum
2493 4420 2589 4480 est,
2649 4419 2701 4465 et
2756 4420 3058 4466 sanctorum
3117 4412 3465 4484 congregatio

1870 4510 1969 4566 Dei
1998 4509 2257 4564 habitatio
2289 4516 2386 4561 est.
2418 4509 2540 4562 Non
2572 4507 2725 4575 parvi
2756 4507 2849 4561 sed
2881 4508 3105 4563 maximi
3139 4508 3284 4577 apud
3340 4524 3461 4563 eum

1872 4599 2025 4670 pretii
2082 4605 2201 4651 sunt
2255 4597 2495 4666 reliquim
2553 4597 2786 4664 illorum,
2849 4612 2981 4665 quas
3051 4597 3250 4652 exultat
3304 4615 3464 4669 super

1870 4706 2086 4744 omnem
2120 4686 2303 4740 mundi
2336 4694 2606 4739 ornatum.
2641 4686 2889 4755 Namque
2918 4702 3101 4739 carum
3133 4686 3463 4743 excellentiae

1871 4778 2046 4830 omnis
2080 4776 2215 4846 lapis
2255 4776 2518 4845 pretiosus
2576 4791 2683 4829 non
2739 4782 3099 4843 comparatur,
3162 4775 3255 4828 sed
3312 4775 3465 4843 quid-

1872 4866 2001 4934 quid
2032 4866 2084 4918 in
2116 4865 2277 4918 rebus
2308 4862 2650 4918 volventibus
2672 4863 2962 4934 pretiosum
3012 4871 3108 4929 est,
3166 4863 3221 4915 in
3277 4879 3461 4917 earum

1870 4963 2271 5034 comparatione
2298 4962 2612 5019 vilissimum
2662 4962 2956 5032 judicatur.
3010 4962 3289 5015 Terrarum
3346 4970 3469 5016 sunt

1874 5053 2203 5106 munimenta
2235 5060 2285 5105 et
2316 5061 2531 5106 internae
2559 5051 2940 5114 retributionis,
2982 5050 3284 5119 divinaeque
3339 5068 3462 5105 ma-

1873 5140 2537 5209 gnitudinisdocumenta.
2574 5142 2710 5195 Nam
2743 5139 3077 5195 evidentibus
3131 5147 3273 5210 patet
3320 5138 3466 5209 judi-

1875 5230 1990 5294 ciis,
2035 5236 2231 5297 quanta
2262 5230 2330 5282 sit
2357 5230 2454 5283 Dei
2514 5228 2932 5300 magniﬁcentia,
2988 5245 3107 5281 cum
3161 5235 3465 5282 sanctorum

1877 5326 2115 5394 reliquia:
2149 5335 2291 5379 tanta
2313 5328 2551 5395 polleant
2578 5328 2772 5399 gloria.
2805 5326 2861 5382 Si
2894 5326 3034 5380 enirn
3069 5326 3303 5380 humana
3332 5325 3467 5380 divi-

1880 5416 1980 5481 nis,
2014 5414 2053 5466 si
2089 5430 2253 5483 parva
2313 5415 2434 5468 licet
2480 5431 2792 5485 comparare
2852 5415 3083 5485 magnis,
3147 5415 3470 5483 quicumque

1881 5502 2108 5570 alicujus
2165 5502 2474 5571 temporalis
2528 5504 2743 5558 Domini
2798 5520 2982 5557 servos
3037 5504 3223 5568 cernit,
3284 5503 3339 5555 in
3393 5503 3470 5556 eis

1883 5600 2095 5661 quanta:
2125 5592 2401 5661 dignitatis
2430 5592 2513 5657 sit,
2549 5593 2690 5647 idem
2732 5594 2993 5647 Dominus
3050 5592 3348 5664 perpendit.
3412 5593 3470 5647 Si

1885 5688 2125 5751 potentes
2156 5688 2203 5733 et
2236 5680 2426 5732 divites
2457 5689 2577 5731 sunt
2605 5681 2761 5745 servi,
2796 5682 2955 5734 ditior
2975 5690 3023 5735 et
3046 5683 3211 5735 multo
3247 5679 3475 5750 amplio-

195 5771 349 5822 miuos
398 5767 718 5822 cohibitum.
762 5769 927 5821 sancti
976 5769 1220 5823 doctores
1275 5772 1503 5825 doceant
1578 5772 1852 5842 intelli-D
1888 5772 1957 5823 ris
1980 5768 2229 5837 potentize
2260 5784 2375 5820 esse,
2404 5767 2655 5835 creditur,
2716 5768 2868 5837 cujus
2925 5768 3203 5837 subjacent
3259 5767 3469 5822 ditioni.

195 5873 323 5925 gere.
356 5857 470 5919 lla),
507 5855 747 5922 inquam,
783 5855 1012 5909 lucerna‘,
1050 5856 1117 5909 ab
1166 5857 1259 5911 illa
1322 5860 1505 5914 salutis
1560 5868 1773 5915 mter-me

201 5947 393 6000 lucerna
430 5959 671 5997 accensae
702 5957 807 5995 non
838 5942 889 5996 in
921 5943 1253 6014 abscondito,
1280 5963 1452 6016 neque
1473 5949 1571 6003 sub
1595 5948 1775 6003 modio

1884 5859 1974 5912 Sic
2032 5855 2380 5926 perpenditur
2434 5863 2632 5924 quanta
2688 5856 2756 5908 sit
2812 5855 2996 5911 divina
3051 5855 3369 5929 magnitudo
3425 5864 3476 5910 et

1887 5946 2160 6015 majestas,
2220 5960 2343 6001 cum
2403 5952 2453 5999 et
2510 5944 2625 6013 ejus
2671 5942 2904 6016 gratuito
2963 5942 3105 5999 dono
3170 5949 3476 5998 sanctorum
