3882 6428
462 417 567 474 40⁸7

1441 415 1799 472 THIOFRIDI
1852 413 2144 472 ABBATIS
2197 414 2776 472 EFTERNACENSIS

3713 421 3813 471 ibi

464 541 713 614 reliquiis
740 548 891 597 tanta
945 555 1212 598 concessa
1256 540 1500 597 cernitur
1553 556 1677 597 esse
1734 540 1952 597 claritas
2008 539 2411 602 etAnomine.
2462 541 2570 596 Sed
2627 540 2793 596 virtus
2850 547 3051 597 sanctae
3105 540 3404 607 charitatis,
3468 557 3608 612 quae
3678 542 3809 597 ﬁdei

465 639 731 703 potestas.
763 630 848 686 Ad
874 630 1030 685 arida
1055 630 1196 686 enim
1229 646 1416 686 eorum
1447 646 1592 696 ossa,
1624 635 1686 685 ut
1716 629 2064 685 Patrislncu-

460 718 758 777 lentissimi
786 718 943 775 dictis
970 726 1188 774 utamur
1215 717 1491 793 Gregorii,
1538 718 1680 792 aegri
1735 718 1960 774 veniunt
2009 724 2064 773 et

467 826 761 885 sanantur;
797 817 1005 890 perjuri
1036 817 1280 882 veniunt,
1307 823 1361 872 et
1391 832 1424 873 a
1443 816 1714 874 daemonio
1745 824 2017 873 vexantur
2047 834 2061 883 ;

466 905 788 964 demoniaci
817 905 1057 972 veniunt,
1092 914 1145 961 et
1160 904 1489 975 liberantur,
1513 905 1716 977 leprosi
1733 904 1989 969 veniunt,
2009 911 2064 960 et

465 996 829 1059 mundantur;
862 994 1182 1051 deferuntur
1208 994 1429 1062 mortui,
1462 1002 1513 1049 at
1542 994 1888 1051 suscitantur.
1921 994 2061 1049 Nam

466 1093 522 1141 ut
549 1101 615 1141 ex
635 1099 743 1141 uno
774 1083 902 1157 quid
931 1084 1187 1139 omnibus
1233 1083 1304 1138 sit
1361 1084 1758 1141 advertendum
1813 1097 2061 1154 perpen-

466 1184 683 1247 damus,
714 1198 811 1254 per
838 1180 1021 1238 Elisazi
1052 1182 1333 1253 prophetae
1362 1197 1491 1237 ossa
1538 1180 1732 1237 revixit
1789 1188 2057 1246 mortuus,

466 1272 790 1329 benedictus
818 1272 968 1327 Deus
1011 1272 1070 1325 in
1125 1270 1399 1327 omnibus.
1459 1270 1605 1326 Ossa
1659 1269 1842 1325 Elisrei
1895 1270 2061 1323 vitam

467 1361 738 1419 dederunt
792 1368 1026 1426 mortuo,
1074 1367 1345 1416 mortuum
1403 1359 1474 1416 de
1528 1359 1722 1415 mortis
1775 1359 2059 1413 solvebant

464 1458 729 1531 periculo.
765 1458 893 1513 Post
922 1464 1155 1513 mortem
1186 1472 1319 1529 ergo
1348 1456 1529 1513 carnis
1549 1456 1721 1513 sancti
1741 1456 1843 1511 Dei
1864 1456 2060 1511 melius

466 1548 650 1604 vivunt
679 1563 915 1621 quorum
943 1546 1033 1602 hic
1062 1561 1188 1602 ossa
1214 1546 1270 1601 in
1300 1552 1375 1601 tot
1405 1545 1686 1602 miraculis
1718 1545 1929 1601 vivunt.
1977 1548 2058 1602 De

459 1636 546 1694 his
582 1634 824 1692 mirificis
849 1643 1162 1692 sanctorum
1192 1635 1409 1691 ossibus
1437 1634 1567 1690 dicit
1583 1635 1846 1705 propheta
1867 1634 2059 1691 veridi-

462 1743 588 1785 cus:
605 1727 672 1782 ει
684 1740 809 1782 ossa
820 1729 1007 1781 vestra
1019 1727 1086 1781 ut
1103 1724 1273 1781 herba
1286 1723 1692 1795 germinabunt
1705 1724 1856 1794 (Isai.
1876 1728 2055 1795 vat).

463 1814 604 1873 Ossa
631 1822 946 1871 sanctorum
975 1812 1103 1870 licet
1145 1813 1360 1869 mortali
1415 1813 1729 1870 conditione
1783 1819 2055 1879 arescant,

460 1905 718 1961 virtutum
746 1910 933 1959 tamen
960 1902 1231 1959 viriditate
1258 1909 1318 1958 ut
1347 1902 1519 1958 herba
1535 1901 1860 1975 germinant,
1888 1919 2054 1974 quan.

463 2009 624 2068 quam
679 1992 827 2049 idem
874 1991 930 2047 in
981 1991 1231 2064 generali
1287 1992 1686 2047 resurrectione
1767 1991 2061 2062 perfectius

461 2081 811 2155 implendum
866 2096 991 2137 esse
1044 2081 1243 2136 divinae
1295 2080 1593 2153 Scriptura:
1647 2087 1943 2151 astruunt;
2004 2081 2060 2136 in

456 2169 879 2245 dispositissima
908 2185 1039 2226 sane
1067 2168 1189 2234 EDei
1243 2177 1390 2225 tanta
1443 2169 1605 2243 quasi
1657 2168 2061 2242 patrisfamilias

460 2262 626 2318 domo
671 2275 803 2315 vasa
848 2259 901 2313 in
948 2260 1157 2315 honore
1215 2261 1391 2329 (Rom.
1449 2259 1536 2333 ix)
1590 2275 1715 2315 esse
1767 2274 1833 2316 ac
1888 2258 2058 2315 fuisse

462 2350 620 2408 electi
649 2348 964 2416 creduntur,
994 2348 1120 2403 ideo
1149 2355 1202 2404 et
1259 2363 1450 2405 eorum
1507 2348 1752 2421 reliquiae
1802 2349 1858 2403 in
1905 2347 2055 2403 vasis

461 2439 643 2496 aureis
672 2445 839 2511 atque
866 2439 1141 2509 argenteis
1168 2446 1223 2493 et
1251 2438 1560 2509 gemmatis,
1595 2453 1661 2494 ac
1698 2438 1754 2492 in
1805 2437 2058 2493 omnibus

464 2540 589 2601 qua:
615 2527 854 2599 pretiosa
884 2534 1027 2591 sunt,
1060 2526 1450 2582 reconduntur.
1482 2527 1569 2593 Et,
1619 2527 1757 2581 sicut
1812 2534 2056 2583 sanctum

460 2616 632 2672 altare
661 2631 771 2672 non
800 2612 1163 2671 sanctiﬁcatur
1190 2614 1259 2669 ab
1288 2630 1422 2670 auro
1452 2616 1551 2670 sed
1597 2614 1921 2681 sanctificat,
1979 2615 2059 2672 sic

459 2719 516 2769 et
543 2711 825 2784 quodlibet
854 2726 967 2777 vas,
1000 2710 1145 2783 quod
1177 2719 1485 2767 sanctarum
1515 2711 1868 2783 reliquiarum
1898 2712 1951 2767 in
1997 2729 2057 2768 se

459 2801 705 2857 continet
736 2800 1067 2866 thesaurum,
1127 2815 1235 2855 non
1286 2801 1376 2854 dat
1431 2801 1527 2855 sed
1585 2801 1779 2873 accipit
1825 2802 2056 2873 gratiam

460 2889 753 2944 sanitatum
788 2906 803 2955 ;
836 2896 889 2944 et
920 2893 1142 2952 tactum,
1175 2888 1327 2960 quasi
1358 2888 1516 2944 etiam
1547 2889 1702 2956 illud,
1736 2891 1884 2963 quod
1911 2891 2055 2946 inte-

458 2978 574 3033 rius
603 2977 755 3045 latet,
789 2984 1057 3049 tangatur,
1092 2976 1245 3049 fugat
1273 2977 1445 3033 multa
1501 2994 1707 3051 genere
1762 2979 2054 3035 inﬁrmita—

455 3084 587 3131 tum.
620 3074 848 3132 Inimica
877 3074 1226 3130 invisibilium
1280 3075 1514 3146 phalanx
1571 3084 1697 3132 ante
1750 3093 1845 3132 eas
1904 3086 2055 3134 stare

454 3178 569 3222 non
600 3164 818 3237 poterit,
851 3164 1136 3220 contusam
1168 3172 1222 3220 et
1249 3164 1518 3221 devictam
1577 3182 1637 3222 se
1694 3165 1941 3239 ingemit,
2002 3174 2057 3223 et

2171 637 2375 693 cultum
2403 638 2533 693 olim
2561 638 2616 692 in
2650 638 2896 693 Patribus
2923 638 3225 706 decoravit,
3259 654 3404 695 nunc
3445 652 3807 695 senescente

2170 726 2375 782 mundo
2404 734 2457 782 et
2483 736 2837 783 accrescente
2867 737 3111 797 peccato,
3146 727 3199 781 in
3228 726 3353 782 filiis
3402 727 3695 794 decessit,
3754 736 3805 784 et

2170 814 2434 870 intantum
2459 814 2512 871 in
2549 814 2781 888 singulis
2812 814 3095 884 dilabitur,
3125 824 3179 870 ut
3211 816 3297 871 vix
3328 816 3385 870 in
3414 816 3629 887 paucis
3686 818 3805 884 ejus

2171 911 2458 985 vestigium
2519 921 2972 985 recognoscatur.
3032 914 3209 980 Hujus
3264 914 3463 969 etenim
3551 916 3803 985 pericuii

2170 999 2487 1057 discrimina
2516 1000 2924 1057 clementissimi
2954 1002 3335 1073 Redemptoris
3364 1003 3545 1057 nostri
3584 1006 3802 1074 praevi-

2169 1088 2308 1144 dens
2337 1089 2515 1162 gratia
2559 1099 2763 1145 sanctae
2820 1091 3113 1161 Scriptura:
3172 1092 3456 1146 thesauros
3512 1094 3798 1159 ostendit,

2170 1190 2477 1233 sanctorum
2504 1179 2753 1249 exempla
2781 1179 3086 1250 pr0posuit,
3120 1188 3175 1234 ut
3206 1188 3257 1234 et
3274 1180 3445 1250 pietas
3476 1180 3536 1234 ia
3568 1196 3796 1251 Opera-

2171 1266 2320 1322 tione
2349 1283 2569 1337 semper
2596 1267 2822 1342 fulgeat,
2855 1276 2909 1323 et
2956 1268 3219 1326 doctrinae
3274 1269 3584 1324 remedium
3652 1288 3799 1324 nun—

2172 1371 2330 1426 quam
2362 1356 2418 1411 in
2457 1357 2641 1430 lingua
2673 1365 2969 1428 torpescat.
3004 1356 3141 1426 Quia
3171 1374 3325 1431 ergo,
3359 1357 3589 1426 fratres,
3614 1359 3798 1414 habe-

2168 1469 2291 1509 mus
2319 1455 2574 1526 exempla
2595 1464 2926 1521 sanctorum,
2961 1455 3447 1527 quasicertissimaz
3469 1457 3795 1512 curationis

2168 1541 2492 1610 antidotum,
2525 1551 2732 1598 sanctae
2763 1543 3042 1599 charitatis
3070 1544 3239 1599 virtus
3270 1544 3325 1598 in
3366 1543 3534 1599 nobis
3589 1545 3795 1599 redin-

2169 1638 2426 1703 tegretur,
2467 1639 2523 1687 ut
2550 1632 2605 1687 in
2637 1633 2843 1689 sanctis
2875 1632 2990 1687 suis
3020 1633 3164 1688 Deus
3193 1649 3289 1704 per
3314 1648 3416 1688 nos
3445 1633 3629 1706 digne
3663 1633 3793 1689 lau-

2168 1719 2342 1776 detur.
2376 1721 2549 1794 Igitur
2572 1722 2629 1776 in
2657 1721 2861 1780 sanctis
2890 1721 3005 1777 suis
3024 1722 3305 1777 laudemus
3342 1722 3675 1788 Dominum,
3701 1724 3793 1795 qui

2169 1824 2253 1872 est
2275 1817 2453 1890 gloria
2480 1825 2534 1872 et
2564 1816 2735 1874 virtus
2756 1824 3071 1873 sanctorum
3095 1818 3270 1888 (Psal.
3301 1819 3409 1889 cn),
3442 1827 3503 1872 ut
3531 1834 3645 1889 per
3667 1820 3790 1887 ejus

2086 1903 2140 1964 Β
2169 1905 2624 1972 misericordiam,
2656 1906 2725 1961 ad
2757 1922 2946 1963 eorum
2979 1907 3273 1977 pervenire
3301 1906 3596 1963 valeamus
3640 1923 3787 1964 con-

2166 1995 2411 2052 sortium.
2443 1996 2505 2051 In
2531 1995 2793 2052 memoria
2816 2001 3088 2065 justorum
3100 1995 3321 2066 justitiae
3341 2004 3631 2053 auctorem
3657 2016 3674 2061 ;
3728 1998 3784 2053 in

2166 2092 2377 2149 meritis
2407 2101 2726 2151 sanctorum
2760 2093 3062 2150 sanctitatis
3091 2092 3500 2163 magnificemus
3531 2095 3778 2168 largito-

2166 2198 2284 2237 rem
2320 2199 2335 2237 :
2365 2183 2533 2255 digna
2560 2183 2707 2239 enim
2737 2184 2997 2238 memoria
3021 2184 3289 2252 justorum
3323 2183 3419 2239 erit
3468 2199 3599 2239 cum
3648 2184 3776 2238 lau-

2166 2270 2329 2327 dibus
2353 2273 2536 2341 (Prov.
2572 2270 2654 2343 x),
2681 2272 2737 2326 in
2766 2271 2963 2344 quibus
2984 2271 3279 2327 delectetur
3334 2273 3480 2327 Deus
3540 2272 3772 2328 illorum

2166 2367 2220 2415 et
2252 2359 2535 2430 Dominus,
2568 2370 2623 2415 ut
2652 2376 2753 2431 per
2808 2376 2994 2416 eorum
3051 2360 3498 2415 intercessionem
3558 2363 3774 2417 nostris

2164 2448 2492 2505 misereatur
2521 2449 2865 2506 excessibus.
2902 2448 3174 2520 Exemplo
3204 2448 3380 2505 ﬁdelis
3409 2450 3586 2521 Moysi
3639 2460 3775 2506 sunt

2164 2545 2309 2602 inter
2336 2562 2437 2603 nos
2462 2555 2515 2603 et
2544 2548 2720 2603 Deum
2778 2547 3113 2603 mediatores
3170 2547 3349 2619 positi,
3405 2555 3463 2602 ut
3515 2548 3611 2619 qui
3672 2566 3773 2619 per

2163 2652 2265 2708 per
2294 2644 2475 2692 nostra
2506 2637 2845 2707 despicimur
2882 2636 3073 2692 merita
3129 2653 3248 2693 cum
3309 2636 3600 2700 Pharisreo,
3667 2654 3769 2708 per

2163 2725 2382 2781 illorum
2408 2724 2859 2797 justificationem
2882 2725 3253 2795 justiﬁcemur
3294 2741 3413 2781 cum
3462 2726 3766 2782 Publicano

2164 2816 2319 2887 (Luc.
2352 2815 2535 2885 xvnt).
2566 2814 2854 2871 Credimus
2882 2830 2977 2870 eos
3005 2814 3148 2885 apud
3179 2815 3347 2870 Deum
3369 2815 3543 2869 multa
3570 2832 3761 2887 posse,

2165 2913 2324 2981 cujus
2355 2911 2635 2968 dilectioni
2665 2911 2802 2967 nihil
2859 2913 2915 2967 in
2971 2913 3076 2968 hoc
3132 2913 3334 2967 mundo
3384 2929 3759 2983 praeposuere.

2162 3001 2287 3057 Non
2316 3016 2496 3066 suam,
2528 3002 2626 3057 sed
2657 3002 2899 3057 cmlestis
2928 3001 3256 3057 voluntatem
3291 3002 3463 3056 Patris
3491 3001 3547 3056 in
3575 3003 3762 3057 omni-

2165 3090 2273 3145 bus
2302 3090 2687 3163 adimplentes,
2720 3092 2858 3146 Jesu
2892 3090 3087 3146 merito
3118 3098 3169 3146 et
3198 3090 3306 3146 dici
3334 3099 3525 3146 etesse
3549 3107 3760 3146 merue-

2163 3195 2293 3243 runt
2312 3187 2508 3244 fratres
2526 3196 2579 3243 et
2598 3203 2827 3244 sorores
2849 3189 3075 3259 (Matth.
3091 3190 3221 3260 xu),
3244 3188 3403 3256 cujus
3438 3187 3757 3259 propinqui-

455 3253 549 3328 qui
577 3255 765 3310 sedem
796 3268 950 3309 suam
981 3254 1035 3307 in
1065 3262 1251 3310 monte
1305 3255 1621 3311 testamenti
1677 3256 1733 3311 in
1789 3256 2049 3313 lateribus

2159 3277 2282 3331 tatis
2310 3276 2512 3332 lineam
2541 3276 2691 3332 nulla
2719 3253 3075 3349 degeneravit
3094 3253 3364 3347 superbia,
3399 3253 3494 3332 sed
3519 3253 3572 3331 in
3586 3253 3754 3348 gene-

453 3343 737 3417 Aquilonis
766 3358 828 3399 se
879 3342 1205 3414 positurum,
1253 3359 1427 3416 seque
1481 3344 1761 3400 Altissimo
1818 3345 2050 3402 similem

452 3440 684 3498 futurum
716 3441 1050 3513 gloriabatur
1078 3441 1229 3511 (Isat'.
1265 3449 1410 3511 xw),
1443 3458 1472 3496 a
1517 3442 1786 3499 dissoluto
1834 3452 2050 3500 sancto-

454 3548 574 3586 rum
605 3530 828 3602 pulvere
859 3538 1166 3602 superatur,
1199 3530 1486 3603 igneisquc
1515 3532 1719 3587 catenis
1768 3532 2047 3603 religatur.

458 3619 643 3674 Pulvis
673 3619 777 3675 iste
808 3619 932 3676 licet
989 3619 1287 3674 dissolutus
1345 3620 1414 3673 sit
1472 3627 1526 3674 et
1579 3620 1831 3693 exiguus,
1891 3622 2050 3690 hujus

455 3715 638 3763 tamen
669 3708 814 3763 aeris
842 3707 1149 3763 dominatur
1176 3709 1558 3778 potestatibus,
1615 3710 1915 3765 honoratur
1960 3711 2052 3765 di-

456 3813 565 3870 gne
594 3812 625 3851 a
655 3797 864 3854 cunctis
893 3797 1206 3853 mortalibus
1238 3796 1448 3868 pusillis
1478 3806 1529 3853 et
1558 3799 1876 3868 majoribus,
1926 3800 2051 3872 quia

455 3894 518 3941 ut
547 3885 699 3942 calor
726 3885 1163 3958 inseparabiliter
1191 3886 1385 3941 insitus
1415 3890 1500 3941 est
1529 3886 1585 3941 in
1641 3895 1834 3943 natura
1882 3888 2047 3960 ignis,

455 3976 535 4032 sic
562 3974 821 4031 sanctitas
849 3982 935 4030 est
976 3974 1078 4028 sita
1138 3974 1193 4028 in
1251 3975 1379 4030 illis.
1437 3975 1493 4031 Si
1545 3977 1691 4032 enim
1747 3978 2051 4035 sanctitatis

452 4064 763 4121 amitterent
788 4062 1015 4132 donum,
1060 4062 1370 4119 amitterent
1432 4064 1641 4136 pariter
1696 4067 1859 4121 etiam
1916 4083 2050 4123 san-

446 4171 683 4220 ctorum.
714 4161 796 4217 Ex
822 4161 1102 4218 accedenti
1128 4162 1273 4218 dono
1302 4161 1501 4218 habent
1530 4164 1896 4234 sanctitatem,
1953 4166 2051 4222 sed

453 4267 561 4308 non
593 4250 849 4325 amittunt
876 4250 1149 4321 eamdem,
1184 4251 1306 4323 quia
1354 4267 1420 4308 ex
1478 4252 1885 4309 immortalitate
1942 4271 2052 4309 non

454 4339 516 4396 ﬁt
544 4340 801 4396 transitus
830 4340 899 4394 ad
926 4340 1337 4395 mortalitatem.
1382 4341 1422 4398 0
1468 4357 1637 4414 quam
1685 4343 2052 4414 magniﬁcam

452 4432 590 4486 sunt
608 4444 776 4502 opera
794 4428 1038 4495 Domini,
1061 4430 1238 4485 nimis
1257 4431 1557 4502 profunda
1568 4434 1742 4503 laeta:
1761 4436 1898 4489 sunt
1918 4435 2053 4505 cogi-

454 4527 702 4582 tationes
732 4525 833 4581 Dei
862 4525 1034 4582 nostri
1063 4526 1239 4596 (Prol.
1272 4525 1369 4599 rx).
1428 4527 1694 4601 Reliquiae
1742 4537 2049 4586 sanctorum

2159 3365 2399 3421 rationes
2428 3374 2481 3421 et
2509 3367 2898 3439 generationes
2918 3365 3221 3422 nobilitavit
3237 3366 3506 3421 humilitas
3544 3374 3746 3422 sancta.

2160 3464 2224 3518 In
2252 3471 2550 3535 conspectu
2581 3463 2702 3528 Dei,
2722 3462 2941 3529 fratres,
2966 3479 3183 3534 semper
3210 3463 3383 3519 sancti
3412 3464 3573 3520 talem
3601 3465 3750 3519 exhi-

2164 3551 2365 3607 bebant
2398 3551 2581 3608 cordis
2619 3552 3049 3619 meditationem,
3081 3560 3138 3607 ut
3174 3560 3534 3607 transeuntem
3587 3551 3751 3608 ﬁlium

2164 3639 2341 3694 David
2376 3639 2407 3693 li
2425 3648 2621 3710 gerent
2638 3640 2706 3695 ad
2723 3640 3054 3711 spiritualem
3069 3640 3268 3695 mentis
3288 3640 3745 3697 illuminationem.

2158 3730 2282 3785 Non
2311 3729 2511 3784 defecit
2537 3729 2618 3784 eis
2649 3729 2900 3784 virtutum
2932 3730 3216 3794 sanctitas,
3271 3745 3493 3801 quorum
3550 3730 3600 3783 in
3655 3747 3745 3786 ore

2159 3832 2268 3873 non
2299 3825 2383 3873 est
2412 3817 2676 3873 diminuta
2718 3818 2966 3884 veritas;
3025 3833 3261 3890 quorum
3319 3818 3458 3873 labia
3511 3818 3743 3875 caelestis

2158 3906 2413 3979 purgavit
2441 3905 2683 3963 calculus
2712 3906 2851 3977 (Isa.
2883 3910 2984 3973 vr),
3017 3923 3244 3978 quorum
3268 3906 3485 3979 eloquia
3529 3906 3608 3961 sui
3650 3923 3740 3963 ar-

2158 4003 2313 4059 doris
2342 4003 2562 4058 ﬂamma
2586 4011 2806 4060 sanctus
2835 4003 3092 4059 animavit
3112 4003 3362 4074 Spiritus.
3396 4004 3451 4058 in
3498 4005 3739 4075 operibus

2154 4108 2417 4149 manuum
2442 4107 2660 4148 suarum
2692 4109 2801 4149 non
2830 4092 3215 4163 comprehensi
3245 4101 3375 4147 sunt
3431 4102 3486 4147 ut
3538 4109 3734 4165 pecca-

2157 4182 2313 4237 lores
2343 4182 2527 4252 (Paul.
2549 4183 2632 4252 lx)
2663 4182 2753 4253 qui
2772 4180 3009 4236 minimis
3032 4181 3244 4237 Domini
3264 4196 3479 4237 omnem
3500 4182 3737 4237 exhibue-

2161 4286 2287 4334 runt
2318 4278 2725 4344 humanitatem,
2756 4270 3049 4334 ut'ﬁdeles.
3074 4277 3205 4333 Cum
3238 4279 3395 4333 beato
3420 4280 3521 4334 Job
3558 4279 3732 4335 oculus

2161 4383 2310 4424 εαξοο
2342 4376 2394 4422 et
2426 4383 2525 4438 pes
2554 4368 2752 4424 claudo
2781 4367 2901 4438 (Job
2931 4371 3051 4435 xx),
3082 4367 3134 4422 in
3183 4377 3514 4423 mortuorum
3558 4370 3728 4439 sepul-

2161 4465 2285 4514 tura
2315 4473 2423 4514 non
2453 4457 2751 4514 inferiores
2796 4458 3002 4513 inventi
3044 4465 3168 4511 sunt
3195 4457 3366 4512 Tubia
3412 4458 3555 4525 (Tob.
3603 4461 3721 4515 xui.

2162 4554 2352 4612 Oratio
2383 4571 2572 4611 eorum
2594 4555 2770 4611 nubes
2799 4555 3099 4626 penetravit
3129 4555 3324 4625 (Eccli.
3377 4559 3570 4621 xxxv),
3619 4572 3727 4627 qua)

452 4621 688 4716 ⁸ξ²⁰⁶ζ¹¹²
714 4614 959 4717 pretio?“
986 4623 1248 4717 “Wmaié'
1281 4624 1334 4672 et
1362 4632 1525 4688 poma
1580 4617 1883 4717 9d°riff3rag
1929 4636 2050 4717 {lum
2080 4626 2132 4685 Π
2162 4661 2264 4717 per
2284 4644 2550 4714 jejunium
2579 4652 2633 4699 et
2662 4614 3066 4716 eleemosynam
3095 4614 3149 4698 in
3178 4642 3374 4699 omium
3427 4614 3650 4708 volavit:
3681 4653 3726 4699 et

453 4703 499 4759 si
530 4703 657 4777 quis
688 4719 850 4759 manu
896 4704 1237 4771 tractaverit,
1297 4720 1492 4760 manus
1547 4706 1672 4777 ejus
1727 4707 1797 4761 ab
1838 4708 2043 4764 eisdem

451 4792 675 4849 odorem
695 4793 943 4865 suscipit,
966 4802 1024 4849 ut
1043 4793 1174 4860 lilia,
1200 4793 1442 4865 inquam,
1469 4802 1521 4849 et
1543 4795 1783 4866 pretiosa
1806 4806 2046 4852 aromata

449 4891 716 4957 redolent,
774 4906 937 4946 nares
999 4889 1309 4946 mortalium
1365 4891 1488 4946 miri
1536 4892 1723 4948 odoris
1777 4894 2046 4952 suavitate

452 4979 748 5051 complent.
772 4978 1039 5034 Distantia
1061 4979 1261 5052 quippe
1282 4980 1473 5052 grandi
1491 4980 1682 5037 divisit
1702 4982 1845 5039 Deus
1863 4984 2045 5040 lucem

450 5086 487 5126 a
516 5068 761 5125 tenebris
783 5069 942 5140 (Gen.
976 5068 1036 5137 ι),
1069 5067 1124 5123 id
1147 5075 1229 5123 est
1258 5068 1379 5139 pios
1411 5068 1482 5124 ab
1508 5069 1710 5141 impiis,
1762 5078 1815 5127 et
1866 5071 2046 5129 minus

449 5156 816 5233 perfectorum
842 5173 972 5216 ossa
1000 5173 1032 5213 a
1061 5164 1372 5214 sanctorum
1392 5157 1657 5232 reliquiis.

1071 5337 1322 5395 SERMO
1361 5338 1428 5394 ΙΙ.

791 5507 867 5548 ιιι
905 5506 1304 5550 VINEIATIONB
1350 5507 1703 5551 SANC'I'ORUI.

510 5637 819 5699 Christiana
846 5643 1042 5717 religio
1070 5643 1401 5702 vocabulum
1431 5652 1725 5717 propterea
1781 5645 1951 5703 trahit
2010 5662 2045 5704 a

441 5727 677 5795 Christo,
709 5739 767 5786 ut
793 5731 1135 5789 Christianus
1165 5749 1388 5807 semper
1415 5734 1614 5790 habent
1664 5734 1718 5791 in
1775 5737 2042 5793 memoria

438 5818 710 5889 quomodo
765 5829 930 5879 tanta:
983 5822 1269 5894 dignitatis
1325 5823 1665 5881 custodiatur
1719 5824 1913 5897 gloria,
1970 5841 2041 5881 ne

439 5904 725 5964 dissonum
752 5910 1009 5967 videatur
1036 5909 1093 5965 in
1119 5925 1305 5981 opere,
1339 5911 1487 5982 quod
1516 5911 1699 5982 lingua
1757 5921 1920 5969 sonat
1982 5913 2039 5970 in

2158 4732 2402 4806 implevit
2425 4733 2638 4805 phialas
2668 4732 2863 4804 viginti
2883 4741 3118 4805 quatuor
3147 4732 3424 4788 seniorum
3455 4734 3625 4806 (Apoc.
3656 4734 3724 4800 vi,

2156 4840 2210 4887 ut
2242 4832 2311 4887 sit
2339 4831 2623 4887 suavitatis
2650 4832 3069 4886 odoramontum
3102 4839 3229 4885 ante
3290 4829 3585 4900 majestatis
3636 4831 3723 4885 Dei

2163 4923 2445 4977 thronum.
2486 4919 2681 4976 Carnis
2710 4920 3131 4992 corrupitionem
3162 4919 3309 4975 labor
3336 4920 3457 4977 vitm
3483 4919 3722 4992 gravavit,

2156 5009 2456 5067 libertatem
2479 5009 2673 5066 animae
2698 5010 2971 5065 actionum
3008 5010 3216 5081 puritas
3272 5009 3521 5080 expiavit.
3577 5009 3717 5063 Vixe-

2155 5108 2277 5155 runt
2308 5098 2523 5171 pietatis
2550 5097 2713 5152 amici
2744 5113 2840 5168 per
2876 5097 3098 5167 pietatis
3159 5111 3333 5168 opera
3384 5096 3714 5168 spectaculum

2154 5188 2284 5245 facti
2315 5189 2429 5243 Deo
2458 5195 2512 5243 et
2538 5185 2851 5242 hominibus
2881 5186 2935 5257 (1
2955 5188 3077 5243 Cor.
3112 5186 3207 5258 IV).
3243 5186 3378 5242 Haec
3419 5185 3711 5257 operationis

2155 5293 2327 5352 grana
2357 5277 2412 5332 in
2441 5275 2631 5334 activae
2661 5275 2783 5332 vitae
2814 5283 3133 5347 sparserunt
3186 5290 3337 5343 area,
3381 5282 3440 5330 ut
3491 5276 3707 5330 horreum

2154 5376 2448 5448 implerent
2476 5373 2915 5445 contemplativa-3
2944 5373 2996 5427 in
3024 5389 3273 5445 supernae
3302 5373 3451 5446 pacis
3493 5372 3704 5437 visione;

2153 5466 2473 5522 thesaurum
2503 5462 2650 5531 ﬁdei,
2683 5478 2844 5535 quem
2875 5461 3182 5519 habuerunt
3212 5463 3266 5517 in
3296 5461 3441 5518 vasis
3470 5460 3702 5528 fictilibus,

2153 5571 2266 5611 non
2294 5552 2602 5610 eﬂ'uderunt
2629 5551 2868 5623 negotiis
2897 5550 3270 5618 saecularibus,
3304 5551 3404 5607 sed
3431 5549 3516 5606 ubi
3535 5550 3702 5605 nullum

2152 5640 2282 5695 latet
2312 5638 2722 5702 detrimentum,
2755 5637 2809 5692 in
2840 5636 3080 5693 caelestis
3105 5643 3407 5708 posuerunt
3436 5634 3568 5708 regis
3612 5650 3693 5706 ga-

2153 5733 2577 5808 20phylacium;
2631 5732 2761 5805 quia
2815 5732 2943 5788 dum
2988 5732 3211 5804 spiritus
3268 5731 3509 5804 tegmina
3554 5731 3700 5788 carnis

2152 5823 2320 5890 exuit,
2352 5822 2491 5879 liber
2519 5830 2572 5878 et
2597 5821 2883 5893 expeditus
2913 5821 2981 5876 ad
3010 5821 3179 5877 caelos
3209 5821 3428 5878 volavit.
3474 5819 3695 5887 Ecclesia,

2150 5928 2274 5986 quae
2302 5911 2358 5967 in
2389 5918 2714 5968 transcursu
2742 5910 2893 5967 dubii
2921 5910 3166 5967 cernitur
3211 5909 3380 5978 orbis,
3428 5908 3551 5967 ﬁlios
3583 5925 3695 5966 enu-
