3882 6452
167 466 296 521 409

1643 466 1772 522 SER
1781 466 2043 524 MONES.

3385 471 3487 525 410

162 576 338 632 trivit
366 579 641 649 probatos,
667 580 721 635 in
751 583 1202 651 Operibusbonis,
1227 601 1364 656 quos
1384 601 1610 640 manens
1624 597 1789 655 super
1817 584 1868 644 A
1902 586 2138 642 vinctum
2174 586 2332 642 solvit
2362 586 2651 642 Philetum.
2701 585 2811 641 llas
2868 585 3094 641 virtutes
3149 583 3488 640 curationum

163 675 342 721 astra
370 670 609 739 suscepit
634 687 838 739 sponsa
868 673 1127 727 ctelestis.
1152 675 1426 729 Exeuntes
1446 675 1514 729 de
1531 675 1780 746 Egypto,

163 753 238 809 id
280 764 362 810 est
390 758 459 812 de
491 767 838 827 peccatorum
867 762 1128 827 tenebris,
1161 779 1262 833 per
1283 763 1591 819 columnam
1628 761 1788 817 nubis

166 853 461 901 venerunt
492 845 548 901 in
578 854 774 902 terram
804 850 1247 920 promissionnis,
1282 866 1401 924 quae
1448 863 1532 907 est
1587 852 1784 923 patria,

168 932 258 987 ad
297 950 455 1004 quam
486 936 838 1006 suspirabant
867 939 1125 1009 quotidie.
1157 956 1278 995 cum
1308 940 1492 997 adhuc
1521 949 1704 996 essent
1733 940 1788 994 ia

168 1020 360 1090 hujus
390 1025 789 1095 peregrationis
843 1027 1167 1097 captivitate.
1228 1028 1308 1082 lbi
1364 1037 1444 1083 est
1508 1029 1782 1093 habitatio,

170 1126 355 1181 quam
388 1111 625 1167 fidelium
659 1113 934 1169 desiderat
963 1115 1209 1178 intentio.
1235 1117 1327 1187 qui
1360 1117 1528 1170 Deum
1570 1124 1788 1187 portant

168 1197 236 1251 id
280 1207 483 1263 mente,
507 1201 747 1272 quandiu
780 1209 1031 1258 tenentur
1083 1204 1137 1257 in
1189 1204 1369 1259 carnis
1425 1220 1673 1260 carcere.
1739 1204 1787 1258 Ο

172 1303 356 1358 quam
392 1287 515 1343 felix
548 1289 758 1353 civitas,
792 1290 884 1344 ubi
914 1292 1058 1345 nulla
1110 1302 1305 1363 regnat
1351 1294 1655 1363 captivitas,
1716 1294 1787 1348 ad

171 1392 355 1446 quam
389 1375 482 1447 qui
514 1378 772 1433 virtutum
803 1379 1054 1449 passibus
1102 1381 1433 1453 confugerit,
1475 1383 1589 1450 jam
1644 1382 1787 1436 ultra

168 1464 438 1534 captivus
468 1481 591 1521 esse
620 1466 785 1521 desiit
820 1468 831 1522 l
867 1468 1048 1539 Hujus
1095 1477 1365 1526 structura
1394 1478 1518 1525 sunt
1574 1470 1787 1541 lapides

169 1552 325 1617 vivi,
355 1569 492 1625 quos
523 1570 625 1623 pax
658 1563 712 1609 et
741 1557 1034 1612 concordia
1064 1559 1467 1630 compaginavit
1497 1559 1786 1630 reprobate

171 1652 399 1722 lapide,
422 1650 516 1723 qui
535 1657 725 1723 [actus
741 1659 826 1709 est
854 1656 916 1710 in
950 1660 1123 1728 caput
1153 1658 1355 1728 anguli
1381 1657 1571 1728 (Psal.
1593 1657 1782 1724 cxvu).

171 1740 369 1811 Quam
398 1740 598 1795 nullius
628 1742 982 1799 adversitatis
1010 1745 1246 1815 procella
1277 1754 1780 1816 potestconcutere,

168 1831 347 1900 cujus
379 1829 786 1886 fundamentum
817 1833 1006 1906 (Apoc.
1039 1837 1163 1903 xxx)
1197 1835 1509 1905 impositum
1541 1843 1624 1891 est
1670 1843 1785 1890 sta-

1896 676 2264 746 operabantur
2292 692 2585 746 corporum
2618 677 2855 746 species,
2913 684 2971 729 ut
3028 674 3295 745 intelligat
3349 670 3486 725 fides

1896 764 2227 819 credentium
2259 765 2420 836 quale
2461 772 2771 820 sanctorum
2800 764 2870 818 sit
2925 764 3199 830 meritum,
3253 770 3305 816 et
3357 758 3487 830 quid

1895 851 2068 923 potuit
2099 868 2291 907 eorum
2319 854 2615 923 prtesentia
2645 852 2735 907 ubi
2765 852 2818 907 in
2851 859 2996 906 tanta
3034 851 3229 906 virtute
3277 846 3490 904 refulsit

1896 936 2162 991 absentia.
2198 938 2319 991 Non
2341 937 2518 991 solum
2550 938 2664 992 haec
2688 938 2756 991 de
2785 936 3044 1007 apostolis
3074 935 3370 997 credimus,
3384 946 3485 986 ve-

1897 1040 2014 1078 rum
2043 1025 2205 1080 etiam
2228 1025 2295 1080 de
2327 1026 2532 1080 sanctis
2561 1026 2812 1080 omnibus
2842 1024 3076 1094 plurima
3133 1025 3486 1093 suppeterent

1896 1114 2171 1184 exempla,
2204 1113 2251 1167 si
2280 1112 2556 1168 fastidium
2585 1130 2693 1168 non
2723 1122 3013 1186 generaret
3043 1113 3217 1167 oratio
3243 1108 3478 1180 prolixa.

1896 1203 2039 1271 Quid
2072 1202 2289 1267 mirum,
2323 1204 2367 1256 si
2398 1203 2529 1255 tanti
2558 1202 2771 1256 fuerunt
2810 1200 2990 1256 meriti
3018 1199 3299 1271 spiritales
3348 1213 3483 1251 san-

1896 1300 1996 1346 ctae
2018 1291 2207 1345 matris
2239 1291 2501 1347 Ecclesiae
2530 1289 2647 1355 ﬁlii,
2680 1307 2803 1345 cum
2832 1291 2996 1345 etiam
3058 1288 3289 1344 carnalis
3346 1286 3486 1357 Syn-

1893 1395 2085 1451 agogtr
2101 1380 2319 1435 soboles
2332 1396 2430 1451 per
2444 1379 2658 1434 similes
2674 1379 2901 1451 polleret
2912 1378 3166 1434 virtutes?
3178 1378 3237 1431 In
3253 1377 3486 1447 Egypto

1895 1468 2065 1538 Moysi
2098 1468 2255 1539 virga
2282 1468 2440 1538 signa
2466 1467 2591 1522 fecit
2615 1476 2665 1522 et
2699 1466 2972 1539 prodigia,
3006 1476 3056 1521 et
3088 1465 3189 1520 sub
3235 1463 3485 1535 baptismt

1894 1556 2077 1626 specie
2098 1557 2340 1611 Rubrum
2373 1556 2555 1610 divisit
2583 1572 2732 1610 mare
2759 1556 2960 1624 (Exod.
2995 1563 3116 1623 XLV)
3137 1595 3150 1607 .
3191 1553 3327 1608 Elia}
3355 1550 3481 1621 pal-

1894 1644 2022 1699 lium
2056 1644 2236 1700 Eliseo
2265 1644 2558 1715 duplicavit
2588 1643 2859 1713 spiritum,
2892 1652 2947 1699 et
2976 1659 3191 1699 cursum
3221 1638 3485 1698 Jordanis

1891 1733 2074 1788 divisit
2102 1733 2290 1788 eadem
2323 1733 2490 1789 vestis
2521 1735 2610 1803 (IV
2636 1736 2761 1804 Reg.
2789 1735 2870 1801 ll).
2922 1734 3051 1788 Haac
3094 1732 3194 1785 sub
3254 1730 3377 1800 lege
3433 1735 3487 1781 et

1892 1822 2065 1890 gratia
2096 1822 2220 1877 fecit
2248 1823 2396 1876 Deus
2429 1838 2524 1891 per
2551 1830 2773 1877 sanctos
2801 1821 2855 1875 in
2890 1837 3051 1877 carne
3108 1819 3367 1874 miracula
3424 1825 3482 1871 ut

171 1919 284 1973 bili
319 1927 487 1990 petrae
519 1936 532 1975 :
566 1919 767 1975 lumine
797 1903 903 1975 non
935 1930 1061 1990 eget
1086 1903 1340 1989 lucernae,
1376 1924 1527 1991 cujus
1560 1924 1781 1980 claritas

1895 1906 2272 1978 intelligamus
2305 1912 2359 1960 et
2386 1904 2614 1961 ﬁdeliter
2633 1915 2916 1961 teneamus
2945 1905 3073 1977 quid
3103 1904 3247 1975 apud
3304 1903 3484 1997 ipsum

171 2014 271 2061 est
306 2006 397 2061 ille
429 2006 567 2077 lapis
596 2009 893 2078 angularis,
929 2012 1017 2081 qui
1049 2019 1205 2081 petra
1234 2012 1565 2067 fundamenti
1597 2014 1784 2084 Agnus

170 2096 286 2168 qui
320 2094 472 2151 tollit
489 2101 722 2168 peccata
754 2098 951 2154 mundi
981 2098 1167 2164 (Joan.
1203 2098 1270 2171 ι).
1311 2100 1434 2170 Ipse
1480 2109 1562 2155 est
1618 2101 1783 2155 etiam

171 2198 449 2253 sponsus,
482 2182 573 2255 qui
606 2194 793 2257 regnat
821 2186 873 2240 in
903 2188 1006 2243 hoc
1046 2187 1399 2243 tabernaculo
1455 2190 1605 2244 Deus
1661 2204 1783 2245 cum

170 2270 526 2336 hominibus,
558 2280 683 2327 ante
706 2274 858 2341 cujus
914 2276 1105 2330 sedem
1161 2285 1460 2346 personant
1516 2278 1783 2333 canticum

172 2360 416 2430 spiritus
447 2368 498 2415 et
528 2362 722 2416 animae
744 2363 1039 2431 justorum.
1076 2365 1212 2419 Laus
1246 2381 1430 2420 eorum
1462 2375 1513 2421 et
1542 2366 1784 2421 exsulta-

174 2449 260 2504 tio
296 2448 418 2519 ipse
449 2457 550 2515 est,
576 2451 665 2522 qui
695 2459 916 2506 coronat
945 2468 1040 2507 eos
1082 2452 1136 2506 in
1192 2454 1418 2525 gaudio,
1471 2471 1569 2524 per
1620 2470 1784 2525 quem

176 2538 337 2592 bene
358 2546 643 2593 currentes
674 2539 729 2592 in
755 2541 908 2606 hujus
940 2542 1124 2595 mundi
1152 2542 1347 2607 stadio,
1381 2543 1785 2613 dignoincaelis

176 2634 617 2681 remunerantur
647 2627 860 2682 bravio.
892 2630 1013 2683 Non
1036 2639 1118 2685 est
1155 2631 1288 2685 ultra
1327 2632 1472 2701 quod
1519 2632 1782 2702 concupi—

173 2724 363 2778 scent,
398 2715 488 2769 ubi
518 2716 691 2770 Deum
724 2715 860 2772 facie
881 2718 949 2771 ad
974 2717 1550 2787 faciemconsideraut,
1571 2721 1661 2792 qui
1684 2736 1784 2776 eos

170 2803 442 2874 perduxit
471 2804 539 2857 ad
562 2805 801 2874 palmam
832 2805 1092 2874 victoriae,
1119 2825 1225 2879 quo
1249 2808 1658 2880 praecessitipse
1688 2826 1780 2863 rex

171 2891 402 2964 gloriae,
427 2893 665 2965 dignitas
687 2893 957 2950 felicitatis
976 2912 1158 2951 eorum
1178 2897 1394 2951 humani
1408 2914 1602 2952 sensus
1620 2914 1783 2953 exce-

171 2980 258 3035 dit
279 2981 524 3047 modum,
560 2981 650 3052 qui
672 2998 864 3037 revera
893 2984 943 3036 in
967 3001 1062 3039 cor
1091 2986 1336 3041 hominis
1364 3001 1478 3040 non
1500 2986 1781 3053 ascendit,

172 3086 310 3142 qua:
335 3071 480 3126 Deus
502 3071 619 3126 illis
640 3074 981 3144 pra’paravit
997 3074 1151 3141 (Isat'.
1171 3089 1304 3128 LXIV
1329 3094 1341 3136 ;
1368 3075 1401 3127 Ι
1416 3076 1630 3143 Cor.u).
1669 3076 1784 3130 De-

171 3158 550 3230 cernatigitur
570 3159 738 3230 pietas
753 3158 1011 3226 fidelium,
1038 3161 1165 3232 quid
1186 3152 1549 3217 venerationis
1562 3163 1782 3233 potissi-

172 3263 335 3302 mum
367 3247 692 3317 corporibus
722 3248 985 3304 debeatur
1014 3259 1349 3318 sanctorum,
1382 3267 1611 3322 quorum
1667 3252 1784 3322 spi-

174 3336 318 3389 ritus
351 3335 718 3390 inaastimabili
754 3337 935 3408 gloria
992 3338 1330 3394 honorantur
1380 3340 1527 3411 apud
1588 3342 1781 3395 Deum.

173 3423 360 3479 Tanto
388 3424 573 3494 itaque
630 3425 861 3480 devotus
920 3441 1109 3482 eorum
1167 3428 1383 3483 laudern
1442 3428 1785 3485 celebremus

172 3512 233 3567 in
270 3514 454 3581 terris,
487 3520 686 3584 quanto
718 3514 940 3583 majoris
970 3516 1149 3570 meriti
1179 3532 1277 3572 eos
1335 3516 1610 3573 credimus
1662 3533 1785 3574 esse

173 3603 233 3657 in
267 3600 452 3658 caelis.
486 3600 636 3671 Quid
664 3603 809 3673 apud
836 3604 1006 3658 Deum
1025 3620 1212 3659 eorum
1234 3606 1447 3676 possint
1469 3606 1683 3672 animas,
1708 3622 1786 3661 ar-

172 3700 265 3745 tus
298 3690 738 3745 exanimatorum
768 3707 1060 3763 corporum
1089 3693 1379 3748 ostendunt
1409 3694 1672 3765 quotidie.
1729 3694 1784 3750 Si

175 3778 315 3852 quid
349 3777 484 3834 forte
515 3788 703 3833 natura
726 3788 909 3850 negat,
933 3781 1019 3835 vel
1042 3781 1365 3852 improvisus
1403 3798 1561 3838 casus
1594 3784 1648 3837 in
1680 3784 1783 3838 hu-

176 3868 364 3922 manis
393 3867 660 3932 debilitat,
694 3870 763 3922 ad
799 3885 986 3924 eorum
1006 3872 1263 3939 sepulcra
1286 3872 1570 3927 clementia
1599 3872 1785 3927 divina

174 3964 479 4011 restaurat.
505 3957 814 4012 Cmcitatem
834 3957 1400 4031 illuminant,gressus
1415 3960 1780 4028 consolidant,

176 4044 403 4117 linguas
432 4054 708 4115 reparant,
740 4062 902 4102 aures
930 4056 1203 4115 reserent,
1234 4048 1577 4105 daemonibus
1605 4049 1783 4120 impe-

180 4141 328 4201 rant,
365 4148 619 4189 carceres
659 4135 930 4205 aperiunt,
991 4136 1206 4192 vincula
1260 4137 1560 4203 resolvunt,
1618 4138 1785 4193 elisos

182 4222 426 4293 erigunt,
486 4222 718 4289 injustas
765 4223 1067 4295 corrigunt,
1118 4225 1296 4293 justos
1347 4225 1598 4296 diligunt.
1658 4227 1785 4282 Hmc

181 4319 487 4381 operantur
514 4327 612 4381 per
640 4326 873 4381 corpora
904 4312 1145 4383 spiritus,
1174 4315 1391 4386 quijam
1414 4314 1612 4368 divinis
1642 4314 1785 4369 assi-

183 4404 337 4453 stunt
370 4399 672 4455 obtutibus.
708 4399 848 4469 Quid
880 4402 1092 4467 mirum,
1127 4402 1170 4455 si
1203 4412 1431 4471 possunt
1463 4402 1783 4457 taliaiuim-

183 4487 540 4542 mortalitatis
569 4488 748 4559 gloria
777 4490 1073 4556 constituti,
1108 4490 1200 4562 qui
1243 4491 1442 4546 similia
1498 4500 1789 4562 potuerunt

186 4576 290 4630 sub
324 4576 673 4631 mortalitatis
702 4577 973 4632 velamine
1006 4579 1189 4650 positi.
1218 4580 1476 4653 Legimus
1507 4588 1561 4635 et
1616 4581 1789 4637 credi-

1893 2009 2082 2051 eorum
2111 1994 2287 2066 possit
2315 1994 2556 2065 spiritus.
2586 1994 2875 2065 Quidquid,
2906 1994 3123 2060 fratres,
3146 1992 3214 2047 de
3243 1991 3485 2063 reliquiis

1894 2092 2205 2139 sanctorum
2227 2083 2591 2154 possidemus,
2616 2083 2729 2137 sive
2746 2083 2802 2137 in
2818 2090 2990 2147 veste,
3008 2082 3188 2136 sivein
3229 2080 3476 2151 pulvere,

1893 2171 1982 2228 vel
2001 2174 2056 2227 in
2076 2172 2300 2227 ossibus
2327 2171 2618 2243 diligenter
2670 2180 2722 2227 et
2773 2179 2927 2228 caute
2982 2170 3377 2233 custodiamus,
3433 2176 3487 2223 et

1894 2261 2043 2333 quod
2069 2260 2334 2327 valemus,
2366 2259 2709 2331 potissimum
2738 2259 2998 2315 servitute
3051 2259 3269 2312 illorum
3326 2256 3484 2312 exhi-

1894 2350 2122 2405 beamus
2151 2348 2502 2403 venerationi.
2539 2348 2704 2419 Digni
2733 2356 2857 2402 sunt
2883 2347 3032 2418 apud
3077 2346 3329 2401 homines
3384 2346 3486 2399 ho-

1892 2454 2046 2505 nore,
2079 2436 2170 2510 qui
2191 2436 2431 2509 quotidie
2450 2436 2794 2506 interpellant
2836 2452 2937 2507 pro
2970 2435 3247 2491 hominum
3276 2433 3476 2488 salute.

1893 2529 2101 2583 Memor
2130 2527 2381 2581 humanas
2413 2525 2748 2596 fragilitatis,
2780 2525 2886 2581 hoc
2933 2524 3123 2597 gratiae
3170 2522 3332 2577 nobis
3370 2521 3486 2577 clo-

1892 2616 2093 2671 mentis
2126 2614 2424 2670 Salvatoris
2453 2614 2703 2679 contulit,
2736 2621 2793 2668 ut
2825 2615 2968 2685 quod
3012 2619 3335 2684 peccatores
3384 2625 3487 2681 per

1892 2712 2077 2760 nostra
2105 2719 2218 2758 non
2247 2719 2539 2772 possumus
2568 2702 2785 2767 merita,
2819 2718 2916 2773 per
2944 2709 3258 2756 sanctorum
3307 2699 3488 2768 impe-

1891 2800 2098 2848 tremus
2128 2791 2453 2862 patrocinia.
2489 2791 2609 2845 Jam
2642 2791 2821 2847 securi
2848 2791 2918 2846 de
2948 2806 3044 2845 sua
3100 2787 3315 2844 solliciti
3363 2794 3489 2841 sunt

1892 2897 1994 2953 pro
2021 2889 2207 2936 nostra
2234 2880 2409 2935 salute
2438 2898 2454 2946 ς
2489 2888 2540 2935 et
2570 2881 2715 2935 unde
2772 2895 2875 2935 nec
2931 2894 3116 2934 eorum
3173 2875 3487 2947 perﬁcietur

1892 2970 2171 3042 gaudium,
2205 2969 2450 3040 quandiu
2500 2978 2702 3025 nostra;
2747 2966 3204 3040 peregrinationis
3258 2971 3487 3021 cernunt

1894 3058 2154 3114 exsilium
2190 3076 2204 3123 ;
2238 3073 2339 3112 nec
2368 3058 2473 3112 erit
2501 3056 2611 3111 illis
2626 3056 2867 3127 perfecta
2891 3056 3186 3117 beatitudo,
3207 3054 3384 3108 donec
3404 3057 3461 3108 to

1894 3143 1999 3199 tius
2029 3142 2292 3199 Ecclesiae
2321 3141 2609 3196 intraverit
2639 3141 2941 3210 plenitudo.
2976 3141 3056 3195 Ad
3079 3140 3316 3205 illorum,
3348 3138 3453 3192 cba

1893 3231 2120 3296 rissimi,
2153 3230 2509 3299 consortium,
2548 3229 2675 3301 quia
2730 3245 2832 3284 nos
2887 3229 3135 3283 habitare
3185 3227 3238 3281 in
3296 3241 3482 3292 unum,

1893 3320 2178 3392 pulchrum
2209 3320 2310 3376 erit
2338 3326 2502 3390 atque
2527 3319 2827 3388 jucundum
2849 3319 3025 3389 (Psal.
3050 3317 3249 3385 cxxnx),
3283 3322 3484 3388 quanto

1894 3410 2108 3465 illorum
2133 3409 2291 3464 nobis
2338 3408 2603 3479 prodesse
2660 3407 2934 3463 credimus
2989 3406 3287 3461 orationem
3340 3411 3486 3458 tanto

1897 3498 2147 3553 devotius
2177 3498 2393 3553 illorum
2422 3497 2632 3552 meritis
2662 3495 3013 3551 exhibeamus
3039 3493 3476 3550 venerationem.

1896 3585 2202 3642 Offeramus
2229 3585 2372 3640 illius
2401 3584 2753 3653 sacriﬁcium,
2786 3592 2845 3638 ut
2870 3600 2970 3655 pro
3001 3582 3159 3637 nobis
3191 3582 3367 3636 fumus
3397 3580 3486 3633 in-

1895 3690 2183 3731 censorum
2216 3674 2477 3730 ascendat
2505 3676 2574 3728 de
2603 3673 2852 3729 oratione
2883 3680 3220 3737 sanctorum,
3257 3670 3346 3741 qui
3387 3684 3489 3739 per

1896 3779 2114 3817 manum
2146 3763 2328 3834 angeli
2359 3761 2541 3817 divino
2573 3768 2938 3832 przesenlatur
2962 3759 3485 3831 conspectui(Apoc.

1894 3853 2012 3921 vut)
2048 3869 2061 3914 ;
2093 3851 2327 3924 vestigia
2351 3867 2642 3920 sequamur
2673 3865 2884 3915 eorum,
2918 3849 3117 3920 quibus
3166 3848 3270 3918 ipsi
3310 3844 3489 3903 secuti

1895 3945 2021 3994 sunt
2040 3940 2348 3995 Dominum.
2381 3938 2703 3994 Gradiamur
2734 3954 2837 4008 per
2881 3937 3127 3993 semitam
3163 3935 3385 4005 justitize
3432 3941 3491 3988 ut

1894 4037 2273 4110 perveniamus
2301 4037 2369 4092 ad
2399 4036 2741 4092 mansionem
2772 4035 3010 4091 ctelestis
3040 4035 3250 4105 patriae.
3312 4031 3460 4103 Inspi

1894 4127 2097 4181 ciamus
2130 4124 2426 4197 perfectam
2448 4141 2633 4180 eorum
2666 4124 2856 4189 vitam,
2881 4132 2935 4178 et
2990 4140 3111 4195 quae
3169 4122 3348 4176 minus
3402 4126 3486 4176 est

1894 4215 2212 4285 composita,
2247 4213 2602 4269 emendemus
2622 4222 2865 4268 nostram
2901 4220 2958 4266 ut
2996 4211 3168 4265 nostri
3191 4210 3296 4265 sint
3325 4209 3488 4276 adju-

1896 4312 2044 4358 tores
2061 4303 2113 4356 in
2131 4303 2387 4377 precibus
2406 4318 2635 4374 quorum
2657 4301 3163 4356 sumusimitatores
3185 4299 3238 4353 in
3258 4298 3488 4354 actibus.

1896 4402 2286 4473 Rclinquamus
2302 4418 2421 4457 cum
2434 4400 2700 4472 apostolis
2718 4400 2991 4465 omnia,ut
3005 4399 3176 4454 libere
3192 4413 3489 4470 sequamur

1897 4490 2114 4546 Domini
2142 4490 2390 4563 vestigia.
2416 4490 2714 4560 Matyribus
2732 4488 3073 4544 associemur
3111 4488 3171 4543 in
3208 4486 3485 4557 passione,

1901 4587 1958 4634 ut
1986 4579 2194 4635 eisdem
2222 4579 2610 4650 participemur
2637 4578 2693 4632 in
2719 4577 3112 4634 consolatione.
3135 4576 3217 4630 Ne
3241 4574 3324 4629 fur
3390 4574 3460 4629 do

184 4681 331 4731 mus,
362 4665 583 4731 fratres,
618 4666 806 4730 multa,
840 4683 960 4738 qua:
991 4649 1261 4722 mirabilis
1299 4649 1370 4723 in
1428 4669 1635 4725 sanctis
1691 4686 1791 4740 per
1820 4649 1872 4710 D
1902 4684 2048 4723 mum
2079 4649 2316 4724 nostram
2337 4666 2780 4740 perfodiat(Luc.
2811 4667 2937 4736 xu),
2968 4664 3342 4720 confessorum
3363 4662 3491 4736 vigio

187 4761 417 4809 sanctos
446 4764 704 4825 eperatus
734 4762 815 4809 est
846 4755 1185 4827 Deus(Psal.
1208 4756 1382 4823 vau)
1412 4757 1465 4811 in
1513 4759 1616 4815 hac
1657 4758 1784 4813 vita.

186 4843 496 4898 Taceamus
526 4859 750 4898 carnem
778 4849 831 4897 et
859 4859 1009 4912 ossa,
1061 4844 1312 4900 dicamus
1374 4846 1607 4913 minora,
1669 4864 1789 4918 quae

190 4949 319 4995 sunt
351 4956 517 4997 carne
539 4940 820 4997 inferiora.
860 4942 1180 5013 Exemplum
1210 4943 1406 4999 damus
1453 4944 1521 5000 de
1578 4945 1785 5015 paucis,

189 5036 248 5083 ut
287 5028 428 5085 fides
458 5029 817 5085 dubitantium
873 5031 1138 5087 solidetur
1195 5032 1252 5086 in
1305 5032 1515 5088 multis.
1585 5034 1789 5089 Umbra

190 5119 421 5174 curabat
450 5118 597 5174 Petri
618 5127 880 5191 quotquot
909 5120 963 5174 in
995 5119 1187 5191 plateis
1214 5121 1560 5191 ponebantur
1594 5121 1790 5193 aegroti

190 5207 341 5277 (Act.
377 5208 459 5277 v).
502 5207 651 5261 Pauli
681 5207 1020 5265 semicinctia
1059 5208 1385 5278 expulerunt
1429 5209 1498 5264 ab
1545 5209 1790 5265 obsessis

189 5296 533 5367 corporibus.
569 5294 841 5350 daemonia
875 5296 1039 5366 (Act.
1077 5299 1201 5367 χιχ)
1237 5313 1250 5359 ;
1279 5295 1469 5351 Jacobi
1510 5296 1790 5351 sudarium

1894 4756 1998 4811 lias
2010 4774 2166 4812 mens
2184 4773 2254 4813 no
2272 4765 2369 4811 ατο,
2383 4754 2955 4812 custodiat.0rnemus
2971 4752 3249 4823 lampades
3270 4760 3489 4806 nostras

1895 4871 2017 4911 cum
2040 4854 2697 4927 virginibus,utintremus
2716 4853 2784 4908 ad
2802 4849 3259 4923 nuptias,quando
3276 4849 3491 4904 venerit

1896 4959 2153 5014 sponsus,
2177 4954 2228 4999 et
2244 4944 2333 4999 ubi
2350 4959 2450 4999 nos
2466 4950 2765 5014 perterreat
2788 4941 2921 4995 illud
2943 4938 3297 4994 durissimum
3324 4954 3337 4991 :
3383 4938 3461 4994 Ne

1896 5034 2010 5089 scio
2030 5049 2121 5088 vos
2145 5034 2376 5101 (Matth.
2413 5032 2561 5103 xxv),
2586 5031 2728 5103 quod
2750 5029 2853 5085 erit
2872 5027 3163 5098 impiorum
3196 5024 3445 5083 confusio
3472 5043 3487 5092 ;

1900 5121 1999 5176 sed
2030 5119 2267 5178 laetificat
2308 5136 2404 5177 cor
2439 5128 2689 5176 nostrum
2714 5119 2983 5188 justorum
3020 5114 3345 5179 benedictio,
3394 5128 3494 5184 per

1898 5224 2043 5279 eum,
2076 5210 2165 5281 qui
2193 5216 2280 5266 est
2308 5210 2417 5265 vita
2441 5217 2494 5266 et
2524 5207 2873 5271 resurrectio,
2894 5207 3041 5261 Deus
3071 5205 3295 5259 deorum
3309 5210 3363 5257 et
3382 5204 3491 5258 Do-

1897 5298 2078 5353 minus
2129 5298 2493 5362 dominorum,
2535 5314 2636 5370 per
2664 5295 2862 5354 saecula
2892 5293 3244 5351 saeculorum.
3279 5295 3482 5349 Amen.
