3882 6446
3380 510 3515 565 414·

215 669 3391 690 ——___—_——_——_————————————_——_—_

191 521 295 575 413
910 516 1065 571 ΡΙΒο
1120 512 1495 570 EI’ISCOPUS
1526 511 1923 569 TULLENSIS.
1964 539 2034 549 -—-
2081 507 2363 563 ΝΟΤΙΤΙΛ
2406 508 2801 563 HISTORICA.

1146 1058 1308 1127 (Dom
1338 1057 1622 1121 Grammar,
1655 1055 1875 1126 Script.
1910 1054 1977 1109 de
2006 1054 2244 1118 musica,
2279 1054 2348 1120 II,
2383 1053 2530 1119 121.)

334 1232 540 1287 Laudes
570 1233 775 1289 Christo
806 1235 893 1290 die
923 1251 1061 1289 nunc
1092 1235 1189 1288 isto
1801 1232 1860 1294 Α
2029 1230 2185 1284 Illum
2214 1229 2542 1283 subsecravit
2581 1227 2831 1282 Domino.

335 1321 619 1376 Celebrent
647 1337 835 1377 omnes
863 1324 1060 1393 ubique
1091 1321 1276 1376 ﬁdeles

336 1411 531 1478 Magno
565 1411 815 1481 tripudio,

336 1498 419 1552 Ob
451 1501 848 1554 venerationem
880 1500 1043 1571 patris
1072 1499 1255 1553 eximii

338 1587 516 1641 Sancti
547 1588 904 1642 Willibrordi.

336 1676 487 1727 IIunc
517 1676 722 1729 cwlitus
751 1676 968 1747 delapsa
998 1677 1206 1730 enitens
1235 1676 1437 1730 notavit
1464 1677 1608 1741 luna,

338 1761 470 1830 Qua
491 1763 607 1833 ejus
628 1765 781 1818 matri
814 1765 926 1819 visa
966 1781 1061 1834 per
1088 1766 1300 1819 cteleste
1332 1780 1537 1818 oroma.

345 1852 480 1906 Hinc
509 1852 670 1906 veluti
701 1852 845 1906 sidus
874 1853 1225 1907 clarissimum

350 1940 441 1993 Sui
464 1940 675 2008 jubaris
703 1941 909 1995 radium

348 2028 448 2081 Per
463 2028 645 2082 mundi
677 2037 939 2099 sparserat
961 2030 1216 2084 circulum

343 2117 479 2169 Dum
515 2125 671 2170 tetras
693 2118 892 2187 peccati
925 2118 1169 2173 tenebras

342 2204 501 2257 Cordi
534 2205 809 2257 hominum
841 2206 1023 2259 insitas

340 2291 500 2345 Verbi
531 2292 812 2361 splendore
845 2293 1140 2363 fugaverat.

339 2380 452 2434 Hoc
480 2397 614 2451 gens
644 2381 913 2435 Britonum
946 2390 1103 2451 atque
1136 2382 1390 2436 Ilibernia

340 2469 471 2522 Cum
504 2470 649 2522 omni
686 2470 880 2537 Fresia,

340 2556 452 2609 Hoc
484 2564 738 2612 testantur
768 2559 953 2613 Franci
983 2566 1034 2613 et
1063 2560 1316 2613 Germani

342 2641 617 2696 Gallorum
650 2643 855 2713 populi.

343 2729 455 2782 Nec
486 2730 666 2784 inclita
697 2732 964 2801 ignoravit
994 2733 1131 2785 hunc
1162 2730 1286 2785 urbs
1316 2731 1542 2785 Romula

346 2817 451 2871 Etsi
484 2825 671 2888 potens
700 2820 883 2873 mundi
912 2820 1148 2873 domina.

348 2908 603 2978 Angelico
631 2910 845 2977 quando
875 2910 1067 2979 praesul
1098 2909 1283 2963 doetus
1310 2911 1525 2965 oraculo

203 3131 936 3162 ι-ιι

2034 1318 2239 1373 Dehinc
2269 1317 2391 1371 fidei
2427 1318 2632 1371 fervore
2661 1332 2963 1382 succensus,

2036 1409 2167 1461 Aras
2195 1408 2501 1461 daemonum
2532 1405 2692 1476 fregit
2717 1404 2991 1473 providus.

2040 1495 2216 1549 Gladii
2246 1494 2381 1548 ictus
2400 1494 2573 1565 attigit

2040 1584 2209 1652 Ipsius
2238 1590 2414 1653 caput,
2446 1583 2644 1651 aliquid
2676 1581 2770 1635 sed
2796 1598 2904 1635 non
2932 1581 3129 1634 nocuit.

2042 1673 2177 1725 Nam
2211 1672 2429 1741 lympha
2455 1687 2563 1725 sua:
2594 1670 2733 1741 preci
2770 1669 2959 1723 tradita

2041 1760 2158 1812 Jam
2190 1760 2476 1813 multorum
2506 1760 2726 1830 agmina
2753 1757 2958 1827 potavit
2986 1757 3039 1810 in
3060 1755 3227 1810 arida.

2041 1850 2175 1902 Tum
2201 1848 2304 1900 vini
2338 1847 2486 1900 auxit
2512 1848 2637 1901 satis
2665 1847 2883 1915 pocula:

2046 1935 2274 1989 Inlirmis
2296 1936 2625 2005 perplurima
2655 1934 2873 1988 contulit
2900 1932 3136 1987 subsidia

2044 2025 2141 2078 llic
2171 2024 2327 2078 hodie
2358 2041 2513 2078 verus
2534 2022 2771 2077 Israelita

2046 2114 2254 2183 :Iigvpti
2284 2112 2531 2167 tenebras
2568 2111 2738 2166 evasit

2046 2203 2216 2256 Vicini
2244 2210 2426 2255 auctus
2455 2201 2656 2270 spoliis.

2048 2291 2111 2343 Et
2138 2291 2359 2343 veniens
2388 2306 2508 2344 cum
2533 2291 2678 2342 lucro
2710 2287 2953 2341 ﬁdeliter.

2044 2379 2238 2432 .tudire
2269 2379 2460 2433 meruit
2489 2386 2779 2447 gratanter,

2046 2468 2191 2537 Euge
2224 2469 2357 2521 intra
2380 2468 2619 2519 feliciter.

2050 2557 2144 2609 Eia
2176 2573 2311 2609 nunc
2342 2555 2519 2609 devoti
2551 2571 2709 2623 quem
2740 2554 3033 2622 rogitemus

2050 2646 2232 2699 Cuncti
2266 2660 2374 2707 ore,
2410 2645 2570 2697 corde
2594 2643 2878 2713 psallentes
2907 2657 2966 2693 ac
2998 2640 3265 2694 dicentes:

2046 2735 2158 2787 Nos
2207 2734 2277 2787 tui
2309 2734 2399 2801 qui
2434 2733 2561 2786 festa
2593 2733 2819 2785 colimus

2052 2826 2227 2877 Mente
2258 2824 2366 2891 pia,
2401 2837 2432 2875 o
2462 2822 2715 2886 clemens,
2747 2820 3037 2873 clementer

2044 2912 2254 2981 Adjuva
2280 2926 2512 2980 semper.

417 3133 3135 3169 ,ττι

1546 3364 1705 3405 ANNO
1733 3363 1941 3408 DOMINI
1970 3364 2143 3408 MCV’II

813 3540 1133 3762 uno
1276 3539 2016 3899 lusura
2143 3432 2906 3763 TULLENSIS
2986 3568 2990 3575 ’

1150 4059 1726 4171 ΝΟΤΙΤΙΑ
1801 4059 2544 4173 HISTORICA

910 4323 1019 4379 (Ea:
1053 4322 1246 4378 Gallia,
1272 4322 1591 4377 christiana
1632 4337 1789 4374 novae
1818 4323 2086 4389 editionis,
2120 4332 2250 4378 tom.
2288 4326 2433 4389 XIII,
2466 4341 2594 4393 pag.
2633 4326 2759 4392 991)

270 4651 498 4706 Natione
530 4650 826 4705 Saxonicus
857 4651 986 4703 Pibo
1018 4650 1099 4704 vel
1146 4651 1352 4720 I’Oppo,
1394 4657 1641 4719 parentes
1686 4667 1790 4720 ge-
1822 4649 1870 4711 C
1901 4651 2263 4705 assistentibus
2290 4652 2509 4705 Μοίρι]ςὶ
2555 4661 2606 4706 et
2648 4653 2961 4707 \‘irdunensi
3020 4654 3354 4721 praesulibus,
3407 4654 3495 4722 qui

197 4757 326 4795 nere
355 4742 529 4795 claros
563 4740 766 4807 habuit,
814 4749 1021 4808 patrem
1078 4740 1277 4793 scilicet
1334 4739 1714 4792 Theotmarum
1747 4748 1798 4793 et

199 4839 426 4884 matrem
457 4831 794 4900 Duguercam
826 4830 895 4882 al.
933 4829 1173 4883 Udicam.
1209 4828 1319 4882 Sub
1364 4831 1569 4882 Amone
1615 4828 1796 4897 magi-

196 4927 325 4983 stro,
360 4918 449 4987 qui
495 4926 680 4986 postea
709 4917 1039 4971 Coloniensis
1096 4916 1263 4969 factus
1310 4916 1403 4968 fuit
1434 4917 1795 4986 archiepisco-

200 5024 317 5077 pus,
340 5023 434 5060 sex
466 5007 704 5077 integros
743 5022 912 5059 annos
938 5006 1124 5059 litteris
1170 5005 1387 5057 studuit.
1431 5006 1667 5059 Primum
1702 5006 1797 5061 fuit

196 5097 486 5151 eanonicus
508 5096 557 5149 in
590 5095 811 5149 ecclesia
843 5094 1276 5159 Alberstadiensi,
1318 5102 1426 5148 tum
1459 5095 1511 5147 in
1558 5096 1793 5163 Mogun-

198 5185 409 5239 tinensi.
443 5184 649 5238 Dehinc
695 5185 763 5238 ab
792 5185 1113 5253 imperatore
1145 5184 1373 5238 Henrico
1404 5185 1473 5237 IV
1501 5184 1794 5253 eleemosy-

195 5275 332 5330 narii
378 5281 429 5329 et
459 5272 762 5327 cancellarii
792 5288 1014 5326 munere
1062 5274 1388 5339 honestatus,
1428 5288 1548 5326 cum
1599 5273 1790 5326 eodem

192 5371 438 5442 principe
476 5384 617 5423 anno
652 5371 784 5423 1070
817 5368 1027 5423 Tullum
1077 5368 1319 5431 accessit,
1376 5367 1491 5435 ipso
1550 5375 1789 5437 tempore

192 5476 299 5531 quo
324 5458 391 5513 de
422 5457 664 5529 praesulis
691 5457 952 5512 electione
981 5457 1262 5528 agebatur.
1294 5456 1513 5510 Pibonis
1566 5472 1789 5527 germa-

192 5566 291 5602 nus.
321 5546 618 5603 Bernardus
645 5562 825 5600 comes
855 5545 986 5599 nihil
1015 5562 1123 5599 non
1154 5546 1321 5599 movit
1348 5544 1489 5615 apud
1522 5546 1786 5600 Cmsarem

189 5645 241 5691 ut
275 5638 343 5691 ad
374 5635 735 5707 episcopalem
766 5634 1079 5705 dignitatem
1140 5635 1301 5689 frater
1353 5651 1478 5687 suus
1509 5649 1789 5705 promove-

187 5733 351 5781 retur.
404 5723 666 5794 Equidem
698 5723 961 5787 canonici,
1020 5723 1275 5792 principis
1330 5723 1545 5792 cognita
1601 5723 1787 5777 volun-

189 5823 316 5880 tate,
346 5811 586 5867 unanimi
617 5818 741 5865 voto
777 5811 1032 5864 Pibonem
1064 5810 1114 5863 in
1147 5811 1457 5880 episc0pum
1486 5811 1781 5881 elegerunt.

189 5902 444 5958 Probavit
473 5899 788 5953 electionem
820 5898 1160 5952 Treverensis
1206 5899 1656 5970 archiepiscopus,
1689 5915 1783 5953 ro—

186 5998 452 6065 gatusque
482 5988 552 6043 ab
584 5988 904 6055 imperatore
953 5985 1104 6038 Motis
1134 5986 1359 6039 electum
1407 5987 1735 6042 consecravit
1766 6002 1777 6053 ;

1908 4756 2105 4794 novum
2140 4742 2450 4810 episcopum
2482 4759 2647 4809 usque
2705 4743 2915 4796 'l‘ulluni
2974 4743 3230 4806 comitati,
3276 4741 3494 4811 pontiﬁ-

1908 4829 2007 4882 cali
2047 4829 2161 4881 sedi
2218 4830 2604 4899 imposuerunt.
2659 4832 2880 4897 Lingua:
2927 4832 3253 4885 Tullensium
3304 4832 3498 4885 inscius

1905 4917 2055 4985 I’ibo,
2096 4918 2249 4971 valde
2283 4919 2543 4988 ingemuit
2599 4921 2740 4988 quod
2782 4921 3038 4991 populum
3079 4920 3177 4973 sibi
3235 4920 3493 4973 creditum

1904 5007 2075 5074 patria
2105 5007 2287 5077 lingua
2318 5007 2526 5061 erudire
2566 5026 2672 5062 non
2718 5018 2929 5079 posset:
2994 5026 3174 5062 verum
3231 5010 3326 5061 etsi
3376 5008 3493 5077 jam

1903 5096 2302 5166 sexagenarius,
2389 5104 2585 5150 tantam
2661 5100 2897 5153 Francim
2980 5099 3178 5165 linguae
3253 5098 3495 5151 exhibuit

1902 5201 2143 5254 operam,
2173 5191 2227 5237 ut
2258 5200 2361 5237 uno
2394 5186 2569 5239 minus
2600 5204 2739 5241 anno
2772 5187 2983 5257 plebem
3007 5204 3156 5241 suam
3180 5204 3349 5257 capax
3384 5187 3495 5241 fue-

1900 5274 1969 5326 rit
1996 5273 2240 5327 edocere.
2273 5272 2593 5329 Adalberoni
2626 5277 2807 5331 abbati
2839 5278 2895 5330 Β.
2928 5276 3151 5345 Benigni
3202 5275 3493 5329 Divioncn-

1899 5363 1971 5416 sis
2001 5364 2167 5417 factas
2196 5382 2227 5419 a
2272 5365 2641 5420 decessoribus
2695 5366 2803 5419 suis
2859 5365 3175 5420 donationes
3225 5367 3325 5418 hoc
3375 5366 3490 5434 ipso

1899 5471 2040 5510 anno
2074 5460 2206 5511 1000
2232 5456 2588 5512 conﬁrmavit.
2623 5455 2913 5525 Epistolam
2943 5454 3083 5508 circa
3123 5470 3320 5507 annum
3355 5456 3490 5509 1072

1898 5551 1967 5604 ab
1996 5554 2303 5608 Alexandro
2334 5556 2379 5608 II
2414 5568 2550 5624 papa
2574 5550 2798 5620 accepit,
2833 5567 2938 5618 qua
2967 5550 3209 5619 pontifex
3255 5549 3493 5618 queritur

1897 5640 2041 5708 quod
2070 5642 2158 5694 ille
2216 5642 2528 5697 cccclesiam
2586 5639 2764 5694 Sancti
2808 5639 3069 5705 Mauricii,
3127 5639 3209 5691 siti
3271 5640 3321 5691 in
3372 5640 3489 5695 loco

1897 5728 1985 5795 qui
2016 5729 2207 5784 dicitur
2238 5732 2391 5797 Villa,
2444 5747 2604 5799 super
2632 5729 2857 5795 Illesam,
2892 5728 3077 5782 eadem
3111 5727 3350 5781 libertate
3381 5729 3492 5782 vel-

1897 5816 1966 5868 let
2013 5817 2281 5873 destruere
2313 5837 2416 5889 qua
2472 5819 2698 5873 domnus
2758 5820 2860 5871 Leo
2916 5832 3059 5889 papa
3130 5816 3491 5869 Dervensibus

1893 5914 2245 5973 concesserat,
2262 5908 2467 5962 utinibi
2492 5909 2789 5962 habitantes
2820 5904 3065 5960 monachi
3098 5921 3127 5958 a
3158 5905 3357 5972 absque
3381 5903 3489 5957 ulla

1892 5989 2163 6057 emptione
2194 5991 2358 6044 altare
2410 5992 2465 6044 Β.
2535 5991 2772 6045 ltlaurieii
2808 5998 3064 6059 perpetuo
3124 5986 3480 6056 possiderent,
