3882 6410
429 432 532 487 415

1563 433 1719 490 ΡΙΒο
1757 433 2134 492 EPISCOPUS
2171 430 2573 491 TULLENSIS.

3611 430 3734 485 416

429 563 654 626 excepto
684 555 826 626 quod
856 557 1180 630 capellanus,
1213 558 1297 614 cui
1327 575 1452 615 cura
1499 560 1642 616 villae
1679 560 2010 632 contigisset,
2038 560 2095 624 Α
2119 559 2403 631 justitiam.
2440 581 2461 607 α
2532 556 2758 626 Deinde,
2827 556 3000 628 inquit
3078 555 3340 628 pontifex,
3416 555 3737 612 convocatis

429 660 646 699 censum
676 647 1012 716 psrsolveret.
1045 649 1306 703 Plurimos
1331 665 1416 704 res
1470 649 1660 704 eodem
1707 667 1849 706 anno
1905 665 2021 706 mo-

429 743 660 797 nasterio
689 744 856 798 sancti
899 745 1026 816 Apri
1083 745 1216 801 Pibo
1271 747 1507 816 indulsit,
1557 747 1808 804 videlicet
1853 750 2018 806 altare

431 827 497 882 de
527 829 862 886 Blandenaco
889 848 1050 904 super
1075 833 1372 900 Mosellam,
1423 842 1478 889 et
1527 835 1692 891 altare
1747 837 1815 893 de
1862 838 2022 893 Fanis

429 917 569 972 ultra
603 920 809 974 Mosam
857 919 1013 989 juxta
1070 921 1292 976 Barrum
1347 931 1626 994 castrum;
1683 927 2022 982 confirmavit

433 1017 592 1070 etiam
614 1018 796 1072 omnia
823 1034 942 1088 quae
972 1020 1146 1075 eidem
1177 1022 1295 1078 loco
1335 1023 1404 1079 ab
1442 1027 1868 1082 antecessoribus
1914 1029 2022 1082 suis

431 1105 616 1161 aliisve
662 1106 1010 1162 donatoribus
1067 1111 1258 1166 tradita
1313 1112 1540 1170 fuerant.
1584 1117 1761 1172 Vetuit
1806 1118 2024 1190 insuper

433 1194 485 1248 in
514 1195 718 1266 synodo
749 1212 817 1251 ne
843 1197 983 1252 ullus
1011 1203 1270 1270 toporcha
1301 1203 1560 1259 vassallos
1600 1207 1910 1261 monasterii
1953 1207 2021 1263 ad

434 1291 696 1362 capienda
742 1308 893 1347 arma
937 1303 1157 1366 cogeret
1211 1295 1416 1368 absque
1470 1315 1733 1356 consensu
1787 1301 2019 1370 abbatis,

433 1395 593 1450 quem
649 1381 844 1450 solum,
902 1383 989 1439 vel
1036 1387 1362 1441 monachum
1412 1388 1482 1444 ab
1536 1405 1603 1445 eo
1658 1391 2018 1463 designatum,

431 1495 598 1550 penes
620 1479 712 1550 jus
736 1488 876 1536 esset
902 1481 1022 1537 illos
1077 1483 1147 1538 ad
1201 1484 1449 1541 militiam
1505 1487 1822 1546 deducendi.
1880 1494 2024 1546 Inter

429 1567 725 1623 Widonem
755 1569 998 1638 ejusdem
1028 1572 1260 1628 coenobii
1283 1574 1466 1631 Sancti
1502 1578 1630 1648 Apri
1677 1579 1932 1635 abbatem
1971 1589 2025 1636 et

431 1653 739 1711 Odelricum
768 1658 994 1713 militem
1021 1669 1263 1716 exortam
1285 1661 1352 1718 de
1381 1666 1624 1735 portione
1667 1667 1855 1739 praedii
1895 1669 2020 1724 Bai-

431 1752 632 1809 nivillaa
655 1757 1075 1812 controversiam
1111 1762 1492 1832 compcscuitv
1517 1763 1599 1818 Id.
1633 1763 1824 1820 Octob.
1859 1767 2017 1822 1074.

429 1849 510 1906 Ad
539 1851 705 1923 ipsius
731 1854 984 1910 Widonis
1010 1856 1222 1913 abbatis
1264 1877 1448 1931 preces
1501 1879 1642 1918 anno
1676 1866 1812 1921 1079
1860 1872 1914 1925 et
1941 1865 2021 1919 in-

2127 649 2463 704 Tulleusibus
2494 647 2700 702 clericis
2728 663 2824 718 per
2851 663 3035 704 veram
3075 661 3168 702 eos
3196 645 3576 710 obedientiam,
3613 644 3734 698 imo

2127 738 2226 792 sub
2254 737 2626 792 criminatione
2655 737 3009 792 anathematis
3043 735 3410 807 constringite,
3465 740 3524 788 ut
3569 731 3734 803 quid-

2129 825 2256 896 quid
2285 826 2352 880 de
2381 825 2600 880 introitu
2628 833 2681 879 et
2718 825 2828 880 vita
2857 825 3093 894 episcopi
3147 825 3337 892 sciunt,
3385 829 3439 878 et
3487 837 3584 878 vos
3629 837 3734 876 un-

2127 924 2288 994 dique
2319 923 2596 993 explorata
2624 923 2866 990 veritate,
2899 921 3027 992 quid
3056 922 3212 976 nobis
3241 921 3364 975 inde
3393 919 3728 975 credendum

2126 1013 2212 1078 sit,
2245 1012 2300 1066 in
2329 1011 2534 1083 synodo
2572 1011 2659 1066 vel
2707 1019 2830 1066 ante
2885 1010 3167 1083 synodum,
3225 1025 3383 1080 quam
3437 1009 3492 1063 in
3544 1007 3730 1078 prima

2128 1109 2470 1165 hebdomade
2497 1108 2939 1180 Quadragesimze
2995 1107 3310 1164 celebraturi
3365 1123 3564 1172 sumus,
3627 1122 3733 1175 per

2129 1199 2332 1253 litteras
2375 1205 2579 1252 vestras
2634 1196 2909 1252 notificare
2966 1197 3264 1252 nullatenus
3319 1194 3718 1267 preter-mittite.

2130 1287 2288 1356 Quod
2314 1287 2359 1342 si
2388 1287 2690 1358 episcopus,
2740 1294 2800 1341 ut
2845 1294 3112 1357 optamus,
3172 1286 3426 1340 innocens
3455 1285 3522 1338 de
3553 1291 3633 1338 tot
3661 1299 3730 1338 ac

2129 1376 2288 1432 tantis
2315 1375 2629 1432 criminibus
2683 1376 3008 1447 apparuerit,
3071 1375 3214 1445 quod
3243 1375 3464 1429 clericus
3519 1379 3728 1428 temere

2130 1465 2388 1538 peccavit,
2431 1464 2686 1536 quoniam
2733 1465 2802 1520 ad
2858 1472 3095 1520 nostram
3148 1463 3294 1520 venit
3346 1461 3674 1518 audientiam
3707 1500 3725 1528 ,

2130 1562 2356 1634 qualiter
2379 1563 2520 1632 justo
2548 1561 2866 1633 corrigatur,
2913 1562 3028 1616 Deo
3081 1561 3346 1633 aspirante
3403 1558 3728 1632 procurabi-

2129 1669 2268 1706 mus.
2301 1651 2356 1705 Si
2386 1667 2514 1707 vero
2536 1651 2824 1723 episcopus
2881 1667 2962 1718 ea,
3023 1666 3144 1720 quae
3199 1649 3299 1704 sibi
3356 1647 3726 1712 intenduntur,

2129 1740 2391 1795 veraciter
2408 1755 2688 1794 removere
2718 1755 2825 1793 non
2874 1739 3088 1810 poterit,
3127 1738 3272 1794 nullo
3320 1737 3479 1792 modo
3535 1736 3728 1790 feren-

2129 1829 2257 1882 dum
2287 1836 2366 1882 est
2393 1828 2550 1883 nobis
2579 1828 2665 1883 vel
2711 1827 2885 1894 vobis,
2933 1835 2992 1883 ut
3048 1827 3225 1882 locum
3283 1826 3508 1900 pastoris
3562 1825 3730 1897 lupus

429 1918 674 2009 sequ—cmi
729 1959 815 1998 res
871 1959 1058 2001 omnes
1129 1954 1238 2002 tam
1264 1918 1282 1931 ⁵
1305 1965 1336 2004 a
1393 1951 1697 2008 Bmchardo
1754 1918 1917 2023 dua,“
1965 1918 2020 2010 Via
2048 1918 2102 1978 Β
2131 1927 2388 1982 obtineat.
2424 1949 2446 1976 η
2483 1929 2692 1982 Interea
2720 1926 2852 1981 Pibo
2892 1925 3352 1980 sehismaticorum
3386 1931 3560 1995 partes
3599 1939 3729 1977 sus-

433 2037 694 2095 Gauzlino
721 2047 776 2095 et
819 2042 1066 2098 Brunone
1095 2043 1293 2102 Sancto
1337 2049 1481 2119 Apro
1513 2051 1732 2106 traditas
1765 2051 2022 2109 laudavit.

436 2127 554 2183 Una
579 2143 703 2183 cum
733 2131 1061 2188 Herimanno
1106 2135 1361 2208 episcopo
1391 2139 1634 2208 Metcnsi,
1675 2141 1828 2212 cujus
1865 2141 2024 2198 inau-

433 2225 701 2297 gurationi
731 2228 934 2284 adstitit
959 2247 1102 2288 anno
1125 2234 1282 2302 1073,
1316 2237 1460 2292 testis
1488 2245 1542 2293 et
1595 2239 1795 2295 arbiter
1839 2241 1939 2295 fuit
1967 2258 2028 2296 ιιι

437 2314 558 2368 Kal.
591 2315 718 2370 Maii
770 2318 991 2388 hujusce
1045 2323 1170 2376 anni
1230 2321 1384 2380 facta
1432 2328 1836 2398 compositionis
1891 2329 2030 2384 inter

435 2402 726 2458 Walonem
760 2407 1010 2462 abbatem
1063 2410 1120 2465 S.
1171 2412 1370 2466 Arnulﬁ
1427 2416 1679 2472 Metensis
1737 2425 1791 2472 et
1845 2419 2026 2473 Buxe-

435 2499 668 2556 riensem
723 2503 1072 2575 abbatissam,
1130 2509 1212 2564 cui
1295 2511 1499 2568 licitum
1569 2513 1668 2568 fuit
1721 2524 2028 2571 construere

437 2598 657 2660 pontem
686 2609 848 2663 super
874 2593 1096 2650 ﬂuvium
1126 2599 1332 2668 Murth,
1365 2618 1429 2656 ea
1485 2602 1793 2659 conditione
1835 2613 1891 2658 ut
1937 2623 2031 2661 an-

437 2679 640 2734 nuatim
671 2680 786 2750 ipsa
841 2683 1023 2739 abbati
1079 2704 1299 2743 censum
1345 2689 1629 2746 duodecim
1685 2693 2028 2750 denariorum

440 2777 788 2847 persolveret.
821 2781 980 2837 Dedit
1007 2783 1225 2853 quidem
1273 2787 1405 2843 Pibo
1459 2789 1662 2845 litteras
1716 2791 1768 2845 in
1799 2793 2030 2864 gratiam

440 2865 680 2921 ecclesiae
705 2867 884 2924 Sancti
915 2871 1162 2928 Deodati.
1221 2875 1544 2948 Designatus
1588 2887 1669 2934 est
1720 2897 1862 2935 anno
1894 2883 2030 2937 107-1

441 2979 563 3016 cum
596 2964 784 3021 Udone
833 2967 1132 3024 Trevirensi
1171 2973 1576 3047 archiepiscopo
1633 2985 1686 3033 et
1722 2979 2031 3033 Hermanno

439 3059 664 3114 Metcnsi
693 3063 920 3132 praesule
950 3081 980 3119 a
1011 3066 1278 3138 Gregorio
1309 3071 1403 3125 VII
1451 3071 1724 3141 pontiﬁce,
1757 3083 1815 3130 ut
1869 3077 2037 3132 Thco'

441 3146 681 3203 doricum
741 3151 1150 3224 Virdunensem,
1211 3158 1300 3226 qui
1366 3163 1659 3217 monachos
1699 3163 1880 3218 Sancti
1925 3165 2034 3220 Mi-

443 3237 642 3292 chaelis
670 3241 1012 3297 anathemate
1047 3255 1398 3315 percusserat,
1430 3265 1497 3303 ex
1527 3266 1590 3304 eo
1621 3253 1766 3321 quod
1793 3253 2033 3323 generali
2063 3273 2112 3338 ρ

441 3336 628 3391 adesse
679 3338 1062 3396 detrectassent
1115 3346 1513 3417 supplicationi,
1569 3351 1638 3405 ad
1721 3353 2034 3409 solvendam

437 3437 1046 3494 excommunicationem
1095 3440 1355 3499 incitaret.
1424 3446 1770 3519 Privilegium
1841 3467 2036 3506 mona-

442 3535 604 3589 sterio
663 3536 720 3590 S.
761 3537 1038 3592 Michaelis
1065 3537 1133 3592 ad
1188 3542 1393 3597 Mosam
1451 3543 1671 3602 indulsit
1724 3563 1813 3602 an.
1881 3553 2034 3618 1070,

445 3639 550 3691 quo
579 3623 902 3694 gravissima
929 3628 977 3680 ei
1007 3627 1212 3684 intenta
1263 3639 1344 3685 est
1387 3634 1563 3690 actio:
1623 3637 1848 3692 clericus
1893 3639 2037 3693 enim

446 3711 684 3780 quidam,
719 3715 982 3771 Tullensis
1008 3719 1248 3774 ecclesias
1276 3729 1472 3789 custos,
1507 3727 1780 3792 qtierelam
1810 3727 1878 3780 ad
1936 3745 2038 3798 pa-

446 3814 570 3868 pam
599 3799 803 3866 detulit,
844 3805 987 3873 quod
1025 3808 1310 3878 episcopus
1337 3826 1444 3864 non
1501 3813 1551 3866 ei
1608 3821 1812 3869 tantum
1861 3817 2039 3871 eccle-

441 3885 576 3942 siam
605 3888 675 3944 ab
731 3889 906 3948 officio
947 3895 1182 3950 custodis
1235 3897 1626 3967 dependentem
1683 3902 2037 3975 denegasset,

447 3985 541 4038 sed
577 3993 630 4040 et
673 3987 851 4058 ipsum
903 4007 935 4045 a
978 3991 1345 4050 functionibus
1404 3997 1786 4068 suspendisset.
1846 4000 2044 4056 Praeter

447 4083 562 4138 haec
591 4085 772 4140 aiebat
798 4104 855 4142 se
885 4089 1140 4162 episcopo
1198 4095 1539 4164 respondisse
1593 4098 1794 4152 nullam
1843 4098 1891 4153 ei
1938 4099 2040 4153 de-

443 4169 560 4226 beri
585 4172 967 4246 obedientiam,
1001 4195 1066 4233 ex
1096 4196 1160 4235 eo
1199 4182 1344 4252 quod
1397 4185 1653 4242 Simonia:
1707 4203 1830 4241 reus
1855 4195 1994 4243 esset
2024 4207 2036 4244 :

445 4269 597 4324 illum
644 4272 907 4342 siquidem
963 4285 1140 4332 custos
1179 4279 1522 4338 insimulabat
1559 4285 2036 4353 archidiaconatus,

449 4360 794 4415 ecclesiarum
813 4367 1261 4436 consecrationes,
1314 4369 1562 4442 ipsasque
1593 4375 1846 4428 ecclesias
1903 4391 2042 4428 ven-

447 4447 685 4517 didisse;
745 4452 959 4522 publice
1015 4472 1138 4510 cum
1189 4460 1508 4529 concubina,
1575 4479 1735 4531 quam
1782 4464 2042 4519 laicorum

447 4563 598 4603 more
627 4549 728 4604 sibi
767 4552 1110 4622 copulaverat
1149 4567 1504 4624 sacramento,
1536 4569 1589 4616 et
1618 4578 1682 4616 ex
1740 4578 1845 4630 qua
1874 4561 2040 4616 ﬁlium

445 4646 740 4707 suseperat,
797 4640 996 4713 degere
1048 4658 1062 4712 ;
1121 4646 1249 4714 quin
1305 4655 1357 4700 et
1429 4649 1778 4718 episcopatun

447 4741 808 4798 comparasse.
840 4729 919 4784 Ad
955 4733 1072 4788 haec
1125 4733 1358 4790 addebat
1411 4736 1635 4792 clericus
1688 4755 1746 4793 se
1802 4739 2042 4809 aliosque

445 4817 732 4872 canonicos
761 4819 1026 4876 audivisse
1081 4822 1342 4878 Pibonem
1369 4825 1596 4880 crimina
1625 4829 1742 4882 haec
1787 4827 2042 4884 fatentem

449 4929 513 4968 ac
531 4914 798 4970 dicentem
827 4918 967 4973 velle
1013 4921 1385 4990 pmnitentiam
1442 4938 1624 4994 agere.
1683 4927 1770 4978 Ira
1809 4923 2045 4979 fervidus

448 4998 600 5066 Pibo,
633 5003 872 5071 graviter
925 5003 1120 5060 clerico
1176 5007 1478 5061 succensuit
1521 5015 1575 5062 et
1619 5008 1750 5063 urbe
1781 5008 2041 5064 discessit.

448 5094 567 5166 Quo
597 5098 838 5168 absente,
869 5101 1068 5156 milites
1121 5102 1178 5157 in
1229 5103 1518 5160 claustrum
1574 5105 1922 5174 introcuntes,
1947 5106 2048 5161 mi-

447 5201 545 5241 nas
584 5188 859 5244 intendere
897 5191 1111 5258 clerico,
1151 5194 1239 5263 qui
1288 5195 1410 5249 vita;
1467 5211 1578 5250 suae
1607 5202 1661 5251 et
1717 5196 1906 5251 honori
1955 5212 2046 5252 ve-

447 5275 596 5344 ritus,
619 5277 759 5333 clam
788 5279 920 5334 urbe
949 5298 1196 5354 egressus
1233 5291 1330 5339 est.
1361 5285 1612 5353 Antistes,
1671 5293 1890 5356 accepta
1945 5302 2044 5341 cu-

448 5365 616 5420 stodis
635 5366 784 5440 fuga,
815 5381 1005 5425 omnes
1031 5371 1150 5441 ejus
1197 5371 1475 5429 facultates
1520 5374 1766 5430 exhausit
1809 5390 1873 5430 ac
1920 5374 2048 5429 diri-

453 5460 586 5528 puit,
617 5477 850 5533 eumque
878 5466 946 5520 ad
975 5475 1270 5524 extremam
1301 5469 1485 5542 adegit
1539 5477 1854 5543 egestatem.
1909 5470 2048 5526 Huic

453 5545 631 5618 itaque
685 5552 861 5608 visum
907 5563 985 5610 est
1047 5574 1318 5613 summum
1387 5557 1696 5631 pontificem
1752 5560 2045 5632 appellare,

457 5649 547 5718 qui
577 5667 641 5706 ea
669 5652 735 5706 de
761 5670 818 5707 re
856 5655 924 5708 ad
955 5657 1198 5714 Udonem
1229 5662 1603 5716 Trevirensem
1660 5660 1883 5732 ejusque
1929 5661 2047 5716 suf-
2090 5661 2103 5666 ’

457 5735 746 5810 fragancos
771 5745 1163 5802 Theodericum
1217 5749 1605 5804 Virdunensem
1663 5759 1714 5804 et
1753 5750 2052 5806 Heriman—

456 5837 584 5880 num
634 5829 930 5883 Metensem
966 5831 1100 5888 duas
1161 5833 1362 5891 direxit
1437 5836 1690 5907 epistolas
1737 5839 2050 5909 episCOpum

459 5925 588 5984 ergo
634 5919 1037 5986 commonendi,
1103 5929 1161 5975 ut
1211 5921 1451 5977 debitam
1506 5924 1700 5979 clerico
1773 5925 2052 5982 exhiberet

1873 4651 2043 4722 pretio
2071 4635 2124 4696 D

2129 2017 2289 2088 cepit,
2321 2032 2386 2070 ac
2417 2015 2574 2086 paulo
2609 2023 2730 2086 post
2749 2015 2979 2070 comitiis
3035 2015 3104 2070 ab
3161 2013 3388 2068 Henrico
3419 2013 3487 2068 IV
3541 2012 3729 2082 impe-

2130 2113 2307 2160 ratore
2342 2103 2627 2160 Vormatize
2657 2103 2852 2158 habitis
2882 2119 3138 2175 praesens,
3189 2119 3310 2157 cum
3365 2101 3546 2156 multis
3604 2100 3731 2154 aliis

2133 2203 2450 2276 praesulibus
2501 2202 2602 2257 sub
2648 2203 2906 2258 falsorum
2964 2201 3248 2258 criminum
3315 2201 3492 2273 specie
3544 2198 3736 2255 Hildcb

2133 2293 2398 2348 brandum
2469 2308 2742 2348 summum
2809 2289 3086 2365 pontiﬁem
3142 2307 3252 2345 non
3310 2307 3422 2345 esse
3481 2287 3736 2360 judicare

2135 2398 2294 2437 ausus
2321 2388 2418 2436 est.
2451 2381 2634 2436 Plures
2663 2398 2730 2436 ex
2751 2380 3022 2452 episcOpis
3049 2380 3138 2451 qui
3169 2379 3453 2434 adfuerunt
3493 2393 3735 2433 conven-

2135 2479 2230 2544 tui,
2265 2494 2398 2550 quos
2429 2479 2568 2534 inter
2587 2479 2704 2536 Udo
2733 2479 3084 2547 Trevirensis,
3143 2476 3506 2532 Theodericus
3537 2475 3734 2530 Virdu-

2137 2569 2316 2624 nensis
2334 2575 2385 2622 et
2405 2567 2766 2622 Herimannus
2810 2568 3064 2624 Metensis
3092 2567 3147 2620 in
3203 2566 3338 2622 adeo
3367 2580 3588 2637 gravem
3619 2563 3734 2618 cul-

2136 2670 2262 2726 pam
2292 2651 2550 2707 cecidisse
2578 2652 2975 2723 ingemuerunt.
2999 2649 3158 2721 Quod
3177 2651 3268 2706 ubi
3295 2649 3553 2722 Gregorio
3573 2663 3734 2719 papae

2137 2757 2322 2805 notum
2353 2748 2470 2816 fuit,
2504 2747 2694 2803 litteris
2724 2765 2818 2804 eos
2845 2747 3150 2817 admonuit,
3181 2755 3240 2804 ut
3268 2747 3412 2818 quod
3465 2745 3734 2801 schisma-

2140 2840 2366 2895 ticorum
2396 2837 2716 2910 pervasione
2745 2838 3102 2908 deliquerant,
3135 2835 3460 2907 competenti
3481 2833 3738 2889 emenda-

2141 2923 2283 2984 tione
2301 2931 2649 3003 corrigerent,
2695 2951 2717 2978 «
2763 2927 3000 2994 utsicut,
3061 2926 3231 2996 inquit
3260 2924 3518 2996 pontifex,
3561 2931 3738 2979 mater

2142 3033 2317 3082 vestra
2347 3027 2414 3081 de
2459 3043 2680 3082 excessu
2724 3033 2904 3080 vestro
2953 3022 3246 3090 condoluit,
3294 3023 3366 3076 ita
3401 3021 3466 3076 de
3515 3020 3736 3076 satisfa-

2141 3115 2316 3171 ctione
2347 3115 2570 3172 laztctur.
2600 3137 2621 3164 ι»
2661 3113 2819 3170 Dedit
2843 3121 2895 3167 et
2923 3112 3127 3168 eisdem
3159 3111 3473 3184 przesulibns
3499 3109 3734 3164 manda-

2143 3218 2256 3266 tum
2297 3213 2557 3267 Pibonem
2601 3209 2948 3277 admonendi,
3005 3217 3064 3264 ut
3109 3226 3174 3264 ea
3209 3223 3327 3279 quas
3375 3206 3449 3262 illi
3495 3205 3738 3275 injuncta

2142 3309 2281 3368 sunt,
2313 3301 2568 3371 deinceps
2598 3301 2774 3355 facere
2802 3315 2912 3356 non
2933 3299 3142 3353 omittat
3167 3317 3178 3352 :
3205 3320 3227 3345 «ι
3275 3297 3538 3352 Decuerat
3563 3293 3732 3362 enim,

2145 3390 2292 3446 addit
2319 3390 2406 3445 hic
2433 3389 2696 3462 pontifex,
2730 3396 2786 3444 ut
2815 3388 2882 3443 de
2903 3387 3131 3458 objectis
3182 3386 3285 3441 sibi
3327 3384 3598 3440 debuisset
3643 3399 3738 3436 re-

2143 3485 2410 3558 spondere
2443 3485 2640 3559 magis,
2672 3501 2834 3556 quam
2857 3491 3044 3540 contra
3061 3483 3426 3538 auctoritatem
3481 3479 3739 3552 principis

2145 3573 2512 3646 apostolorum
2561 3572 2630 3627 ad
2677 3571 3046 3626 defensionem
3121 3570 3457 3640 iniquitatem
3520 3582 3740 3621 suarum

2145 3687 2298 3727 arma
2325 3670 2614 3741 corripere,
2641 3677 2802 3739 atque
2859 3684 3044 3740 regem
3095 3666 3399 3732 sollicitare,
3445 3665 3499 3719 id
3552 3671 3740 3720 contra

2147 3776 2246 3815 nos
2266 3775 2610 3830 praesumere,
2663 3757 2807 3828 quod
2857 3772 3132 3826 nunquam
3189 3755 3354 3820 licuit,
3412 3769 3585 3823 neque
3623 3753 3738 3808 Deo

2148 3855 2414 3905 annuente
2445 3847 2629 3902 licebit
2671 3847 2726 3900 in
2773 3846 3008 3916 aliquem
3067 3845 3321 3900 clericum
3375 3841 3508 3897 ﬁeri.
3554 3840 3656 3910 Qui
3693 3842 3738 3895 si

2147 3947 2314 4004 verba
2341 3944 2729 3999 exhortationis
2758 3951 2952 3998 nostrae
2997 3941 3397 4012 contempserit,
3430 3940 3738 3995 auctoritate

2147 4036 2291 4091 beati
2323 4034 2463 4090 Petri
2494 4050 2620 4088 cum
2649 4049 2682 4088 a
2726 4032 3107 4087 communione
3154 4030 3394 4102 corporis
3420 4037 3470 4086 et
3515 4028 3736 4100 sangui-

2150 4125 2232 4179 nis
2269 4121 2488 4179 Domini
2519 4121 2687 4176 nostri
2733 4122 2858 4175 Jesu
2887 4120 3081 4176 Christi
3128 4127 3430 4190 separatum
3480 4135 3592 4172 esse
3638 4117 3738 4170 sibi

2151 4211 2450 4268 notificetis.
2479 4234 2500 4260 «
2536 4211 2701 4266 Porro
2730 4209 2963 4264 schisma
3019 4209 3248 4278 ejuravit
3275 4207 3404 4263 Pibo
3457 4207 3596 4262 circa
3630 4221 3738 4260 an—

2149 4329 2278 4368 num
2312 4315 2468 4378 1078,
2501 4318 2551 4366 et
2579 4311 2630 4364 in
2653 4311 2881 4382 gratiam
2899 4325 3020 4364 cum
3040 4325 3180 4380 papa
3207 4307 3382 4362 rediit.
3436 4304 3735 4375 Insequenti

2151 4401 2316 4457 astitit
2367 4417 2489 4455 cum
2547 4398 3090 4470 comprovincialibus
3169 4395 3434 4467 episcopis
3498 4394 3732 4448 clectioni

2153 4489 2410 4559 Egilberti
2452 4487 2804 4554 'I‘revircnsis,
2857 4485 2940 4540 cui
3006 4484 3149 4540 haud
3196 4483 3452 4538 canonica
3503 4483 3606 4550 via,
3644 4482 3734 4536 sed

2150 4578 2303 4652 regia
2330 4576 2646 4632 auctoritate
2685 4576 2856 4630 electo
2900 4590 3092 4628 manus
3136 4573 3412 4644 imponere
3461 4571 3730 4627 recusavit.

2151 4677 2230 4732 Ad
2277 4675 2332 4729 id
2386 4683 2596 4743 tempus
2649 4672 2903 4745 imposita
2953 4671 3056 4726 sibi
3102 4687 3134 4726 a
3175 4671 3368 4726 clerico
3427 4669 3732 4724 Virdunensi

2149 4763 2375 4820 crimina
2403 4763 2607 4818 diluere
2638 4762 2929 4826 constituit,
2963 4759 3082 4830 Qua
3130 4759 3196 4814 de
3225 4775 3282 4814 re
3311 4765 3483 4814 exstat
3523 4758 3733 4830 epistola

2150 4861 2401 4932 Gregorii
2427 4862 2524 4915 VII
2562 4861 2631 4916 ad
2661 4860 3054 4914 Herimannum
3098 4859 3412 4923 Metensem,
3457 4855 3511 4910 in
3540 4872 3639 4925 qua
3667 4856 3734 4910 ait

2151 4951 2394 5022 pontifex
2422 4949 2566 5019 quod
2595 4965 2718 5004 cum
2749 4948 2880 5004 Pibo
2904 4953 3124 5018 propter
3151 4945 3365 5016 imperii
3421 4945 3598 5000 turbas
3643 4960 3734 4998 sex

2151 5039 2453 5110 episcopos,
2485 5038 2576 5108 qui
2606 5037 2970 5092 innocentiam
3025 5034 3144 5105 ejus
3170 5034 3588 5101 testificarentur,
3639 5049 3732 5087 co-

2151 5153 2280 5208 gere
2307 5151 2417 5191 non
2447 5134 2725 5206 potuisset,
2767 5134 2818 5189 ei
2862 5132 3046 5187 munia
3068 5131 3395 5203 episcopalia
3435 5129 3582 5185 obire
3616 5145 3732 5200 per-

2151 5226 2344 5290 mittat,
2380 5225 2528 5295 prius
2557 5231 2739 5279 tamen
2777 5221 3006 5292 probata
3041 5237 3222 5276 coram
3273 5227 3498 5290 quatuor
3531 5219 3731 5289 episco-

2153 5323 2238 5396 pis
2264 5321 2591 5377 innocentia.
2625 5321 2682 5377 Si
2713 5337 2858 5386 eum,
2891 5320 3071 5392 pergit
3102 5319 3216 5385 ille,
3249 5315 3624 5388 inculpabilem
3649 5315 3729 5369 in-

2153 5412 2460 5467 dubitanter
2525 5426 2640 5465 esse
2721 5409 3062 5482 cognoveris,
3149 5407 3444 5464 fraternam
3531 5419 3730 5460 manum

2155 5501 2340 5558 auxilii
2361 5499 2602 5572 praebere
2631 5515 2743 5556 non
2770 5496 3004 5554 differas.

2226 5653 2630 5718 Verumtamen,
2667 5667 2772 5721 qua
2827 5649 3006 5705 nescio
3065 5645 3435 5716 inconstantia,
3492 5645 3559 5702 ad
3603 5645 3732 5701 schi-

2155 5741 2500 5796 smaticorum
2531 5747 2712 5809 partes
2759 5739 2892 5794 Pibo
2931 5755 3196 5808 reversus,
3245 5737 3313 5792 ad
3355 5745 3596 5792 coactum
3639 5737 3732 5788 im-

2157 5837 2420 5908 peratoris
2472 5837 2628 5906 jussu
2686 5836 3098 5906 'Ultrajectinum
3170 5834 3603 5900 conciliabulum,
3655 5832 3734 5887 ubi

2159 5925 2484 5997 Gregorium
2515 5927 2610 5981 VII
2642 5932 2898 5981 statutum
2947 5925 3048 5980 fuit
3093 5927 3432 5980 anathemate
3483 5923 3732 5992 plectere,
