3882 6466
161 433 261 492 117

1445 431 1732 492 ΝΟΤῙΤῙΑ
1764 433 2154 494 HISTORICA.

3348 437 3451 499 118

164 555 386 614 accessit
428 572 571 615 anno
603 559 758 627 1080,
816 565 870 616 et
897 555 1124 628 quidem
1151 558 1266 628 ipse
1313 555 1382 614 ab
1427 556 1750 630 imperatore
1777 558 1834 621 A
1859 557 2079 630 ejusque
2107 557 2589 632 comprovinciales
2616 557 2874 632 episcopi,
2925 559 3448 635 signiﬁcaruntanno

165 649 220 703 id
247 653 572 722 exsequendi
604 669 784 708 curam
815 653 1038 723 accepit.
1074 652 1170 708 Ille
1216 665 1344 706 vero
1401 649 1590 704 timore
1636 663 1760 716 per-

171 741 393 808 territus,
443 750 596 797 nocte
627 759 748 797 cum
797 741 1130 798 Theoderico
1161 738 1477 795 Virdunensi
1533 737 1671 792 clam
1699 752 1757 790 se

169 829 447 900 proripuit,
481 848 546 884 ne
605 839 710 885 tam
742 831 983 886 scelerati
1012 827 1264 886 facinoris
1287 835 1425 882 esset
1467 826 1755 896 particeps.

169 919 291 972 Post
321 919 425 974 hoc
451 921 902 989 conventiculum,
963 921 1190 975 Romam
1211 916 1519 987 pontiﬁcem
1563 914 1758 969 adiisse

169 1006 379 1076 dicitur,
413 1025 444 1062 a
472 1025 578 1078 quo
607 1010 709 1064 sibi
756 1025 864 1064 non
892 1007 1284 1064 absolutionem
1342 1005 1525 1072 modo,
1557 1001 1652 1056 sed
1707 1007 1760 1056 et

168 1103 488 1164 potestatem
517 1098 884 1153 schismaticos
925 1095 1238 1152 absolvendi
1266 1094 1540 1164 praesules,
1572 1090 1661 1160 qui
1691 1087 1760 1144 ad

170 1185 411 1240 ecclesiae
437 1195 828 1240 reverterentur
873 1185 1162 1258 gremium,
1193 1190 1462 1238 assecutus
1517 1187 1613 1234 est.
1645 1181 1764 1233 Im-

170 1273 430 1344 peratoris
459 1275 512 1328 in
559 1273 819 1330 offensam
877 1275 1157 1344 prolapsus
1210 1286 1350 1327 anno
1400 1271 1558 1336 1081,
1601 1284 1668 1322 ex
1697 1281 1762 1322 eo

171 1361 314 1430 quod
346 1364 681 1436 Moguntiam
703 1380 814 1420 non
841 1363 1179 1418 convenisset
1207 1361 1276 1416 ad
1303 1356 1762 1416 consecrationem

168 1449 436 1522 Egilberti
487 1452 832 1520 Trevirensis,
907 1450 977 1506 ad
1037 1458 1248 1520 tempus
1315 1447 1410 1502 irae
1465 1443 1762 1501 cedendum

172 1537 343 1594 duxit.
367 1540 661 1595 Consilium
707 1541 886 1610 itaque
913 1539 1057 1608 cepit
1103 1537 1491 1608 Jerosolymam
1535 1532 1762 1605 religio-

173 1637 255 1690 nis
283 1653 446 1692 causa
474 1637 726 1693 adeundi.
778 1638 1090 1707 Priusquam
1137 1650 1267 1692 vero
1321 1631 1762 1705 proﬁcisceretur,

173 1725 378 1796 Sephia
406 1727 679 1782 comitissa
707 1735 938 1798 coeptam
969 1742 1003 1781 a
1030 1723 1362 1780 Theoderico
1417 1721 1549 1776 duce
1579 1719 1768 1774 Letha-

169 1823 364 1895 ringiae
392 1841 494 1880 avo
543 1841 660 1893 suo,
711 1832 764 1879 et
809 1842 842 1880 a
898 1841 955 1879 se
1001 1822 1302 1879 absolutam
1347 1819 1611 1888 capellam
1664 1816 1766 1871 sub

1867 652 2002 704 1093
2033 667 2089 703 se
2145 649 2374 720 amplius
2429 649 2478 704 ei
2509 665 2614 704 non
2673 649 3152 721 obtemperaturos.
3193 653 3273 708 Ad
3329 671 3448 710 eam

1863 746 2073 794 aetatem
2101 737 2437 795 reterenduni
2520 738 2729 793 videtur
2781 755 3094 808 responsum
3147 741 3345 798 Urbani
3402 745 3452 799 ΙΙ

1866 845 2022 898 papa
2051 829 2118 884 ad
2167 827 2424 899 plurimas
2452 826 2708 882 aPibone
2745 829 3048 897 propositas
3095 831 3442 900 quaestiones.

1869 917 2026 971 Dedit
2080 919 2280 973 litteras
2325 933 2466 972 anno
2515 917 2650 970 1004
2709 916 2778 971 de
2831 917 3141 974 fundatione
3188 921 3454 989 prioratus

1868 1004 1925 1060 S.
1965 1006 2253 1060 Tlieobalei
2302 1005 2368 1058 de
2422 1005 2762 1058 Amerevilla.
2813 1005 3098 1061 Richerum
3157 1008 3455 1066 Virdunen—

1866 1119 1979 1155 sem
2002 1119 2172 1171 nuper
2192 1102 2259 1156 ab
2289 1103 2516 1172 Ilugone
2546 1099 2888 1171 Lugdunensi
2917 1103 3220 1158 ordinatum
3251 1105 3306 1160 in
3333 1107 3444 1178 epi-

1866 1192 2138 1260 scopalem
2185 1190 2455 1246 civitatem
2538 1189 3170 1247 redeuntemhoneritice
3251 1197 3457 1266 acri-pit

1869 1294 2009 1332 anno
2043 1282 2197 1334 1093.
2232 1279 2645 1334 Claromontano
2673 1277 2922 1346 concilio,
2955 1279 3008 1332 in
3039 1296 3144 1350 quo
3175 1281 3455 1340 Saracenis

1871 1366 1939 1421 ad
1963 1374 2114 1421 terra:
2144 1375 2342 1422 sanctae
2379 1366 2842 1434 recuperationem
2892 1365 3150 1424 indictum
3198 1379 3277 1425 est
3331 1373 3454 1428 bel-

1871 1463 2002 1530 lum,
2034 1461 2391 1518 interluithoc
2436 1461 2552 1533 ipse
2581 1477 2725 1517 anno
2757 1477 2772 1531 ;
2805 1462 2933 1532 quin
2980 1472 3032 1518 et
3076 1465 3190 1534 ipse
3244 1484 3458 1525 crucem

1871 1551 2199 1622 sumpsisset,
2235 1551 2332 1604 nisi
2357 1557 2512 1606 invite
2565 1547 3063 1614 inﬁrmitatibusque
3093 1553 3280 1611 fuisset
3321 1574 3458 1626 pra:-

1873 1639 2100 1710 peditus.
2160 1638 2685 1709 Quamplurimarum
2737 1639 3080 1694 ecclesiarum
3131 1643 3188 1697 in
3241 1645 3458 1702 dimcesi

1871 1760 1968 1797 sua
1996 1743 2123 1798 fecit
2165 1743 2591 1798 consecrationes
2645 1741 3003 1813 pluriumque,
3051 1745 3387 1805 abbatiarum
3406 1757 3460 1806 et

1873 1831 2206 1900 prioratunm
2255 1829 2595 1886 fundationes
2647 1831 2912 1902 probavit.
2971 1833 3216 1906 Largitus
3235 1845 3314 1892 est
3366 1856 3455 1894 an.

171 1913 456 1968 Asmantia
482 1913 782 1968 consecrari
801 1911 1150 1968 desideravit.
1173 1909 1472 1964 Intercessit
1496 1906 1768 1961 Hodierna
1794 1909 1847 1969 B
1882 1923 2014 1975 1090
2045 1921 2210 1975 auare
2237 1919 2397 1974 situm
2427 1919 2480 1973 in
2524 1921 2892 1976 Commarceie
2911 1920 3084 1978 beatae
3112 1925 3294 1982 alariae
3337 1929 3460 1984 Mo-

173 2001 231 2056 S.
267 2000 629 2057 Glodesendis
649 2003 704 2058 in
732 2001 864 2056 urbe
893 2000 1115 2055 Matensi
1145 1997 1436 2064 abbatissa,
1487 1998 1588 2050 hac
1616 1993 1770 2048 indu-

170 2090 481 2145 ctaratione
537 2089 683 2160 quod
739 2091 853 2146 hinc
909 2089 1115 2158 capella
1160 2087 1215 2142 in
1253 2085 1515 2142 territorio
1571 2083 1770 2138 Domni

170 2187 390 2242 Martini
442 2187 510 2243 de
535 2189 658 2258 jure
713 2188 933 2257 capituli
988 2187 1068 2242 sui
1125 2191 1427 2241 constructa
1461 2189 1643 2238 esset:
1675 2179 1770 2235 sed

169 2276 391 2330 tandem
423 2293 490 2332 eo
518 2285 676 2346 pacto
724 2277 964 2342 assensit,
988 2285 1044 2331 ut
1070 2283 1273 2331 certum
1328 2288 1544 2328 censum
1595 2269 1769 2325 comi-

171 2365 300 2420 tissa
329 2365 388 2420 S.
423 2366 752 2420 Glodesendi
779 2366 1126 2436 persolveret.
1159 2365 1292 2418 Tum
1324 2361 1585 2430 capellam
1609 2362 1767 2427 hanc,

168 2463 223 2516 in
254 2465 517 2518 honorem
569 2464 625 2520 S.
676 2465 858 2520 Maria:
887 2480 920 2519 a
947 2464 1149 2518 Pibone
1195 2461 1515 2524 dedicatam,
1569 2457 1772 2526 Sophia

169 2559 356 2608 saneto
382 2553 624 2606 Michaeli
647 2553 716 2607 ad
746 2553 948 2607 Mosam
979 2551 1036 2606 in
1072 2567 1236 2606 manu
1267 2547 1510 2620 Sigil‘ridi
1561 2545 1772 2602 abbatis

171 2641 410 2694 tradidit.
443 2641 765 2696 Libertatem
795 2641 1144 2711 ejuscapellm
1165 2639 1426 2694 concessit
1471 2635 1604 2690 Pibo
1657 2633 1772 2705 epi-

171 2754 391 2807 scopus,
423 2739 513 2808 qui
536 2739 732 2794 aithoc
760 2747 976 2810 pactum
995 2736 1264 2792 ﬁrmatum
1296 2734 1455 2789 tuisse
1483 2733 1576 2788 illo
1606 2747 1768 2801 anno,

171 2843 280 2898 quo
309 2829 606 2882 Jerusalem
653 2828 768 2896 ipse
796 2827 962 2882 iturus
989 2834 1122 2892 erat,
1155 2825 1356 2880 scilicet
1383 2838 1524 2878 anno
1553 2821 1622 2878 ab
1675 2821 1770 2875 In-

171 2916 483 2970 carnatiene
516 2917 728 2970 Domini
771 2919 926 2982 1083,
958 2915 1245 2969 indictione
1274 2928 1388 2968 vin.
1448 2910 1771 2982 Peregrina-

179 3011 386 3066 tionem
432 3003 932 3082 Jcroselymitanam
965 3027 1250 3082 aggressus
1277 3016 1356 3062 est
1381 3025 1503 3062 cum
1525 3005 1772 3062 Conrado

171 3099 624 3172 Luciliburgcnsi,
659 3107 711 3154 et
741 3100 796 3154 in
859 3099 1044 3154 itinere
1074 3107 1200 3154 voto
1255 3114 1310 3150 se
1331 3095 1612 3168 obligavit,
1643 3095 1688 3149 si
1717 3093 1772 3148 in

172 3190 409 3260 patriam
483 3189 661 3244 salvus
707 3195 759 3242 et
812 3187 1097 3243 incolumis
1141 3186 1355 3252 rediret,
1419 3183 1768 3239 monasticam

1878 2009 2112 2064 lismensi
2170 2024 2290 2063 cum
2321 2007 2623 2063 conditione
2679 2025 2774 2063 sex
2831 2009 3079 2066 denarios
3105 2029 3293 2070 census
3343 2018 3459 2072 sol-

1877 2106 2057 2160 vendi.
2101 2106 2266 2162 Ursus
2319 2105 2537 2175 quidam
2566 2113 2683 2160 ortu
2739 2106 3162 2176 Beneventanus,
3183 2119 3305 2180 post
3357 2131 3461 2170 va-

1876 2190 1982 2244 rias
2010 2189 2441 2260 pereginatienes
2481 2189 2534 2243 in
2593 2189 2993 2261 Lotharingiam
3039 2209 3272 2263 accessu,
3325 2198 3460 2253 sub-

1877 2279 2110 2348 stititque
2156 2293 2324 2350 prope
2378 2279 2593 2333 Novum
2639 2278 2854 2332 Castum
2911 2279 2964 2333 in
3011 2289 3194 2338 monte
3238 2284 3459 2358 Sionna,

1877 2375 1968 2430 ubi
1999 2375 2287 2430 oratorium
2330 2374 2624 2428 construxit
2676 2374 2730 2428 in
2751 2375 3011 2430 honorem
3056 2379 3224 2434 sancti
3277 2382 3462 2440 Jacobi

1877 2463 2124 2533 apostoli,
2155 2464 2308 2534 cujus
2362 2463 2632 2532 reliquias,
2657 2479 2788 2532 quas
2831 2481 3014 2520 secum
3043 2468 3306 2536 attulerat,
3362 2471 3464 2526 ibi-

1877 2551 2002 2606 dem
2031 2553 2286 2623 reposuit.
2318 2551 2378 2606 Id
2416 2551 2706 2606 oratorium
2755 2569 2787 2607 a
2841 2552 3042 2608 Pibone
3094 2567 3462 2616 consecratum

1880 2640 1980 2694 fuit
2007 2655 2020 2709 ;
2044 2639 2170 2694 dein
2197 2640 2331 2695 cella
2377 2640 2612 2694 oratorio
2657 2641 2909 2710 adjuncta
2960 2650 3056 2707 est,
3111 2660 3272 2714 quam
3328 2648 3461 2706 Pibo

1877 2730 1946 2784 ad
1976 2730 2092 2785 Ursi
2123 2746 2309 2800 preces
2365 2729 2422 2786 S.
2453 2729 2714 2784 Mansueti
2753 2731 3079 2788 monasterio
3107 2735 3348 2803 contulit,
3404 2745 3466 2794 ut

1879 2827 1934 2881 in
1960 2843 2027 2882 ea
2055 2827 2442 2882 collocarentur
2469 2826 2739 2894 monachi,
2789 2827 2982 2896 quibus
3009 2829 3176 2886 altare
3203 2831 3259 2888 S.
3317 2832 3462 2889 Ger-

1880 2915 2024 2969 mani
2054 2915 2120 2969 de
2177 2915 2382 2998 Sionua
2418 2915 2698 2980 concessit,
2760 2915 3048 2987 litterisque
3100 2917 3238 2974 datis
3303 2924 3460 2991 1097,

1878 3019 1932 3058 iv
1963 3004 2080 3058 Kal.
2112 3003 2284 3058 Martii
2313 3004 2493 3058 statuit
2541 3012 2600 3058 ut
2635 3019 2824 3059 omnes
2851 3013 3088 3060 montem
3134 3007 3284 3064 illum
3312 3011 3466 3068 inha-

1877 3091 2113 3159 bitaturi,
2145 3093 2212 3146 ad
2241 3093 2430 3147 cellam
2465 3091 2612 3147 illam
2669 3093 3016 3148 convenirent
3071 3111 3166 3166 pro
3193 3097 3465 3169 bap.ismo

1879 3187 1931 3234 et
1958 3181 2248 3250 sepultura,
2296 3180 2610 3250 cie-terisque
2661 3181 2858 3237 anima:
2887 3189 2940 3236 et
2993 3185 3230 3254 corporis
3283 3188 3464 3243 subsi—

171 3277 344 3332 vitam
369 3295 429 3331 se
459 3277 844 3346 professarum.
880 3274 1035 3345 Quod
1082 3275 1259 3346 reipsa
1314 3273 1483 3327 redux
1540 3269 1780 3342 praestitit
1807 3265 1854 3328 Ο
1881 3277 2001 3332 diis.
2035 3278 2375 3333 Consecravit
2399 3293 2541 3332 anno
2572 3280 2702 3332 1101
2733 3293 2787 3332 v.
2817 3277 2898 3332 Id.
2931 3277 3122 3335 Octob.
3183 3283 3464 3342 ecclesiam

171 3365 227 3420 in
276 3366 592 3421 Divionensi
650 3365 828 3420 Sancti
863 3363 1083 3436 Benigni
1139 3361 1408 3429 cmnobio,
1461 3361 1543 3416 cui
1599 3360 1772 3430 primo

170 3464 254 3518 sui
290 3462 634 3534 pontiﬁcatus
663 3479 802 3518 anno
847 3461 1034 3518 altaria
1063 3461 1169 3516 duo
1190 3460 1258 3515 ab
1279 3459 1466 3515 Udone
1524 3472 1774 3512 concessa

169 3562 366 3618 litteris
393 3563 505 3617 suis
557 3559 983 3618 cenﬁrmaverat.
1033 3561 1194 3616 Facta
1237 3574 1366 3615 vero
1422 3557 1770 3630 professione,

171 3669 204 3708 ξι
233 3651 562 3707 dimcesanis
587 3651 697 3705 suis
723 3649 1071 3719 desideratus,
1114 3649 1268 3719 jussu
1297 3645 1562 3718 pontificis
1592 3645 1775 3700 Victo-

171 3749 246 3804 ris
277 3751 355 3805 ΙΙΙ
387 3749 646 3804 Ecclesiae
701 3763 812 3802 sua:
851 3763 1034 3802 curam
1091 3761 1362 3801 resumere
1391 3751 1604 3800 coactus
1675 3749 1772 3807 est,

170 3846 259 3901 cui
289 3862 441 3902 verae
487 3846 658 3900 crucis
712 3843 1036 3914 portionem,
1103 3859 1135 3897 a
1191 3837 1776 3910 Constantinopolitano

170 3925 323 3982 dono
364 3933 665 3994 acceptam,
733 3928 863 3979 auro
918 3921 1256 3995 gemmisque
1311 3927 1552 3974 ornatam
1609 3915 1774 3971 dedit.

171 4015 444 4070 Cellulam
475 4013 860 4068 monachorum
918 4010 1061 4080 apud
1116 4010 1338 4064 Barrum
1367 4023 1398 4062 a
1427 4005 1635 4077 Sophia
1688 4020 1778 4060 co-

172 4112 387 4167 mitissa
417 4107 689 4166 conditam
718 4117 769 4164 et
799 4107 1094 4180 subjectam
1118 4105 1440 4162 monasterio
1467 4103 1524 4159 S.
1547 4102 1778 4158 Michae-

171 4201 238 4256 lis
269 4199 524 4255 diuscesis
555 4198 898 4254 Virdunensis
947 4195 1197 4268 probavit
1221 4209 1360 4250 anno
1394 4196 1548 4248 1088.
1609 4191 1776 4246 Suum

169 4297 409 4368 praebuit
447 4311 722 4350 assensum
773 4310 913 4349 anno
965 4296 1096 4348 1091
1151 4300 1208 4347 ut
1251 4289 1494 4348 Lutulfus
1549 4289 1778 4343 dccanus

170 4383 567 4442 monasterium
603 4384 656 4437 in
702 4385 960 4438 honorem
992 4382 1048 4438 S.
1081 4381 1275 4436 Leonis
1301 4377 1588 4435 aedificaret
1621 4391 1634 4447 ;
1665 4376 1779 4431 lau-

169 4475 434 4544 davitque
465 4489 652 4528 omnes
681 4472 854 4527 eidem
876 4471 995 4526 loco
1026 4470 1194 4526 factas
1221 4469 1554 4524 donationes.
1568 4465 1778 4522 Eodem

1881 3375 1949 3430 de
1977 3376 2154 3430 Pertu.
2198 3375 2442 3443 Rogante
2485 3374 2786 3430 Theomaro
2815 3375 3010 3430 abbate
3067 3377 3124 3433 S.
3182 3380 3462 3452 Mansueti,

1880 3471 2055 3518 ratum
2076 3464 2480 3518 liabuitdonum
2525 3463 3038 3536 Drogonisdapiferi
3083 3468 3284 3524 etEvaa
3334 3486 3468 3527 uxo-

1883 3553 1956 3606 ris
1991 3553 2127 3622 ejus,
2176 3553 2232 3606 in
2287 3553 2512 3608 ecclesia
2568 3553 2748 3608 Sancti
2801 3555 3059 3609 Mansueti
3114 3557 3464 3631 sepultorum,

1885 3666 2026 3706 anno
2060 3653 2218 3720 1102,
2267 3650 2449 3705 indict.
2493 3665 2552 3704 x.
2612 3649 2694 3704 Ad
2733 3649 2974 3720 ejusdem
3029 3652 3240 3708 abbatis
3284 3672 3470 3726 preces

1885 3746 2118 3804 ﬁrmavit
2161 3764 2350 3802 omnes
2401 3747 2457 3802 S.
2507 3748 2766 3802 Mansueti
2794 3749 3157 3817 possessiones
3185 3767 3272 3806 an.
3308 3755 3466 3824 1103,

1884 3835 2068 3902 indict,
2129 3851 2206 3890 XI.
2253 3835 2578 3906 Subscripsit
2620 3851 2761 3890 anno
2794 3839 2930 3891 1105
2959 3835 3145 3893 litteris
3199 3839 3265 3894 de
3286 3840 3472 3899 funda-

1883 3926 2026 3980 tione
2057 3925 2205 3980 cellae
2233 3925 2375 3995 apud
2431 3932 2660 3979 castrum
2701 3923 3102 3994 Vallis-coleris,
3161 3926 3215 3981 in
3245 3927 3410 3986 fundo
3437 3947 3474 3988 a

1881 4013 2113 4069 Josfrido
2146 4004 2498 4068 nobilissimo
2546 4012 2788 4084 principe
2839 4013 3167 4069 Molismensi
3219 4019 3470 4076 coenobio

1883 4111 2153 4167 attribute.
2184 4107 2509 4165 Richardum
2539 4110 2895 4164 Albanensem
2917 4110 3230 4184 episcopum
3263 4123 3314 4170 et
3341 4131 3470 4187 apo-

1884 4200 2086 4255 stolicae
2114 4198 2255 4254 sedis
2284 4198 2518 4270 legatum
2570 4195 2860 4254 honoriﬁce
2882 4199 3091 4269 accepit
3110 4217 3250 4257 anno
3311 4206 3467 4275 1107,

1885 4289 2167 4358 ipsumque
2195 4294 2440 4356 precatus
2495 4295 2574 4340 est
2599 4293 2658 4341 ut
2685 4295 3218 4345 consecraretrecens
3263 4291 3470 4349 instau-

1883 4385 2053 4433 ratum
2085 4377 2264 4432 Sancti
2321 4375 2576 4431 Mansueti
2607 4376 2907 4444 ecclesiam,
2965 4377 3200 4449 itemque
3247 4381 3469 4438 absolu-

1885 4475 1993 4522 tam
2016 4482 2048 4521 a
2078 4466 2279 4521 Sehero
2309 4464 2502 4520 abbate
2549 4465 3051 4535 Calmosiacensem,
3075 4467 3227 4538 cujus
3255 4469 3309 4524 in
3336 4487 3470 4544 gra-

168 4587 317 4626 anno
348 4569 540 4624 turrim
563 4567 722 4638 jussit
760 4565 1014 4622 aediﬁcari
1071 4565 1128 4620 in
1181 4563 1472 4621 cathedrali
1526 4563 1769 4632 ecclesia,
1803 4603 1855 4664 D
1887 4564 2014 4619 tiam
2045 4579 2206 4633 quam
2238 4561 2469 4634 plurima
2491 4562 2607 4632 jam
2636 4561 2704 4616 ab
2752 4561 2868 4632 ipso
2898 4570 3016 4618 acta
3043 4563 3206 4620 fuisse
3255 4573 3472 4624 testatur

168 4660 225 4714 in
259 4675 370 4730 qua
399 4657 536 4712 duas
589 4655 869 4727 suspendit
896 4670 1204 4724 campanas,
1262 4653 1468 4723 triaque
1487 4653 1658 4706 erexit
1703 4651 1772 4706 al-

168 4749 328 4804 taria.
362 4747 620 4818 Magnam
649 4744 865 4814 quidem
919 4745 1059 4798 hanc
1085 4757 1358 4809 coronam,
1391 4743 1612 4796 chorum
1641 4739 1778 4795 inter

168 4846 224 4894 et
252 4838 427 4893 altare
459 4851 791 4904 suspensam,
851 4832 906 4886 in
945 4831 1097 4902 cujus
1157 4830 1377 4886 circuitu
1421 4831 1780 4886 accenduntur

167 4935 338 5004 cerei,
372 4931 615 4990 ecclesia:
643 4945 754 4986 suae
806 4929 948 4984 dono
969 4928 1132 4983 dedit.
1190 4929 1272 4982 Ali
1301 4928 1417 4982 haec
1445 4927 1582 4982 adde
1637 4943 1776 4997 qua-

167 5025 431 5096 draginta
461 5019 673 5076 modios
727 5018 836 5076 vini
856 5034 956 5073 nec
1001 5033 1110 5073 non
1140 5017 1418 5072 ecclesiam
1464 5015 1774 5086 quamdam,

167 5119 543 5195 qualargitus
597 5125 675 5172 est
702 5133 768 5172 ea
821 5116 962 5188 lege,
1019 5121 1076 5168 ut
1129 5112 1414 5184 quotannis
1458 5111 1608 5168 fieret
1661 5110 1778 5182 ejus

165 5215 628 5278 anniversarium.
643 5213 942 5270 Ecclesium
965 5209 1292 5268 S.Chlodulﬁ
1323 5209 1466 5282 apud
1493 5210 1678 5265 Laium
1692 5209 1780 5266 de-

166 5313 380 5370 dicavit
408 5325 554 5366 anno
585 5310 742 5374 1092,
784 5306 1022 5378 acpaulo
1076 5315 1201 5376 post
1229 5307 1544 5374 Beatrtcem,
1607 5320 1775 5374 quon-

165 5404 298 5458 dam
347 5413 579 5454 nxorem
627 5395 900 5452 Bertboldi
943 5395 1112 5465 ducis,
1161 5393 1468 5450 defunctam
1527 5407 1604 5449 vn
1651 5393 1770 5448 Kal.

161 5487 508 5548 Novembris
553 5485 714 5554 hujus
765 5484 911 5550 anni,
956 5484 1014 5538 in
1069 5484 1200 5538 urbe
1247 5481 1479 5537 Tullensi
1503 5479 1769 5550 sepelivit.

163 5579 457 5652 Egilberto
503 5573 916 5644 metropolitano
988 5571 1271 5628 schismate
1345 5569 1620 5640 inquinate
1681 5569 1772 5624 ille

1885 4660 2306 4716 Calmosiacense
2368 4658 2684 4714 chronicon.
2766 4659 2970 4714 Eodem
3031 4676 3172 4717 anno
3243 4663 3473 4722 decessit

1885 4766 2068 4804 mense
2098 4746 2392 4804 Novembri
2422 4765 2491 4802 ex
2545 4746 2854 4820 necrologio
2885 4747 3066 4804 Sancti
3121 4751 3380 4808 Mansueti
3407 4769 3470 4811 ιι

1883 4849 2150 4905 Kalendas
2177 4847 2508 4916 Decembris,
2543 4864 2610 4902 ex
2655 4847 2962 4919 necrologio
2993 4847 3049 4904 S.
3110 4849 3286 4906 Vitoni
3314 4859 3369 4908 et
3394 4852 3462 4913 S.

1882 4937 2471 5010 BcnigniDivionensis
2517 4951 2578 4991 Ix
2630 4935 2921 5004 Kalendas,
2981 4943 3034 4990 et
3059 4954 3127 4992 ex
3157 4940 3468 5013 necrologio

1884 5027 2202 5082 cathedralis
2233 5041 2329 5079 vni
2359 5025 2772 5093 Kalendas,cum
2801 5025 3033 5080 Tullensi
3081 5027 3320 5084 ecclesia
3337 5045 3471 5099 pm-

1884 5115 2070 5171 fuisset
2091 5116 2244 5170 annis
2273 5119 2360 5169 38.
2421 5113 2670 5184 Sepultus
2715 5113 2772 5170 in
2825 5113 3051 5169 ecclesia
3103 5115 3356 5187 Tullensi,
3411 5117 3468 5174 in

1883 5205 2079 5261 sacello
2111 5205 2168 5260 S.
2217 5203 2399 5259 Maria:
2454 5203 2788 5274 Magdalenm
2821 5221 2832 5256 :
2869 5203 3008 5256 unde
3055 5203 3300 5272 pluribus
3348 5215 3472 5278 post

1882 5295 2036 5350 annis
2062 5301 2211 5348 eruta
2241 5292 2358 5362 ejus
2384 5307 2526 5360 ossa,
2557 5307 2678 5346 cum
2707 5289 2916 5346 ossibus
2964 5291 3247 5363 Reginaldi
3262 5293 3329 5349 de
3359 5294 3470 5368 Syl-

1881 5391 2102 5441 vanecto
2127 5381 2364 5455 episcopi
2399 5383 2617 5436 humata
2644 5387 2767 5436 sunt
2819 5396 2988 5451 prope
3016 5381 3280 5438 minorem
3333 5399 3470 5456 por-

1882 5481 2009 5544 tam,
2035 5489 2140 5544 qua
2159 5488 2225 5528 ex
2253 5469 2544 5528 cathedrali
2577 5469 2632 5524 in
2661 5468 2947 5525 claustrum
2967 5469 3322 5528 descenditur.
