3882 6410
465 408 567 470 419

1590 381 1863 441 PIBONIS
1902 376 2214 438 EPISCOPI
2253 369 2633 430 TULLENSIS

3685 353 3770 413 ut)

475 562 3748 628 _____________________.___.____._______———

1331 781 2128 900 DIPLOMATA
2270 769 2822 884 PIBONIS
2861 842 2894 876 .

1259 1170 1310 1233 Ῑ,
2087 1157 2144 1217 Α
2171 1151 2413 1208 remedio
2443 1148 2659 1213 animae,
2703 1152 3111 1213 nostrorumque
3168 1148 3594 1196 antecessorum
3634 1143 3774 1205 atque

695 1312 1062 1384 Privilegium
1091 1322 1192 1380 pro
1219 1300 1563 1361 monasterio
1597 1300 1652 1354 S.
1687 1295 1848 1368 Apri.

1083 1401 1258 1468 (Anno
1292 1393 1474 1460 1072.)

484 1503 503 1571 [
534 1501 673 1554 Dom
711 1496 956 1558 CALMBT,
987 1490 1130 1544 Hist.
1163 1481 1555 1571 determine,
1599 1483 1636 1530 t.
1685 1473 1776 1540 IV,
1810 1472 2068 1532 Preuvea,

1143 1585 1199 1639 p.
1234 1565 1408 1633 472.]

553 1687 614 1739 In
646 1678 862 1736 nomine
917 1679 1116 1730 sanctze
1163 1677 1214 1724 et
1269 1664 1561 1720 individum
1617 1654 1907 1719 Trinitatis,
1967 1668 2079 1707 om-

486 1775 635 1830 nium
693 1785 814 1840 qua)
871 1764 1161 1820 subsistunt
1215 1753 1537 1812 mternaliter
1597 1745 1866 1804 creatricis
1918 1751 2076 1811 atque

485 1833 874 1920 moderatricis,
933 1855 1067 1908 P180
1123 1853 1320 1904 sanctae
1349 1840 1613 1898 Tullensis
1659 1833 1916 1892 Ecclesiae
1971 1833 2078 1885 hu-

487 1950 633 2006 milis
661 1945 855 2020 przesul
885 1942 1082 1997 divina:
1111 1931 1475 2007 dispositionis
1502 1927 1696 2002 gratia.

560 2038 748 2110 Agitur
803 2031 1222 2104 quotiescunque
1279 2022 1489 2078 animus
1543 2013 1958 2082 uniuscujusque
2014 2007 2082 2062 ad

489 2103 696 2184 bonum
726 2103 866 2180 velle
893 2119 1199 2190 inspiratur,
1231 2111 1466 2166 maxime
1506 2107 1594 2160 ille
1626 2105 1715 2174 qui
1772 2103 1892 2174 plus
1928 2105 2084 2153 caete-

491 2218 566 2272 ris
605 2216 661 2269 in
688 2217 794 2269 hoc
821 2208 1023 2264 mundo
1066 2202 1267 2273 aliquid
1297 2200 1496 2255 habere
1527 2194 1776 2257 cernitur,
1797 2205 1920 2246 cum
1951 2186 2087 2240 invi-

491 2307 642 2379 gilat,
676 2309 735 2357 ut
762 2316 830 2356 ex
857 2297 1018 2352 rebus
1047 2302 1270 2348 terrenae
1285 2283 1665 2343 dominationis
1693 2275 2088 2336 Deiclementia

495 2365 597 2450 Eun
628 2365 964 2464 propitietur.
1021 2381 1192 2438 Nobis
1247 2387 1429 2434 tamen
1485 2371 1786 2445 pastoribus
1836 2365 2089 2422 Ecclesiae

499 2483 588 2554 pia
607 2454 908 2535 sollicitudo
956 2471 1223 2537 indicitur,
1281 2473 1341 2520 ut
1375 2479 1512 2535 grex
1559 2457 1871 2515 Dominicus
1925 2454 1982 2507 in
2026 2469 2091 2507 ea

497 2542 830 2632 constitutus,
871 2570 1050 2616 nostra
1087 2553 1424 2629 providentia
1479 2555 1744 2621 pascatur,
1775 2553 1830 2599 et
1873 2542 2091 2615 gemina

502 2660 628 2717 vitae
657 2631 951 2710 substantia
987 2649 1086 2704 sub
1135 2641 1416 2713 temporali
1474 2633 1932 2694 administratione
2000 2631 2099 2684 ful-

505 2757 692 2812 ciatur.
725 2749 928 2806 Idcirco
983 2743 1244 2800 universis
1290 2736 1544 2794 Ecclesize
1573 2741 1788 2796 nostrae,
1845 2730 1930 2786 cui
1985 2729 2100 2784 Deo

510 2851 724 2901 auctore
755 2835 1124 2911 praesidemus,
1156 2841 1264 2886 tam
1295 2825 1646 2900 praesentibus
1674 2820 1920 2876 ﬁdelibus
1940 2834 2099 2889 quam

513 2934 674 2990 etiam
706 2907 826 3000 post
853 2927 1015 2996 longe
1071 2917 1432 2991 sequentibus,
1473 2921 1620 2969 certa
1673 2911 1876 2965 ratione
1935 2907 2105 2962 mani-

512 2996 851 3080 festum—csse
881 3014 1129 3070 volumus
1184 3006 1347 3078 quod,
1382 3004 1450 3060 ad
1506 3004 1682 3058 locum
1739 2999 1919 3056 Sancti
1975 2996 2104 3068 Apri

511 3109 858 3168 devenientes
911 3111 964 3158 et
990 3099 1275 3155 victualem
1333 3095 1719 3150 monachorum
1775 3085 2106 3143 administra-

513 3203 712 3257 tionem
747 3196 832 3268 pie
861 3190 1276 3254 considerantes,
1310 3183 1468 3239 nobis
1505 3182 1561 3236 in
1592 3179 1750 3235 futuri
1780 3176 2108 3232 districtione

509 3286 700 3360 judicii
747 3263 856 3338 non
911 3278 1124 3335 modice
1173 3274 1510 3347 profuturum
1559 3285 1674 3324 esse
1727 3265 2014 3329 credimus,
2063 3263 2109 3317 si

518 3403 584 3441 ea
612 3400 732 3455 quae
762 3380 830 3436 ad
869 3377 1125 3434 alimenta
1163 3373 1384 3427 fratrum
1433 3367 1541 3422 illic
1597 3367 1710 3421 Deo
1764 3362 2108 3418 servientium

518 3451 804 3547 pertinent,
838 3479 1179 3538 augeremus,
1239 3468 1294 3514 ut
1321 3474 1418 3530 per
1454 3459 1558 3512 hoc
1586 3462 1638 3509 et
1682 3451 1996 3508 memoriale
2019 3465 2114 3506 no-

517 3545 682 3618 strum
713 3559 770 3614 in
797 3573 863 3612 eo
920 3555 1038 3610 loco
1096 3551 1292 3607 certius
1341 3545 1673 3610 consisteret,
1731 3550 1784 3597 et
1837 3555 2113 3596 servorum

519 3651 619 3706 Dei
649 3663 745 3720 pro
778 3643 1066 3714 adeptione
1095 3636 1280 3694 salutis
1307 3642 1504 3690 nostrae
1529 3629 1910 3702 perpetualiter
1946 3629 2116 3684 oratio

522 3755 630 3794 non
659 3740 908 3792 cessaret.

590 3825 762 3896 Hujus
791 3823 969 3892 itaque
1023 3817 1100 3873 rei
1133 3813 1307 3888 gratia
1337 3811 1480 3866 ducti
1537 3817 1946 3880 nostrorumque
1992 3825 2122 3880 prae.

521 3999 908 4079 pertinentibus
936 3995 1183 4068 quaedam
1214 3991 1389 4047 eidem
1418 3989 1536 4044 loco
1564 4004 1664 4058 pro
1693 4004 1906 4043 suarum
1936 4005 2117 4044 reme-

525 4077 614 4149 dio
636 4093 936 4148 animarum
963 4082 1317 4150 contulerunt,
1369 4077 1594 4134 consilio
1622 4085 1924 4133 nostrorum
1981 4077 2118 4134 ﬁde-

527 4183 678 4248 lium,
711 4179 788 4235 eis
816 4174 1106 4231 donatione
1134 4170 1287 4225 ﬁrma
1315 4167 1677 4224 concessimus
1694 4167 1802 4222 duo
1823 4166 2010 4222 altaria
2024 4183 2122 4238 pro

531 4279 727 4326 nostra)
757 4263 998 4322 remedio
1028 4260 1242 4329 animae,
1274 4265 1682 4326 nostrorumque
1729 4265 2122 4312 antecessorum

531 4368 584 4416 et
610 4369 974 4412 successorum
1012 4349 1171 4418 hujus
1225 4346 1366 4402 sedis
1392 4344 1724 4415 pontiﬁcum,
1782 4345 1984 4400 scilicet
2038 4345 2123 4399 al-

532 4457 643 4504 tare
665 4446 731 4499 de
763 4441 1060 4498 Bladenaco
1091 4453 1250 4506 super
1295 4435 1552 4490 Mosellam
1591 4451 1658 4488 ex
1712 4433 1942 4506 integro,
1973 4433 2127 4503 cujus

534 4535 877 4592 medietatem
909 4531 1164 4584 hactenus
1218 4525 1286 4580 ab
1341 4522 1560 4593 antiquo
1615 4523 1934 4589 retinebant,
1994 4524 2128 4578 sicut

535 4627 696 4682 etiam
727 4622 902 4678 adhuc
932 4615 1274 4672 medietatem
1317 4613 1547 4667 retinent
1600 4611 1840 4666 ecclesia:
1885 4611 2127 4680 ejusdem

536 4715 698 4780 villae,
732 4719 784 4767 et
811 4709 976 4765 altare
1007 4704 1247 4760 ecclesiae
1269 4703 1335 4756 de
1358 4700 1488 4756 Fain
1523 4700 1658 4754 ultra
1688 4699 1962 4755 Mosellam
1971 4699 2130 4769 juxta

536 4804 730 4862 Barum
761 4805 1015 4867 castrum,
1037 4810 1102 4849 ea
1131 4790 1383 4848 videlicet
1418 4789 1538 4860 lege
1560 4805 1664 4858 qua
1693 4795 1886 4843 caetera
1942 4789 2133 4843 altaria

540 4894 699 4949 totius
727 4886 959 4945 abbatiw
989 4881 1280 4952 antiquitus
1326 4885 1623 4946 tenuerant,
1657 4877 1710 4930 id
1767 4885 1841 4932 est
1871 4886 1930 4931 ut
1984 4876 2135 4932 dece-

539 4979 786 5036 dentibus
819 4973 1034 5031 vicariis
1070 4970 1262 5040 quibus
1293 4965 1660 5022 tantummodo
1688 4981 1870 5021 curam
1928 4965 2137 5020 anima-

540 5087 659 5126 rum
687 5083 786 5139 per
814 5079 1000 5121 eorum
1031 5059 1347 5115 electionem
1375 5055 1780 5122 committimus,
1813 5054 1913 5126 ipsi
1943 5053 2133 5109 eadem

541 5158 728 5215 altaria
756 5154 1021 5211 redimere
1049 5160 1388 5218 nequaquam
1435 5144 1842 5215 compellantur,
1910 5143 2002 5198 sed
2041 5159 2135 5198 so-

542 5245 919 5312 lummodo,ut
963 5239 1164 5294 dictum
1215 5243 1312 5304 est,
1359 5233 1640 5289 succiduos
1695 5232 1923 5287 vicarios
1976 5232 2134 5287 exhi-
2164 5232 2218 5292 D

541 5334 722 5404 beant,
756 5332 845 5404 qui
874 5331 943 5385 de
971 5342 1136 5383 manu
1175 5331 1356 5379 nostra
1411 5338 1592 5378 curam
1624 5321 1924 5377 animarum
1976 5320 2140 5376 susci-

550 5424 716 5492 piant.
747 5423 944 5476 Nostro
963 5417 1126 5474 etiam
1173 5411 1467 5486 pontiﬁcali
1495 5412 1640 5466 dono
1688 5410 1946 5484 tradimus
1998 5411 2144 5466 loco-

552 5518 606 5565 et
633 5510 882 5565 fratribus
910 5505 1091 5563 Sancti
1133 5501 1282 5574 Apri,
1303 5517 1426 5557 cum
1456 5499 1614 5555 laude
1668 5507 1968 5556 nostrorum
2021 5497 2144 5554 ﬁde-

557 5597 708 5664 lium,
741 5595 1028 5666 quamdam
1059 5591 1363 5659 mulierem,
1387 5589 1604 5645 nomine
1634 5589 1856 5658 Peilam,
1887 5588 2146 5644 cumduo‘

559 5683 658 5739 bus
678 5684 800 5738 ﬁliis
827 5683 894 5739 ad
923 5690 1158 5737 nostram
1189 5684 1506 5752 potestatem
1535 5677 1736 5732 dudum
1791 5677 2144 5748 pertinentem

561 5772 913 5836 Gavalonem,
973 5786 1036 5824 ac
1083 5767 1150 5823 de
1174 5775 1355 5822 nostro
1380 5765 1503 5835 jure
1531 5766 1600 5821 ad
1627 5781 1814 5821 eorum
1839 5766 1929 5835 jus
1956 5782 2149 5836 perpe-

564 5859 773 5916 tualiter
814 5855 1117 5914 retinendas
1191 5854 1629 5922 transfundimus,
1687 5861 1746 5909 ut
1800 5870 1897 5925 pro
1953 5863 2150 5911 nostra:

2117 2513 2171 2572 B

590 3872 760 3896 ⁸““δ“’“”
791 3872 962 3892 ""‘L"‘
1025 3872 1030 3873 ’
1063 3872 1072 3873 "
1133 3872 1166 3888 υ
1860 3872 1876 3880 _
1992 3872 2012 3880 _

521 3917 859 3972 decessorum
893 3905 1169 3980 provocati
1214 3901 1466 3973 exemplo
1496 3899 1587 3970 qui
1643 3899 1711 3955 de
1738 3899 1900 3954 rebus
1955 3899 2022 3954 ad
2060 3915 2118 3954 se
2151 3872 2200 3936 Ο

2181 1254 2564 1306 successorum,
2631 1235 2808 1292 omnis
2861 1248 3047 1290 eorum
3103 1229 3396 1302 posteritas
3455 1227 3516 1280 in
3576 1224 3771 1279 fratmm

2179 1330 2420 1402 prmdicti
2451 1327 2554 1383 loci
2582 1324 2798 1381 servitio
2829 1326 3159 1393 permaneat.

2252 1444 2644 1500 Conﬁrmamus
2665 1454 2876 1510 quoque
2934 1435 3109 1490 cidem
3138 1433 3258 1490 loco
3313 1439 3525 1488 cuncta
3571 1445 3686 1500 qua:
3729 1429 3771 1480 in

2183 1532 2480 1606 privilegiis
2509 1538 2810 1586 nostrorum
2841 1534 3256 1590 antecessorum,
3300 1519 3574 1576 videlicet
3627 1518 3773 1573 Gauz-

2183 1623 2298 1691 lini,
2339 1619 2564 1677 Gerardi
2594 1634 2656 1674 ac
2683 1618 2856 1672 beata:
2885 1613 3160 1669 memoriae
3179 1610 3459 1666 Brunonis
3483 1609 3542 1663 in
3554 1607 3768 1676 ejusdem

2184 1711 2286 1766 loci
2308 1709 2540 1764 armario
2569 1707 2924 1772 continentur,
2957 1709 3009 1757 et
3063 1717 3182 1772 qua
3225 1699 3414 1754 adhuc
3473 1695 3578 1752 Dei
3625 1695 3773 1766 gratia

2185 1799 2354 1856 solide
2381 1797 2612 1854 retinere
2631 1796 2896 1859 videntur,
2919 1808 3018 1847 nec
3047 1806 3155 1846 non
3200 1789 3368 1844 etiam
3406 1784 3770 1842 conﬁrmamus

2188 1907 2254 1944 ea
2307 1904 2428 1959 quae
2504 1883 2836 1956 temporibus
2889 1879 3129 1953 praedicti
3155 1876 3498 1933 venerabilis
3537 1873 3769 1928 Brunonis

2191 1980 2332 2034 idem
2371 1975 2678 2032 emnobium
2723 1971 3022 2042 acquisivit,
3079 1968 3133 2024 id
3163 1974 3243 2022 est
3296 1965 3503 2021 cellam
3533 1963 3602 2018 de
3651 1963 3770 2016 Dan-

2190 2068 2445 2140 guiliaco,
2494 2079 2614 2119 cum
2672 2060 2924 2117 omnibus
2975 2058 3084 2112 suis
3163 2053 3524 2127 appenditiis,
3571 2052 3699 2105 sicut
3730 2049 3770 2101 in

2192 2155 2554 2226 chirographo
2594 2150 2766 2206 felicis
2810 2147 3084 2203 memoria:
3133 2143 3365 2200 Walteri
3415 2139 3650 2206 comitis,
3700 2136 3769 2206 qui

2195 2245 2439 2314 ejusdem
2469 2241 2621 2296 cella:
2641 2239 2862 2294 domum
2881 2237 3076 2293 Sancto
3095 2239 3240 2305 Apro
3261 2232 3334 2287 ob
3363 2247 3485 2286 sua:
3504 2226 3770 2284 remedium

2197 2335 2392 2390 animm
2421 2330 2662 2387 contulit.

2271 2463 2415 2532 Quin
2470 2460 2631 2515 etiam
2705 2455 3083 2513 conﬁrmamus
3145 2469 3209 2508 ea
3253 2467 3379 2522 quae
3469 2444 3772 2518 temporibus

2201 2551 2366 2608 nostri
2423 2548 2773 2604 antecesseris
2853 2544 3056 2601 Udonis
3109 2541 3251 2614 apud
3304 2537 3671 2594 Baini-Villam
3717 2532 3768 2586 ab

2198 2640 2486 2696 Holdierde
2533 2646 2585 2692 et
2638 2635 2748 2691 ﬁlio
2807 2634 2922 2703 ejus
2977 2631 3244 2695 Odelrico,
3301 2629 3446 2684 sicut
3501 2627 3556 2679 in
3616 2636 3770 2678 eorum

2199 2729 2560 2800 chirographo
2616 2725 2936 2790 continetur,
2987 2720 3298 2793 prmdictum
3355 2713 3664 2774 coenobium
3703 2725 3771 2764 ac-

2202 2817 2437 2888 quisivit.

2275 2950 2402 3004 Hmc
2422 2963 2552 3019 ergo
2600 2944 2784 3001 omnia
2837 2941 3085 3014 praesenti
3132 2941 3314 2994 cartha
3354 2943 3544 2992 nostra
3598 2927 3774 3004 pontiﬁ-

2203 3037 2305 3094 cali
2336 3018 2650 3092 auctoritate
2705 3031 2988 3104 przelibato
3045 3026 3369 3084 monasterio
3429 3018 3776 3096 perpetualiter

2205 3125 2532 3200 possidenda
2589 3121 3024 3187 corroboramus,
3104 3123 3366 3188 quatenus
3431 3128 3500 3168 ex
3553 3113 3648 3166 hac
3686 3105 3773 3175 pie-

2211 3224 2316 3272 tate
2373 3214 2563 3269 fratres
2619 3207 3026 3283 przesentialiter
3080 3206 3134 3260 in
3180 3202 3505 3259 memoriam
3557 3197 3776 3254 reducant

2210 3312 2468 3376 quantum
2498 3317 2596 3373 pro
2644 3301 2790 3356 bona
2828 3297 3098 3352 voluntate
3129 3289 3490 3365 omnipotenti
3543 3288 3651 3343 Deo
3699 3296 3772 3353 pro

2210 3393 2368 3450 nobis
2397 3393 2656 3446 instanter
2682 3387 2986 3459 supplicare
3013 3385 3262 3439 debeant.

2287 3521 2523 3576 Petimus
2553 3517 2784 3588 denique
2832 3523 2885 3572 et
2913 3515 3254 3571 obsecrantes
3289 3513 3642 3584 deprecamur
3684 3518 3772 3557 suc-

2216 3626 2487 3668 cessorum
2536 3615 2838 3663 nostrorum
2914 3611 3191 3675 paternam
3245 3597 3687 3659 benevolentiam,
3735 3596 3776 3641 ut

2219 3703 2333 3755 haec
2363 3705 2557 3754 nostra:
2605 3694 2868 3768 largitatis
2921 3693 3122 3748 oblatio
3180 3691 3335 3746 ﬁrma
3364 3691 3561 3745 habeat
3587 3692 3636 3739 et
3667 3688 3770 3743 rata,

2221 3789 2374 3845 sicuti
2414 3794 2468 3842 et
2522 3784 2622 3855 ipsi
2653 3799 2866 3854 quoque
2895 3799 2991 3836 sua
3043 3782 3258 3836 decreta
3311 3773 3638 3835 constituturi
3663 3774 3773 3828 sunt,

2228 3877 2427 3934 servari
2455 3871 2980 3946 perenniterillibata
3003 3870 3260 3940 ;scientes
3286 3862 3631 3940 proculdubio
3649 3874 3699 3913 se
3721 3855 3772 3906 ita

2227 3983 2325 4040 pro
2354 3967 2499 4022 bona
2527 3963 2799 4019 voluntate
2837 3958 3272 4027 remunerandos,
3302 3957 3439 4013 sicut
3485 3968 3578 4026 pro
3605 3941 3775 4003 temeri-

2229 4036 2335 4111 tate
2365 4069 2428 4108 ea
2457 4068 2577 4122 qua:
2605 4067 2704 4120 pro
2759 4048 3060 4105 animarum
3114 4045 3350 4102 remedio
3408 4041 3633 4098 instituta
3664 4036 3769 4096 sunt:

2231 4143 2300 4200 ab
2339 4149 2555 4197 auctore
2575 4139 2761 4194 mundi
2790 4137 3010 4211 gravius
3029 4135 3350 4206 puniendos.
3391 4134 3463 4190 Ut
3491 4137 3655 4187 autem
3689 4123 3772 4176 hac

2231 4239 2426 4286 nostra:
2459 4227 2755 4284 traditionis
2801 4209 3082 4282 concessio
3139 4224 3194 4279 in
3251 4223 3441 4278 futuris
3494 4209 3770 4286 temporibus

2233 4319 2437 4374 ﬁrmior
2462 4317 2741 4381 habeatur,
2774 4324 2826 4370 et
2845 4313 3222 4385 perpetualiter
3266 4313 3436 4367 illmsa
3461 4306 3767 4385 conservetur,

2234 4425 2397 4464 manu
2443 4407 2683 4463 omnium
2735 4403 2974 4460 ﬁdelium
3031 4411 3328 4458 nostrorum
3370 4418 3438 4456 ea
3491 4380 3769 4454 αοποῠοηπί

2238 4497 2483 4562 fecimus,
2539 4503 2592 4550 et
2633 4493 2962 4549 auctoritatis
3017 4499 3212 4547 nostra:
3268 4489 3444 4563 gratia
3485 4486 3657 4540 durare
3703 4484 3770 4542 Per

2235 4584 2577 4642 succedentia
2598 4590 2844 4654 tempora
2864 4581 3222 4636 decrevimus.

2309 4701 2430 4772 Ego
2461 4699 2600 4753 Pibo
2630 4696 2804 4769 gratia
2833 4695 2932 4752 Dei
2963 4697 3257 4752 Leucorum
3289 4691 3568 4762 episcOpus
3589 4671 3767 4753 signati.

2313 4789 2474 4859 Sign.
2503 4787 2749 4858 Hugonis
2776 4784 3088 4852 primicerii.

2315 4877 2471 4949 Sign.
2519 4875 2734 4930 Milonis
2789 4873 3139 4930 Virdunensis
3210 4867 3520 4943 primicerii,
3573 4869 3618 4916 et
3655 4849 3770 4918 huius

2243 4965 2386 5022 sedis
2414 4964 2617 5020 archid.

2317 5053 2472 5125 Sign.
2503 5051 2772 5108 Lamberti
2792 5051 3014 5122 majoris
3039 5048 3241 5106 archid.

2319 5143 2472 5212 Sign.
2505 5139 2773 5211 Rudolphi
2795 5139 2999 5196 archid.

2323 5233 2478 5304 Sign.
2511 5229 2755 5303 Hugonis
2775 5229 2996 5301 majoris
3023 5227 3224 5284 archid.

2323 5321 2478 5394 Sign.
2510 5318 2778 5375 Lamberti
2801 5317 3034 5388 junioris
3059 5316 3263 5375 archid.

2324 5411 2480 5484 Sign.
2514 5408 2712 5464 Albrici
2743 5407 2946 5464 archid.

2326 5500 2481 5572 Sign.
2515 5496 2722 5552 Luitulﬁ
2750 5495 2952 5552 archid.

2325 5589 2481 5660 Sign.
2515 5585 3004 5658 HugOnisjunioris
3033 5584 3236 5641 archid.

2329 5679 2482 5749 Sign.
2515 5674 2832 5730 Theoderici
2862 5674 3072 5730 archid.

2329 5767 2483 5837 Sign.
2521 5763 2771 5818 Friderici
2801 5763 2959 5834 hujus
2977 5761 3124 5816 urbis
3150 5759 3382 5816 comitis.

2332 5855 2486 5926 Sign.
2519 5851 2797 5909 llaimonis
2817 5851 3045 5920 comitis,
3068 5857 3120 5906 et
3138 5847 3233 5906 ﬁlii
3255 5849 3373 5920 ejus
3402 5837 3626 5906 Odelrici.
