3882 6454
164 428 259 488 321
1586 421 2020 481 DlPLOMATA.

3352 420 3452 483 422

231 552 392 624 Sign.
427 548 707 605 Everardi
725 549 955 618 comitis,
978 556 1029 605 et
1048 549 1283 605 ﬁliorum
1315 548 1431 618 ejus
1452 547 1680 603 Gilberti
1702 555 1753 603 et
1783 546 1841 611 A
1870 546 2051 601 bibilis
2108 545 2497 618 perpetualiter
2546 554 2781 611 maneat,
2838 546 3118 602 statuimus
3174 550 3277 605 hoc
3333 552 3454 606 chi-

159 640 377 696 Henrici
390 680 404 694 .

228 731 388 800 Sign.
427 727 642 782 Milonis
671 735 724 782 et
754 727 937 782 fratris
968 727 1090 800 ejus
1118 726 1373 783 Walteri.

229 818 388 890 Sign.
416 817 662 887 Hugonis
692 824 743 871 et
775 816 955 872 fratris
986 818 1101 885 ejus
1122 815 1405 871 Warneri.

231 907 384 977 Sign.
419 905 635 961 Henrici
664 906 936 960 advocati.

231 1003 393 1076 Sign.
434 1002 656 1058 Domini
686 1003 941 1058 Widonis
969 1002 1182 1057 abbatis
1223 1003 1455 1060 coenobii
1497 1003 1552 1058 S.
1603 1000 1757 1073 Apri.

235 1091 395 1161 Sign.
432 1090 652 1147 Domini
683 1091 933 1146 Vinbaldi
978 1092 1192 1147 abbatis
1223 1092 1456 1149 coenobii
1489 1093 1551 1148 S.
1602 1093 1760 1145 Man-

166 1188 331 1246 sueti.

238 1275 374 1328 Data
403 1290 459 1329 1v
491 1274 618 1329 Idus
649 1274 908 1330 Octobris
928 1273 981 1328 in
1004 1276 1250 1346 plenaria
1276 1276 1507 1347 synodo,
1534 1290 1674 1329 anno
1692 1273 1760 1328 ab

168 1363 543 1418 Incarn‘atione
573 1363 788 1418 Domini
840 1365 994 1432 1072,
1044 1363 1343 1419 indictione
1401 1364 1633 1431 decima,
1668 1379 1760 1418 re—

166 1457 374 1523 gnante
404 1452 641 1508 Henrico
688 1453 757 1506 1V
804 1453 1167 1507 Romanorum
1208 1469 1359 1523 rege,
1409 1469 1550 1509 anno
1606 1456 1763 1527 regni

166 1548 409 1616 ejusdem
448 1563 585 1614 xvrv,
621 1548 759 1603 duce
779 1548 1137 1605 Theodorico.

237 1636 356 1708 Ego
394 1637 674 1691 Walterus
718 1638 1075 1692 cancellarius
1142 1640 1405 1707 decanus,
1463 1650 1517 1699 et
1547 1642 1759 1699 archid.

166 1725 465 1797 recognovi
504 1734 557 1781 et
594 1725 921 1798 subscripsi,
958 1735 1118 1799 atque
1158 1730 1392 1801 signavi.

932 1880 1005 1933 ΙΙ.

172 1999 625 2075 Controuersiam
655 2002 912 2075 Valeriam
932 2002 1090 2056 inter
1103 2003 1381 2059 abbattcm
1404 2008 1456 2061 S.
1474 2006 1697 2075 Arnulﬁ
1714 2010 1769 2061 et

223 2071 563 2195 abbatissa?
577 2072 980 2127 Bumeriensem
994 2075 1059 2128 de
1068 2079 1242 2145 ponte
1256 2074 1495 2147 quodam
1510 2071 1770 2133 exortam

231 2156 506 2195 compesci
540 2182 552 2195 .

231 2156 552 2212 compescit.

676 2269 855 2337 (Anno
888 2272 1070 2339 1073.)

176 2361 270 2433 [D.
311 2363 554 2431 CALMET,
572 2366 709 2420 ibid.
737 2384 790 2437 p.
814 2369 937 2437 474,
964 2385 1034 2423 ex
1057 2370 1369 2427 authentico
1386 2374 1729 2429 Buxeriensi.
1754 2376 1772 2445 ]

249 2454 313 2506 In
343 2453 563 2509 nomine
604 2463 806 2510 sanctas
830 2463 881 2510 et
910 2456 1203 2512 individua)
1232 2460 1532 2528 Trinitatis,
1578 2462 1769 2530 Patris,

175 2556 229 2604 et
261 2550 398 2617 Filii,
432 2558 484 2605 et
514 2551 747 2623 Spiritus
778 2553 975 2620 sancti,
1010 2555 1138 2610 Pibo
1160 2557 1333 2627 gratia
1354 2559 1451 2613 Dei
1471 2559 1774 2615 Leucorum

174 2638 375 2709 prmsul
388 2680 401 2693 .
1326 2687 1329 2691 .

240 2728 506 2795 Quoniam
530 2730 712 2785 divina
736 2732 912 2802 gratia
939 2732 1163 2802 dignata
1191 2743 1273 2791 est
1294 2752 1413 2803 nos,
1446 2752 1553 2793 non
1575 2738 1776 2793 nostris

178 2819 407 2886 meritis,
449 2819 516 2873 ad
554 2821 830 2891 pastorale
881 2820 1118 2877 oﬂicium
1175 2840 1521 2896 promovere,
1566 2835 1779 2898 oportet

180 2917 238 2962 ut
286 2926 374 2963 res
412 2918 613 2964 nostra:
652 2911 902 2966 ecclesiae
941 2912 1168 2967 solerter
1215 2914 1536 2970 studeamus
1576 2926 1684 2972 tam
1723 2918 1779 2971 in

182 2997 420 3053 minimis
469 3016 630 3071 quam
686 3000 844 3054 etiam
883 3002 937 3055 in
976 3002 1230 3057 maximis
1277 3005 1589 3074 providere.
1628 3006 1779 3074 Qua-

182 3095 408 3158 prOpter
437 3090 646 3143 noverit
676 3090 917 3144 omnium
959 3091 1264 3161 posteritas,
1290 3101 1395 3147 tam
1426 3096 1780 3165 praesentium

185 3191 349 3247 quam
381 3176 699 3244 futurorum,
730 3180 874 3248 quod
904 3178 1062 3234 fuerit
1094 3188 1288 3236 exorta
1318 3184 1596 3237 contentio
1639 3184 1782 3239 inter

184 3264 322 3319 duas
350 3265 616 3332 abbatias,
641 3266 1263 3324 scilicetBuxericnsem
1292 3278 1493 3327 nostrze
1514 3272 1780 3338 ecclesiae,
1814 3248 1863 3312 Ο

187 3369 239 3415 et
270 3362 453 3417 Sancti
482 3363 745 3434 Arnulphi
800 3365 1057 3421 Metensis
1087 3366 1356 3433 ecclesim,
1424 3369 1494 3424 de
1548 3370 1783 3441 quodam

184 3459 353 3523 ponte
382 3468 544 3523 quem
575 3453 791 3508 noviter
839 3462 1220 3510 construxerat
1279 3457 1557 3513 abbatissa
1594 3460 1782 3515 Buxe-

186 3538 386 3594 riensis
416 3557 580 3611 super
606 3558 765 3596 suum
792 3544 1069 3614 proprium
1102 3542 1347 3613 fundum,
1382 3546 1480 3603 sed
1517 3555 1698 3603 tamen
1727 3549 1784 3602 in

186 3627 371 3685 hanno
400 3638 453 3684 et
490 3646 651 3685 cursu
716 3647 892 3702 aquae,
948 3634 1173 3689 nomine
1230 3636 1429 3701 Murth,
1483 3636 1785 3707 pertinente

184 3726 254 3782 ad
283 3727 556 3782 abbatiam
613 3730 801 3784 Sancti
857 3730 1094 3797 Arnulti,
1143 3748 1245 3803 pro
1296 3749 1403 3804 qua
1439 3733 1785 3790 contentione

186 3816 556 3872 amicabiliter
584 3816 898 3873 ditiinienda
927 3822 1294 3876 convenimus
1316 3838 1421 3894 ego
1453 3830 1506 3877 et
1561 3823 1783 3878 confra—

188 3912 269 3960 ter
298 3913 486 3960 noster
510 3907 765 3962 Metensis
790 3908 1056 3964 Ecclesiae
1088 3912 1415 3967 venerabilis
1443 3912 1644 3981 prmsul
1670 3913 1783 3967 He-

189 4004 502 4068 rimannus,
535 4022 658 4059 cum
688 4005 826 4061 duce
866 4007 1230 4075 Theoderico,
1272 4017 1436 4081 atque
1476 4010 1787 4065 venerando

193 4092 401 4147 abbate
430 4092 503 4146 κγ
509 4091 671 4148 alone
702 4095 939 4150 coenobii
958 4096 1147 4152 Sancti
1192 4096 1420 4167 Arnulti,
1453 4097 1546 4152 ubi
1594 4098 1787 4170 dispo-

194 4182 423 4246 suimus,
462 4180 698 4236 fraterna
728 4183 996 4239 charitate
1026 4185 1317 4252 mediante,
1351 4196 1621 4258 quatenus
1652 4204 1790 4259 prae-

193 4277 373 4334 dictus
409 4278 576 4333 abbas
638 4280 969 4336 concederet
1014 4281 1090 4335 ibi
1130 4280 1245 4338 ﬁeri
1301 4291 1543 4353 pontem,
1600 4300 1667 4340 eo
1706 4294 1793 4341 te-

194 4381 336 4422 nore
369 4374 427 4421 ut
447 4367 723 4422 annuatim
761 4368 867 4423 sibi
912 4369 1320 4439 persolveretur
1347 4387 1547 4428 census
1574 4389 1656 4427 xu
1684 4374 1792 4430 de-

198 4455 479 4510 nariorum
516 4455 750 4525 publice,
784 4457 926 4513 festo
954 4460 1127 4514 sancti
1166 4459 1418 4532 Remigii,
1459 4468 1512 4517 et
1539 4462 1607 4517 ad
1646 4463 1797 4519 hunc

198 4557 431 4599 censum
476 4543 849 4615 recipiendum
892 4555 1038 4602 esset
1083 4563 1329 4617 praesens
1387 4565 1453 4606 eo
1498 4550 1592 4606 die
1630 4566 1794 4622 supra

199 4647 425 4709 pontem
460 4640 681 4714 legatus
735 4642 949 4698 abbatis
1000 4642 1185 4700 Sancti
1239 4645 1466 4707 Arnulﬁ.
1528 4648 1599 4703 ab
1663 4649 1796 4703 hora

197 4728 398 4798 prima,
438 4746 616 4801 usque
655 4731 725 4786 ad
754 4739 999 4801 sextam;
1033 4748 1143 4803 qua
1170 4740 1444 4791 transacta
1470 4735 1686 4809 legatus
1712 4752 1801 4792 re-

202 4819 451 4874 cederet.

275 4908 333 4963 Si
370 4923 507 4965 vero
544 4924 719 4980 usque
772 4909 843 4965 ad
900 4925 1186 4980 vesperam
1245 4910 1458 4983 legatus
1507 4913 1799 4968 abbatissae

203 4996 559 5052 Buxeriensis
586 4998 925 5069 persolveret
946 4999 1260 5069 praedictum
1286 5016 1510 5056 censum
1529 5002 1672 5073 apud
1690 5002 1799 5058 cel-

205 5084 318 5140 lam
371 5086 580 5151 Laium,
642 5087 1010 5158 susciperetur
1061 5088 1180 5144 sine
1218 5088 1453 5157 justitia.
1522 5091 1580 5146 Si
1618 5099 1799 5146 autem

206 5180 349 5237 ultra
386 5189 601 5237 noctem
630 5181 936 5254 negligeret
964 5182 1310 5253 persolvere,
1342 5184 1397 5238 in
1418 5185 1659 5241 crastino
1677 5186 1800 5242 red-

207 5269 363 5327 deret
396 5285 524 5326 cum
548 5270 757 5339 iustitia
792 5268 975 5339 .Quod
1004 5270 1050 5326 si
1074 5287 1214 5342 pons
1256 5288 1357 5343 per
1383 5273 1667 5341 incuriam,
1711 5280 1805 5330 aut

206 5355 524 5415 imminente
568 5358 774 5430 impetu
810 5375 985 5431 aquae,
1034 5359 1199 5417 fuerit
1234 5361 1570 5424 destructus.
1603 5371 1658 5419 et
1693 5378 1798 5419 no-

206 5444 405 5504 luerint
431 5448 736 5515 restituere,
778 5448 947 5504 abbas
987 5448 1175 5505 Sancti
1222 5450 1454 5521 Arnulii,
1500 5450 1688 5509 redeat
1732 5451 1804 5507 ad

208 5548 497 5616 pristinam
548 5547 717 5603 banni
778 5547 860 5604 sui
915 5548 1382 5616 consuetudinem,
1433 5557 1487 5606 et
1532 5550 1806 5608 abbatissa

209 5636 278 5691 ad
325 5653 551 5695 suarum
604 5636 824 5693 navium
882 5638 1331 5694 transmeantium
1380 5640 1803 5712 antiquitatem;

213 5731 266 5780 et
296 5728 536 5783 eradicet
579 5733 786 5781 statuas
838 5724 1006 5798 ipsius
1047 5727 1249 5799 pontis,
1290 5744 1361 5783 ne
1416 5728 1524 5784 sint
1566 5728 1803 5800 impedi-

214 5827 395 5872 mento
418 5817 727 5887 piscaturae,
760 5814 848 5869 vel
877 5815 1104 5869 navibus
1133 5816 1347 5872 abbatis
1370 5817 1551 5876 Sancti
1572 5817 1804 5875 Arnulti.

214 5903 287 5960 Ut
313 5922 444 5965 vero
465 5906 585 5965 hzec
612 5910 800 5965 nostra
827 5905 1132 5963 communis
1161 5904 1406 5965 difﬁnitio
1435 5914 1557 5967 rata
1595 5913 1650 5965 et
1686 5909 1810 5989 staf

1867 637 2204 708 rographum
2253 634 2544 701 conscribi,
2612 644 2876 706 quatenus
2932 644 3164 709 utraque
3237 638 3459 695 abbatia

1865 730 2021 786 istius
2071 724 2425 796 chirographi
2481 731 2691 792 partem
2747 724 2961 789 habent,
3005 725 3073 780 ad
3130 728 3459 784 confirman-

1867 828 1998 882 dum
2035 824 2195 894 hujus
2232 828 2431 877 nostra:
2471 818 2808 875 diﬂinitionis
2847 823 3164 894 perpetuale
3204 827 3459 884 testimo-

1868 914 2019 970 nium
2032 953 2045 966 .

1939 1003 2061 1075 Ego
2104 1000 2263 1068 Piso,
2303 995 2576 1052 Tullensis
2617 993 2879 1053 Ecclesiae
2915 1002 3135 1071 praesul,
3175 1003 3417 1075 signavi.

1940 1101 2092 1171 Sign.
2135 1096 2430 1168 primicerii
2471 1095 2736 1166 Hugonis.

1941 1189 2096 1259 Sign.
2137 1184 2404 1240 Lamberti
2442 1182 2833 1238 archidiaconi.

1943 1277 2096 1349 Sign.
2138 1272 2383 1346 Hugonis
2422 1271 2633 1327 archid.

1944 1365 2078 1436 Sign
2092 1405 2105 1417 .
2146 1360 2389 1418 Odelrici
2417 1360 2629 1416 archid.

1942 1457 2078 1509 Item
2117 1452 2259 1523 sign.
2303 1448 2539 1505 Odelrici
2579 1451 2769 1506 archid

1945 1544 2099 1615 Sign.
2142 1539 2405 1595 Friderici
2444 1538 2682 1595 comitis.

1943 1640 2107 1709 Sign.
2156 1636 2398 1693 Odelrici
2436 1636 2686 1692 advocati
2725 1638 2792 1693 de
2829 1639 3093 1698 Nanceio.

1946 1728 2099 1797 Sign.
2142 1725 2346 1781 Alberti
2361 1766 2373 1777 .

1948 1815 2101 1889 Sign.
2143 1813 2361 1870 Henrici
2399 1814 2671 1869 advocati.

1796 1889 1849 1947 Β
1953 1906 2107 1977 Sign.
2148 1902 2395 1975 Hugonis
2426 1902 2612 1958 villici.

1950 1994 2105 2066 Sign.
2147 1991 2443 2062 Bereugeri
2480 1992 2756 2047 advocati.
2830 1999 2835 2005 '

1950 2086 2069 2155 Ego
2107 2081 2284 2154 gratia
2342 2080 2439 2135 Dei
2479 2081 2843 2137 Herimannus
2894 2086 3152 2143 Metensis
3211 2092 3472 2151 Ecclesia:

1879 2173 2188 2244 episcopus,
2230 2170 2460 2225 consilio
2498 2178 2809 2225 nostrorum
2849 2172 3089 2230 ﬁdelium
3130 2178 3361 2238 laudavi.

1951 2269 2105 2339 Sign.
2140 2266 2429 2321 Alberonis
2477 2267 2751 2337 primicer.

1954 2358 2107 2428 Sign.
2156 2355 2377 2410 Richeri
2416 2355 2608 2410 decani
2645 2365 2697 2411 et
2731 2359 3121 2418 archidiaconi.

1953 2446 2111 2517 Sign.
2159 2443 2414 2497 Walonis
2445 2444 2656 2499 abbatis
2695 2446 2881 2503 Sancti
2912 2451 3150 2508 Arnulti.

1955 2543 2109 2615 Sign.
2152 2540 2408 2595 Gervaldi
2445 2543 2836 2600 archidiaconi.

1956 2638 2088 2709 Sign
2102 2678 2115 2690 .
2166 2631 2430 2689 Johannis
2470 2632 2676 2686 aerarii.

1957 2728 2090 2799 Sign
2104 2767 2117 2779 .
2158 2723 2390 2780 Folmari
2430 2721 2663 2777 cornitis.

1958 2817 2111 2888 Sign.
2151 2811 2429 2870 Menzonis
2468 2809 2752 2866 advocati.

1957 2906 2118 2976 Sign.
2156 2901 2432 2959 Chunonis
2471 2900 2541 2954 de
2581 2900 2892 2957 Tincherei.

1959 2995 2089 3065 Sign
2106 3033 2118 3046 .
2156 2990 2458 3047 Haimouis.

1961 3092 2121 3162 Sign.
2169 3087 2430 3145 Everardi
2466 3087 2535 3142 de
2575 3086 2882 3142 Asmantia.

1962 3180 2117 3251 Sign.
2160 3178 2418 3233 Alberici.

1962 3270 2096 3341 Sign
2110 3311 2122 3323 .
2174 3268 2411 3324 Ottonis.

1966 3359 2120 3430 Sign.
2165 3355 2457 3413 Lamberti.

1962 3446 2116 3519 Sign.
2163 3445 2409 3501 Dodonis
2423 3485 2436 3498 .

1962 3536 2015 3591 Si
2022 3553 2093 3609 gn
2109 3576 2121 3588 .
2170 3534 2394 3590 Gerardi
2410 3574 2423 3587 .

1962 3636 2165 3690 Actum
2188 3632 2328 3688 'l‘ulli
2349 3631 2567 3702 publice
2598 3647 2743 3689 anno
2771 3632 3068 3691 Dominicm
3098 3636 3492 3701 Incarnationis

1894 3724 2054 3787 1073,
2088 3720 2384 3776 indictione
2414 3735 2487 3784 χι,
2522 3735 2581 3774 ιιι
2606 3722 2838 3776 Kalend.
2867 3724 3009 3790 Maii,
3042 3739 3307 3800 regnante
3337 3734 3491 3789 Hen-

1894 3812 2011 3867 rico
2029 3811 2234 3879 juvene
2264 3811 2629 3865 Romanorum
2652 3826 2804 3881 rege,
2825 3812 3110 3869 ducamem
3143 3821 3297 3890 regni
3319 3822 3490 3878 Theo-

1891 3899 2075 3955 derico
2102 3898 2243 3954 duce
2278 3905 2506 3969 regente
2520 3937 2532 3951 .

1966 3998 2103 4051 Data
2142 4012 2240 4067 per
2277 4012 2469 4049 manus
2498 3995 2808 4051 cancellarii
2848 4007 2901 4054 et
2938 4003 3307 4060 archidiaconi
3337 4009 3495 4065 Wal-

1896 4084 2018 4154 teri,
2077 4084 2495 4155 astipulantibus
2546 4084 2759 4140 idoneis
2808 4092 3191 4162 suprascriptis
3232 4097 3483 4155 testibus.

2669 4203 2764 4257 III.

1902 4300 2266 4369 Confirmatio
2294 4299 2720 4372 privilegiomm
2742 4303 3029 4372 prioratus
3061 4307 3127 4364 de
3156 4310 3490 4371 Asmantia.

2493 4398 2673 4467 (Anno
2715 4400 2910 4470 1078.)

2382 4511 2541 4583 [Dom
2582 4511 2832 4582 CALMET,
2874 4516 2988 4573 ibid
2995 4519 3032 4587 .]

1984 4628 2043 4681 In
2064 4626 2283 4682 nomine
2315 4625 2509 4692 Patris,
2542 4635 2595 4682 et
2625 4628 2763 4693 Filii,
2798 4639 2852 4685 et
2881 4631 3106 4703 spiritus
3133 4641 3329 4696 sancti.
3359 4644 3500 4701 Utile

1905 4730 2254 4787 summopere
2291 4722 2344 4770 et
2380 4716 2759 4771 necessarium
2800 4726 2883 4774 est
2909 4724 3211 4782 rectoribus
3242 4730 3502 4789 ecclesia-

1905 4820 2029 4858 rum
2067 4813 2341 4875 gestarum
2371 4819 2553 4859 rerum
2594 4804 2982 4875 dispositiones
3009 4812 3080 4866 ad
3118 4817 3368 4873 notitiam
3395 4837 3501 4890 po-

1907 4900 2171 4949 sterorum
2206 4892 2501 4947 litterarum
2551 4894 2834 4950 memoriae
2873 4895 3162 4956 iirnissime
3216 4920 3503 4964 commen-

1903 4981 2049 5036 dare.
2083 4982 2391 5036 Innotescat
2437 4980 2597 5051 igitur
2624 4981 2895 5038 universis
2924 4995 3130 5043 sanctae
3162 4995 3354 5048 matris
3387 4997 3505 5054 Ec-

1906 5070 2089 5126 clesiae
2128 5069 2251 5123 ﬁliis
2309 5077 2361 5124 et
2400 5068 2660 5124 fratribus
2698 5072 2955 5143 quoniam
3002 5092 3106 5147 ego
3149 5080 3278 5136 Pibo
3323 5086 3505 5154 gratia

1908 5167 2009 5223 Dei
2052 5165 2323 5222 Tullensis
2361 5166 2673 5240 episcopus.
2734 5171 2994 5240 precibus
3026 5180 3081 5228 et
3110 5177 3289 5245 gratia
3328 5183 3500 5238 comi-

1907 5264 2053 5319 tissae
2092 5263 2308 5335 Sophiae
2332 5263 2545 5320 dilectae
2585 5264 2709 5321 filim
2745 5274 2964 5334 nostrae,
2995 5273 3286 5341 quamdam
3316 5278 3502 5336 eccle-

1910 5352 2053 5410 siam
2080 5353 2137 5407 in
2186 5353 2394 5409 honore
2435 5353 2611 5410 beatae
2639 5354 2844 5420 Mariae,
2878 5372 3038 5428 quam
3067 5359 3190 5431 ipsa
3232 5380 3264 5418 a
3301 5363 3504 5423 funda-

1910 5449 2093 5498 mento
2147 5448 2548 5509 construxerat,
2598 5445 2935 5502 consecravi.
2996 5447 3105 5504 Sed
3153 5450 3277 5522 quia
3333 5468 3505 5524 paro-

1906 5537 2088 5595 chiani
2142 5537 2440 5593 Asmantia:
2508 5538 2702 5609 priscis
2750 5542 3085 5611 temporibus
3140 5546 3370 5617 subjecti
3432 5554 3505 5610 ad

1910 5626 2508 5683 Domnum-Martinum
2557 5628 2787 5693 fuerant,
2852 5630 2991 5685 sicut
3020 5640 3075 5687 et
3125 5633 3357 5693 aliarum
3387 5641 3504 5696 cir-

1909 5716 2334 5785 cumiacentium
2359 5715 2631 5783 villarum,
2651 5717 3117 5791 scilicetdeLayo,
3158 5723 3227 5780 de
3274 5726 3509 5786 (Emunt

1913 5815 2101 5882 [alia-5,
2135 5812 2202 5869 de
2226 5814 2497 5882 Eumont],
2532 5815 2600 5870 de
2627 5814 2915 5886 Blanzeyo,
2949 5817 3087 5873 etde
3127 5820 3418 5895 Secbamp,
3451 5837 3506 5884 et

1914 5923 2056 5989 nunc
2076 5915 2129 5967 et
2156 5907 2235 5966 illi
2264 5908 2333 5966 de
2355 5910 2642 5967 Asmentia
2669 5919 2723 5970 et
2741 5910 2812 5968 de
2835 5912 3116 5984 praedictis
3150 5917 3299 5985 viﬂis
3317 5936 3507 5981 omnes
