3882 6414
415 423 515 480 623
1529 402 1805 463 PIBONIS
1840 400 2047 460 EPISC‘

2198 395 2589 456 TULLENSIS
3633 386 3756 444 ηι

416 548 581 608 certis
611 562 677 603 ex
708 540 893 602 causis
929 556 961 598 a
1001 537 1097 597 tali
1153 532 1491 607 subjectione
1557 528 1749 589 remoti
1806 536 1957 587 erant
1987 568 2001 598 ,
2031 527 2089 593 A
2117 524 2433 602 gnoscimus
2464 530 2516 580 et
2544 518 2858 587 laudamus,
2883 522 2935 575 et
2960 513 3322 587 impressione
3350 510 3536 588 sigilli
3567 511 3756 568 nostri

417 638 647 698 consilio
693 635 956 691 nobilium
992 646 1211 686 suorum
1243 623 1460 699 rogavit
1491 640 1593 679 nos
1624 619 1883 694 praedicta
1914 634 2013 676 co-
2122 598 2179 673 in
2209 623 2532 689 perpetuum
2562 607 2995 669 conservandam
3042 606 3394 663 anathemate
3428 598 3755 661 conﬁrma-

417 734 629 790 mitissa
669 729 871 801 Sophia
918 736 975 781 ut
1028 724 1158 797 quid
1201 722 1363 793 juris,
1405 720 1500 792 qui
1546 716 1794 774 ecclesiae
1836 718 2015 771 Beatee
2123 724 2264 762 mus.

420 824 608 881 Mariae
634 785 994 880 deservirem,
1026 785 1368 875 habuissent,
1401 785 1487 866 vel
1539 807 1775 862 habituri
1805 814 2012 870 essent,
2197 796 2421 869 Signum
2452 789 2686 867 ,Pibonis
2714 785 2976 861 episcOpi.

420 913 505 971 vel
537 909 738 984 quibus
775 923 841 962 ex
872 872 1049 962 causis
1082 872 1400 973 parochiani
1427 898 1495 953 de
1524 895 1806 952 Asmantia
1831 911 1862 948 a
1892 893 2018 947 sub-
2198 886 2351 957 Sign.
2384 881 2616 937 Alberici
2645 879 2778 935 abb.
2818 875 3009 932 Sancti
3042 872 3328 930 Mansueti.

418 982 658 1073 jectione
713 994 911 1051 Domni
965 990 1188 1047 Martini
1246 987 1436 1044 remoti
1484 991 1687 1051 essent,
1734 1000 1802 1038 ne
1833 982 2019 1054 aliqua

422 1096 694 1157 contentio
737 1094 823 1149 vel
888 1089 1268 1149 controversia
1331 1087 1388 1141 in
1442 1093 1725 1157 posterum
1759 1080 2014 1147 oriretur,

422 1189 621 1258 scripto
653 1182 1039 1238 mandaremus
1052 1220 1066 1235 .

490 1292 718 1351 Noverit
750 1290 915 1362 igitur
939 1286 1119 1344 omnis
1149 1284 1441 1342 ecclesiam
1475 1282 1651 1336 beatas
1678 1278 1865 1334 Maria:
1896 1290 2018 1332 cum

424 1400 520 1440 sua
550 1381 761 1450 capella
788 1380 856 1434 de
895 1386 1075 1434 castro
1104 1376 1179 1431 ita
1204 1375 1436 1429 liberam
1465 1387 1498 1426 a
1526 1368 1763 1425 dominis
1785 1375 1838 1422 et
1869 1365 2020 1437 prin-

422 1482 637 1555 cipibus
663 1477 823 1534 castri
870 1476 1047 1531 taliter
1081 1472 1431 1530 constitutam
1486 1468 1674 1532 fuisse,
1733 1464 1880 1537 quod
1918 1477 2023 1518 nec

423 1550 668 1635 censum,
702 1582 804 1623 nec
834 1572 1146 1636 respectum
1175 1561 1416 1632 aliquem
1470 1555 1735 1612 Ecclesiae
1781 1550 2022 1607 Tullensi

423 1661 637 1716 debeat.
670 1657 748 1711 Ita
774 1662 831 1709 ut
860 1664 1039 1708 tamen
1078 1650 1227 1723 quod
1277 1648 1511 1705 clericus
1539 1661 1573 1700 a
1602 1642 1879 1701 comitissa
1937 1639 2025 1695 vel

425 1745 843 1804 successoribus
886 1741 1006 1814 ejus
1035 1740 1105 1795 de
1156 1737 1455 1810 praebenda
1483 1735 1657 1789 beatae
1693 1731 1881 1787 Marias
1932 1729 2022 1783 in-

423 1847 653 1904 vcstitus
678 1842 896 1898 Tullum
926 1837 1126 1903 veniet,
1151 1844 1207 1891 et
1235 1851 1268 1890 a
1298 1834 1434 1890 sede
1465 1840 1652 1887 nostra
1682 1845 1869 1887 curam
1900 1826 2024 1883 ani-

423 1950 640 1990 marum
670 1929 949 2001 suscipiet,
981 1936 1035 1983 et
1063 1941 1165 1997 pro
1194 1921 1596 1980 Christianitate
1650 1915 2028 1976 conservanda

425 2033 738 2088 ﬁdelitatem
772 2028 951 2084 faciet.
984 2025 1196 2095 Quibus
1223 2022 1369 2079 enim
1400 2037 1465 2076 ex
1495 2019 1677 2076 causis
1715 2014 2032 2085 parochiani

429 2133 499 2189 de
524 2128 807 2188 Asmantia
821 2142 854 2182 a
870 2123 1216 2196 subjectione
1236 2118 1671 2176 Domni-Martini
1688 2116 1879 2172 remoti
1902 2115 2030 2183 sint,

431 2231 571 2287 sicut
597 2228 667 2283 ab
696 2227 817 2298 ipsa
846 2222 1127 2280 comitissa
1165 2218 1252 2274 vel
1283 2217 1536 2272 fidelibus
1574 2216 1693 2285 ejus
1721 2213 2031 2281 didicimus,

431 2318 665 2374 fideliter
732 2312 1041 2369 scribimus.
1100 2306 1474 2364 Theodericus
1541 2305 1669 2370 dux,
1737 2302 2036 2359 comitissa;

433 2424 595 2471 avus,
629 2403 722 2477 qui
744 2403 871 2472 jure
901 2397 1249 2455 haereditario
1296 2394 1481 2451 comiti
1512 2393 1762 2449 Folmaro
1813 2392 1868 2446 in
1925 2395 2035 2446 As-

434 2495 639 2552 mantia
677 2489 963 2555 successit,
1007 2487 1244 2541 mediam
1280 2492 1493 2556 partem
1544 2482 1882 2537 decimarum
1938 2495 2036 2536 ec-
2892 2481 2991 2536 1V.

435 2584 617 2641 clesize
640 2576 1107 2636 Domini-Martini
1136 2576 1241 2629 hoc
1281 2580 1443 2644 pacto
1472 2570 1619 2626 dedit
1664 2579 1718 2625 et
1746 2569 2037 2639 concessit,

437 2689 495 2737 ut
523 2678 810 2751 presbyter
858 2674 927 2729 de
960 2669 1437 2728 Domno-Martino
1466 2668 1521 2722 in
1551 2667 1797 2723 Sabbato
1840 2676 2041 2723 sanctas

443 2777 666 2835 Pascha:
685 2774 866 2830 oleum
900 2780 953 2828 et
996 2771 1245 2827 chrisma
1300 2767 1584 2839 capellano
1634 2768 1815 2822 Beatae
1856 2765 2043 2821 Maria

443 2868 623 2931 duret,
657 2870 714 2918 et
741 2861 795 2915 in
829 2859 1085 2915 omnibus
1114 2856 1337 2930 synodis
1363 2865 1415 2910 et
1443 2854 1693 2911 conciliis
1724 2871 1822 2925 per
1847 2854 2044 2909 omnia
2222 2883 2283 2937 ιη
2315 2880 2538 2936 nomine
2569 2886 2772 2934 sancta,
2802 2883 2855 2932 et
2884 2872 3181 2929 individua,
3207 2865 3499 2933 Trinitatis,
3541 2862 3746 2927 Patris,

444 2974 497 3020 et
535 2977 632 3034 pro
692 2961 812 3053 ίῖζδλ
855 2957 1071 3053 ξίθθίηω
1118 2955 1298 3053 "75‘"?
1354 2953 1695 3053 capeua‘mm
1726 2960 2044 3051 excusat“?
2150 2979 2203 3026 et
2230 2969 2366 3039 Filii,
2426 2976 2480 3024 et
2528 2967 2760 3038 Spiritus
2818 2963 2990 3020 sancti
3015 2963 3165 3029 Piso,
3190 2958 3289 3013 Dei
3316 2954 3508 3030 gratia,
3542 2959 3750 3008 sanctae

446 3047 1097 3146 hab?'33°_P"m"F°ess°“
1124 3051 1330 3146 enim!“
1370 3058 1525 3142 ³³⁸9⁵
1554 3042 1715 3142 bona?
1742 3040 2048 3146 fuemori‘e
2153 3058 2425 3114 Tullensis
2455 3056 2707 3113 ecclesiae
2750 3054 3060 3125 episcopus,
3112 3047 3389 3104 universis
3435 3045 3490 3099 in
3530 3042 3751 3099 Christo

448 3139 772 3197 Bertholdus
795 3135 1107 3243 episcopus,
1156 3133 1225 3187 ad
1255 3131 1574 3187 memoriam
1621 3130 1866 3202 pristinze
1912 3130 2047 3184 sub-
2155 3147 2361 3204 renatis
2390 3145 2592 3202 Christi
2622 3160 2812 3216 pacem
2845 3151 2898 3197 et
2927 3155 3187 3213 regnum,

449 3232 461 3243 ο
536 3229 567 3243 --
650 3227 660 3238 ο
764 3225 781 3243 γι
832 3241 847 3243 -
870 3242 881 3243 γ
963 3239 980 3243 -
1053 3222 1255 3243 -.2-μ--
1340 3220 1401 3243 -J
1462 3222 1731 3243 n-_...--...
1762 3218 2045 3243 lf--n:_...~.
2431 3234 2451 3243 -
2769 3233 2779 3243 .
2962 3230 2972 3240 ι
3008 3231 3017 3240 ι
3091 3227 3160 3243 ηι-

445 3227 695 3302 jectionis
750 3225 887 3281 duas
955 3222 1257 3279 oblationes
1338 3220 1406 3275 ad
1462 3218 2045 3275 Domnum—Martinum
2077 3246 2128 3312 Ο
2229 3240 2400 3292 Amm.
2428 3234 2618 3291 {Mum
2649 3233 2852 3305 patrm,
2886 3230 2977 3303 qui
3005 3231 3060 3283 in
3090 3227 3319 3282 ﬁliorum
3351 3222 3451 3278 Dei
3480 3218 3750 3277 cordibus

2198 982 2357 1054 Sign.
2398 977 2653 1036 Riehardi
2687 976 2820 1031 abb.
2861 973 3042 1029 Sancti
3069 972 3218 1044 Apri.

2197 1072 2352 1144 Sign.
2385 1067 2634 1141 Hugonis
2664 1064 2981 1137 primicerii.

2200 1162 2353 1231 Sign.
2386 1157 2597 1229 Riquini
2617 1152 3010 1210 archidiaconi.

2201 1250 2357 1322 Sign.
2391 1245 2648 1316 Stephani
2676 1240 3077 1298 archidiaconi.

2200 1348 2330 1420 Sign
2347 1388 2359 1401 .
2400 1343 2643 1400 Dodonis
2670 1340 2885 1397 decani.

2204 1437 2365 1510 Sign.
2404 1431 2730 1489 Theoderici
2760 1425 3127 1485 archidiaconi
3155 1429 3211 1481 et
3240 1422 3593 1482 cancellarii.

2204 1526 2359 1599 Sign.
2417 1522 2552 1576 Ibini
2588 1517 2815 1576 scabinii
2828 1559 2840 1571 .

2204 1624 2364 1698 Sign.
2404 1619 2730 1677 Theoderici
2752 1616 2993 1674 comitis.

2205 1715 2360 1786 Sign.
2394 1709 2649 1769 Rainardi
2684 1707 2919 1764 comitis.

2207 1803 2361 1873 Sign.
2392 1799 2593 1855 Wirici
2623 1798 2691 1853 de
2714 1796 2951 1851 Belrain.

2054 1888 2109 1949 B
2213 1892 2373 1965 Sign.
2412 1889 2615 1945 Wirici
2644 1887 2713 1942 de
2743 1885 3025 1941 Dannbre.

2210 1982 2365 2055 Sign.
2396 1977 2651 2035 Walterii
2680 1984 2732 2031 et
2760 1972 2970 2029 Arnulﬁ
2999 1970 3254 2027 fratrum.

2212 2081 2352 2135 Acta
2382 2084 2509 2133 sunt
2544 2077 2662 2130 haec
2689 2074 2825 2128 Tulli
2855 2073 2910 2126 in
2946 2070 3144 2141 majori
3191 2065 3452 2133 ecclesia,
3494 2078 3650 2118 anno
3679 2061 3750 2116 ab

2141 2167 2522 2225 Incarnatione
2556 2167 2692 2219 1076
2737 2161 2902 2217 indic.
2934 2175 3043 2225 XIV,
3076 2154 3443 2212 ordinationis
3473 2168 3610 2209 vero
3642 2167 3750 2205 no.

2142 2266 2267 2313 atrae
2295 2274 2349 2322 x,
2381 2256 2687 2325 imperante
2716 2249 2953 2306 Henrico
2984 2248 3078 2313 III,
3111 2252 3375 2317 regnante
3402 2259 3502 2314 per
3545 2242 3753 2296 sarcula

2142 2346 2375 2402 Domino
2406 2345 2533 2399 Jesu
2563 2341 2777 2397 Christo
2806 2338 3052 2394 feliciter.
3087 2337 3291 2390 Amen.

2390 2610 2598 2667 Charta
2616 2623 2715 2680 pro
2745 2604 2983 2662 ecclesia
3017 2600 3220 2660 Sancti
3248 2597 3503 2656 Deodati.

2530 2736 2702 2811 [ϐαὶι.
2738 2734 2944 2791 Christ.
2976 2730 3127 2796 XIII,
3160 2730 3255 2784 Pr.
3283 2723 3433 2797 £72.]

451 3342 669 3402 quoquo
724 3339 867 3380 anno
928 3320 1179 3377 ferendas
1234 3320 1487 3388 instituit,
1547 3327 1598 3375 et
1659 3318 1790 3391 quia
1848 3318 1927 3373 illi
1981 3319 2051 3374 de

457 3414 738 3474 Asmantia
778 3411 901 3467 duri
957 3414 1013 3466 et
1058 3409 1270 3464 feroces
1326 3424 1546 3478 semper
1588 3408 1928 3475 exstiterant,
1978 3410 2053 3466 ita

454 3516 513 3563 ut
543 3503 962 3561 archidiaconus
1018 3498 1104 3553 vel
1125 3498 1365 3553 dccanus
1395 3497 1595 3569 aliquis
1624 3498 1889 3568 oppidum
1954 3516 2052 3556 eo-

454 3611 577 3652 rum
606 3602 716 3648 tam
744 3605 912 3647 causa
942 3587 1163 3642 minime
1193 3586 1421 3641 auderet
1467 3586 1702 3651 intrare,
1754 3588 1859 3643 hoc
1905 3587 2053 3643 simi-

452 3686 578 3743 liter
596 3683 739 3737 idem
771 3678 1062 3751 episcopus
1089 3675 1385 3745 constituit,
1418 3683 1476 3729 ut
1504 3674 1574 3730 ad
1605 3676 2055 3733 Domuum-Mar-

454 3783 621 3840 tinam
652 3779 722 3834 ad
761 3777 1027 3849 synodum
1071 3781 1406 3829 vocarentur
1454 3780 1506 3828 et
1559 3773 1725 3829 irent.
1792 3774 2055 3833 Praeterea

456 3868 779 3928 muneribus
809 3863 1137 3936 etprecibus
1166 3862 1337 3933 ipsius
1384 3861 1709 3919 Theoderici
1751 3862 1906 3919 ducis
1964 3864 2052 3920 in-

456 3967 770 4040 terpellatus
800 3962 963 4018 laude
995 3970 1051 4016 et
1087 3976 1318 4016 assensu
1348 3960 1667 4032 Berengarii
1709 3961 1859 4017 illius
1889 3963 2055 4019 castri

455 4053 843 4121 archidiaconi,
875 4058 930 4106 et
976 4046 1335 4107 concessione
1362 4049 1447 4104 sui
1502 4049 1748 4121 capituli,
1783 4050 1839 4105 in
1894 4052 2054 4122 plena

459 4156 669 4231 synodo
689 4150 984 4217 constituit,
1020 4146 1149 4205 etin
1177 4156 1453 4220 posterum
1493 4148 1785 4204 tenendum
1844 4151 2054 4207 censuit

459 4256 519 4304 ut
539 4244 738 4301 nullam
770 4238 1183 4309 subjectionem,
1226 4237 1315 4294 vel
1362 4236 1764 4306 redibitionem,
1812 4240 1898 4296 vel
1953 4257 2052 4297 ex-

459 4336 731 4392 actionem
760 4330 998 4402 aliquam
1027 4326 1257 4384 ecclesia
1315 4327 1779 4383 Domini-Martini
1835 4330 1905 4384 ab
1962 4345 2053 4387 ec-

459 4434 629 4492 clesia
675 4433 853 4487 Beataa
892 4427 1093 4494 Maria),
1139 4426 1287 4482 vela
1319 4425 1661 4498 parochianis
1690 4427 1808 4496 ejus
1855 4428 2049 4498 exqui-

460 4529 602 4581 reret
630 4521 717 4577 vel
744 4518 972 4573 haberet
1000 4515 1253 4587 amplius.
1315 4516 1485 4587 Igitur
1513 4515 1788 4570 comitissa
1845 4516 2051 4587 SOphia

2161 3326 2455 3398 plurimum
2488 3331 2746 3380 exaestuat
2790 3322 2858 3376 de
2912 3316 3192 3391 praesentis
3222 3311 3477 3371 Ecclesiae
3530 3325 3663 3367 cura
3698 3313 3750 3362 et

2161 3414 2635 3471 administratione
2668 3410 2954 3483 vigilanter
2970 3407 3249 3471 deliberat,
3272 3411 3528 3472 tantoque
3557 3406 3751 3469 poten-

2163 3506 2268 3561 tius
2298 3520 2416 3561 eam
2462 3504 2605 3559 fovet
2642 3511 2692 3557 et
2726 3497 3102 3570 amplectitur,
3149 3509 3256 3566 quo
3316 3489 3568 3562 agnoscit
3626 3486 3749 3558 quia

2164 3611 2229 3652 eo
2262 3594 2408 3667 quod
2438 3592 2699 3663 suSpirat,
2733 3604 2839 3645 non
2872 3586 2979 3643 alio
2996 3584 3142 3641 modi
3166 3581 3373 3638 felicius
3401 3575 3744 3649 pervenitur:

2164 3700 2218 3749 et
2245 3708 2349 3748 nos
2379 3705 2515 3763 ergo
2540 3704 2640 3760 pro
2686 3687 2899 3743 ratione
2941 3682 3116 3740 nostri
3160 3679 3302 3736 ofﬁci
3328 3678 3385 3734 in
3414 3676 3481 3731 iis
3530 3689 3652 3747 quae
3678 3670 3748 3726 ad

2163 3797 2264 3836 nos
2302 3761 2576 3852 pertinent
2617 3784 2951 3849 satagentes,
2996 3769 3243 3828 ecclesiae
3297 3782 3510 3839 quoque
3567 3761 3751 3817 Sancti

2167 3850 2418 3935 Deodati,
2452 3881 2573 3940 quas
2596 3867 2651 3921 in
2682 3864 2906 3920 tuitione
2935 3869 3122 3917 nostra
3160 3855 3393 3912 similem
3426 3866 3612 3909 curam
3641 3850 3745 3904 im-

2160 3965 2471 4039 pendimus,
2506 3960 2989 4033 ecclesiamquede
3038 3951 3346 4026 S.Remigii
3372 3958 3571 4016 monte,
3591 3961 3745 4017 quam

2159 4035 2276 4108 dux
2302 4050 2674 4108 Theodericus
2705 4048 2797 4102 diu
2828 4062 2927 4116 per
2942 4041 3254 4098 invasiones
3276 4035 3595 4096 obtinuerat,
3618 4040 3746 4086 tem-

2160 4159 2291 4215 pore
2320 4139 2630 4198 Reimbaldi
2662 4136 2907 4209 praefata:
2927 4131 3174 4189 ecclesiae
3189 4123 3482 4200 praepositi,
3505 4119 3746 4193 synodali

2154 4232 2362 4305 judicio
2392 4240 2445 4287 et
2473 4224 2776 4286 canonic'ali
2803 4221 3147 4283 auctoritate,
3181 4217 3349 4289 ipsius
3379 4226 3591 4287 quoque
3620 4225 3745 4281 pree-

2158 4298 2324 4395 positi
2351 4320 2521 4392 legali
2561 4314 3016 4387 comprobatione
3050 4315 3426 4379 recuperatam
3447 4298 3744 4374 praebenda:

2156 4410 2383 4466 fratrum
2412 4410 2469 4463 in
2499 4415 2817 4479 perpetuum
2850 4399 3263 4459 concessimus:
3294 4393 3417 4468 quia
3446 4405 3576 4446 vero
3606 4387 3744 4458 ejus-

2156 4501 2280 4556 dem
2311 4477 2562 4556 ecclesiae
2599 4477 2771 4551 frater
2803 4492 3096 4564 episcopus
3140 4485 3225 4542 sui
3269 4484 3436 4540 altare
3481 4477 3742 4550 acquisita;

459 4610 751 4671 ecclesiam
797 4608 975 4663 Beatze
1028 4604 1232 4667 Mariae.
1265 4620 1295 4658 a
1325 4603 1506 4670 nobis,
1565 4612 1623 4658 ut
1675 4570 2050 4675 ριοαεάῑχίάιυε,
2082 4612 2133 4672 D
2167 4589 2416 4646 ecclesia:
2444 4588 2497 4641 in
2521 4584 2842 4641 memoriam
2875 4581 2982 4636 mei
3002 4577 3187 4634 obitus
3207 4589 3305 4631 oer
3324 4570 3564 4642 singulos
3582 4581 3741 4621 annos

459 4701 792 4764 dedicatam,
828 4710 993 4767 quam
1022 4694 1144 4765 ipsa
1173 4707 1373 4748 novam
1403 4692 1473 4748 de
1525 4692 1698 4748 veteri
1730 4693 2043 4750 reddiderat

463 4797 596 4855 satis
641 4792 888 4867 plenarie
917 4791 1177 4861 diligens,
1234 4788 1372 4845 duos
1402 4804 1622 4845 mansos
1651 4789 1785 4845 inibi
1815 4808 1845 4845 a
1884 4757 2068 4863 priscd

462 4908 706 4968 tempore
735 4894 895 4947 datos
924 4904 1025 4961 pro
1056 4888 1404 4960 eleemosyua
1450 4891 1509 4942 ut
1532 4887 1764 4943 ecclesia
1819 4890 2067 4959 posside-

462 4996 566 5052 ret,
598 4986 834 5039 libenter
862 4978 1154 5045 concessit,
1188 4986 1243 5032 et
1272 4978 1325 5030 in
1356 4984 1649 5049 augmento
1703 4977 2066 5051 eleemosynae

465 5078 594 5132 item
625 5074 764 5129 alios
810 5070 949 5125 duos
1007 5082 1247 5132 mansos,
1300 5082 1421 5122 cum
1471 5066 1682 5121 duabus
1728 5067 1955 5132 ancillis,
2016 5076 2074 5125 et

468 5181 577 5222 uno
607 5176 785 5227 servo,
818 5174 885 5215 eo
916 5164 1106 5213 tenore
1150 5172 1257 5227 quo
1296 5155 1413 5226 ipsa
1465 5155 1691 5210 tenebat
1737 5156 1897 5212 laude
1951 5156 2068 5235 ﬁllii

469 5260 552 5318 sui
580 5257 799 5317 comitis
835 5253 1181 5321 Theoderici,
1216 5252 1367 5307 dedit
1405 5246 1474 5306 ad
1512 5253 1687 5307 altare
1738 5253 1920 5309 Beata:
1950 5255 2067 5309 Ma-

470 5351 591 5413 riae;
615 5348 765 5403 dedit
795 5352 849 5401 et
873 5358 1070 5399 omnes
1099 5342 1343 5398 decimas
1387 5356 1618 5414 grossas
1651 5350 1705 5397 et
1734 5343 1969 5399 minutas
1999 5343 2069 5401 de

472 5446 653 5493 castro
682 5442 737 5489 et
764 5432 989 5502 oppido.
1022 5429 1230 5486 scilicet
1253 5429 1321 5485 de
1340 5429 1593 5485 omnibus
1617 5430 2068 5500 dominucatnris,

473 5523 541 5580 de
570 5520 904 5584 censalibns,
945 5519 1014 5574 de
1071 5518 1392 5591 arigalibus,
1442 5518 1512 5573 de
1543 5519 1896 5591 styrpalibus.
1953 5521 2069 5578 Nos

472 5618 655 5693 itaque
682 5633 785 5689 pro
812 5618 1021 5672 honore
1072 5616 1170 5671 Dei
1226 5615 1521 5671 Genitricis
1584 5619 1762 5673 Mariae
1821 5618 1924 5675 tale
1966 5619 2069 5675 do-

471 5722 600 5765 num
633 5706 925 5762 laudamus
949 5709 1001 5759 et
1031 5704 1440 5769 conﬁrmamus,
1475 5705 1781 5761 libertatem
1804 5716 1855 5762 et
1885 5709 2071 5766 eccle-

479 5806 575 5861 siae
605 5807 660 5859 in
687 5801 985 5875 praesentia
1012 5810 1199 5855 nostra
1219 5801 1529 5857 testimonio
1565 5802 1857 5859 multorum
1911 5806 2074 5863 nobi-

480 5888 611 5949 lium
642 5902 695 5949 et
728 5886 1056 5963 ignobilium
1121 5889 1457 5960 recognitam
1500 5897 1553 5946 et
1585 5890 1853 5948 laudatam
1908 5910 2073 5953 reco-

2176 4679 2367 4735 eodem
2395 4678 2547 4748 jure,
2599 4674 2905 4743 eademque
2964 4668 3276 4737 integritate
3332 4675 3439 4733 qua
3490 4656 3742 4713 tenuimus

2176 4743 2436 4822 fratribus
2464 4764 2539 4819 ibi
2568 4760 2928 4820 servientibus
2968 4764 3228 4828 perpetuo
3267 4749 3553 4807 tenendum
3581 4743 3741 4799 tradi-

2174 4872 2330 4911 mus:
2356 4869 2538 4911 verum
2570 4852 2696 4925 quia
2743 4847 2982 4906 charilati
3040 4844 3280 4901 invident
3332 4835 3600 4897 charitatis
3649 4831 3741 4888 ini-

2176 4946 2321 5011 mici,
2354 4944 2621 5014 bonisque
2668 4937 2926 4996 institutis
2983 4951 3111 5006 pars
3166 4933 3391 4986 adversa
3449 4925 3738 4987 reluctatur,

2175 5010 2549 5098 decernimus,
2565 5040 2620 5086 ut
2649 5025 2901 5101 quisquis
2956 5025 3062 5081 hoc
3114 5022 3385 5078 decretum
3435 5010 3739 5075 turbaverit,

2176 5131 2364 5178 nostro
2418 5098 2761 5176 anathemate
2800 5098 3141 5187 percussus,
3194 5110 3329 5164 iram
3386 5104 3515 5175 justi
3571 5098 3741 5169 judicii

2176 5220 2405 5276 sentiat.
2448 5220 2778 5272 Praesentem
2808 5215 2988 5285 itaque
3018 5205 3435 5277 descriptionem
3462 5206 3636 5254 nostra
3661 5211 3743 5250 an-

2177 5309 2430 5365 ctoritate
2484 5305 2896 5372 confirmamus,
2953 5297 3263 5356 testimonio
3316 5292 3477 5348 etiam
3529 5285 3740 5341 ﬁdelium

2177 5414 2492 5462 nostrorum
2516 5402 2764 5460 roborari
2780 5398 3122 5458 censuimus.
3155 5394 3381 5466 Signum
3416 5383 3623 5442 Pibonis
3649 5391 3743 5452 cpi.

2179 5504 2349 5575 scopi,
2386 5501 2448 5559 S.
2484 5500 2699 5559 Ricuini
2754 5494 3074 5571 primicerii,
3108 5492 3166 5550 S.
3223 5483 3527 5546 Reimbaldi
3577 5480 3742 5536 archi-

2179 5600 2415 5665 diaconi,
2449 5609 2501 5657 et
2522 5601 2579 5657 S.
2613 5596 2839 5655 Deodati
2868 5592 3165 5667 praepositi,
3205 5588 3261 5645 S.
3294 5581 3547 5656 Stephani
3580 5577 3740 5635 archi-

2179 5700 2416 5763 diaconi,
2450 5699 2505 5754 S.
2529 5699 2776 5770 Hngonts
2804 5690 3192 5754 archidiaconi,
3233 5687 3288 5744 S.
3336 5680 3575 5740 Gotberti
3629 5693 3743 5733 can-

2179 5798 2334 5867 toris,
2369 5798 2425 5853 S.
2460 5795 2753 5851 Alheronis
2808 5790 3062 5855 cantoris,
3105 5789 3160 5843 S.
3219 5779 3495 5840 Thromari
3532 5775 3741 5841 abbatis,

2182 5894 2242 5951 S.
2273 5894 2561 5967 Mansueti,
2593 5894 2651 5951 S.
2683 5890 2917 5950 Widrici
2945 5886 3177 5958 abbatis,
3212 5883 3270 5943 S.
3296 5878 3447 5954 Apri,
3480 5872 3745 5935 S.Bertrici
