3882 6434
192 426 310 481 425

1623 427 1888 486 DlPLOM
1896 430 2026 486 ΑΤΑ
2041 471 2055 485 .

3396 454 3496 510 426

193 547 680 651 abbatisMedi'ani
735 547 1097 651 monasteria
1229 547 1508 651 "Bainaldi
1549 552 1793 651 .co‘mitihs,
1828 557 1886 618 A
1917 565 2144 651 roga-nte
2174 566 2228 614 et
2256 559 2490 619 instante
2519 566 2830 636 supradicto
2859 569 2997 625 duce
3028 574 3348 648 caeterisque
3408 581 3502 651 qui

196 635 267 691 S.
309 636 500 691 Varini
531 637 800 703 advocati,
829 638 884 691 S.
937 637 1177 704 Letfridi,
1227 638 1288 693 S.
1341 639 1564 696 Henrici
1610 642 1677 697 de
1736 643 1794 698 S.

197 721 468 787 Veliusto,
505 721 562 778 S.
595 720 823 776 Gilbarti
859 721 1052 777 villici.

957 915 1028 970 V.

543 1041 774 1095 Littera;
800 1037 867 1094 de
898 1039 1136 1094 ecclesia
1164 1038 1230 1095 de
1260 1040 1446 1096 Munz.

781 1161 962 1232 (Anno
996 1162 1130 1216 1079
1145 1160 1193 1233 .)

185 1287 412 1359 lBALUZ.
433 1285 703 1359 Capitul.,
721 1291 760 1340 t.
784 1286 854 1350 II,
877 1302 932 1356 p.
970 1289 1197 1350 1655,ex
1214 1285 1439 1343 archiva
1460 1286 1516 1342 S.
1533 1286 1797 1344 Mansueti

838 1381 1158 1453 Tullensis.]

256 1507 323 1562 In
350 1504 569 1561 nomine
599 1511 804 1560 sanctae
836 1513 888 1560 et
924 1504 1504 1560 individuaeTrinitatis
1527 1505 1714 1561 Patris
1741 1513 1794 1562 et

179 1595 310 1652 Filii
339 1603 392 1650 et
422 1593 654 1665 Spiritus
683 1593 884 1649 Sancti.
921 1595 1069 1660 Piso,
1097 1595 1198 1649 Dei
1222 1595 1414 1665 gratia,
1449 1594 1794 1650 Leuchorum

180 1684 504 1758 episcOpns,
533 1683 788 1738 omnibus
817 1691 1018 1738 sanctae
1057 1683 1319 1739 Ecclesiae
1362 1683 1506 1751 ﬁliis,
1565 1683 1792 1739 salutem

180 1773 245 1828 in
274 1780 599 1844 perpetuum
613 1812 627 1826 .

261 1860 529 1930 Quoniam
562 1869 829 1930 tempora,
864 1877 985 1932 quae
1016 1876 1236 1932 semper
1264 1861 1507 1917 deﬂuunt
1555 1869 1608 1916 et
1644 1877 1787 1916 nun-

176 1966 351 2023 quam
381 1949 436 2004 in
478 1949 673 2005 eodem
730 1957 869 2004 statu
923 1957 1267 2020 permanent,
1325 1966 1389 2005 ex
1449 1951 1787 2022 longitudine

178 2037 401 2093 dierum
427 2037 759 2093 oblivionem
789 2037 1025 2108 pariunt,
1061 2045 1115 2093 et
1144 2053 1244 2108 per
1272 2038 1606 2093 oblivionem
1649 2054 1787 2094 con-

177 2126 455 2182 tentiones
505 2141 654 2197 saape
709 2126 984 2192 oriuntur,
1041 2135 1329 2197 eapropter
1383 2127 1455 2181 ad
1511 2127 1784 2183 cautelam

176 2215 430 2272 actiones
476 2223 785 2284 temporum
841 2215 1129 2286 scripturae
1182 2215 1656 2282 commendantur,
1729 2224 1784 2271 et

176 2319 289 2376 per
315 2303 641 2374 scripturam
697 2303 933 2374 posteris
990 2303 1338 2359 mandantur.
1405 2303 1587 2360 Facile
1647 2304 1789 2360 enim

177 2391 450 2448 retinetur
479 2392 624 2464 quod
655 2393 941 2463 scripturae
965 2395 1410 2448 commendatur.
1472 2393 1675 2448 Notum
1719 2393 1792 2448 sit

177 2480 350 2553 igitur
405 2481 764 2552 pmsentibus
818 2487 873 2536 et
921 2479 1085 2536 futuri
1134 2480 1400 2552 temporis
1465 2481 1789 2537 hominibus

179 2570 476 2626 ecclesiam
506 2569 576 2625 de
605 2571 761 2624 Munz
804 2569 1105 2638 antiquitus
1161 2569 1434 2640 capellam
1491 2570 1560 2625 de
1617 2571 1786 2626 Blano

178 2659 475 2723 exstitisse,
532 2657 898 2729 hominesque
953 2658 1100 2728 apud
1158 2659 1410 2714 eamdem
1465 2659 1655 2713 villam
1713 2659 1782 2715 de

181 2748 348 2801 Munz
371 2755 774 2802 common-antes
806 2755 889 2800 ter
917 2746 974 2800 in
995 2762 1160 2812 anno,
1196 2747 1454 2802 videlicet
1477 2747 1530 2800 in
1557 2748 1781 2815 Pascha,

179 2835 576 2903 Pentecosten,
608 2840 664 2890 et
718 2835 914 2890 Natale
965 2835 1203 2902 Domini,
1261 2851 1335 2890 ex
1391 2837 1782 2892 consuetudine

180 2927 330 2996 apud
361 2936 586 2980 matrem
620 2940 773 2978 suam
803 2924 1087 2978 ecclesiam
1118 2925 1184 2978 de
1215 2925 1380 2980 Blano
1409 2924 1702 2980 convenire
1734 2933 1786 2980 et

174 3013 393 3068 debitas
423 3013 723 3068 oblationes
753 3013 1078 3083 presbytero
1108 3013 1177 3067 de
1207 3013 1371 3068 Blano
1401 3013 1605 3068 ibidem
1654 3030 1783 3083 per-

179 3102 418 3158 solvere.
455 3103 656 3158 Verum
686 3102 940 3173 quoniam
972 3101 1098 3157 huic
1132 3103 1372 3174 antiquae
1402 3103 1780 3158 consuetudini

173 3191 428 3247 homines
455 3192 709 3262 ejusdem
763 3190 907 3246 villae
955 3198 1026 3245 de
1079 3192 1235 3245 Munz
1284 3201 1530 3260 tempore
1588 3200 1776 3247 nostro

171 3279 395 3336 obviare
424 3279 603 3334 conati
628 3287 772 3346 sunt,
806 3295 902 3351 per
928 3280 1066 3335 duos
1096 3295 1270 3335 annos
1339 3288 1528 3334 nostra
1582 3287 1772 3350 pasto-

173 3369 276 3423 rali
299 3369 510 3437 justitia
539 3377 590 3423 et
612 3367 817 3437 judicio
847 3377 1051 3424 sancta
1073 3369 1347 3424 Tullensis
1371 3368 1632 3425 Ecclesia:
1653 3386 1779 3440 prae-

179 3457 340 3513 dictis
367 3457 682 3512 hominibus
711 3456 896 3514 divina
927 3465 1056 3513 sunt
1084 3457 1392 3523 interdicta,
1425 3458 1602 3514 donec
1631 3474 1778 3529 prae-

179 3546 546 3618 sumptionem
574 3561 732 3601 suam
775 3545 1049 3619 condigna
1097 3546 1464 3603 satisfactione
1511 3546 1778 3602 emenda-

180 3641 324 3691 rent.
364 3635 478 3691 Hac
505 3635 830 3691 necessitate
860 3635 1115 3691 homines
1157 3635 1226 3691 de
1284 3636 1443 3690 Munz
1489 3634 1776 3707 compulsi,

179 3723 462 3779 dominum
491 3740 647 3780 suum
679 3724 876 3780 ducem
895 3724 1318 3791 Theodericum,
1345 3724 1401 3779 in
1432 3725 1595 3795 cujus
1617 3740 1780 3780 manu

177 3813 437 3885 prmdicta
467 3812 593 3870 villa
624 3817 754 3870 tunc
784 3820 920 3878 erat,
968 3817 1363 3882 convenerunt,
1413 3814 1612 3869 obnixe
1654 3830 1779 3885 pre-

177 3909 367 3958 cantes
398 3909 452 3957 ut
482 3918 580 3973 per
609 3919 730 3958 eum
761 3903 832 3957 ab
863 3903 1172 3973 hujusmodi
1203 3902 1470 3958 sententia
1520 3902 1778 3959 absolve-

177 3999 388 4048 rentur.
424 3991 693 4046 Hediante
721 3992 888 4064 igitur
943 3992 1164 4047 domino
1219 3992 1359 4048 duce
1417 3991 1774 4056 Theoderico,

177 4079 456 4152 praedictis
483 4080 793 4135 hominibus
825 4081 892 4135 de
923 4082 1082 4135 Munz
1139 4081 1339 4136 ibidem
1401 4080 1778 4150 baptisterium

178 4175 234 4224 et
261 4167 490 4223 liberam
524 4169 864 4238 sepulturam
894 4170 1285 4236 concessimus,
1319 4177 1372 4224 et
1412 4177 1467 4223 ut
1517 4168 1777 4239 deinceps

174 4256 235 4312 in
264 4257 436 4312 tribus
458 4258 576 4328 jam
607 4257 766 4312 dictis
797 4257 1228 4313 solemnitatibus
1260 4258 1329 4312 ad
1364 4259 1532 4313 Blano
1561 4257 1637 4312 ire
1667 4273 1776 4312 non

176 4356 504 4418 cogerentur
535 4348 846 4402 statuimus.
881 4348 1049 4416 Cujus
1080 4347 1159 4402 rei
1188 4347 1520 4417 compositio
1555 4362 1679 4402 cum
1709 4347 1775 4400 ad

173 4451 332 4490 aures
359 4435 544 4490 domui
573 4436 882 4503 Theomari,
938 4436 1028 4506 qui
1069 4439 1200 4492 tunc
1243 4437 1502 4506 temporis
1541 4444 1778 4506 praeerat

174 4522 438 4582 Ecclesiae
469 4524 768 4580 beatissimi
799 4525 1081 4592 Mansueti,
1131 4525 1486 4596 pervenisset,
1548 4525 1776 4581 consilio

1818 1914 1870 1974 Β

1905 645 2059 699 multi
2089 647 2161 702 ad
2191 664 2316 704 eum
2375 655 2678 724 rogandum
2735 673 2902 728 super
2954 661 3059 716 hoc
3115 645 3498 737 convenerant,

1905 748 2097 824 eorum
2127 737 2370 805 petitioni
2399 756 2690 798 assensum
2723 747 2976 814 praebuit,
3009 761 3061 803 et
3091 769 3210 822 quae
3243 755 3326 809 sui
3360 758 3498 824 juris

1905 831 2056 915 erant
2087 823 2140 878 in
2168 826 2532 884 oblationibus
2565 832 2724 886 trium
2753 832 3110 892 festivitatum
3167 842 3235 896 ad
3293 823 3499 915 coope-

1905 909 2158 966 riendum
2213 916 2464 972 ecclesia;
2521 927 2724 976 tectum
2777 921 2831 977 in
2885 926 3147 982 auxilium
3201 909 3496 1004 concessit,

1905 1000 2149 1071 exceptis
2178 1004 2411 1072 panibus
2431 1007 2768 1065 oblationum
2790 1014 3106 1070 earumdem
3128 1000 3499 1081 festivitatnm.

1902 1087 1972 1141 Et
2000 1105 2066 1144 ne
2095 1095 2205 1146 tam
2236 1103 2417 1149 nostra
2445 1113 2606 1167 quam
2659 1100 2908 1169 praedicti
2964 1104 3174 1160 abbatis
3213 1108 3499 1170 ’institutio

1904 1175 2088 1270 aliqua
2115 1190 2459 1270 posterorum
2488 1185 2755 1242 calumnia
2785 1190 2870 1244 vel
2891 1190 3272 1252 oblatrantium
3301 1199 3502 1270 impro-

1905 1264 2075 1359 bitate
2112 1269 2299 1359 valeat
2355 1273 2679 1346 quandoque
2739 1278 2849 1334 ullo
2901 1283 3062 1338 modo
3122 1264 3498 1359 transmutari,

1903 1354 2046 1412 hanc
2075 1358 2318 1414 chartam
2347 1363 2626 1418 conscribi
2653 1367 2915 1434 jussimus
2945 1369 2999 1424 in
3047 1372 3262 1445 signum
3312 1354 3494 1435 moui;

1903 1445 2091 1512 menti,
2124 1464 2282 1518 quam
2314 1450 2474 1506 etiam
2504 1452 2604 1506 sub
2651 1453 3090 1516 interminatione
3137 1466 3501 1524 anathematis

1901 1533 2260 1633 impressione
2316 1540 2552 1610 promise
2608 1541 2884 1614 imaginis,
2944 1547 3119 1621 signis
3175 1570 3392 1627 quoque
3449 1567 3500 1614 et

1902 1625 2224 1693 testimoniis
2279 1633 2595 1684 nostrorum
2650 1634 2963 1690 censuimus
3019 1635 3258 1696 ﬁdelium
3308 1625 3493 1702 irobo-

1903 1728 2008 1766 ΙἮΙΊ
2022 1753 2036 1768 .

2020 1841 2032 1854 .
2083 1801 2302 1859 Pibonis
2335 1805 2599 1879 episcopi.

2021 1931 2035 1945 .
2083 1892 2372 1949 Theomari
2400 1896 2630 1955 abbatis.

2020 2020 2034 2035 .
2081 1981 2412 2039 Theodorici
2443 1985 2622 2046 ducis.

2023 2109 2036 2124 .
2085 2070 2328 2128 Widrici
2355 2073 2591 2132 abbatis.

2022 2198 2034 2211 .
2083 2159 2241 2230 Apri.

2028 2287 2041 2300 .
2090 2247 2310 2318 Riguini
2338 2249 2635 2320 primicerii
2649 2293 2664 2307 .

2024 2376 2037 2390 .
2085 2334 2368 2394 Brunonis
2397 2340 2770 2398 archidiaconi
2802 2349 2855 2400 et
2882 2349 3178 2420 praepositi.

1970 2425 2006 2481 S
2020 2467 2033 2480 .
2082 2425 2340 2497 Gengulﬂ
2355 2469 2369 2483 .

1968 2513 2029 2570 S.
2078 2515 2385 2571 Albcronis
2417 2517 2754 2577 cancellarii.

1967 2603 2032 2658 S.
2079 2603 2246 2674 Ogeri
2277 2606 2579 2662 sacerdotis
2610 2608 2859 2679 ejusdem
2890 2613 3113 2684 capellae
3143 2616 3211 2672 de
3240 2619 3415 2678 Munz.

1965 2692 2028 2748 S.
2077 2692 2283 2749 Albrici
2313 2694 2482 2750 villici
2513 2697 2762 2766 ejusdem
2794 2700 2955 2757 villa.

1963 2779 2026 2834 S.
2077 2779 2352 2836 Bencelini
2378 2781 2565 2837 militis
2611 2785 2972 2844 subadvocati
3012 2789 3082 2847 de
3134 2802 3321 2851 castro
3380 2799 3490 2855 Ca-

1889 2867 2102 2924 stanaii.

1961 2958 2025 3012 S.
2074 2957 2361 3013 Hnmberti
2382 2959 2567 3015 militis
2596 2961 2842 3030 ejusdem
2873 2967 3062 3023 castri.

1960 3047 2024 3102 S.
2072 3046 2284 3102 Milonis
2312 3048 2382 3103 de
2415 3048 2786 3108 Gundricort.

1955 3137 2091 3190 Acta
2115 3144 2237 3191 sunt
2269 3138 2384 3192 hinc
2408 3153 2555 3194 anno
2585 3139 2654 3193 ab
2684 3141 3059 3200 Incarnatione
3088 3147 3303 3204 Domini
3329 3152 3484 3222 1079,

1887 3239 2031 3280 anno
2060 3225 2419 3281 ordinationis
2447 3234 2650 3283 nostrae
2666 3245 2736 3294 xi,
2773 3230 3076 3301 imperante
3115 3237 3355 3295 Henrico
3386 3243 3480 3307 ΙΙΙ,

1886 3313 2027 3368 duce
2081 3314 2540 3387 Lotharingorum
2587 3317 2950 3385 Theoderico,
2983 3323 3181 3378 comite
3237 3327 3483 3387 Tullensi

1887 3402 2200 3473 Raynardo,
2231 3413 2498 3476 regnante
2515 3420 2616 3476 per
2636 3407 2838 3463 saecula
2855 3409 3084 3467 Domino
3103 3413 3236 3470 Jesu
3257 3414 3479 3474 Christo

1888 3489 2138 3548 feliciter.
2170 3493 2367 3549 Amen.

1971 1800 2009 1856 S

1971 1891 2009 1946 S

1971 1979 2009 2035 S

1973 2068 2010 2124 S

1973 2157 2010 2212 S

1971 2245 2014 2300 S

1973 2335 2010 2390 S

2625 3670 2725 3728 VI.

2243 3794 2474 3851 Littera:
2503 3793 2572 3852 de
2597 3796 2741 3853 celta
2769 3797 3112 3858 Asmuntiw.

2479 3919 2660 3991 (Anno
2693 3923 2877 3992 1085.)

2097 4032 2334 4105 [ΒΑιυΖ.,
2368 4034 2596 4090 Misce”.
2629 4037 2720 4102 IIl,
2755 4039 2844 4095 58.
2877 4039 3014 4096 edit.
3052 4042 3268 4116 Mansi.]

1955 4147 2220 4218 Quoniam
2251 4147 2319 4203 de
2348 4147 2575 4204 incertis
2604 4157 2756 4206 certa
2786 4152 3117 4224 requirenda
3148 4165 3290 4223 sunt,
3349 4159 3479 4218 utile

1884 4245 1935 4292 et
1964 4235 2336 4293 necessarium
2367 4242 2452 4292 est
2479 4238 2712 4307 posteris
2743 4255 2804 4295 ea
2835 4240 3028 4296 litteris
3058 4247 3468 4306 commendare.

1884 4326 2004 4398 Ego
2033 4325 2200 4396 igitur
2243 4326 2369 4380 Pibo
2425 4325 2694 4382 Tullensis
2753 4329 3049 4400 episcOpus
3096 4342 3280 4388 notum
3334 4336 3476 4395 facio

1881 4415 2018 4470 meis
2047 4414 2460 4470 successoribus
2484 4416 2742 4486 quoniam
2762 4417 2902 4472 inter
2933 4420 3189 4491 Sophiam
3221 4425 3475 4483 comitis-

1884 4521 1999 4559 sam
2029 4513 2080 4560 et
2111 4504 2442 4560 Hodiernam
2485 4504 2700 4560 Sanctae
2749 4505 3089 4564 Clodesindis
3143 4512 3474 4572 abbatissam

177 4613 514 4684 sapientum,
550 4629 686 4685 quos
716 4613 962 4670 consiliis
992 4591 1105 4668 suis
1131 4591 1423 4680 asciverat,
1457 4613 1584 4669 huic
1628 4612 1771 4670 facto
1800 4623 1853 4684 Ι)
1883 4592 2374 4685 αοηιτονθπειίειρίιι
2415 4591 2606 4685 fuerin,
2645 4610 2714 4649 ne
2774 4596 2983 4666 capella
3031 4599 3132 4653 Sllb
3184 4603 3474 4662 Asmantia

176 4702 583 4757 rationabilibus
615 4703 793 4758 modis
825 4701 1156 4758 contradixit
1197 4719 1296 4773 pro
1339 4718 1406 4757 eo
1456 4719 1524 4757 ne
1554 4702 1599 4756 si
1634 4703 1770 4757 forte

176 4789 396 4864 prmfata
451 4791 660 4862 capella
716 4791 930 4848 licentia
1002 4791 1215 4846 diaconi
1283 4799 1336 4846 et
1404 4791 1772 4847 archidiaconi

177 4888 348 4936 mater
379 4878 631 4937 Ecclesia
662 4879 837 4948 ﬁeret,
873 4880 1253 4952 baptisterium
1297 4888 1352 4935 et
1401 4880 1628 4935 liberam
1677 4897 1770 4935 se-

179 4968 444 5041 pulturam
474 4970 720 5036 haberet,
756 4971 1008 5025 homines
1041 4969 1109 5025 de
1142 4970 1397 5040 parochia
1419 4984 1772 5024 successores

177 5052 345 5125 ipsius
370 5054 662 5126 aliquando
691 5055 762 5109 ad
802 5062 1004 5112 tectum
1047 5054 1298 5110 ecclesiae
1350 5054 1774 5124 cooperiendum

180 5151 539 5216 provocarent
596 5151 648 5199 et
706 5143 1096 5216 inquietarent.
1154 5145 1464 5215 Eapropter
1519 5142 1774 5197 dominus

179 5231 302 5297 dux,
333 5231 566 5302 praeviso
600 5233 653 5286 in
683 5241 964 5303 posterum
1011 5234 1213 5288 damno
1268 5232 1532 5288 Ecclesia:
1592 5231 1776 5286 Sancti

178 5321 460 5386 Mansueti,
493 5329 543 5376 et
573 5330 872 5392 praenotata
902 5323 1236 5379 rusticorum
1267 5338 1390 5394 quae
1419 5321 1541 5376 ﬁeri
1563 5327 1776 5390 poterat

177 5408 577 5481 inquietatione,
612 5413 885 5466 communi
917 5427 1150 5468 assensu
1200 5419 1254 5467 et
1312 5414 1511 5482 rogatu
1569 5408 1775 5464 Albrici

178 5497 335 5555 villici
366 5506 419 5554 et
449 5498 676 5554 aliorum
707 5500 985 5558 hominum
1009 5502 1078 5557 de
1127 5501 1304 5565 Munz,
1350 5505 1620 5571 praesente
1677 5513 1774 5554 ve-

179 5586 404 5643 nerabili
432 5587 627 5642 abbate
657 5588 962 5646 Theomaro
1017 5598 1071 5644 et
1132 5589 1410 5658 laudante,
1475 5585 1664 5642 statuit
1718 5593 1774 5641 ut

165 5674 422 5730 homines
449 5675 518 5731 de
531 5676 688 5730 Munz
711 5685 909 5733 tectum
935 5678 1174 5750 praefatae
1201 5676 1472 5743 ecclesiae,
1489 5676 1534 5731 si
1557 5674 1774 5746 quando

185 5765 573 5830 destrueretur,
605 5781 726 5820 cum
759 5768 974 5823 caeteris
1019 5767 1345 5823 utensilibus
1401 5763 1769 5828 interioribus,

184 5853 430 5912 videlicet
449 5854 803 5923 indumentis,
831 5856 1022 5924 calice,
1057 5855 1288 5919 missali,
1337 5853 1566 5912 scarsali
1613 5867 1774 5923 repa-

186 5951 387 6002 rarent.
427 5943 520 5998 Sic
575 5943 744 6015 igitur
797 5955 1133 6003 memoratus
1187 5944 1366 6002 abbas
1418 5945 1772 6013 Theomarus,

418 6040 681 6106 Parnm.
730 6041 973 6110 CLVII.

1883 4689 2219 4749 sacraretur,
2251 4681 2375 4737 ideo
2405 4681 2547 4754 quod
2592 4681 2647 4736 in
2696 4685 2968 4741 territorio
3024 4687 3475 4749 Domni-Martini

1880 4777 2189 4829 constructa
2209 4778 2345 4826 erat.
2377 4770 2578 4841 Sophia
2605 4780 2781 4826 autem
2821 4774 3098 4830 multoties
3156 4794 3260 4834 nos
3318 4781 3469 4850 adiit,

1881 4868 1939 4915 ut
1959 4859 2247 4916 consilium
2274 4867 2517 4913 nostrum
2547 4858 2602 4912 in
2657 4859 2759 4915 hoc
2815 4877 3171 4931 poneremus.
3227 4867 3474 4942 Denique

1881 4956 2179 5007 convocato
2210 4949 2522 5003 Hermanno
2561 4948 2789 5004 Metensi
2830 4951 3113 5022 episcopo,
3152 4956 3380 5013 consilio
3420 4967 3473 5016 et

1881 5039 2083 5095 auxilio
2113 5037 2228 5106 ejus
2258 5036 2403 5108 apud
2431 5037 2767 5092 abbatissam
2797 5039 3128 5096 obtinuimus
3149 5052 3207 5098 ut
3249 5044 3295 5098 si
3343 5062 3473 5102 cen-

1883 5128 2064 5184 suales
2094 5126 2339 5182 redditus
2368 5142 2504 5198 quos
2527 5126 2757 5182 habebat
2775 5129 3058 5185 comitissa
3080 5131 3285 5203 Sophia
3326 5138 3472 5208 apud

1882 5219 2056 5288 Layez
2084 5215 2134 5271 ei
2191 5215 2478 5279 tribueret,
2537 5223 2590 5271 et
2644 5217 3030 5287 Aremt‘ridum,
3082 5221 3362 5291 Badinum,
3423 5236 3478 5283 et

1883 5305 2261 5376 Lampizonem
2292 5321 2417 5360 cum
2449 5306 2741 5376 quartariis
2771 5314 2824 5361 et
2855 5306 3054 5363 foresta
3076 5309 3144 5365 de
3175 5311 3478 5385 Eingiviler

1882 5396 1931 5450 ei
1961 5393 2198 5464 benigne
2225 5393 2552 5449 concederet
2585 5394 2746 5450 laude
2778 5411 2870 5450 sua
2903 5405 2955 5451 et
2995 5399 3216 5470 capituli
3263 5401 3474 5461 Sanctae

1882 5481 2232 5539 Glodesindis
2261 5481 2467 5553 capella
2498 5493 2822 5539 sacraretur.
2858 5485 2994 5542 Huic
3019 5489 3246 5545 consilio
3301 5492 3475 5550 inter-

1883 5572 1980 5628 fuit
2033 5570 2208 5625 abbas
2263 5569 2446 5624 Sancti
2504 5569 2764 5626 Mansueti
2837 5573 3110 5644 Albricus,
3199 5579 3478 5638 Evrardus

1883 5659 2065 5717 Sancti
2096 5657 2246 5728 Apri,
2278 5658 2436 5728 Hugo
2466 5668 2650 5714 noster
2703 5660 3078 5730 primicerius.
3145 5666 3280 5723 Post
3337 5671 3472 5739 haec,

1883 5755 2153 5822 praesente
2183 5747 2494 5800 Hermanno
2527 5745 2749 5802 Metensi
2790 5751 3046 5822 episcopo
3101 5761 3154 5809 et
3204 5758 3481 5816 abbatissa

1883 5839 2160 5894 Hodierna
2184 5835 2384 5890 donum
2424 5835 2598 5902 cellis,
2658 5835 2860 5892 donum
2919 5841 3146 5911 capella)
3201 5848 3366 5901 castri
3424 5850 3480 5904 in

1884 5944 2050 5986 manu
2080 5924 2292 5984 abbatis
2322 5921 2510 5980 Sancti
2539 5924 2838 5997 Michaelis,
2864 5927 3063 6002 Sephia
3084 5935 3366 5991 comitissa
3385 5953 3484 6008 po-

3170 6029 3245 6094 14
