3882 6426
489 400 592 459 627

1608 395 1888 455 PIBONIS
1927 394 2246 460 EPISCOPI
2283 399 2665 461 TULLENSIS

3701 407 3791 463 £23

478 524 585 580 suit
615 538 740 580 cum
768 521 996 579 decimis
1025 522 1366 594 arengalium
1388 529 1438 576 et
1455 521 1756 592 stirpalium
1780 532 1833 579 et
1853 524 2083 580 indomi-
2107 527 2161 588 A
2194 527 2410 584 licentia
2437 545 2656 599 semper
2684 529 2824 586 ﬁdus
2852 547 3037 588 comes
3058 533 3216 589 bona:
3241 530 3558 598 voluntatis,
3593 532 3656 586 in
3693 549 3790 603 quo

477 613 756 670 nicatuum
777 621 830 668 ct
847 613 1089 668 decimas
1109 611 1352 668 omnium
1373 611 1614 666 decimas
1635 627 1754 682 qum
1795 613 2080 683 acquirere

480 709 670 773 posset
693 717 760 757 ex
788 701 1012 772 proprio
1039 716 1169 756 aere.
1202 701 1458 756 Chartam
1489 699 1670 771 itaque
1697 699 1818 754 fieri
1847 701 1950 754 sibi
1980 717 2079 756 ex-

479 791 634 862 petiit
655 791 720 845 de
740 789 988 844 libertate
1009 788 1182 851 cellae.
1207 804 1369 860 quam
1391 788 1615 844 liberam
1651 787 1890 845 feceram
1920 789 2080 844 laude

480 878 706 950 capituli
737 877 910 934 nostri
939 878 1009 931 ab
1036 878 1185 934 omni
1207 877 1512 942 exactione,
1548 876 1805 933 vicarium
1846 878 2077 934 liberum

479 968 569 1041 qui
598 967 815 1038 utrique
845 967 1151 1022 deserviret
1171 973 1222 1022 et
1249 966 1402 1022 cellae
1431 973 1485 1021 et
1512 966 1739 1036 capellae
1761 967 1949 1034 castri,
1985 967 2080 1039 qui

474 1058 635 1114 etiam
665 1055 903 1112 vicarius
931 1054 1247 1111 ﬁdelitatem
1278 1055 1480 1112 faceret
1525 1055 1706 1110 abbati
1747 1056 1933 1112 Sancti
1974 1057 2076 1111 Mi-

474 1145 680 1204 chaelis
715 1145 786 1203 de
845 1145 930 1200 his
981 1161 1101 1217 quae
1159 1151 1348 1200 essent
1394 1144 1484 1200 sui
1542 1144 1703 1213 juris,
1755 1143 2076 1201 ﬁdelitatem

470 1236 635 1293 etiam
664 1233 967 1290 abbatissae
1000 1234 1070 1290 de
1100 1233 1185 1288 his
1244 1249 1368 1305 qum
1421 1232 1491 1288 ad
1545 1248 1668 1290 eam
1718 1235 2073 1306 pertinerent,

468 1325 796 1382 conductum
818 1322 1012 1379 vicarii
1042 1321 1227 1377 abbati
1253 1321 1438 1379 Sancti
1495 1322 1779 1378 Michaelis
1836 1323 2073 1396 benigne

464 1429 738 1479 annuens,
771 1419 826 1468 et
853 1411 909 1466 in
930 1419 1253 1483 perpetuum
1285 1411 1493 1482 scripto
1524 1411 1844 1483 astipulans.
1897 1412 2070 1483 Cujus

461 1502 712 1579 petitioni
741 1501 977 1558 libenter
1005 1500 1316 1567 annuimus,
1349 1499 1610 1571 imposito
1640 1500 1824 1572 sigillo
1873 1508 2064 1556 nostro

461 1603 513 1651 et
541 1594 749 1649 hanno.
804 1591 874 1648 Ut
929 1597 1111 1646 autem
1167 1589 1372 1647 certius
1425 1596 1677 1645 teneatur
1731 1597 1785 1645 et
1837 1589 2062 1658 sciatur,

457 1698 705 1756 praesens
751 1679 1182 1753 chirographum
1241 1678 1513 1735 conscribi
1569 1679 1885 1752 rogavimus
1939 1695 2063 1734 cum

455 1771 635 1845 signis
663 1769 880 1826 illorum
909 1768 1000 1841 qui
1019 1767 1399 1824 interfuerunt.
1443 1767 1666 1840 Hocque
1701 1775 1919 1840 pactum
1957 1765 2057 1822 ﬁr-

2187 618 2372 673 omnia
2399 619 2678 690 possibilia
2707 621 2968 687 credenti,
3001 622 3296 693 incceptum
3327 637 3514 677 meum
3534 621 3789 677 conducit

2186 711 2243 762 et
2267 707 2516 779 perducit
2543 708 2614 763 ad
2645 709 2839 764 bonam
2870 709 3235 767 efficientiam.
3287 711 3344 766 Si
3403 710 3633 781 quidem
3691 727 3785 782 ego

2185 805 2394 876 positus
2424 807 2561 861 inter
2588 823 2743 877 spem
2773 816 2826 862 et
2853 825 3033 875 curas,
3067 808 3280 882 Hugoni
3311 808 3497 864 comiti
3531 805 3650 862 filio
3696 823 3784 863 co-

2185 894 2334 948 mitis
2362 895 2605 963 Henrici,
2635 896 2774 952 sicut
2803 911 2954 952 eram
2985 897 3033 952 ei
3058 897 3547 964 notissimus,hanc
3569 895 3782 952 volum-

2184 991 2353 1040 tatem
2382 999 2560 1040 meam
2591 993 2644 1041 et
2671 986 3094 1042 sollicitudinem
3146 987 3396 1058 exposui.
3457 986 3550 1039 Vir
3599 994 3777 1040 autem

2182 1073 2399 1128 Domini
2425 1072 2618 1138 fidelis,
2654 1074 2855 1145 Spiritu
2886 1075 2986 1131 Dei
3013 1076 3330 1131 intrinsecus
3361 1075 3534 1132 corde
3578 1084 3774 1140 tactus,

2177 1162 2235 1216 in
2264 1164 2380 1218 haec
2408 1161 2540 1216 mihi
2569 1163 2731 1218 verba
2780 1165 3082 1235 respondit,
3139 1180 3260 1220 sese
3317 1179 3574 1220 curarum
3632 1180 3776 1219 mea-

2178 1268 2300 1308 rum
2330 1250 2567 1307 futurum
2594 1252 2828 1321 socium,
2862 1261 2916 1308 et
2943 1253 3180 1324 suscepti
3208 1251 3408 1308 laboris
3437 1251 3776 1308 indefessum

2178 1345 2614 1412 cooperatorem,
2644 1341 2753 1397 imo
2784 1342 3112 1414 principem,
3143 1341 3190 1396 si
3218 1341 3272 1396 in
3299 1342 3567 1397 honorem
3633 1342 3775 1397 beati

2176 1443 2373 1499 Leonis
2404 1459 2576 1515 papae,
2617 1443 2891 1500 Tullensis
2947 1444 3211 1515 episcopi,
3272 1443 3404 1498 inibi
3459 1444 3773 1499 coenobium

2173 1532 2506 1602 dedicarem,
2538 1540 2592 1588 et
2610 1532 2761 1589 circa
2791 1533 2924 1588 illud
2953 1533 3283 1589 xenodochia
3297 1549 3607 1604 pauperum
3635 1533 3770 1588 aedi-

2172 1621 2414 1692 ﬁcarem,
2444 1630 2521 1689 ut,
2555 1622 2735 1694 quoad
2758 1621 3004 1678 viverent
3032 1621 3148 1694 ipse
3195 1629 3248 1677 et
3301 1637 3437 1676 uxor
3494 1638 3620 1690 sua,
3673 1639 3770 1693 pro

2170 1718 2540 1776 incolumitate
2577 1727 2632 1775 et
2661 1719 3024 1790 prosperitate
3054 1736 3237 1776 eorum
3270 1718 3421 1776 ﬁeret
3450 1718 3528 1774 ibi
3590 1720 3769 1791 quoti-

2169 1805 2335 1860 diana
2363 1803 2538 1862 oratio
2572 1822 2586 1871 ;
2618 1820 2742 1860 cum
2769 1803 3003 1875 appositi
3032 1814 3218 1860 essent
3247 1804 3316 1859 ad
3371 1812 3554 1875 patres
3617 1821 3766 1871 suos,

807 1859 818 1868 .
1651 1855 1664 1867 .
2175 1855 2333 1860 --πη
2369 1855 2531 1862 --νη
2573 1855 2586 1871 .
2625 1855 2742 1860 ηπ-
2771 1855 3003 1875 ψπν-μ-
3039 1855 3216 1860 mw-
3248 1855 3315 1859 -η
3372 1855 3549 1875 τ---ν-
3618 1855 3766 1871 --ν-ν

453 1866 776 1966 malum}?
805 1855 1634 1966 'f‘?f‘f‘}9_qﬁ‘fj‘3f?5?l{'faf_
2082 1889 2136 1948 Β
2164 1901 2292 1950 tunc
2320 1909 2535 1966 quoque
2557 1893 2856 1965 impensius
2891 1893 3186 1949 deberetur
3213 1893 3496 1948 animabus
3551 1893 3671 1948 suis
3719 1903 3769 1950 et

452 1965 594 2008 anno
623 1949 690 2004 ab
720 1946 1102 2004 Incarnatione
1133 1945 1349 2002 Domini
1383 1948 1540 2012 1085,
1585 1945 1879 2002 indictione
1927 1963 2044 2014 vm,

447 2048 642 2111 epacta
669 2053 813 2107 xx",
848 2043 1210 2094 concurrente
1238 2051 1299 2105 ιι,
1327 2043 1569 2108 papante
1597 2034 1876 2108 Gregorio
1925 2035 2044 2108 VII,

447 2136 717 2204 regnante
745 2126 986 2183 Henrico
1015 2126 1116 2180 Ill.

521 2218 752 2291 Signum
783 2214 1004 2271 Pibonis
1031 2214 1304 2271 Tullensis
1333 2213 1598 2286 episcopi.

519 2307 582 2364 S.
633 2305 929 2362 Hermanni
958 2305 1216 2360 Metensis
1245 2302 1524 2374 episcopi.

519 2398 589 2452 S.
641 2394 860 2450 Albrici
890 2393 1101 2448 abbatis
1132 2394 1190 2449 S.
1221 2391 1517 2448 Mansueti.

522 2484 586 2542 S.
634 2483 870 2540 Evrardi
890 2483 1105 2537 abbatis
1134 2481 1190 2538 S.
1222 2481 1385 2554 Apri.

521 2576 584 2632 S.
633 2571 882 2645 Hugonis
911 2570 1230 2643 primicerii.

521 2663 584 2718 Hi
619 2670 800 2718 autem
829 2669 953 2715 sunt
1008 2667 1174 2715 testes
1229 2659 1300 2714 de
1355 2657 1578 2726 familia,
1640 2657 2048 2722 Maimboldus;

449 2733 750 2799 Bovonius,
781 2733 1010 2802 Emyco,
1054 2730 1367 2798 Enzelinus,
1423 2746 1520 2801 per
1575 2746 1803 2802 quorum
1861 2746 2053 2785 manus

452 2839 570 2879 xxx
601 2823 758 2878 librae
806 2819 1064 2876 Metensis
1119 2827 1354 2876 monetae
1409 2819 1705 2875 Hodiernze
1760 2818 2056 2875 abbatissa:

456 2913 666 2970 traditae
696 2918 842 2967 sunt.

518 3003 788 3057 Praeterea
817 3006 1194 3055 antecessores
1224 2996 1498 3070 praedictae
1518 2997 1812 3054 comitissa:
1835 2996 2056 3067 SOphiae

444 3105 698 3146 mansum
754 3087 894 3142 infra
947 3085 1273 3142 suburbium
1331 3085 1566 3142 civitatis
1615 3084 1771 3157 juxta
1828 3090 2049 3155 portam

449 3195 570 3253 quae
599 3178 794 3235 dicitur
813 3177 1088 3233 Eckeardi
1110 3177 1312 3232 Sancto
1345 3175 1627 3246 Stephano
1665 3160 2058 3245 protomartyri

2154 2004 2374 2069 patrum
2403 2011 2629 2052 suorum
2657 1995 3039 2052 ecclesiastica
3067 1996 3348 2064 memoria,
3379 2001 3436 2052 et
3473 1996 3766 2067 prodesset

2157 2101 2458 2158 pauperum
2489 2084 2727 2158 benigue
2755 2084 3168 2141 subministrata
3197 2085 3438 2142 refectio.
3463 2084 3630 2150 Quod
3657 2087 3767 2158 qui-

2157 2176 2283 2231 dem
2315 2190 2419 2248 ego
2445 2174 2728 2231 Luctulfus
2762 2181 3047 2246 gratanter
3078 2174 3315 2231 assensi.

2229 2277 2402 2351 Igitur
2430 2277 2548 2349 ipse
2573 2293 2760 2334 comes
2790 2285 2843 2334 et
2873 2292 2975 2333 sua
3003 2277 3308 2345 comitissa,
3340 2284 3395 2334 et
3439 2292 3547 2349 ego
3605 2293 3758 2334 com-

2156 2369 2432 2424 municato
2463 2366 2696 2424 consilio
2721 2366 2998 2422 adivimus
3046 2366 3360 2438 episcopum
3418 2367 3752 2435 Tullensem,

2155 2466 2332 2522 virum
2362 2463 2470 2536 pia:
2499 2465 2780 2521 memoria.-
2810 2464 3179 2521 venerabilem
3238 2465 3528 2532 Pibonem,
3586 2465 3760 2522 eccle-

2159 2555 2360 2610 siarum
2392 2553 2489 2610 Dei
2514 2562 2838 2620 amatorem,
2871 2554 3020 2610 omni
3054 2554 3200 2610 bono
3231 2553 3466 2625 incmpto
3511 2569 3758 2627 congra-

2161 2644 2420 2699 tulantem
2443 2651 2494 2698 et
2524 2650 2930 2714 cooperantem.
2975 2643 3208 2699 Sanctus
3250 2643 3429 2715 itaque
3475 2643 3755 2709 sacerdos,

2161 2732 2344 2788 audito
2371 2731 2602 2789 consilio
2631 2731 2720 2804 pie
2751 2732 3052 2788 admiratus
3079 2732 3352 2788 saecularis
3380 2731 3480 2787 viri
3508 2732 3757 2788 devotie-

2162 2837 2319 2889 nem,
2349 2821 2680 2877 sacerdotali
2709 2820 3080 2877 admonitione
3110 2820 3328 2885 excitat,
3373 2829 3427 2876 et
3471 2819 3756 2876 continuat

2162 2911 2304 2966 bene
2333 2919 2715 2982 compunctam
2744 2919 3000 2974 mentem,
3035 2918 3090 2965 et
3118 2912 3236 2981 ipse
3259 2910 3434 2965 eidem
3453 2911 3607 2980 operi
3623 2912 3756 2966 mul-

2163 3009 2278 3056 tum
2309 3017 2369 3056 se
2398 3000 2645 3071 promisit
2693 3000 3090 3064 auxiliaturum,
3137 2999 3388 3072 quamvis
3433 3007 3561 3056 tunc
3611 3008 3754 3055 tem-

2165 3091 2311 3162 poris
2332 3089 2435 3144 sibi
2465 3097 2610 3144 esset
2637 3088 2694 3142 in
2723 3089 2976 3144 manibus
3008 3104 3146 3159 opus
3173 3090 3408 3160 grande,
3441 3089 3565 3160 quia
3613 3088 3759 3144 aedi-

2168 3178 2364 3235 ﬁcabat
2394 3178 2581 3233 turrim
2612 3188 2737 3233 ante
2771 3177 3182 3249 Protomartyris
3228 3178 3526 3248 principem
3575 3187 3761 3234 orato-

450 3270 712 3327 dederant
743 3267 797 3323 in
826 3265 1132 3323 Raimbaldi
1162 3265 1386 3338 angulo,
1416 3265 1516 3320 sed
1541 3280 1641 3335 per
1687 3263 1854 3335 longa
1905 3270 2048 3318 tem-
2082 3253 2130 3318 C
2160 3269 2319 3323 riam.
2345 3268 2592 3323 Habebat
2624 3275 2804 3323 autem
2831 3267 2974 3322 idem
3019 3266 3294 3336 piissimus
3345 3281 3526 3322 comes
3587 3268 3755 3340 Hugo

452 3374 588 3431 pora
616 3355 876 3413 oblivioni
905 3355 1165 3410 traditum
1197 3353 1394 3409 fuerat.
1429 3354 1768 3410 Renovatum
1797 3358 1882 3407 est
1920 3366 2056 3422 ergo

453 3448 660 3504 donum
690 3463 789 3518 per
818 3461 1040 3501 manum
1060 3451 1324 3510 nostram,
1349 3449 1402 3498 et
1421 3442 1675 3514 praesenti
1694 3441 1900 3512 scripto
1919 3457 2056 3498 con-

452 3535 747 3602 ﬁrmatum,
782 3543 839 3590 ut
861 3533 1127 3590 memoria
1156 3540 1570 3588 antecessorum
1601 3531 1719 3600 ejus
1749 3530 1804 3584 in
1869 3537 2056 3585 nostra

455 3627 644 3682 charta
673 3623 890 3679 ﬁrmius
920 3624 1199 3689 habeatur,
1215 3621 1458 3676 maxime
1487 3635 1592 3692 pro
1622 3620 1873 3675 libertate
1903 3618 2057 3675 cellae

455 3714 774 3782 Asmantiae,
790 3729 954 3787 quam
973 3713 1206 3770 liberam
1227 3710 1467 3768 feceram
1479 3710 1546 3765 ab
1567 3709 1714 3768 omni
1742 3708 2052 3766 exactione.

1195 3907 1315 3966 VII.

593 4049 873 4111 Fundatio
902 4047 1246 4107 monasterii
1275 4048 1333 4105 S.
1358 4043 1554 4105 Leonis
1590 4043 1892 4104 Tullensis.

1049 4195 1228 4267 (Anno
1260 4194 1393 4251 109i
1413 4193 1458 4264 .)

449 4339 609 4419 [Dom
641 4341 888 4408 Cstr,
921 4337 1162 4396 Histoire
1183 4337 1249 4395 de
1280 4337 1575 4404 Lorraina,
1609 4335 1699 4404 IV,
1745 4335 1845 4390 Pr.
1889 4328 2052 4405 489.]

519 4493 580 4548 In
610 4489 832 4546 nomine
887 4493 1090 4543 sanctas
1143 4490 1200 4541 et
1255 4483 1552 4541 individua
1604 4479 1914 4538 Trinitatis.
1970 4481 2052 4538 De

446 4579 743 4654 Scripturis
771 4576 1107 4650 evangelicis
1139 4584 1188 4632 et
1219 4573 1538 4646 apostolicis
1584 4571 1916 4644 praemoniti,
1975 4571 2051 4640 pii

443 4688 630 4744 reges,
661 4666 906 4741 religiosi
936 4665 1248 4738 pontifices,
1271 4663 1563 4735 ceterique
1583 4660 1877 4718 Christiani
1898 4661 2052 4733 prin-

443 4763 615 4834 cipes,
649 4773 876 4832 quorum
908 4771 1004 4812 cor
1035 4755 1316 4810 dilatatum
1348 4757 1435 4809 est
1465 4752 1519 4806 in
1551 4750 1832 4808 charitatis
1871 4750 2056 4806 latitu-

441 4853 589 4918 dine,
623 4857 676 4904 et
705 4862 890 4903 rerum
925 4860 1153 4901 suarum
1183 4841 1501 4898 multimoda
1536 4840 1914 4913 possessione,
1949 4839 2054 4910 ipsi

441 4941 662 5015 quidem
693 4937 872 4993 solent
900 4934 1164 4991 ecclesias
1223 4930 1524 4999 aedificare,
1592 4929 2053 5002 congregationes

442 5031 766 5087 Sanctorum
796 5024 1062 5088 adunare,
1097 5020 1375 5093 stipendia
1424 5018 1740 5075 necessaria
1786 5017 2052 5090 suppedi-

436 5126 556 5175 tare
579 5117 834 5188 omnique
867 5109 1200 5168 sufﬁcientia
1231 5109 1592 5180 locupletare.

506 5208 628 5280 Ego
657 5213 838 5261 autem
869 5200 1149 5258 Luctulfus
1177 5199 1398 5255 humilis
1462 5197 1722 5264 clericus,
1778 5195 2050 5253 Tullensis

434 5297 684 5354 ecclesiae
703 5292 924 5351 claustri
945 5291 1207 5358 decanus,
1241 5288 1492 5362 quamvis
1515 5287 1667 5342 nulla
1686 5303 1872 5343 rerum
1920 5301 2047 5358 pos-

432 5394 680 5451 sessione
709 5391 999 5456 subnixus,
1032 5389 1305 5445 animatus
1323 5403 1444 5444 sum
1469 5395 1649 5442 tamen
1666 5386 1911 5442 aemulari
1933 5394 2042 5439 tam

430 5483 642 5555 grande
668 5481 1026 5553 propositum,
1082 5479 1318 5550 quadam
1375 5475 1829 5550 magnanimitate
1887 5474 2045 5530 bonae

428 5571 548 5644 spei
575 5570 814 5643 quotidie
833 5568 1209 5641 interpellante
1238 5567 1505 5624 adversus
1535 5563 2043 5637 pusillanimitatem

425 5675 628 5727 meam,
661 5665 714 5714 et
743 5658 1084 5716 incessanter
1128 5657 1420 5732 sugillante
1477 5653 1736 5710 timidum
1793 5652 2041 5710 animum

425 5773 628 5815 meum.
661 5754 780 5824 Qua
810 5756 864 5811 in
894 5771 956 5812 re
984 5753 1225 5826 prudens
1257 5755 1417 5824 hujus
1447 5752 1633 5808 mundi
1658 5760 1852 5808 taxans
1882 5767 2038 5807 sum—

429 5855 555 5917 ptus
583 5843 771 5916 operis
795 5852 849 5900 et
877 5843 1125 5910 rationis,
1157 5857 1505 5916 nequaquam
1549 5842 1903 5899 commiretnr
1949 5840 2038 5898 vel

430 5940 742 5993 contemnat
769 5931 1267 6008 pusillanimitatem
1295 5946 1494 6002 meam,
1527 5930 1653 6003 quia
1703 5928 1804 5988 Dei
1858 5929 2038 5988 muni-

2163 3373 2424 3429 magnum
2455 3365 2507 3412 et
2537 3357 2820 3428 antiquum
2849 3354 3174 3412 beneﬁcium
3203 3356 3273 3410 de
3301 3356 3492 3412 eodem
3521 3372 3756 3412 venera-

2166 3447 2259 3502 bili
2289 3447 2549 3518 episcopo
2581 3465 2594 3511 ;
2630 3462 2696 3501 ex
2729 3447 2833 3500 hoc
2880 3443 3144 3500 beneﬁcio
3190 3445 3483 3515 quamdam
3536 3445 3749 3515 villam,

2164 3552 2325 3610 quam
2355 3536 2539 3591 dicunt
2567 3534 3057 3590 Martini-montem
3085 3533 3348 3600 avulsam,
3380 3542 3608 3606 uterque
3657 3551 3756 3591 co-

2163 3643 2282 3682 mes
2309 3633 2360 3681 et
2389 3625 2669 3681 comitissa
2698 3625 2766 3679 de
2810 3639 2973 3678 manu
3021 3639 3121 3678 sua
3176 3623 3374 3689 emisit,
3431 3631 3485 3679 et
3531 3625 3756 3680 exclusa

2163 3715 2510 3771 haereditaria
2552 3713 2920 3785 postulatione
2967 3712 3206 3769 omnium
3241 3728 3638 3782 successorum,
3697 3715 3754 3769 in

2163 3829 2384 3870 manum
2415 3812 2741 3869 dominicam
2771 3810 3017 3882 episcopi
3045 3811 3300 3882 reposuit.
3323 3813 3451 3866 Item
3469 3811 3751 3867 Gersrdus

2163 3903 2233 3959 de
2262 3903 2480 3959 Brescio
2510 3900 2653 3958 ﬁlius
2681 3899 2960 3965 Walfridi,
3007 3900 3177 3971 capita
3224 3899 3498 3956 hominum
3542 3901 3750 3956 utrius-

2163 4008 2270 4065 que
2301 4008 2485 4059 sexus,
2518 3998 2782 4063 quotquot
2811 3989 2865 4044 in
2895 3989 3085 4044 eadem
3125 3989 3254 4045 villa
3300 3989 3484 4044 habuit
3516 4004 3752 4046 comma-

2163 4099 2374 4159 nentes,
2411 4105 2546 4162 quos
2577 4088 2645 4144 de
2677 4088 2935 4159 episcopo
2983 4086 3039 4142 in
3089 4085 3352 4143 beneﬁcio
3405 4087 3640 4152 tenebat,
3696 4088 3751 4143 in

2163 4179 2490 4235 dominicam
2515 4193 2735 4233 manum
2764 4176 3006 4248 episcopi
3039 4175 3296 4248 reposuit.
3331 4177 3452 4247 Ipse
3500 4176 3746 4232 similiter

2162 4269 2423 4343 egregius
2453 4267 2692 4340 pontifex
2724 4281 2859 4340 quos
2890 4265 3136 4323 homines
3164 4265 3219 4320 in
3235 4265 3424 4321 eadem
3443 4265 3571 4321 villa
3590 4281 3742 4322 como

2161 4368 2446 4414 manentes
2487 4357 2558 4414 ad
2613 4372 2862 4412 mensam
2909 4371 3064 4411 suam
3109 4355 3435 4426 pertinentes
3487 4355 3733 4424 habebat,

2162 4458 2232 4515 ad
2262 4457 2630 4530 integritatem
2663 4455 2793 4511 doni
2858 4455 2926 4510 de
2981 4455 3131 4510 victu
3186 4469 3286 4510 suo
3344 4452 3544 4509 emisit.
3611 4454 3738 4524 Quae

2161 4547 2287 4603 villa
2317 4563 2440 4603 cum
2465 4545 2838 4615 redintegrata
2867 4541 3127 4598 membris
3149 4540 3260 4598 suis
3316 4546 3372 4598 et
3418 4541 3737 4598 indominica

2080 4623 2133 4685 D
2162 4636 2372 4699 fuisset.
2406 4634 2733 4691 venerabilis
2763 4633 3053 4705 episcopus
3085 4631 3233 4702 Pibo,
3283 4630 3508 4688 consilio
3553 4639 3607 4687 et
3649 4647 3737 4688 as-

2161 4749 2332 4791 sensu
2362 4731 2686 4789 eorumdem
2713 4730 2993 4796 comitum,
3028 4744 3195 4798 super
3225 4726 3392 4784 altare
3421 4728 3594 4784 sancti
3625 4729 3737 4785 Ste-

2162 4821 2328 4895 phani
2375 4821 2560 4894 quieta
2615 4824 2671 4876 et
2719 4818 2896 4875 solida
2953 4816 3244 4900 traditione
3299 4833 3416 4874 eam
3472 4817 3733 4889 imposuit,

2161 4912 2405 4968 divinum
2436 4919 2487 4968 et
2519 4911 2817 4965 humanum
2849 4911 3185 4965 contestatus
3218 4905 3493 4972 auxilium,
3545 4914 3605 4962 ut
3656 4923 3739 4964 ea-

2160 5008 2286 5065 dem
2315 5007 2462 5073 villa,
2493 5007 2548 5062 id
2563 5014 2645 5062 est
2666 5003 3095 5069 Martini-mons,
3128 5017 3250 5058 cum
3272 5001 3500 5058 ecclesia
3530 5009 3582 5056 et
3631 5002 3736 5058 suis

2159 5095 2676 5170 appenditiis,altari
2705 5093 2877 5150 sancti
2900 5091 3156 5163 Stephani
3171 5092 3519 5163 appenderet,
3549 5101 3601 5146 et
3621 5108 3736 5148 cum

2161 5185 2483 5244 aediﬁcatum
2514 5193 2664 5241 esset
2708 5181 3035 5249 cmnobium,
3095 5189 3148 5237 et
3201 5180 3412 5253 aliquot
3464 5181 3734 5237 cmnobitaa

2157 5285 2394 5353 adunati,
2427 5285 2617 5341 usibus
2644 5299 2832 5338 eorum
2865 5279 3191 5336 deserviret.

2229 5375 2455 5431 Addidit
2483 5374 2648 5430 etiam
2679 5386 2903 5427 mansos
2942 5369 2998 5424 in
3043 5369 3276 5435 civitate,
3325 5368 3414 5440 qui
3458 5369 3728 5440 appende-

2157 5465 2288 5521 bant
2319 5465 2391 5521 ad
2420 5461 2750 5520 beneﬁcium
2777 5460 3020 5530 ejusdem
3071 5457 3234 5524 villae,
3291 5473 3485 5514 censos
3531 5457 3728 5515 duobus

2154 5554 2369 5611 solidis.
2406 5551 2686 5624 Acquisivi
2716 5559 2984 5624 praeterea
3015 5564 3120 5622 ego
3151 5547 3424 5604 Luctulfus
3452 5549 3726 5604 ecclesiam

2151 5651 2221 5708 de
2251 5649 2752 5716 Wandeliniavilla,
2787 5664 2916 5704 cum
2936 5645 3091 5702 omni
3119 5645 3426 5718 integritate
3443 5645 3583 5700 dotis
3598 5646 3728 5716 ejus.

2149 5741 2274 5798 dem
2301 5740 2575 5806 ecclesiae,
2624 5739 2695 5796 de
2751 5736 3028 5795 comitissa
3084 5735 3356 5801 Recheza,
3415 5751 3536 5806 quae
3583 5736 3726 5792 etiam

2147 5831 2296 5888 dedit
2321 5846 2490 5888 unum
2521 5829 2821 5896 hominem,
2871 5841 2996 5884 cum
3042 5824 3257 5882 duabus
3316 5824 3524 5896 quartis
3579 5826 3724 5880 unius

2145 5929 2342 6002 mansi,
2375 5943 2442 5988 eo
2469 5935 2630 6002 pacto
2658 5935 2716 5987 ut
2737 5941 2963 5986 censum
2992 5940 3106 5983 suae
3135 5930 3295 5983 terra
3343 5938 3507 5996 quem
3554 5923 3721 5983 debe-
