3882 6452
148 486 288 542 429

1592 480 2001 538 DIPLOMATA
2017 520 2031 535 .

3372 491 3476 545 430

146 608 272 663 bat
304 607 375 664 ad
409 608 670 674 bannum,
694 605 933 662 solveret
959 605 1026 661 ad
1056 604 1229 660 altare
1243 603 1416 660 nostri
1444 604 1701 672 coenobii,
1733 612 1786 660 et
1813 605 1868 665 A
1897 611 2060 660 tatem
2092 603 2147 659 in
2178 620 2285 677 qua
2324 606 2474 662 vivat
2529 617 2719 665 nostra
2775 612 3097 685 engregatio
3180 613 3481 669 secundum

147 705 256 762 sic
291 711 540 761 maneret
569 707 750 777 quiete
781 705 833 758 in
866 704 1046 760 banno
1075 703 1250 759 villae.

248 807 348 863 His
378 808 559 880 itaque
587 807 886 877 dispositis,
921 807 1107 862 deerat
1137 807 1315 862 adhuc
1343 821 1565 861 mansus
1583 806 1638 860 in
1670 820 1777 877 quo

156 897 418 954 ecclesia
449 905 502 952 et
533 895 908 960 xenodochia,
940 904 993 950 et
1010 895 1115 950 illis
1170 895 1482 966 appenditia
1529 903 1780 966 recepta-

153 986 302 1042 cula
333 993 561 1057 possent
607 984 864 1050 construi,
899 1001 1057 1056 quem
1089 984 1364 1054 piissimus
1394 985 1620 1038 antistes
1637 984 1776 1054 ipse,

152 1090 282 1130 sua
309 1075 573 1130 charitate
604 1073 930 1137 admonitus,
967 1074 1189 1127 statuim
1212 1073 1457 1140 contulit,
1491 1074 1637 1144 quod
1665 1071 1780 1126 lon-

156 1179 313 1234 gum
343 1171 396 1218 et
454 1163 619 1217 latum
654 1177 762 1217 non
818 1162 992 1215 solum
1033 1161 1103 1216 ad
1159 1161 1412 1218 aedilicia.
1471 1161 1570 1216 sed
1615 1161 1778 1216 etiam

154 1252 246 1307 ad
279 1252 453 1307 altera
483 1251 793 1323 largissime
823 1249 1222 1320 suppeditanda
1251 1249 1476 1305 sufficit.
1533 1249 1778 1306 Ecclesia

158 1341 351 1412 igitur
409 1340 682 1395 aedificata
724 1340 1093 1411 congruisque
1123 1339 1503 1410 receptaculis,
1533 1354 1638 1409 ego
1666 1339 1780 1393 Lu-

151 1429 381 1485 ctulfus
406 1429 772 1484 visitationem
803 1428 972 1484 Deiet
992 1428 1251 1483 auxilium
1282 1429 1402 1496 ejus
1445 1427 1621 1482 eidem
1655 1427 1778 1484 loco

151 1523 473 1596 praesidere
502 1523 876 1579 indubitanter
896 1523 1139 1594 percepi,
1176 1525 1408 1596 ideoque
1437 1522 1774 1594 fiducialiter,

152 1637 518 1693 praesumens
554 1622 624 1678 de
664 1621 1042 1677 benevolentia
1057 1621 1477 1692 Omnipotentis,
1511 1621 1779 1694 quosdam

154 1719 401 1767 sanctos
442 1711 536 1783 qui
603 1711 836 1765 venditis
891 1709 1249 1782 patrimoniis,
1284 1719 1336 1766 et
1389 1711 1444 1765 in
1501 1725 1778 1782 pauperes

153 1800 441 1872 erogatis,
474 1799 530 1853 in
562 1808 750 1854 monte
807 1799 1117 1854 Rumberch
1149 1797 1406 1869 religiose
1454 1799 1728 1871 degebant
1760 1817 1775 1868 ;

157 1895 363 1950 multis
392 1895 646 1966 precibus
674 1895 914 1950 ambitos
945 1894 1249 1960 sollicitavi,
1284 1903 1337 1949 et
1369 1895 1668 1966 episcOpali
1690 1910 1778 1950 au-

1887 693 2132 764 regulam
2163 695 2333 750 sancti
2371 698 2680 767 Augustini,
2705 699 2943 756 breviter
2971 701 3303 769 describere,
3337 701 3483 757 vide-

1885 781 2008 837 licet
2039 791 2094 837 ut
2121 784 2293 839 nostri
2349 787 2596 842 canonici
2627 788 2766 842 sicut
2823 796 2948 844 sunt
3007 807 3121 845 suae
3150 798 3201 846 et
3233 790 3302 845 ab
3359 789 3480 844 aliis

1886 868 2164 926 dissimilis
2194 873 2418 944 regulae,
2463 875 2535 929 ita
2569 875 2724 930 liceat
2745 877 2850 930 illis
2870 878 3079 948 absque
3101 895 3332 934 censura
3354 878 3483 933 alio-

1887 976 2026 1026 rum,
2060 960 2146 1016 vel
2205 961 2593 1018 canonicorum
2644 965 2730 1020 vel
2759 968 3172 1034 monachorum,
3218 968 3319 1022 sub
3359 967 3481 1038 epi-

1885 1047 2091 1118 scopali
2119 1049 2428 1106 obedientia
2450 1068 2550 1107 suo
2580 1054 2790 1124 privato
2818 1055 2942 1124 jure
2972 1056 3179 1112 vivere.
3240 1056 3483 1111 Priorem

1887 1153 2043 1191 suum
2073 1138 2176 1208 ipsi
2206 1139 2309 1193 sibi
2363 1140 2587 1210 eligant,
2621 1142 2724 1213 ipsi
2755 1143 2858 1197 sibi
2915 1142 3214 1215 praeﬁciam
3244 1161 3257 1208 ;
3291 1160 3482 1200 curam

1886 1225 2187 1282 animarum
2217 1228 2282 1282 ab
2314 1229 2573 1300 episcOpo
2603 1247 2702 1286 suo
2731 1232 2899 1303 priori
2929 1234 3271 1304 expostulent
3300 1242 3353 1288 et
3384 1249 3484 1288 ac-

1887 1314 2104 1385 cipiant,
2137 1315 2336 1372 delicta
2349 1316 2591 1384 illorum,
2612 1337 2731 1392 qua:
2767 1321 2950 1376 divina
2978 1324 3151 1377 virtus
3172 1323 3476 1392 prohibeat,

1887 1404 2066 1458 nullus
2095 1405 2458 1475 primicerius,
2521 1407 2700 1463 nullus
2746 1409 3008 1474 decanus,
3071 1410 3251 1465 nullus
3307 1411 3481 1467 abbas

1881 1493 2128 1562 judicare
2149 1503 2462 1564 prmsumat,
2521 1496 2626 1552 nisi
2655 1496 2806 1568 prior
2857 1499 3094 1570 ipsorum
3153 1499 3239 1555 vel
3269 1501 3482 1570 episco—

1887 1605 2010 1660 pus,
2061 1605 2158 1644 seu
2215 1589 2587 1647 inobedientia
2630 1593 2720 1648 vel
2778 1595 3080 1650 necessitas
3137 1595 3286 1649 illum
3338 1595 3482 1651 invi-

1887 1685 1985 1732 tat.
2016 1678 2076 1732 In
2105 1677 2494 1736 festivitatibus
2521 1681 2746 1751 majoris
2773 1683 3043 1749 ecclesiae,
3108 1684 3222 1739 sive
3254 1683 3484 1739 aliarum

1885 1774 2260 1842 ecclesiarum,
2292 1777 2361 1832 ad
2391 1779 2649 1834 stationes
2679 1779 2765 1836 vel
2807 1780 2876 1836 ad
2907 1781 3215 1852 sepulturas
3262 1798 3489 1854 magno-

1885 1880 2002 1918 rum
2033 1873 2183 1921 extra
2212 1866 2403 1922 atrium
2429 1884 2584 1922 suum
2619 1869 2796 1923 nullus
2812 1885 2906 1925 eos
2929 1871 3164 1941 appellet
3185 1870 3274 1925 vel
3297 1880 3483 1943 cogat,

155 1954 432 2040 ctoritate
461 1984 715 2039 invitatos
741 1983 963 2038 demum
1003 1984 1071 2037 ad
1093 1999 1178 2038 me
1208 1954 1366 2048 traxi,
1399 1954 1455 2038 ut
1510 1954 1776 2054 apostoti-
1807 1979 1858 2039 B
1891 1954 2125 2054 “‘13”?
2155 1971 2366 2021 eorum’
2401 1956 2548 2054 ,δίθυί
2578 1965 2660 2012 εει
2717 1959 3030 2030 Singularis'
3065 1968 3271 2015 secre‘a
3331 1968 3484 2014 "an-

156 2088 299 2129 cam
333 2073 514 2141 vitam,
548 2071 757 2129 scilicet
791 2072 1056 2143 primitias
1079 2072 1404 2128 Christianae
1469 2072 1773 2144 religionis,

156 2170 316 2226 sicut
346 2170 498 2241 prius
527 2169 582 2223 in
614 2176 818 2232 monte,
849 2169 921 2222 ita
973 2185 1193 2240 quoque
1224 2169 1278 2223 in
1312 2176 1497 2224 nostro
1527 2170 1780 2225 coenobio

158 2261 462 2325 ducerent,
497 2259 597 2313 sub
621 2258 813 2330 regula
842 2267 894 2313 et
921 2258 1320 2329 conscriptione
1371 2259 1546 2314 sancti
1577 2261 1780 2330 Augu-

160 2349 308 2404 stini
338 2367 352 2416 ;
388 2349 626 2403 salutare
655 2363 892 2420 namque
923 2355 976 2402 et
1005 2363 1306 2418 congruum
1347 2348 1660 2420 symbolum
1694 2348 1779 2402 vi-

163 2438 436 2502 debatur,
497 2445 552 2491 ut
600 2451 710 2491 una
766 2436 958 2492 civitas
1015 2437 1118 2490 tria
1165 2435 1495 2506 perfectiora
1532 2437 1782 2492 membra

163 2526 503 2582 Christiana
531 2525 814 2596 religionis
840 2526 1160 2592 contineret,
1197 2525 1449 2582 videlicet
1484 2526 1781 2582 canonicos

164 2631 313 2671 suas
341 2615 596 2686 pr0prias
623 2615 1003 2685 possessiones
1041 2615 1368 2682 obtinentes,
1402 2623 1456 2670 et
1485 2616 1781 2671 monachos

163 2706 282 2760 sub
313 2705 506 2776 regula
554 2705 732 2760 sancti
790 2703 1068 2759 Benedicti
1113 2703 1302 2759 cuneis
1360 2704 1663 2776 nigrantes,
1724 2711 1780 2759 ut

163 2793 443 2850 candidos
474 2793 760 2848 Nazarseos
809 2792 1167 2863 apostolicam
1193 2793 1365 2849 vitam
1411 2794 1694 2858 ducentes,
1727 2803 1778 2848 et

163 2890 425 2963 quisquis
454 2890 697 2948 converti
754 2890 919 2946 vellet
939 2891 1007 2945 ad
1063 2890 1374 2957 Dominum,
1405 2890 1462 2945 in
1515 2891 1620 2947 hac
1671 2905 1780 2945 una

163 2980 399 3036 civitate
425 2978 737 3050 appositum
788 2979 1018 3034 haberet
1077 2979 1339 3051 quidquid
1358 2979 1606 3036 arctioris
1660 2979 1782 3034 reli-

169 3069 364 3142 gionis
393 3085 516 3124 eum
545 3069 858 3124 delectaret.
910 3068 1084 3140 Igitur
1113 3069 1167 3122 hi
1188 3068 1363 3125 sancti
1391 3069 1492 3125 viri
1542 3068 1782 3139 perfecte

171 3159 436 3213 viventes
455 3157 509 3212 in
539 3157 840 3228 tranquilla
888 3157 1196 3213 sinceritate
1248 3157 1330 3212 sui
1357 3157 1638 3228 propositi,
1679 3157 1780 3212 de-

174 3246 428 3303 lectabili
457 3248 628 3302 odore
667 3255 872 3302 sanctae
930 3246 1363 3302 conversationis
1410 3262 1526 3300 suae
1580 3247 1782 3301 multos

1889 2043 2150 2114 quillitate
2180 2061 2240 2100 se
2270 2045 2570 2102 contineat.

1956 2150 2076 2221 Ego
2102 2151 2230 2206 Pibo
2270 2153 2541 2208 Tullensis
2599 2153 2854 2210 Ecclesiae
2913 2155 3158 2222 antistes,
3220 2154 3274 2210 in
3324 2155 3486 2227 plena

1887 2250 2097 2319 synodo
2127 2252 2396 2318 residens,
2430 2253 2656 2325 quaesivi
2697 2253 2751 2308 in
2784 2255 3032 2325 synodali
3061 2271 3266 2310 corona
3296 2255 3341 2310 si
3371 2256 3479 2309 im-

1885 2339 2202 2395 munitatem
2234 2343 2621 2398 canonicorum
2652 2343 2826 2398 sancti
2885 2344 3196 2416 Augustini,
3231 2361 3351 2416 quze
3381 2361 3480 2399 su-

1888 2427 2072 2497 perius
2103 2429 2376 2500 descripta
2405 2439 2507 2496 est,
2533 2431 2624 2502 qui
2645 2432 2892 2487 canonici
2911 2432 3117 2504 degunt
3146 2433 3202 2486 in
3232 2433 3483 2488 coenobio

1889 2517 2035 2588 quod
2055 2517 2344 2574 aedificavit
2386 2518 2556 2574 frater
2613 2520 2899 2576 Luctulfus
2929 2529 3086 2575 extra
3133 2537 3320 2576 muros
3352 2522 3483 2577 civi-

1888 2615 2034 2682 tatis,
2059 2615 2104 2669 si
2133 2614 2278 2670 illam
2309 2616 2556 2672 laudaret
2598 2625 2651 2672 et
2706 2617 2913 2673 ﬁrmari
2959 2619 3273 2691 postularet,
3305 2627 3394 2674 aut
3441 2618 3487 2673 si

1887 2703 2089 2775 aliquid
2119 2704 2387 2760 donorum
2436 2705 2704 2777 quispiam
2733 2706 3070 2777 infringeret,
3103 2708 3482 2778 proclamaret.

1889 2799 2022 2870 Quae
2056 2803 2306 2872 superius
2333 2803 2700 2876 promulgata,
2733 2821 2854 2860 cum
2867 2820 3058 2860 omnes
3112 2805 3487 2862 favorabiliter

1888 2890 2232 2961 excepissent
2258 2901 2313 2946 et
2341 2891 2544 2947 firmari
2574 2894 2930 2963 postularent,
2955 2910 3060 2966 ego
3073 2909 3291 2966 quoque
3313 2911 3487 2965 spon«

1888 2987 2050 3034 tanea
2079 2981 2444 3036 commonitus
2476 2982 2776 3052 voluntate,
2831 2983 3016 3038 addidi
3045 3001 3110 3039 ex
3169 3000 3292 3039 meo
3341 2985 3486 3040 dono

1889 3070 2273 3140 perpetualiter
2300 3069 2424 3126 illos
2481 3071 2689 3127 habere
2713 3073 2818 3129 hoc
2841 3072 2998 3141 juris,
3033 3073 3177 3144 quod
3197 3073 3486 3144 habetepi-

1891 3173 2090 3228 scopus
2120 3175 2286 3230 super
2332 3158 2503 3215 altare
2550 3161 2621 3216 da
2659 3161 3165 3228 Wandelini—villa,
3217 3167 3274 3217 et
3326 3178 3490 3233 super

1891 3247 2060 3302 altare
2088 3247 2157 3302 de
2187 3248 2639 3315 Martini-monte,
2675 3258 2910 3321 excepto
2939 3251 3086 3322 quod
3125 3267 3351 3306 censum
3383 3251 3489 3306 de-

175 3336 535 3392 saacularium
566 3335 850 3408 utriusque
874 3352 1041 3390 sexus
1058 3335 1301 3392 converti
1323 3335 1389 3390 ad
1443 3336 1782 3407 sequendum
1812 3354 1862 3417 ρ
1893 3336 2055 3391 beant
2076 3337 2414 3407 persolvere.
2447 3340 2581 3393 Item
2628 3338 2832 3393 donavi
2863 3339 2943 3394 eis
3001 3339 3271 3396 licentiam
3304 3347 3357 3396 et
3386 3356 3488 3395 au-

174 3441 483 3496 pauperem
513 3424 788 3480 Christum
819 3424 1152 3490 allexerunt,
1187 3432 1238 3480 et
1271 3424 1484 3481 illectos
1509 3425 1783 3496 quosdam

171 3514 249 3570 ad
280 3514 695 3570 contubernium
724 3529 880 3569 suum
902 3521 1265 3571 attraxerunt.

249 3629 333 3686 De
361 3629 553 3702 quibus
581 3630 777 3685 Petrus
807 3628 950 3684 filius
983 3629 1200 3685 Dodoni
1231 3629 1473 3700 seipsum
1491 3636 1543 3684 et
1565 3628 1782 3686 vineam

172 3733 337 3775 suam
364 3719 610 3785 contulit,
663 3719 790 3774 item
822 3719 1104 3774 Walterus
1159 3719 1304 3774 tilius
1323 3718 1510 3774 Bereri
1557 3719 1783 3788 juvenis

175 3807 440 3875 clericus,
498 3808 641 3862 sicut
693 3816 746 3862 et
795 3809 990 3863 Petrus
1033 3808 1273 3878 seipsum
1319 3823 1444 3863 cum
1498 3807 1678 3863 vineis
1725 3813 1783 3863 et

179 3913 386 3953 manso
416 3913 525 3952 uno
546 3897 804 3953 contulit.
837 3898 971 3952 Item
989 3897 1279 3952 Varnuldis
1311 3898 1464 3968 virgo
1478 3897 1680 3952 Christi
1698 3913 1783 3952 se-

181 3988 366 4058 ipsam
397 4003 586 4042 eorum
621 3987 937 4056 praebendos
985 3986 1711 4056 etdisciplinzecontradidit,
1727 3993 1781 4041 et

179 4077 392 4148 aliquot
418 4076 614 4148 jugera
643 4076 759 4130 arvi
789 4083 843 4130 et
872 4076 1080 4130 vineam
1105 4075 1254 4147 apud
1309 4075 1611 4145 Scrupulas
1641 4090 1778 4130 con-

124 4194 132 4201 -
179 4165 325 4231 tulit,
361 4181 522 4236 quam
553 4179 658 4236 ego
688 4164 774 4219 vel
805 4164 1038 4219 emendo
1066 4165 1152 4219 vel
1184 4180 1309 4219 cum
1333 4163 1494 4218 fratre
1524 4178 1782 4219 suocom—

181 4254 454 4310 mutando
484 4263 674 4324 postea
695 4254 1044 4322 augmentavi
1078 4271 1092 4320 ;
1126 4253 1493 4308 item'vineam
1512 4253 1564 4307 in
1587 4255 1782 4308 Barro-

179 4351 369 4399 montc
389 4343 457 4398 de
486 4343 690 4398 clerico
717 4343 938 4398 Trelino
967 4343 1076 4398 emi
1108 4361 1122 4408 ;
1156 4342 1284 4398 item
1341 4341 1600 4398 allodium
1633 4342 1780 4412 apud

183 4444 546 4499 Focaucarta
576 4441 810 4514 quadam
864 4449 1131 4509 matrona,
1185 4441 1407 4498 nomine
1463 4441 1580 4508 Ais,
1640 4440 1781 4496 sicut

181 4531 424 4588 habebat
443 4529 787 4586 hereditario
803 4531 929 4600 jure
975 4531 1047 4586 ab
1069 4530 1510 4586 antecessoribus
1539 4531 1651 4586 suis
1681 4546 1782 4601 per

181 4621 570 4692 integritatem,
606 4634 730 4676 mea
758 4620 992 4691 pecunia
1004 4620 1334 4691 comparavi.
1351 4619 1545 4676 Officia
1573 4619 1775 4690 puella,

183 4724 348 4765 soror
377 4709 643 4782 Hugonis,
666 4708 860 4766 vineas
894 4717 950 4764 et
976 4709 1084 4765 duo
1099 4710 1300 4781 jugera
1321 4716 1484 4765 terrae
1513 4708 1776 4772 contulit;
1807 4715 1862 4776 Ῑ)

185 4798 410 4870 quidam
438 4798 600 4854 etiam
632 4799 887 4854 timentes
915 4797 1232 4866 Dominum,
1265 4797 1502 4870 gratuita
1529 4797 1780 4854 benevo-

184 4885 356 4944 lentia
385 4886 662 4959 aliquanta
675 4887 869 4961 jugera
896 4887 1102 4959 passim
1146 4887 1508 4954 contulerunt,
1535 4903 1656 4959 quae
1685 4903 1784 4958 per

188 4975 437 5048 singulos
460 4979 772 5043 donatores,
791 4985 844 5032 et
859 4993 959 5048 per
986 4977 1232 5049 singulas
1270 4975 1392 5033 loca
1437 4992 1779 5048 enumerare,

188 5081 263 5122 ne
285 5065 574 5139 fatigarem
603 5065 895 5138 synodales
923 5082 1104 5136 aures,
1135 5066 1386 5122 odiosum
1404 5065 1610 5137 putavi.

263 5183 392 5239 Post
417 5181 536 5236 haec
592 5196 698 5252 ego
741 5179 1019 5237 Luctulfus
1065 5179 1258 5238 videns
1312 5179 1676 5251 multiplicata
1731 5186 1785 5237 et

189 5283 595 5355 multiplicanda
625 5283 766 5339 bona
786 5291 1128 5350 sanctorum,
1158 5289 1211 5338 et
1237 5290 1498 5354 reputans
1527 5281 1784 5354 quoniam

189 5382 332 5454 apud
359 5381 640 5447 improbos
659 5396 842 5436 mores
868 5397 977 5436 non
1008 5389 1092 5437 est
1120 5381 1253 5436 satis
1282 5388 1398 5435 tuta
1427 5396 1523 5451 per
1555 5395 1618 5436 se
1647 5395 1785 5451 pro-

191 5480 313 5544 pter
336 5471 698 5527 innocentiam
731 5487 884 5526 suam
931 5471 1175 5542 probitas
1202 5471 1474 5540 justorum
1532 5469 1650 5525 sine
1680 5485 1785 5541 pa-

193 5571 425 5628 trocinio
455 5585 800 5644 magnorum,
835 5569 960 5624 boni
999 5568 1248 5626 consului
1277 5569 1477 5626 donata
1535 5568 1789 5640 superius

195 5667 525 5739 conscripta,
558 5667 684 5723 etin
733 5674 1013 5738 posterum
1043 5668 1319 5736 donanda,
1365 5683 1436 5723 ne
1457 5666 1579 5739 quis
1609 5673 1785 5722 teme-

197 5775 341 5825 rator
369 5765 569 5822 audeat
601 5764 812 5837 aliquid
843 5780 1031 5821 eorum
1077 5765 1332 5833 avellere,
1381 5764 1634 5838 synodali
1687 5779 1788 5820 au-

198 5857 449 5915 ctoritate
490 5854 590 5910 sub
639 5855 984 5912 anathemate
1039 5854 1379 5925 confirmare,
1433 5863 1486 5914 et
1528 5853 1788 5910 immuni-

1890 3427 2214 3493 ctoritatem,
2239 3434 2296 3481 ut
2326 3426 2382 3480 in
2417 3443 2517 3483 suo
2539 3427 2676 3482 atrio
2726 3436 2952 3498 possent
2997 3428 3330 3498 sepulturam
3355 3444 3492 3484 con-

1892 3517 2136 3581 stituere,
2160 3515 2214 3570 in
2251 3530 2359 3587 qua
2379 3516 2494 3571 sive
2518 3516 2764 3587 plebeios
2795 3517 2909 3572 sive
2931 3517 3163 3585 nobiles,
3180 3517 3492 3589 quicunque

1891 3604 2260 3674 postulabunt,
2321 3605 2548 3676 sepeliri
2603 3605 2672 3660 ab
2701 3605 2781 3660 eis
2839 3607 3258 3662 concessionem
3315 3623 3492 3662 meam

1890 3692 2125 3748 habeant
2178 3709 2275 3748 eos
2331 3693 2633 3764 suscipere,
2692 3702 2746 3750 et
2788 3693 2846 3748 in
2897 3694 3260 3764 suscipiendis
3309 3696 3492 3750 nullus

1890 3781 2076 3848 abbas,
2102 3782 2283 3836 nullus
2314 3783 2604 3853 presbyter
2633 3798 2733 3854 pro
2776 3781 3132 3838 conterminio
3163 3799 3264 3838 suo
3292 3784 3493 3840 audeat

1889 3893 1984 3933 eos
2013 3879 2340 3935 conturbare
2369 3880 2455 3934 vel
2483 3879 2827 3935 contristare.
2854 3880 2980 3936 Haec
3031 3881 3216 3935 omnia
3241 3882 3491 3951 superius

1889 3967 2165 4038 descripta
2199 3976 2252 4023 et
2280 3969 2476 4024 donata
2501 3977 2554 4023 et
2593 3967 2830 4023 fidelium
2877 3968 3164 4023 devotione
3194 3968 3251 4022 in
3308 3977 3491 4040 poste-

1891 4080 2006 4118 rum
2038 4065 2314 4130 donanda,
2350 4080 2454 4136 ego
2489 4065 2619 4118 Pibo
2649 4063 2921 4118 Tullensis
2947 4063 3236 4134 episcopus
3266 4072 3318 4118 et
3347 4065 3489 4132 volo,

1890 4162 1941 4208 et
1964 4154 2130 4222 jubeo
2168 4169 2390 4208 manere
2433 4162 2571 4216 rata,
2606 4161 2662 4207 et
2715 4152 3061 4216 inconvulsa,
3094 4161 3148 4207 et
3191 4153 3488 4224 episcOpali

1889 4242 2206 4296 auctoritate
2237 4241 2336 4296 sub
2359 4245 2701 4296 anathemate
2732 4241 2982 4312 synodali
3007 4241 3212 4309 judicio
3227 4241 3489 4297 confirma

1889 4339 2253 4394 observanda.
2287 4341 2410 4395 Ilwc
2439 4340 2620 4410 faciat
2652 4338 2937 4394 Dominus
2968 4342 3023 4394 et
3058 4339 3173 4396 haec
3203 4339 3378 4395 addat
3416 4338 3490 4410 (II

1888 4430 2015 4500 Reg.
2036 4445 2116 4497 ιιι,
2146 4427 2223 4498 9),
2257 4428 2542 4500 respondit
2573 4429 2827 4485 universa
2857 4443 3086 4485 corona.

1958 4545 2188 4617 Signum
2218 4545 2433 4600 Pibonis
2464 4544 2730 4618 episcopi.

1959 4640 2113 4712 Sign.
2145 4641 2392 4714 Hugonis
2417 4640 2737 4713 primicerii.

1964 4729 2118 4802 Sign.
2151 4730 2382 4804 Requini
2411 4730 2795 4786 archidiaconi.

1963 4819 2119 4891 Sign.
2150 4819 2440 4876 Alberonis
2469 4819 2865 4876 archidiaconi.

1963 4907 2118 4980 Sign.
2151 4908 2410 4979 Stephani
2439 4907 2828 4965 archidiaconi.

1963 4996 2117 5069 Sign.
2150 4997 2401 5070 Hugonis
2418 4997 2659 5054 cantoris
2680 5005 2734 5054 et
2762 4997 3024 5071 Stephani
3050 4996 3168 5056 Rufi
3184 5040 3198 5055 .

1965 5087 2122 5159 Sign.
2153 5086 2496 5144 Theoderici.

1965 5175 2119 5247 Sign.
2153 5176 2454 5248 Angeheri.

1965 5265 2118 5338 Sign.
2152 5264 2383 5321 Deodati
2397 5305 2411 5321 .

1967 5395 2120 5450 Anno
2150 5395 2220 5450 ab
2249 5393 2634 5450 Incarnatione
2665 5395 2885 5452 Domini
2916 5394 3212 5453 millesimo
3254 5411 3494 5470 nonage-

1897 5483 2035 5539 simo
2064 5484 2262 5555 primo,
2292 5483 2587 5539 indictione
2608 5501 2710 5552 xv,
2743 5500 2798 5540 vr
2830 5485 2959 5540 Idus
3013 5485 3232 5554 Octob.,
3292 5486 3495 5544 conﬁr-

1896 5580 2043 5628 mata
2063 5581 2144 5628 est
2165 5581 2218 5628 et
2238 5573 2448 5644 signata
2476 5573 2638 5645 hujus
2669 5574 2948 5647 privilegii
2985 5577 3170 5632 charta
3210 5592 3246 5631 a
3273 5576 3498 5633 domino

1896 5661 2099 5801 Plibone
2130 5661 2434 5719 venerabili
2479 5660 2740 5734 episcopo
2791 5663 3124 5735 praesidente
3180 5664 3237 5721 in
3283 5665 3497 5738 synodo

1896 5760 1932 5801 ι)
1955 5761 2172 5801 enarra.

1895 5760 2146 5817 plenam
2159 5783 2172 5801 .
